2184 3126
342 203 403 232 714
617 196 714 224 ACTA
731 195 845 222 REGNI
864 192 1050 221 LUDEWICI
1069 193 1116 220 IV.
1134 192 1181 219 ΕΤ
1200 191 1386 219 FRIDERICI
1405 192 1455 220 111.
1492 191 1567 219 1324.
1604 191 1652 219 Nr.
1665 192 1724 220 897.

341 287 482 327 ipsarum
505 283 547 315 ad
570 283 748 315 exercitum
771 281 914 312 fidelium
939 278 1076 311 ecclesie
1100 278 1292 310 conveniant
1313 277 1366 309 vel
1395 277 1517 310 eisdem
1546 278 1716 310 inhereant
1745 278 1798 310 vel
1820 282 1997 321 sequantur

342 337 491 369 eosdemc
520 345 577 366 seu
611 334 744 366 asistant
778 331 910 364 eisdem.
962 330 1005 361 Et
1039 334 1203 371 tamquam
1238 329 1375 360 vicarius
1409 329 1555 361 eiusdem
1587 329 1683 361 electi
1713 330 1997 362 communitatibus

342 389 516 426 civitatum,
540 388 714 417 castrorum
739 387 772 415 et
794 383 935 414 locorum
960 381 1178 423 predictorum
1202 380 1429 412 obedientibus
1444 380 1504 411 sibi
1520 381 1690 423 privilegia
1706 381 1828 413 dudum
1844 391 1998 414 concessa

340 439 463 471 eisdem
488 438 528 469 de
552 437 636 467 facto
659 436 789 467 innovat
813 437 846 466 et
869 433 1035 465 confirmat
1057 433 1186 474 aliaque
1210 433 1256 463 eis
1280 431 1321 463 de
1343 442 1428 463 novo
1444 432 1602 474 concedit,
1626 432 1796 475 privilegia
1811 443 1888 465 vero
1905 433 1998 465 dictis

342 488 625 522 communitatibus
647 487 678 518 in
702 486 878 517 devocione
903 484 1048 516 eiusdem
1065 484 1202 515 ecclesie
1219 482 1466 514 consistentibus
1481 483 1608 526 sibique
1623 484 1756 516 minime
1772 483 1998 516 obedientibus
2027 493 2039 512 ⁵

341 550 494 573 concessa
527 540 567 570 de
597 539 682 570 facto
711 539 853 576 revocat,
883 536 996 567 adimit
1023 538 1057 567 et
1085 535 1240 566 annullat.
1295 534 1402 566 Penas
1430 535 1529 567 etiam
1555 535 1706 567 fidelibus
1733 535 1856 568 eisdem
1882 536 1999 578 infligit

340 593 491 633 ipsosque
517 590 732 630 condempnat
754 591 788 619 et
803 588 894 629 punit
908 597 1015 619 rerum
1040 590 1073 618 et
1089 587 1174 618 fame
1190 587 1323 626 iactura,
1348 596 1543 628 quamquam
1559 586 1682 619 nullam
1697 587 1838 619 faciendi
1852 587 1999 630 predicta

339 642 459 674 habeat
481 639 724 683 quomodolibet
748 642 952 681 potestatem.
998 638 1139 680 Propter
1159 637 1245 679 quod
1262 640 1351 669 tante
1371 639 1606 680 presumptioni
1621 642 1655 671 et
1669 639 1880 681 usurpationi,
1902 642 1999 681 prout

339 694 382 725 ad
409 693 609 735 apostolatus
637 691 737 722 nostri
769 693 895 732 spectat
923 690 1078 730 officium,
1110 699 1278 721 occurrere
1308 688 1527 731 intendentes,
1555 690 1695 722 eundem
1717 690 1932 722 Bertholdum
1955 690 1997 722 de

338 744 445 776 Niffen
468 754 527 785 per
550 743 712 785 publicum
736 743 895 784 presentis
917 752 1087 783 processus
1111 741 1252 773 edictum
1276 739 1317 771 de
1340 741 1483 781 ipsorum
1507 741 1642 773 fratrum
1665 742 1798 774 consilio
1817 752 1996 783 monemus,
2016 750 2041 770 ιο

338 795 391 827 eid
418 795 476 826 sub
511 794 852 826 excommunicationis
880 804 917 825 ac
944 793 1131 835 privationis
1158 791 1399 834 privilegiorum
1428 795 1462 823 et
1488 792 1686 835 feodorum‘,
1713 804 1776 836 que
1805 803 1826 825 a
1846 793 1997 826 Romana

339 847 390 878 vel
414 847 484 878 aliis
507 845 760 887 quibuscumque
784 848 874 876 tenet
897 845 1050 885 ecclesiis,
1074 845 1165 886 penis
1189 847 1222 875 et
1244 843 1422 884 sententiis,
1445 854 1525 886 quas
1548 854 1623 877 eum
1645 846 1715 887 ipso
1732 845 1818 877 facto
1833 845 1997 877 incurrere

342 898 498 938 volumus,
522 898 547 928 si
570 897 737 928 monitioni
762 900 795 928 et
817 896 970 930 mandato
994 895 1177 927 huiusmodi
1199 905 1261 926 non
1278 894 1415 936 parebit,
1439 894 1613 927 districtius
1627 896 1842 938 iniungentes,
1865 899 1901 928 ut
1915 896 1998 928 infra
2045 888 2050 892 ⁴

340 948 475 980 duorum
505 949 661 980 mensium
691 949 848 989 spacium,
880 947 967 989 quod
996 947 1056 979 sibi
1088 958 1146 988 pro
1179 947 1400 988 peremptorio
1431 947 1568 979 termino
1598 948 1807 990 assignamus,
1838 949 1996 990 premissa

342 1000 449 1031 omnia
473 1003 505 1031 et
528 1000 663 1042 singula,
692 1002 849 1041 quatenus
877 999 918 1030 ad
942 999 998 1030 illa
1026 998 1066 1030 de
1091 998 1177 1029 facto
1201 999 1369 1039 processit,
1398 1001 1533 1030 eatenus
1556 1002 1710 1041 quantum
1733 999 1766 1031 in
1788 1000 1858 1041 ipso
1881 1000 1943 1032 erit
1965 1002 1999 1031 et
2017 1007 2041 1027 1⁸

340 1051 493 1093 possibile
526 1051 622 1082 fuerit
653 1052 723 1092 ipsa
746 1051 786 1082 de
809 1044 894 1082 fact6
918 1050 1045 1082 studeat
1074 1059 1241 1089 revocare,
1269 1049 1385 1081 similia
1417 1050 1546 1092 proprio
1569 1050 1622 1082 vel
1650 1050 1796 1083 eiusdem
1825 1051 1997 1083 vicariatus

339 1104 391 1135 vel
423 1103 486 1134 alio
515 1113 717 1144 quocumque
745 1102 903 1133 vocabulo
930 1112 986 1133 seu
1014 1101 1122 1132 colore
1146 1101 1271 1143 quesito
1293 1102 1326 1132 in
1349 1104 1514 1143 posterum
1536 1101 1720 1134 nullatenus
1741 1105 1995 1144 presumptum,

339 1155 415 1196 quin
437 1155 522 1185 inmo
546 1164 566 1185 a
589 1154 736 1194 fautoria,
762 1153 950 1185 defensione
975 1154 1126 1194 omnique
1150 1152 1326 1184 adhesione
1351 1152 1509 1185 dictorum
1532 1153 1748 1186 hereticorum
1772 1157 1806 1185 et
1827 1153 1997 1186 rebellium

339 1216 377 1237 ac
400 1206 546 1247 predicto
570 1208 756 1246 presumpto
780 1204 829 1236 etf
842 1208 995 1246 usurpato
1018 1205 1191 1236 vicariatus
1214 1204 1321 1236 officio
1346 1207 1379 1236 et
1402 1204 1547 1246 quolibet
1566 1205 1721 1237 exercitio
1737 1205 1883 1237 eiusdem
1899 1205 1998 1237 officii

340 1257 422 1289 infra
446 1257 564 1288 dictum
594 1257 765 1288 terminum
800 1257 927 1288 omnino
957 1256 1091 1288 desistat
1120 1266 1180 1287 nec
1210 1266 1244 1287 se
1268 1256 1309 1287 de
1332 1256 1395 1287 illis
1418 1266 1478 1298 per
1499 1266 1535 1288 se
1558 1257 1611 1288 vel
1632 1267 1693 1298 per
1714 1257 1813 1289 alium
1835 1267 1894 1288 seu
1916 1257 1997 1289 alios
2014 1263 2042 1284 ὀ

341 1308 461 1340 directe
485 1309 536 1339 vel
559 1308 727 1349 indirecte,
757 1308 887 1349 publice
911 1308 962 1339 vel
986 1308 1112 1339 occulte
1137 1307 1341 1349 aliquatenus
1363 1308 1570 1340 intromictat.
1615 1308 1749 1350 Nosque
1771 1308 1997 1340 nichilominus

339 1360 485 1402 predicta
509 1359 615 1391 omnia
638 1362 671 1391 et
693 1360 820 1402 singula
842 1370 901 1401 per
924 1359 1045 1391 dictum
1060 1359 1274 1391 Bertholdum
1298 1359 1339 1391 de
1354 1359 1465 1391 Nifl'en
1487 1359 1547 1391 sub
1570 1359 1716 1392 eiusdem
1739 1360 1877 1392 nominis
1899 1370 1996 1392 voca-

335 1412 411 1443 bulo
444 1412 496 1443 vel
530 1412 593 1443 alio
618 1412 730 1453 quovis
757 1411 855 1442 modo
883 1414 1071 1452 presumpta
1101 1411 1153 1442 vel
1176 1413 1370 1452 attemptata
1397 1411 1588 1443 auctoritate
1621 1410 1768 1453 predicta
1796 1421 1996 1453 revocamus,

339 1473 500 1494 cassamus
531 1466 563 1494 et
590 1463 812 1494 annullamusss
840 1466 873 1494 et
906 1462 1068 1494 irritamus
1102 1465 1135 1494 et
1169 1462 1288 1494 viribus
1311 1473 1485 1494 vacuamus
1513 1473 1551 1494 ac
1579 1473 1684 1503 cassa,
1717 1473 1818 1495 vacua
1845 1466 1879 1495 et
1904 1463 1994 1496 irrita

335 1515 516 1546 nuntiamus
540 1517 573 1545 et
595 1513 711 1545 nullius
735 1515 873 1546 existere
899 1514 1101 1546 decernimus
1123 1514 1294 1545 firmitatis.
2009 1523 2035 1543 as

444 1568 472 1597 3.
511 1565 702 1597 Mandamus
743 1565 968 1597 nichilominus
1004 1566 1160 1597 universis
1194 1568 1228 1597 et
1262 1565 1395 1607 singulis
1429 1565 1635 1608 patriarchis,
1675 1565 1927 1608 archiepiscopis
1961 1570 1995 1599 et

337 1617 495 1659 episcopis
519 1627 556 1648 ac
579 1617 650 1648 aliis
666 1618 873 1649 ecclesiarum
889 1617 1021 1659 prelatis
1036 1627 1161 1649 necnon
1178 1617 1321 1658 ducibus,
1345 1617 1594 1658 marchionibus,
1617 1617 1798 1658 comitibus,
1820 1617 1994 1650 baronibus

338 1672 372 1700 et
395 1668 566 1708 nobilibus,
589 1669 849 1700 universitatibus
874 1679 1000 1711 quoque
1026 1672 1058 1700 et
1081 1668 1365 1701 communitatibus
1388 1670 1562 1710 civitatum,
1593 1673 1770 1702 castrorum
1798 1672 1832 1702 et
1857 1669 1994 1702 aliorum

336 1719 480 1751 locorum
505 1720 557 1751 eth
573 1720 644 1751 aliis
660 1721 806 1762 personis
822 1720 1035 1762 singularibus
1052 1720 1318 1763 quibuscumque,
1341 1722 1571 1763 cuiuscumque
1587 1724 1699 1763 status,
1723 1720 1920 1754 condicionis
1942 1721 1995 1754 vel

338 1771 501 1812 dignitatis
518 1772 666 1813 existant,
684 1772 742 1803 sub
759 1773 1098 1804 excommunicationis
1115 1773 1146 1804 in
1162 1783 1317 1814 personas
1333 1783 1444 1804 eorum
1462 1775 1495 1804 et
1510 1773 1672 1805 interdicti
1687 1773 1719 1805 in
1735 1773 1992 1814 communitates,
2012 1782 2038 1802 ³⁰

335 1823 569 1863 universitates,
594 1824 748 1864 civitates,
773 1827 878 1855 castra
901 1827 935 1856 et
957 1824 1029 1856 loca
1051 1824 1198 1866 predicta
1221 1825 1313 1866 penis
1336 1827 1369 1856 et
1391 1825 1570 1865 sententiis,
1598 1835 1678 1867 quas
1701 1835 1827 1857 exnunc
1850 1825 1883 1856 in
1905 1825 1993 1866 ipsos

337 1873 467 1905 ferimus
497 1878 529 1906 et
558 1885 626 1916 eos,
659 1876 718 1906 nisi
746 1876 828 1907 infra
859 1876 994 1908 duorum
1024 1877 1182 1908 mensium
1215 1877 1354 1918 spatium
1388 1887 1408 1908 a
1442 1876 1518 1908 data
1545 1877 1743 1918 presentium
1771 1875 1994 1919 conputandos

336 1925 517 1956 huiusmodi
539 1927 710 1958 monicioni
734 1931 766 1959 et
789 1927 941 1959 mandato
965 1928 1081 1959 nostris
1097 1938 1212 1969 parere
1229 1927 1412 1959 curaverint
1429 1938 1500 1960 cum
1518 1927 1646 1969 effectu,
1669 1929 1831 1960 incurrere
1846 1929 1994 1960 volumus

335 1977 404 2018 ipso
429 1977 524 2017 facto,
548 1981 582 2008 ut
605 1978 689 2010 dicto
706 1978 884 2010 Bertholdo
908 1978 948 2010 de
964 1978 1146 2010 Marsteron
1169 1989 1226 2011 seu
1250 1979 1291 2011 de
1307 1979 1415 2011 Niffen
1431 1982 1596 2021 tamquam
1612 1980 1732 2011 vicario
1748 1982 1785 2011 ut
1798 1980 1995 2022 premittitur

336 2028 387 2058 vel
411 2028 490 2059 alias
513 2039 608 2070 super
630 2030 792 2071 premissis
814 2030 867 2062 vel
891 2030 1046 2062 similibus
1069 2031 1101 2061 in
1124 2031 1210 2062 nullo
1234 2034 1371 2072 pareant
1393 2030 1446 2063 vel
1469 2030 1646 2063 intendant.
1688 2031 1900 2063 Processibus
1922 2031 1993 2063 aliis
2011 2041 2036 2061 ιε

338 2079 589 2122 quibuscumque
612 2091 671 2122 per
693 2092 751 2112 nos
774 2092 831 2113 seu
854 2092 913 2123 per
930 2081 1082 2113 dilectum
1106 2082 1207 2114 filium
1230 2085 1374 2114 nostrum
1389 2082 1607 2115 Bertrandum
1623 2083 1708 2114 tituli
1724 2082 1832 2115 Sancti
1847 2083 1995 2115 Marcelli

338 2130 559 2172 presbyterum
583 2132 779 2164 cardinalem
803 2133 981 2174 apostolice
1009 2133 1095 2165 sedis
1122 2134 1265 2175 legatum
1289 2135 1342 2166 vel
1373 2134 1454 2166 alios
1482 2134 1606 2166 iudices
1632 2137 1843 2176 conpetentes
1873 2134 1993 2166 habitis

338 2184 404 2212 tam
433 2185 543 2213 contra
571 2183 687 2215 dictum
718 2185 931 2216 Bertholdum
962 2185 1003 2216 de
1031 2185 1211 2218 Marsteron
1239 2197 1336 2228 quam
1365 2186 1446 2218 alios
1474 2189 1508 2218 et
1532 2189 1684 2228 parentes
1714 2185 1837 2218 eisdem
1873 2186 1907 2217 in
1933 2197 1992 2218 suo

341 2232 454 2264 robore
478 2233 645 2266 duraturis.

447 2286 477 2314 4.
514 2284 559 2315 Ut
589 2289 696 2317 autem
725 2297 893 2328 processus
920 2288 1103 2320 huiusmodi
1133 2289 1175 2320 ad
1205 2299 1410 2321 communem
1439 2290 1582 2321 omnium
1615 2289 1769 2321 noticiam
1804 2288 1992 2326 deducatur,
2011 2299 2038 2319 ω

341 2337 444 2365 cartas
467 2336 532 2366 sive
555 2337 758 2369 membranas
774 2349 959 2380 processum
975 2339 1159 2372 huiusmodi
1175 2341 1376 2372 continentes
1391 2342 1424 2372 in
1439 2342 1571 2373 maioris
1587 2341 1725 2373 ecclesie
1740 2340 1994 2383 Avinioncn(sis)

341 2385 481 2426 appendi
504 2386 569 2417 veli
593 2387 680 2430 affigi
703 2389 814 2421 hostiis
837 2390 1003 2430 faciemus,
1027 2401 1090 2432 que
1114 2402 1300 2432 processum
1323 2392 1429 2434 ipsum
1449 2403 1506 2424 suo
1531 2393 1623 2434 quasi
1645 2402 1761 2424 sonoro
1783 2392 1938 2434 preconio
1961 2395 1995 2424 et

344 2436 454 2476 patulo
477 2437 593 2469 indicio
616 2440 834 2482 publicabunt,
856 2445 893 2473 ut
915 2442 1019 2473 dictus
1041 2442 1238 2474 Bertholdus
1260 2446 1293 2475 et
1316 2444 1511 2486 quicumque
1535 2445 1599 2486 alii,
1628 2454 1709 2486 quos
1731 2454 1901 2486 processus
1922 2444 1993 2485 ipse

342 2488 507 2529 contingit,
530 2489 648 2521 nullam
670 2493 792 2532 possint
815 2494 1055 2525 excusationem
1079 2494 1273 2535 pretendere
1297 2495 1348 2526 vel
1364 2495 1579 2538 ignorantiam
1595 2495 1750 2537 allegare,
1774 2495 1862 2538 quod
1877 2494 1919 2527 ad
1936 2505 1993 2527 eos

341 2548 509 2579 processus
531 2539 711 2573 huiusmodi
734 2554 797 2574 non
819 2546 1002 2585 pervenerit
1024 2546 1076 2577 vel
1100 2546 1187 2587 quod
1209 2546 1449 2588 ignoraverint*
1472 2547 1626 2588 eundem,
1653 2557 1726 2579 cum
1753 2558 1818 2579 non
1845 2547 1886 2578 sit
1907 2546 1991 2579 veri-
2010 2557 2036 2576 45

341 2588 444 2669 {imile
479 2600 644 2672 regpanere
673 2594 791 2634 quoad¹
819 2596 905 2637 ipsos
933 2597 1129 2639 incognitum
1158 2597 1211 2629 vel
1239 2599 1416 2640 occultum,
1455 2598 1540 2640 quod
1569 2602 1636 2630 tam
1665 2601 1815 2641 patenter
1844 2598 1992 2630 omnibus

356 2640 438 2670 uerit
461 2651 503 2681 pu
540 2642 665 2674 icatum.

449 2691 523 2723 Dat.
547 2693 742 2736 Avinion(e),
766 2697 821 2729 ΠΕ.
840 2698 942 2730 Idus¹¹¹
964 2700 1079 2742 April,
1103 2701 1307 2742 pontificatus
1329 2703 1429 2734 nostri
1452 2713 1535 2734 anno
1559 2706 1683 2734 octavo.

445 2766 510 2794 897·
537 2770 559 2801 ο)
579 2771 678 2796 ‘³³⁵d0m
698 2771 727 2802 1;
751 2782 792 2798 ⁰⁰³
810 2774 834 2799 2·
926 2775 951 2808 d)
970 2781 998 2802 ¹12
1017 2776 1044 2807 l;
1068 2781 1094 2803 et
1111 2777 1136 2803 2.
1231 2779 1254 2811 θ)
1273 2780 1409 2806 feudorum
1427 2780 1452 2806 2.
1542 2779 1562 2812 f)
1579 2781 1648 2806 dccet
1666 2779 1690 2805 1.
1786 2780 1812 2812 Β)
1831 2784 1863 2806 et
1881 2779 1992 2805 annul-

342 2810 441 2835 lamus
460 2811 511 2837 dee.
531 2811 554 2837 1.
642 2812 667 2845 ¹¹)
686 2823 715 2839 ac
733 2814 756 2841 2.
834 2817 853 2849 i)
873 2827 918 2844 seu
935 2819 958 2844 2.
1047 2818 1073 2852 k)
1091 2822 1234 2854 ignorarint
1252 2821 1276 2848 2.
1364 2821 1383 2855 ¹)
1402 2824 1471 2856 quod
1489 2824 1522 2849 ad
1541 2824 1564 2849 1.
1651 2824 1684 2855 ¹¹¹)
1704 2823 1739 2849 Id.
1759 2822 1783 2849 2.
2009 2826 2035 2846 ⁵⁰
