2124 3132
234 1638 267 1652 nr.
292 1635 302 1653 'I

320 178 362 208 56
702 177 920 205 TRACTATUS
942 177 990 204 DE
1012 177 1227 206 ELECTIONE.
1265 178 1340 206 1814.
1376 179 1424 207 ΝΥ.
1437 179 1479 206 58.
1498 180 1540 207 59.
1558 180 1600 208 60.

321 263 436 295 indulti
460 264 506 295 eis
529 264 685 305 temporis
708 275 766 306 per
788 264 886 296 fidem
916 267 949 296 et
971 265 1187 297 iuramentum
1211 276 1302 297 suum
1331 266 1374 297 ad
1397 266 1604 308 prestandum
1631 266 1813 309 obstagium
1843 271 1877 299 et
1898 268 1979 300 fide-

320 315 468 346 iussionis
492 315 638 346 debitum
661 316 744 347 sicut
767 317 854 357 prius
877 316 920 347 ad
942 316 1124 358 predictum
1148 316 1304 359 oppidum
1330 317 1616 359 A-sschaffemburg
1639 318 1745 350 redire
1768 322 1948 352 teneantur.

431 369 480 398 10.
515 366 558 398 Et
580 377 638 398 nos
654 367 852 408 Lud(wicus)
878 378 987 399 comes
1010 368 1172 409 palatinus
1194 368 1277 400 Reni
1301 368 1367 400 dux
1382 369 1541 411 Bawarie‚
1565 381 1623 401 nos
1647 371 1750 403 eciam
1773 370 1980 403 fideiussores

321 418 477 450 antedicti
500 419 725 449 renunciamus
753 419 881 450 omnino
906 420 1095 461 excepcioni
1124 419 1188 451 doli
1215 420 1307 462 mali,
1340 421 1427 463 quod
1450 421 1483 452 vi
1505 424 1562 453 aut
1585 425 1690 453 metus
1714 432 1826 463 causa,
1857 423 1980 455 accioni

320 471 353 501 in
377 469 507 510 factum,
531 480 595 501 non
617 473 795 511 numerate,
818 481 882 502 non
905 471 1023 502 tradite
1047 481 1107 502 nec
1130 471 1234 503 solute
1258 473 1410 514 pecunie,
1435 472 1599 504 divisionis
1623 473 1793 514 beneficio,
1817 475 1979 506 autentico
2010 483 2022 503 ⁵

323 520 535 562 ‘Presente’¹,
558 531 641 552 nove
658 521 883 553 constitucioni
900 522 940 554 de
958 522 1084 554 duobus
1107 523 1171 554 reis
1178 523 1202 564 ²,
1226 524 1475 565 apostolicarum
1494 524 1672 556 litterarum
1697 527 1731 556 et
1746 525 1883 557 aliorum
1900 537 1979 568 quo·

308 583 529 614 ·rumcumque
560 573 701 604 iudicum
730 574 1015 614 impetracionibus
1048 578 1080 606 et
1110 575 1414 607 denunciacionibus
1445 579 1478 607 et
1506 577 1702 618 generaliter
1731 579 1765 608 et
1795 577 1981 618 specialiter

321 624 517 666 quibuslibet
540 625 791 666 excepcionibus
814 626 940 667 scriptis
963 629 996 657 et
1018 637 1081 658 non
1097 627 1233 668 scriptis,
1257 627 1384 659 auxiliis
1409 631 1441 659 et
1465 628 1707 659 defensionibus
1730 629 1807 660 iuris
1822 629 1875 660 vel
1891 628 1980 670 facti,

322 677 423 707 eciam
449 676 489 708 de
514 676 628 717 quibus
651 677 777 708 mencio
807 676 943 708 deberet
970 678 1040 709 fieri
1068 679 1231 719 specialis,
1263 679 1379 720 quibus
1402 679 1584 711 huiusmodi
1607 683 1716 711 nostre
1739 681 1979 723 promissiones,

320 727 539 769 obligacioncs
562 728 629 759 sive
653 729 823 760 cauciones
852 728 1003 770 impediri
1034 740 1091 760 seu
1114 731 1296 772 impugnari
1327 735 1459 772 possent
1489 732 1521 763 in
1552 735 1619 763 toto
1644 732 1695 763 vel
1725 733 1757 763 in
1785 736 1877 774 parte
1901 743 1980 774 quo·
1998 741 2024 762 ιο

320 779 502 811 modolibet
523 780 576 811 vel
599 780 738 822 infringi.

428 831 466 862 In
489 842 625 873 quorum
650 834 683 862 et
705 832 934 873 premissorum
952 833 1094 864 omnium
1110 833 1207 865 robur
1223 837 1256 865 et
1271 834 1498 866 certitudinem
1515 835 1689 867 firmiorem
1707 835 1821 877 sigillis
1837 837 1980 868 omnium

320 885 464 913 nostrum
488 892 620 923 presens
643 884 797 924 scriptum
819 884 1076 925 consignavimus
1100 887 1133 916 et
1156 884 1292 916 fecimus
1315 887 1506 927 consignari.

428 934 504 965 Dat.
527 934 560 965 in
589 934 710 975 Lorch,
743 945 826 966 anno
856 934 987 966 Domini
1019 935 1191 967 millesimo
1220 938 1450 969 trecentesimo
1480 937 1738 980 quartodecimo,
1770 939 1874 980 pridie
1901 939 1980 971 Idus

321 985 532 1027 Septembris.
1997 998 2022 1018 ιε»

584 1066 643 1102 59.
685 1066 860 1111 Scriptum
880 1079 950 1112 pro
978 1067 1183 1103 Eberhardo
1210 1069 1252 1104 de
1277 1069 1448 1114 Brubery.
1555 1069 1644 1115 Sept.
1664 1071 1722 1105 15.

432 1134 592 1175 Oriqinale
621 1136 749 1174 frustra
779 1137 959 1176 quaesitum
992 1137 1189 1177 deperditum
1222 1149 1286 1170 esse
1319 1139 1453 1170 videtur.
1499 1139 1695 1178 Editionem,
1726 1150 1823 1180 quam
1846 1141 1980 1180 paravit

319 1187 362 1219 D.
378 1187 549 1219 Schneider
571 1188 792 1220 ‘Erbachische
814 1188 1026 1228 Stammtafel’
1043 1189 1160 1230 (1736)
1189 1189 1364 1222 Urlmnden
1380 1201 1415 1230 p.
1430 1191 1480 1229 61,
1504 1191 1555 1222 hic
1576 1192 1747 1231 repetimus
1770 1192 1806 1223 in
1828 1192 1978 1224 minutiis

323 1241 502 1270 correctam.

421 1295 568 1333 Bo'hmer,
594 1295 668 1336 Rey.
686 1295 798 1327 Inidw.
816 1306 852 1336 p.
864 1296 931 1328 237
947 1296 1179 1329 Reichssachen
1192 1307 1242 1329 nr.
1257 1297 1310 1329 25.
1351 1297 1503 1338 Rcyesten
1520 1297 1576 1329 der
1590 1297 1800 1339 Psalzyrafen
1815 1310 1865 1331 nr.
1881 1300 1976 1332 1901.
1995 1274 2022 1327 ἑο

422 1351 535 1383 Pauca
562 1361 643 1391 quae
669 1351 861 1383 concordant
889 1363 960 1384 cum
983 1353 1110 1393 Scripta
1130 1353 1238 1393 priori
1263 1363 1365 1393 supra
1386 1364 1436 1385 nr.
1454 1354 1497 1384 57
1519 1365 1587 1394 cap.
1605 1356 1660 1393 19,
1688 1355 1774 1396 typis
1802 1356 1978 1388 minoribus

318 1403 502 1435 excudenda
525 1403 716 1434 curavimus.

427 1480 494 1512 Nos
517 1480 701 1512 Ludovicus
724 1480 785 1512 Dei
815 1481 924 1522 gracia
948 1492 1057 1513 comes
1084 1482 1246 1523 palatinus
1267 1482 1355 1519 Reni
1379 1482 1445 1514 dux
1468 1483 1607 1515 Bavarie
1636 1485 1867 1527 promittimus,
1895 1487 1991 1527 sicut¹

318 1532 416 1563 etiam
444 1533 476 1563 in
504 1532 694 1563 tractatibus
724 1543 797 1564 cum
826 1533 1005 1564 venerabili
1038 1533 1169 1565 domino
1198 1534 1298 1566 Petro
1332 1535 1577 1577 archiepiscopo
1609 1536 1798 1578 Moguntino
1831 1548 1891 1579 per
1918 1549 1978 1571 nos

317 1583 456 1615 habitis³
476 1583 538 1615 hoc
554 1585 769 1625 promisimus,
794 1584 880 1626 quod
897 1586 923 1616 si
939 1585 1047 1617 divina
1063 1585 1270 1627 providencia
1287 1586 1479 1628 disponente
1502 1588 1536 1618 in
1550 1587 1735 1620 Romanum
1751 1599 1862 1631 regem
1881 1589 1977 1623 electi
1995 1596 2020 1616 ¹⁵

317 1636 481 1676 fuerimus,
505 1640 596 1667 nobili
620 1640 680 1667 viro
702 1640 860 1668 Ebirhardo
883 1641 918 1669 de
937 1642 1065 1677 Bruberg
1087 1642 1301 1677 procurabimus
1324 1643 1539 1671 restitucionem
1563 1644 1649 1671 castri
1670 1644 1790 1679 Erpach,
1815 1646 1892 1680 quod
1913 1655 1976 1681 per-

317 1692 391 1719 didit
419 1692 449 1719 in
479 1692 596 1719 servitio
624 1693 741 1719 ecclesie
772 1693 953 1727 Moguntine,
988 1695 1018 1721 et
1047 1694 1191 1722 iusticiam
1221 1694 1275 1721 sibi
1306 1695 1442 1722 faciemus
1475 1697 1504 1722 et
1533 1696 1747 1730 procurabimus
1779 1706 1865 1733 super
1891 1698 1977 1733 opido

317 1744 469 1771 Mosebach
491 1746 521 1771 et
543 1744 603 1771 iure
627 1753 686 1777 suo,
710 1745 786 1778 quod
808 1745 913 1772 habere
936 1745 1022 1773 debet
1046 1746 1076 1772 in
1099 1748 1215 1773 moneta
1237 1746 1267 1773 in
1283 1746 1383 1779 Hallis,
1407 1747 1560 1774 secundum
1583 1748 1792 1775 continenciam
1815 1749 1977 1778 litterarum

317 1804 444 1828 suarum,
469 1804 539 1830 quas
563 1795 650 1823 habet
673 1805 757 1830 super
779 1805 824 1829 eo,
856 1795 890 1823 et
911 1792 971 1824 has
994 1793 1119 1824 litteras
1147 1793 1208 1824 sibi
1236 1795 1304 1825 sine
1328 1793 1519 1825 difficultate
1542 1795 1766 1826 innovabimus
1788 1796 1847 1828 sub
1870 1797 1976 1839 sigillo

315 1843 502 1874 maiestatis.
603 1843 641 1873 In
667 1844 756 1874 cuius
786 1844 832 1875 rei
862 1845 1082 1876 testimonium
1114 1848 1282 1886 presentes
1315 1845 1439 1877 litteras
1472 1845 1533 1877 sibi
1562 1846 1717 1878 tradimus
1748 1847 1844 1890 sigilli
1874 1849 1975 1880 nostri
1994 1854 2021 1874 ⁸⁰

316 1895 491 1925 munimine
515 1894 693 1926 roboratas.

423 1946 543 1977 Datum
567 1946 706 1986 Lorche,
730 1957 814 1978 anno
838 1947 969 1978 Domini
992 1947 1110 1980 MCOG
1135 1948 1261 1980 decimo
1286 1952 1412 1990 quarto,
1436 1949 1544 1981 XVII.
1562 1949 1637 1982 Kal.
1661 1949 1793 1983 Octobr.

516 2079 577 2114 60.
618 2078 793 2124 Scriptum
820 2090 924 2124 super
951 2079 1124 2124 fructibus
1150 2081 1258 2115 castri
1284 2081 1498 2125 Lindenfels.
1605 2082 1697 2128 Sept.
1717 2085 1778 2118 21.

426 2147 587 2188 Oriyinale
619 2149 655 2179 in
688 2148 846 2180 tabulario
876 2149 1016 2189 generali
1044 2151 1133 2190 reyni
1151 2150 1330 2192 ¹Bawarici
1364 2142 1452 2183 KLS
1477 2163 1528 2184 nr.
1552 2152 1583 2185 2.
1641 2152 1879 2193 Descripsimus
1907 2164 1973 2187 nos.

314 2199 458 2231 Pendent
479 2200 579 2240 siyilli
596 2201 780 2241 fraymenta
796 2201 993 2240 parvissima
1015 2201 1080 2234 loro
1104 2203 1346 2234 membranaceo.
1369 2221 1413 2226 —-
1435 2204 1607 2236 Ineditum.
1993 2207 2019 2227 ⁸⁵

427 2255 578 2296 Reyesten
601 2257 657 2288 der
679 2256 886 2297 Psalzyrafen
907 2268 957 2288 nr.
975 2258 1069 2289 1912.

422 2311 535 2343 Pauca
563 2322 644 2352 quae
671 2313 862 2344 concordant
888 2324 960 2345 cum
984 2313 1110 2354 Scripta
1136 2314 1235 2347 altero
1260 2325 1362 2356 supra
1393 2325 1443 2347 nr.
1465 2316 1507 2347 58
1535 2326 1604 2355 cap.
1622 2316 1659 2355 4,
1690 2316 1774 2357 typis
1800 2317 1976 2350 minoribus

314 2363 499 2397 excudenda
522 2364 714 2396 curavimus.

422 2433 491 2463 Nos
522 2433 715 2464 Ludewicus
743 2433 807 2465 Dei
835 2435 945 2475 gracia
976 2445 1085 2466 comes
1116 2435 1278 2476 palatinus
1306 2435 1390 2467 Reni
1426 2435 1491 2467 dux
1521 2436 1669 2468 Bawarie
1701 2438 1974 2480 recognoscimus,

315 2484 402 2525 quod
430 2485 463 2515 in
490 2485 680 2516 tractatibus
709 2486 793 2517 inter
816 2486 1062 2527 vener(abilem)
1091 2487 1256 2518 dominum
1280 2487 1414 2518 Petrum
1444 2488 1724 2530 archiepiscopum
1747 2489 1973 2531 Moguntinmn
1991 2501 2020 2522 4⁰

314 2539 348 2567 et
370 2547 428 2567 nos
451 2536 570 2567 habitis
593 2540 701 2568 actum
730 2540 779 2568 est
806 2540 838 2568 et
865 2541 1053 2579 tractatum,
1083 2538 1170 2580 quod
1198 2539 1229 2569 in
1258 2543 1458 2577 obligacione
1481 2544 1576 2571 castri
1600 2541 1701 2571 nostri
1724 2545 1887 2572 Lindenfels
1910 2554 1975 2573 eum

313 2592 395 2619 bonis
418 2593 543 2627 acceptis
566 2593 600 2620 de
624 2593 743 2620 abbacia
765 2594 795 2620 in
811 2594 888 2626 Lors,
912 2603 967 2628 que
990 2595 1047 2622 iam
1068 2595 1221 2622 actualiter
1235 2595 1341 2622 ibidem
1362 2595 1534 2629 deserviunt,
1559 2597 1603 2623 et*
1625 2596 1690 2623 aliis
1706 2597 1764 2624 suis
1779 2597 1973 2632 pertinenciis,

314 2650 410 2681 quam
435 2640 542 2672 eidem
565 2640 694 2672 domino
719 2665 726 2672 .
745 2664 751 2671 .
776 2642 1034 2684 archiepiscopo,
1064 2644 1147 2674 sicut
1168 2643 1201 2674 iu
1224 2643 1295 2674 aliis
1318 2643 1434 2674 litteris
1457 2644 1596 2675 nostris⁴
1619 2644 1840 2685 promisimus,
1863 2644 1973 2676 facere

313 2691 506 2731 tenebimur,
530 2692 557 2722 si
578 2692 611 2723 in
634 2703 746 2734 regem
769 2693 990 2725 Romanorum
1020 2694 1191 2736 eligemur,
1219 2694 1341 2725 fructus
1363 2695 1395 2725 in
1419 2699 1539 2726 sortem
1562 2706 1627 2726 non
1650 2695 1772 2727 debent
1794 2697 1974 2738 conputari,

419 2760 444 2793 1)
474 2759 535 2786 Cod.
550 2764 575 2792 1,
589 2764 631 2792 12,
645 2764 667 2788 6.
773 2762 799 2794 2)
826 2762 892 2789 Νου.
910 2766 953 2796 99,-
980 2763 1015 2794 cf.
1042 2770 1127 2796 supra
1153 2765 1214 2789 tom.
1228 2761 1343 2795 IV,495
1370 2765 1424 2789 not.
1441 2766 1464 2790 3.
1491 2765 1493 2767 ’
1569 2764 1596 2797 3)
1623 2763 1716 2797 Supra
1742 2772 1784 2791 Μ·-
1798 2768 1832 2791 57
1857 2772 1916 2798 cap.
1931 2768 1971 2791 19.
1990 2773 2019 2793 45

313 2803 341 2836 4)
360 2802 451 2836 Supra
469 2811 512 2830 nr.
524 2806 559 2830 58
577 2811 637 2837 cap.
653 2809 678 2831 4.
1509 2817 1513 2820 .
1584 2817 1593 2820 „
