2184 3126
357 234 419 263 554
506 229 599 256 ACTA
620 227 734 255 REGNI
753 224 936 253 LUDEWICI
955 224 1001 251 IV.
1019 223 1066 250 ΕΤ
1084 221 1271 250 FRIDERICI
1283 221 1332 247 III.
1364 219 1438 247 1322.
1468 219 1516 246 Nr.
1527 219 1586 246 702.
1600 218 1658 246 703.
1672 218 1730 246 704.
1744 219 1802 246 705.
1816 218 1875 246 706.

343 315 507 348 conscribi
541 317 574 346 et
602 315 709 345 nostro
744 312 848 354 sigillo
881 311 1028 343 iussimus
1058 318 1144 340 com·
1198 310 1365 348 presentes
1386 306 1511 337 litteras
1535 304 1692 336 conscribi
1716 307 1748 337 et
1770 308 1880 337 nostro
1896 306 2002 348 sigillo

342 367 467 399 muniri.
1197 368 1346 390 lusfflmus
1369 367 1567 389 communiri.

449 419 524 450 Dat.
594 416 752 458 Auguste,
765 414 856 446 VIII.
870 412 946 444 Idus
960 411 1144 452 Decembr.‚
1282 410 1358 441 Dat.
1391 408 1554 450 Auguste,
1584 406 1678 439 VIII.
1706 406 1784 439 Idus
1817 407 2001 450 Decembr„

347 480 429 502 anno
453 468 584 500 Domini
613 466 782 498 millesimo
812 464 1037 496 trecentesimo
1060 463 1145 494 vice·
1200 471 1283 493 anno
1305 460 1437 492 Domini
1459 457 1579 490 MOOO
1602 459 1754 490 vicesimo
1778 459 1929 492 secundo.

346 522 425 552 simo
451 519 602 559 secundo,
625 517 715 559 regni
732 527 808 548 vero
831 516 930 546 nostri
953 524 1035 546 anno
1051 523 1144 545 nono.

499 633 584 668 704.
625 629 847 673 Confirmatio
876 628 1091 673 obligationis
1111 640 1181 674 pro
1208 629 1365 673 episcopo
1391 625 1605 671 Anqustano.
1710 625 1797 661 Dec.
1817 626 1853 661 7.

455 705 614 746 Oriyinalc
637 703 710 746 (or.)
734 703 770 734 in
792 703 895 735 eodem
918 702 1075 734 tabulario
1097 700 1189 734 KLS
1210 712 1259 734 nr.
1277 702 1352 733 233.
1397 699 1635 739 Βεεσνῆρείνηαε
1662 709 1729 731 nos.
1775 697 1883 739 Siqilli
1907 697 2002 740 fraq-

343 759 447 789 menta
478 757 611 796 itemque
640 755 741 787 lorum
769 754 1039 786 membranaceum
1065 756 1245 793 supersunt.
1311 752 1356 784 In
1383 761 1470 783 verso
1496 750 1628 791 leqitur:
1659 750 1879 782 Instrumenta
1906 759 2004 792 super

344 809 521 841 advocacia
544 808 576 838 in
598 806 768 838 Faucibus.
793 824 831 828 —
855 805 917 837 Ed.
942 805 1162 837 ‘Monumenta
1185 804 1295 836 Boica’
1319 802 1493 841 XXXIII,
1517 803 1536 833 1
1552 812 1588 842 p.
1605 802 1670 833 459
1691 812 1742 833 nr.
1765 803 1838 833 364.

449 867 597 905 Biihmer,
623 866 698 907 Rey.
720 866 832 897 Ludw.
851 876 886 905 p.
911 865 953 896 30
974 876 1023 897 nr.
1040 866 1112 897 511.

451 944 520 976 Nos
542 943 736 975 Ludowicus
759 942 821 974 Dei
850 943 958 984 gracia
985 942 1205 974 Romanorum
1234 952 1293 973 rex
1322 951 1451 982 semper
1479 942 1634 982 augustus
1664 941 1776 971 tenore
1803 938 2002 987 presentium

343 997 532 1039 profitemur
554 1006 611 1027 nos
635 995 758 1026 litteras
780 994 1000 1035 infrascriptas
1027 1004 1090 1025 non
1114 994 1247 1025 viciatas
1276 1004 1340 1025 non
1367 991 1506 1024 abolitas
1534 990 1592 1022 sed
1615 990 1720 1022 salvas
1748 1000 1808 1032 per
1835 991 1942 1022 omnia
1968 991 2000 1021 in

345 1048 406 1080 hec
429 1047 527 1080 verba
549 1047 681 1078 vidisse:

448 1107 527 1139 ‘Nos
550 1107 711 1138 Iohannes
736 1124 774 1128 —
798 1108 979 1137 nostrorum
1002 1116 1086 1137 anno
1111 1104 1234 1138 tercio?
1278 1104 1388 1144 Supra
1410 1106 1481 1135 tom.
1505 1102 1567 1140 IV,
1581 1103 1605 1134 2
1625 1112 1676 1135 nr.
1693 1102 1787 1133 1144.

451 1166 519 1198 Nos
542 1167 651 1208 itaque
675 1165 914 1197 considerantes
938 1165 1058 1197 dictam
1082 1165 1318 1207 obligacionem
1341 1165 1470 1196 nomine
1493 1163 1621 1205 imperii
1644 1172 1715 1194 esse
1738 1161 1870 1202 factam,
1894 1165 2000 1194 atten-

345 1217 456 1249 dentes
485 1216 730 1248 nichilhominus
759 1215 950 1247 fidelitatem
982 1219 1015 1247 et
1050 1217 1184 1248 servicia
1216 1225 1280 1257 que
1314 1215 1459 1257 prefatus
1486 1215 1657 1256 episcopus
1683 1213 1776 1246 nobis
1805 1216 1839 1246 et
1865 1214 2004 1256 imperio

344 1267 530 1309 impendere
554 1267 671 1309 poterit
695 1269 727 1298 et
750 1265 892 1307 debebit,
917 1267 1053 1299 eandem
1071 1267 1306 1309 obligacionem
1323 1266 1496 1298 advocacie
1513 1266 1571 1298 sub
1588 1266 1693 1298 forma
1713 1268 1747 1297 et
1761 1265 2005 1298 condicionibus

347 1319 513 1360 premissis
537 1329 577 1350 ex
601 1320 688 1350 certa
711 1318 849 1349 sciencia
871 1318 1105 1350 continuamus.
1192 1318 1231 1350 In
1254 1319 1342 1350 ouius
1365 1321 1473 1350 nostre
1503 1317 1757 1350 confirmacionis
1786 1317 2005 1350 testimonium

346 1373 514 1411 presentes
537 1370 661 1401 litteras
685 1369 842 1400 conscribi
866 1372 899 1401 et
921 1373 1030 1401 nostro
1055 1370 1160 1411 sigillo
1184 1370 1332 1401 iussimus
1356 1369 1555 1401 communiri.

452 1421 528 1453 Dat.
552 1422 709 1463 Auguste,
733 1420 808 1452 VII.
827 1420 904 1452 Idus
926 1420 1111 1461 Decembr.‚
1135 1432 1218 1453 anno
1236 1421 1367 1452 Domini
1396 1421 1568 1453 millesimo
1595 1419 1822 1452 trecentesimo
1851 1419 2003 1451 vicesimo

344 1473 496 1513 secundo,
519 1473 614 1514 regni
637 1483 714 1504 vero
738 1473 838 1503 nostri
861 1483 944 1504 anno
968 1484 1063 1507 nonu.

691 1587 776 1623 705.
818 1586 1017 1622 Reversales
1043 1587 1193 1632 qoiscopi
1219 1586 1666 1632 Auqustani.1)ec.7.

460 1660 619 1701 Oriyinale
643 1661 717 1702 (or.)
740 1660 854 1692 ibidem
876 1660 968 1692 KLS
989 1671 1039 1692 nr.
1062 1660 1137 1693 232.
1183 1659 1419 1700 Descripsimus
1446 1670 1513 1692 νιοε.
1567 1658 1716 1700 Siyillum
1742 1658 1863 1690 laesum
1884 1658 2001 1698 pendet

348 1711 414 1744 loro
435 1712 678 1744 membranaceo.
701 1731 743 1736 —
765 1711 828 1743 Ed.
845 1711 864 1744 l.
888 1722 913 1744 c.
929 1711 1102 1751 XXXIII,
1126 1714 1145 1743 1
1161 1722 1197 1752 p.
1213 1712 1278 1743 458
1298 1722 1348 1744 nr.
1365 1712 1438 1743 362.

454 1789 522 1820 Nos
538 1788 725 1820 Fridericus
740 1789 803 1821 Dei
827 1790 937 1831 gracia
960 1789 1096 1821 ecclesie
1112 1790 1326 1831 Augustensis
1343 1789 1513 1831 episcopus
1529 1792 1640 1821 tenore
1657 1788 1859 1830 presencium
1874 1787 2003 1830 publice

346 1840 542 1881 profitemur,
567 1840 653 1881 quod
677 1851 749 1872 cum
779 1841 1000 1872 serenissimus
1031 1841 1178 1872 dominus
1206 1844 1316 1872 noster
1338 1840 1486 1872 dominus
1507 1840 1680 1872 Ludwicus
1701 1839 1921 1871 Romanorum
1945 1849 2004 1871 rex

346 1901 474 1933 semper
509 1894 662 1933 augustus
696 1892 845 1923 universa
880 1895 914 1924 et
946 1892 1071 1934 singula
1102 1891 1217 1933 feoda,
1250 1903 1311 1934 que
1346 1892 1387 1923 ab
1421 1893 1491 1934 ipso
1523 1892 1652 1924 nomine
1684 1891 1811 1933 imperii
1845 1894 2003 1932 tenemus,

348 1942 640 1984 sollempnitatibus
663 1943 780 1975 debitis
802 1943 1091 1974 intervenientibus
1113 1943 1205 1975 nobis
1228 1944 1373 1985 graciose
1397 1944 1567 1975 contulerit
1582 1942 1782 1974 investiendo
1797 1952 1856 1974 nos
1876 1945 2003 1984 sceptro

348 1994 438 2035 regio
463 1994 503 2025 de
528 1994 661 2033 eisdem,
684 2005 742 2025 nos
764 2004 823 2036 per
845 1997 1082 2026 sacramentum
1106 1995 1317 2036 corporaliter
1338 1994 1399 2026 sibi
1426 1996 1594 2036 prestitum
1623 1994 1805 2036 obligamur
1833 1993 1940 2026 eidem
1972 1996 2005 2026 et

347 2055 406 2076 nos
429 2045 589 2087 obligatos
612 2046 872 2087 recognoscimus
895 2056 953 2087 per
974 2049 1142 2087 presentes
1169 2046 1211 2077 ad
1235 2046 1438 2078 serviendum
1466 2050 1499 2078 et
1529 2046 1768 2088 cooperandum
1802 2045 1863 2077 sibi
1893 2048 2005 2077 contra

348 2096 509 2137 quoslibet
524 2097 615 2128 iuxta
630 2107 724 2138 posse
741 2107 778 2128 ac
794 2095 997 2139 tene[n]dum
1014 2097 1075 2128 sibi
1090 2098 1188 2129 fidem
1205 2100 1238 2129 et
1254 2097 1463 2129 devocionem
1478 2100 1631 2140 tanquam
1654 2108 1730 2129 vero
1746 2098 1815 2139 regi
1839 2100 1872 2128 et
1893 2099 2002 2128 nostro

349 2146 478 2178 domino
494 2148 653 2189 gracioso.
740 2147 863 2179 Dantes
879 2148 937 2179 has
952 2151 1078 2180 nostras
1094 2149 1218 2181 litteras
1230 2149 1327 2192 sigilli
1342 2150 1443 2181 nostri
1457 2150 1586 2181 maioris
1599 2149 1820 2191 appendencia
1835 2148 2004 2180 roboratas

348 2198 381 2228 in
403 2198 620 2230 testimonium
643 2209 740 2240 super
763 2209 811 2230 eo.

455 2248 575 2280 Datum
612 2253 644 2281 et
677 2252 782 2281 actum
813 2250 975 2292 Auguste,
1009 2251 1083 2282 VII.
1112 2251 1189 2283 Idus
1211 2251 1402 2292 Decembr.‚
1436 2250 1544 2294 regi[s]
1579 2251 1718 2293 predicti
1750 2252 1851 2284 nostri
1880 2251 2002 2283 domini

349 2310 432 2332 anno
456 2312 551 2333 nono.

628 2387 713 2422 706.
755 2387 960 2432 Infeudatio
987 2388 1226 2423 marchionum
1253 2388 1462 2424 Estensium.
1568 2389 1651 2424 Dec.
1671 2390 1726 2424 11.

353 2508 380 2541 0
456 2457 558 2540 lC'opia
575 2459 629 2501 (c.)
653 2460 688 2491 in
704 2460 801 2492 Libro
816 2460 1023 2492 cancellariae
1038 2461 1201 2493 Ludewici
1215 2461 1304 2501 reyis,
1329 2461 1366 2493 de
1387 2471 1448 2501 quo
1470 2472 1498 2494 v.
1515 2472 1615 2501 supra
1636 2462 1681 2493 ad
1701 2472 1751 2494 nr.
1769 2462 1842 2501 679,
1861 2461 1923 2504 fol.
1939 2461 2004 2495 98¹.

378 2511 455 2540 ontu
468 2509 552 2541 imus
572 2521 638 2542 nos.

457 2568 603 2608 Biihmer,
626 2570 701 2611 Rey.
725 2571 837 2605 Ludw.
856 2582 891 2611 p.
908 2573 951 2602 30
972 2581 1022 2603 nr.
1039 2572 1111 2603 514.

457 2645 675 2689 Lud(owicus)
708 2647 772 2679 Dei
803 2649 907 2690 gratia
941 2652 975 2681 et
1006 2652 1065 2681 cet.
1177 2649 1408 2691 spectabilibus
1444 2651 1520 2682 viris
1555 2650 1726 2693 Reynaldo
1765 2650 1932 2693 Obyzoni⁸
1969 2653 2003 2682 et

350 2695 495 2738 Nycolao
530 2697 681 2729 fratribus
713 2699 961 2741 marchyonibus
994 2699 1184 2732 Estensibus
1221 2705 1254 2733 et
1286 2702 1534 2744 AngkonitariiS‚
1571 2703 1636 2734 suis
1670 2706 1703 2735 et
1736 2703 1864 2745 imperii
1896 2701 2003 2734 fideli-

351 2747 410 2779 bus
497 2749 632 2790 gratiam
657 2760 756 2781 suam.

456 2828 519 2856 706.
548 2829 571 2862 Ιῑ)
590 2831 703 2856 necanda
721 2840 736 2856 o
754 2841 820 2858 corr.
839 2841 870 2858 ex
887 2842 904 2858 a
922 2842 942 2859 c.

2021 868 2047 888 1⁰

2021 1799 2047 1819 25

2020 2660 2048 2680 ⁴0
