2124 3132
318 213 358 243 32
733 211 949 238 TRAOTATUS
969 211 1014 237 DE
1033 210 1245 238 ELECTIONE.
1282 210 1358 239 1314.
1395 211 1443 238 Nr.
1456 212 1498 239 27.
1517 212 1559 239 28.

315 297 528 338 hereditarie,
559 297 634 328 dum
662 300 735 338 post
761 298 886 339 lapsum
910 298 984 329 anni
1008 308 1051 328 ex
1074 307 1170 329 causa
1194 297 1341 339 predicta
1364 298 1606 340 archiepiscopo
1630 298 1822 340 assignande
1845 299 1974 341 fuerint,

317 348 423 380 eidem
448 349 660 390 assignentur,
685 352 717 380 et
739 352 806 380 tam
830 348 870 380 de
893 348 1074 380 redditibus
1096 349 1307 380 munitionum
1330 350 1544 391 imperialium
1570 360 1666 391 quam
1682 352 1863 381 nostrarum
1879 350 1975 382 here-

317 400 514 441 ditariarum,
539 401 691 441 expensis
715 399 862 431 deductis
884 400 1084 438 necessariis,
1108 399 1188 431 nulli
1210 400 1265 431 alii
1281 411 1377 442 quam
1393 401 1453 442 ipsi
1469 401 1712 442 archiepiscopo
1729 401 1976 443 respondebitur

316 462 375 493 per
403 453 590 493 episcopum
618 454 652 482 et
677 451 803 482 nobiles
830 451 1019 482 antedictos.
1064 451 1107 482 Et
1137 462 1199 493 que
1228 451 1490 494 archiepiscopus
1520 452 1560 483 de
1588 452 1649 483 hiis
1677 453 1852 494 receperit,
1881 453 1975 484 nobis

317 503 564 535 defalcabuntur
587 505 620 533 et
643 502 733 533 fratri
755 505 865 533 nostro
890 502 930 534 de
954 506 1040 534 sorte
1065 502 1179 534 decem
1202 503 1325 535 milium
1348 514 1530 535 marcarum
1554 505 1680 545 argenti
1703 504 1882 545 principali.
2004 518 2017 538 s

427 556 475 586 16.
509 553 581 584 Heo
611 553 718 584 omnia
748 556 905 584 conventa
935 556 968 585 et
995 553 1142 585 condicta
1169 554 1292 596 absque
1316 554 1430 586 fraude
1454 559 1488 587 et
1510 556 1659 597 captione
1683 555 1880 597 quibuslibet
1901 558 1975 587 sunt

315 605 527 646 intelligenda
551 607 584 635 et
606 604 772 636 servanda.

423 656 460 687 In
485 657 573 687 cuius
597 657 644 686 rei
668 656 887 687 testimonium
918 656 1058 697 sigillum
1089 659 1232 688 nostrum
1262 657 1326 688 una
1360 667 1431 688 cum
1459 657 1572 698 sigillis
1599 658 1769 689 illustrium
1792 659 1973 701 principum

316 707 518 739 dominorum
534 706 664 738 Rfldolfi
689 707 815 738 comitis
838 707 972 748 palatini
987 707 1071 738 Beni
1096 707 1186 738 ducis
1201 708 1349 739 Bawarie
1374 711 1408 739 et
1423 707 1554 740 Rfidolfi
1578 709 1666 740 ducis
1683 709 1824 741 saxonie
1847 721 1974 742 necnon

315 759 393 790 dicti
417 758 538 789 domini
555 758 800 799 Argentiuensis
824 759 969 799 episcopi
992 769 1030 789 ac
1055 783 1061 789 .
1081 782 1088 789 .
1113 759 1266 790 comitum
1290 762 1323 790 et
1348 759 1504 790 nobilium
1527 760 1743 801 predictorum
1767 761 1972 803 presentibus
1991 772 2018 792 ιο

316 813 365 841 est
387 820 575 851 appensum.
627 809 670 840 Et
697 820 755 840 nos
778 809 940 841 Rfidolfus
963 809 1026 841 Dei
1055 810 1161 851 gratia
1184 820 1294 841 comes
1324 810 1488 852 palatinus
1509 811 1594 843 Reni
1617 812 1783 852 Bawar1e,
1812 810 1973 845 Rfidolfus

316 861 456 893 Saxonie
486 860 586 892 duces
618 864 650 892 et
678 861 841 892 Iohannes
869 861 985 893 eadem
1015 862 1121 903 gratia
1145 861 1391 903 Argentinensis
1421 863 1591 904 episcopus
1614 864 1875 904 recognoscimus
1897 875 1972 907 pre-

314 913 412 945 missa
434 923 511 944 vera
535 923 606 944 esse
631 916 664 944 et
686 923 744 944 nos
767 913 970 954 presentibus
995 913 1138 971 obligare
1171 912 1212 944 ad
1236 913 1476 945 observantiam
1501 914 1704 954 eorumdem,
1740 918 1776 946 ut
1802 919 1875 948 sunt
1897 927 1972 958 pre-

313 965 422 1005 missa,
446 975 525 1015 per
520 964 618 995 fidem
641 967 794 1004 nostram,
818 965 924 1006 sigilla
940 965 1072 996 nostra
1064 976 1097 996 1n
1114 964 1303 996 eorumdem
1321 965 1518 997 evidentiam
1534 970 1736 1007 apponentes
1752 966 1826 998 huic
1842 968 1971 1010 scripto.

313 1016 381 1047 Nos
404 1027 480 1047 vero
506 1005 633 1047 Ulricus
656 1015 880 1056 Ferretarum,
912 1016 989 1048 Otto
1014 1016 1054 1048 de
1078 1016 1252 1058 Strazberg
1283 1019 1316 1048 et
1340 1015 1501 1048 andolfus
1531 1017 1570 1049 de
1595 1018 1740 1060 Nydowe
1769 1019 1906 1051 comites
1933 1030 1971 1051 ac
1990 1029 2016 1049 ιε

314 1066 392 1098 Otto
410 1067 557 1098 dominus
572 1067 612 1099 de
630 1067 840 1099 Ohssenstein
857 1068 994 1109 predicti
1011 1068 1127 1100 eadem
1143 1069 1403 1110 recognoscimus
1421 1072 1454 1100 et
1469 1069 1511 1100 ad
1529 1069 1766 1102 observantiam
1782 1070 1972 1103 eorumdem

313 1129 372 1150 nos
395 1118 576 1160 obligamus
600 1119 642 1150 ad
665 1119 917 1160 assignationem
941 1123 1119 1151 castrorum
1143 1119 1363 1161 predictorum
1388 1124 1421 1151 et
1443 1121 1656 1152 munitionum
1679 1121 1878 1154 hereditario
1902 1123 1971 1154 iure

313 1169 354 1201 ad
377 1170 518 1201 illustres
542 1170 702 1212 principes
726 1170 824 1202 duces
848 1171 980 1202 Austrie
1004 1171 1217 1212 pertinentes,
1248 1170 1428 1202 reverendo
1459 1172 1491 1202 in
1515 1171 1642 1204 Christo
1669 1173 1755 1213 patri
1782 1175 1816 1204 et
1840 1172 1970 1205 domino

313 1221 468 1253 Heinrico
486 1221 670 1253 Coloniensi
686 1220 941 1263 archiepiscopo,
965 1225 1136 1263 postquam
1159 1222 1252 1253 nobis
1275 1222 1334 1253 sub
1358 1222 1464 1254 forma
1486 1223 1633 1264 predicta
1656 1225 1818 1266 assignate
1840 1224 1968 1266 fuerint,

311 1272 505 1312 faciendam,
529 1284 587 1305 nos
610 1273 669 1304 sub
692 1273 756 1304 fide
781 1277 889 1304 nostra
913 1273 1125 1315 corporaliter
1147 1284 1167 1305 a
1190 1273 1282 1304 nobis
1304 1273 1409 1305 eidem
1428 1273 1556 1305 domino
1574 1275 1819 1317 archiepiscopo
1843 1275 1884 1307 de
1906 1275 1969 1308 hoc
1987 1283 2015 1304 2⁰

311 1325 448 1366 prestita
471 1325 660 1366 interposito
685 1325 865 1356 iuramento
890 1335 932 1356 ex
955 1327 1044 1356 certa
1066 1328 1176 1356 nostra
1199 1325 1333 1356 scientia
1356 1325 1561 1366 presentibus
1581 1326 1773 1367 obligamus,
1799 1326 1915 1360 fraude
1937 1331 1972 1359 et

311 1375 386 1407 dolo
412 1376 550 1407 exclusis
580 1377 611 1407 in
641 1377 821 1417 premissis,
852 1375 958 1417 sigilla
988 1378 1098 1407 nostra
1126 1376 1158 1406 in
1186 1375 1300 1407 horum
1329 1375 1516 1408 firmitatem
1545 1377 1737 1419 ampliorem
1764 1378 1970 1419 presentibus

310 1427 426 1458 litteris
450 1431 662 1469 apponentes.

418 1479 537 1510 Actum
563 1483 596 1510 et
619 1479 729 1510 datum
753 1479 785 1510 in
808 1479 1014 1519 Bacheraco,
1043 1479 1154 1520 quinta
1178 1478 1259 1510 feria
1281 1482 1355 1520 post
1377 1479 1595 1511 inventionem
1620 1482 1730 1512 sancte
1754 1479 1882 1521 Crucis,
1905 1491 1969 1523 que

311 1533 381 1561 erat
405 1530 480 1562 VII.
505 1530 582 1562 Idus
605 1531 692 1572 Maii,
717 1541 800 1562 anno
824 1530 956 1562 Domini
980 1530 1151 1562 millesimo
1176 1531 1404 1562 trecentesimo
1429 1531 1690 1572 quartodecimo..
1976 1539 2002 1560 ns

494 1705 553 1740 28.
596 1705 885 1741 procuratorium
911 1706 959 1739 ad
985 1706 1203 1740 tractandum
1231 1717 1307 1741 cam
1341 1705 1560 1742 Woldemaro
1588 1707 1785 1742 marchione

838 1765 1180 1809 Brandenburyensi.
1286 1765 1381 1800 Mai.
1403 1768 1436 1800 9.

420 1830 580 1871 Oriyinale
603 1830 677 1872 (or.)
705 1831 740 1862 in
771 1831 873 1862 eodem
901 1830 1058 1863 tabulario
1088 1830 1107 1863 l.
1131 1841 1155 1864 e.
1185 1842 1235 1862 nr.
1252 1832 1325 1863 500.
1383 1830 1582 1863 Contulimus
1608 1841 1674 1863 nos.
1726 1831 1869 1863 Pendent
1891 1831 1969 1863 loris

309 1882 553 1914 membranaceis
567 1893 622 1913 sex
637 1882 753 1922 siyilla,
769 1892 905 1922 quorum
920 1883 986 1913 tria
1001 1883 1022 1914 i.
1036 1893 1060 1914 e.
1078 1883 1215 1919 tertium,
1232 1885 1391 1922 quartum,
1408 1882 1556 1922 quintum
1570 1883 1638 1921 sere
1653 1882 1774 1915 illaesa.
1807 1883 1968 1923 Scriptum

307 1936 352 1965 est
374 1934 479 1965 eadem
503 1944 602 1965 manu
624 1944 662 1964 ac
683 1943 784 1972 supra
806 1944 855 1964 nr.
872 1935 924 1965 26.
949 1954 990 1958 —
1015 1933 1078 1965 Ed.
1096 1933 1275 1965 Lacomblet
1298 1933 1318 1966 l.
1335 1944 1360 1965 c.
1378 1934 1450 1974 III,
1475 1935 1518 1965 97
1539 1945 1588 1966 nr.
1607 1934 1670 1965 130
1693 1945 1732 1966 ex
1754 1945 1799 1967 or.
1985 1942 2012 1963 ⁸0

416 1991 565 2028 Bahmer,
589 1990 664 2030 Req.
689 1989 802 2021 Ludw.
820 1999 855 2028 p.
871 1989 936 2020 235
959 1989 1189 2021 Reichssacken
1210 2000 1260 2022 nr.
1279 1990 1329 2021 11.

419 2063 581 2095 Universis
604 2067 772 2104 presentes
797 2063 922 2094 litteras
951 2064 1143 2104 inspecturis
1170 2074 1228 2095 nos
1251 2064 1431 2105 Liupoldus
1464 2063 1527 2095 Dei
1554 2064 1659 2105 gratia
1687 2064 1755 2095 dux
1780 2064 1911 2096 Austrie
1935 2066 1969 2096 et

308 2115 424 2156 Styrie,
449 2115 596 2146 dominus
614 2115 774 2155 Carniole,
798 2114 944 2146 Marchie
961 2125 998 2146 ao
1013 2115 1255 2155 Portusnaonis,
1281 2126 1390 2147 comes
1412 2116 1444 2147 in
1461 2115 1616 2157 Haspurg
1639 2118 1672 2147 et
1688 2114 1824 2157 Kyburg
1841 2125 1968 2147 necnon

307 2167 504 2209 lantgravius
531 2167 705 2208 superioris
728 2167 859 2198 Alsacie
887 2167 1049 2207 generalis
1080 2170 1192 2198 notum
1221 2167 1372 2207 facimus,
1403 2167 1490 2208 quod
1512 2167 1753 2199 venerabilibus
1781 2167 1814 2198 in
1837 2167 1967 2199 Christo

307 2219 451 2260 patribus
486 2219 616 2249 domino
649 2218 804 2249 Heinrico
834 2218 1020 2250 Coloniensi
1055 2219 1299 2260 archiepiscopo
1335 2222 1369 2250 et
1402 2218 1534 2250 domino
1569 2218 1707 2250 Iohanni
1736 2218 1968 2260 Argentinensi
1986 2230 2012 2251 ss

307 2271 459 2312 episcopo
485 2270 599 2301 damus
622 2273 819 2311 potestatem
842 2269 1001 2301 tractandi
1026 2273 1060 2301 et
1083 2269 1252 2301 ordinandi
1279 2280 1351 2301 cum
1379 2270 1493 2301 illustri
1516 2271 1660 2311 principe
1684 2269 1814 2301 domino
1830 2269 1967 2301 Wolde-

307 2333 395 2354 maro
419 2322 605 2353 marchione
622 2321 957 2363 Brandenburg(ensi)
981 2321 1022 2352 de
1046 2321 1118 2362 hiis,
1143 2332 1204 2363 que
1228 2332 1248 2353 a
1271 2332 1348 2364 rege
1366 2321 1614 2361 Rom(anorum)
1638 2332 1722 2353 nunc
1745 2321 1885 2353 creando
1908 2331 1968 2363 pro

307 2374 472 2415 expensis,
511 2373 726 2413 libertatibus,
764 2373 886 2404 iuribus
925 2374 1121 2415 principatus
1155 2375 1204 2405 sui
1239 2377 1271 2405 et
1305 2373 1375 2405 aliis
1407 2374 1663 2415 quibuscumque
1697 2373 1759 2404 sibi
1792 2373 1969 2405 secundum

305 2424 484 2456 honestatis
508 2435 563 2456 sue
588 2427 706 2455 statum
730 2424 848 2456 fuerint
870 2425 1030 2457 facienda.
1067 2425 1303 2456 Promittentes
1326 2425 1390 2456 fide
1414 2428 1524 2456 nostra
1546 2425 1682 2466 prestita
1705 2424 1864 2466 corporali
1880 2424 1969 2466 apud

305 2477 462 2508 illustrem
492 2477 670 2518 principem
699 2476 926 2516 Frid(ericum)
958 2477 1073 2508 ducem
1102 2477 1232 2508 Austrie
1266 2477 1398 2508 fratrem
1434 2480 1592 2516 nostrum,
1627 2477 1654 2508 si
1684 2486 1759 2508 eum
1789 2477 1822 2507 in
1854 2485 1968 2518 regem
1986 2488 2016 2509 ω

305 2527 553 2569 Rom(anorum)
588 2529 664 2570 eligi
699 2532 731 2559 et
765 2530 911 2560 coronari
945 2530 1125 2570 contingat,
1162 2529 1292 2561 efficere
1327 2532 1361 2560 et
1390 2539 1563 2570 procurare
1594 2528 1682 2571 quod
1713 2527 1860 2570 quitquid
1889 2527 1969 2560 dicti

305 2580 566 2620 archiepiscopus
590 2583 623 2611 et
639 2581 810 2621 episcopus
827 2581 911 2612 circa
927 2582 1084 2622 premissa
1103 2581 1330 2621 ordinaverint,
1354 2584 1425 2612 rata
1441 2580 1575 2612 habebit
1591 2583 1688 2622 atque
1705 2584 1798 2621 grata
1815 2579 1967 2621 quodque

305 2631 388 2662 infra
417 2630 611 2672 quindenam
640 2635 713 2672 post
740 2632 986 2664 coronacionem
1014 2643 1104 2664 suam
1130 2632 1220 2664 dabit
1243 2643 1316 2663 suas
1340 2632 1465 2663 litteras
1488 2642 1584 2673 super
1607 2642 1657 2663 eo.
1745 2631 1782 2662 In
1807 2632 1898 2662 cuius
1919 2631 1968 2662 rei

306 2682 524 2713 testimonium
561 2682 701 2723 sigillum
739 2687 882 2714 nostrum
921 2695 985 2715 una
1023 2695 1094 2715 cum
1133 2684 1246 2725 sigillis
1279 2684 1474 2716 venerabilis
1515 2683 1616 2725 patris
1654 2683 1777 2714 domini
1813 2683 1967 2714 Iohannis

305 2733 577 2775 Argent(inensis)
602 2735 754 2775 episcopi,
778 2725 880 2767 lerici
902 2735 1136 2776 Phirretarum,
1161 2736 1289 2767 Ottonis
1313 2735 1354 2767 de
1375 2734 1555 2777 Strasberg,
1578 2734 1737 2775 Rfid(olfi)
1761 2734 1802 2766 de
1818 2734 1965 2776 Nydowe
1983 2747 2012 2768 4⁵

305 2785 458 2816 comitum
475 2795 513 2816 ac
530 2784 699 2828 Otto[nis]¹²
716 2785 756 2817 de
774 2786 978 2828 Ohsenstein,
996 2788 1050 2829 qui
1066 2788 1229 2829 premissis
1245 2787 1469 2827 interfuerunt,
1487 2786 1692 2828 presentibus
1708 2789 1758 2817 est
1773 2796 1964 2827 appensum.

409 2853 455 2879 28.
484 2853 507 2887 ¹²)
526 2855 586 2879 Otto
605 2863 643 2880 or.
