2124 3132
613 182 832 210 rueramus
851 182 899 210 na
918 181 1135 210 ansericus.
1172 183 1248 211 1314.
1284 183 1388 211 snm.
1787 192 1827 221 25,

280 269 444 302 Universis
476 272 644 311 presentes
672 268 796 301 litteras
825 268 1015 310 inspecturis
1042 279 1099 300 nos
1125 269 1293 311 Lupoldus
1319 269 1382 302 Dei
1413 272 1517 312 gratia
1546 272 1611 304 dux
1634 274 1764 306 Austrie
1793 282 1825 306 et

170 320 291 364 Styx-ie,
315 321 462 353 dominus
492 319 656 362 Carniole,
687 319 833 352 Marchie
867 329 906 351 ac
934 318 1181 361 Portusnaonis‚
1213 331 1322 352 comes
1356 321 1397 353 de
1427 322 1602 363 Habsburg
1631 327 1664 355 et
1691 324 1827 367 Kyburg

170 382 296 405 necnon
325 371 523 414 lantgravius
552 371 726 412 superioris
749 370 879 403 Alsacie
908 375 1018 403 notum
1045 371 1194 412 facimus,
1225 372 1312 414 quod
1341 383 1412 405 cum
1440 374 1615 406 venerabili
1643 376 1674 406 in
1701 375 1827 408 Christo

171 426 265 466 patre
293 423 422 456 domino
445 422 599 455 Heinrico
621 421 825 454 Coloniensis
853 422 989 454 ecclesie
1013 422 1256 465 archiepiscopo
1279 434 1337 465 pro
1359 424 1473 456 illustri
1497 426 1640 468 principe
1663 426 1827 459 Friderico

137 482 151 502 ⁶
171 475 253 508 duce
276 474 408 507 Austris
432 473 531 506 fratre
554 475 664 505 nostro
688 473 728 505 de
752 473 964 516 infrascriptis
986 473 1248 506 concordavimus
1271 475 1303 507 in
1326 475 1410 507 hunc
1434 475 1577 508 modum:

281 528 308 558 1.
343 525 507 558 Videlicet
534 524 621 567 quod
648 525 854 567 promisimus
885 527 918 556 et
945 525 1161 566 promittimus
1189 536 1247 567 per
1273 529 1439 568 presentes
1465 528 1590 560 ratione
1614 539 1826 570 expensarum

151 578 203 610 -in
230 577 389 610 electione
418 576 519 608 futuri
541 575 761 608 Romanorum
791 576 892 618 regis,
922 586 1023 618 regno
1045 576 1264 609 Romanorum
1293 578 1334 610 ad
1362 589 1494 620 presens
1517 590 1559 611 ex
1581 584 1685 612 morte
1708 580 1827 612 domini

169 628 315 662 Heinrici
343 627 563 661 Romanorum
600 627 806 669 imperatoris
836 630 987 666 vacante,
1021 628 1053 659 in
1087 638 1225 670 persona
1260 628 1336 661 dieti
1366 630 1473 662 fratris
1503 632 1601 662 nostri
1633 631 1830 663 concedente

168 679 309 712 Domino
337 690 396 722 per
422 680 528 722 ipsum
556 678 835 721 archiepiscopum
868 678 1017 710 facienda
1047 678 1124 711 dare
1155 682 1189 711 et
1218 680 1401 722 persolvere
1434 682 1493 723 ipsi
1523 682 1765 724 archiepiscopo
1799 688 1832 714 ct

127 738 153 759 ιο
170 731 307 764 ecclesie
333 741 390 764 sue
420 729 636 773 quadraginta
659 730 748 762 milia
770 740 951 762 marcarum
974 731 1100 772 argenti
1124 732 1194 772 puri
1217 735 1251 763 et
1273 733 1448 764 examinati
1471 735 1538 765 veri
1562 734 1712 776 ponderis
1734 734 1830 766 Colo-

168 783 288 816 niensis
323 786 356 815 et
388 781 453 814 duo
489 781 578 814 milia
613 792 672 824 pro
707 781 895 813 consiliariis
929 782 1002 814 suis.
1057 781 1199 818 Quarum
1228 782 1341 815 decem
1376 784 1407 815 in
1440 784 1522 816 festo
1558 784 1643 817 beati
1670 785 1759 817 Petri
1786 786 1829 817 ad
1845 792 1929 815 Aue-1-

168 833 307 867 Vincula
335 834 483 876 proxime
513 835 648 865 venturo
679 843 738 875 pro
765 833 836 874 ipso
864 832 1107 875 archiepiscopo
1137 837 1170 865 et
1198 834 1286 865 mille
1314 845 1372 876 pro
1401 835 1589 867 consiliariis
1617 840 1651 867 et
1677 837 1828 878 tringinta

168 885 258 918 milia
285 884 415 917 residua
442 884 476 916 in
502 883 587 916 festo
616 883 793 915 nativitatis
821 882 919 915 beate
942 882 1044 915 Marie
1068 884 1199 925 virginis
1227 888 1345 917 extunc
1375 887 1522 927 proximo
1551 887 1767 930 subsequente
1797 893 1829 918 ct
1844 897 1933 921 serus

169 936 317 969 similiter
345 935 434 968 mille
465 946 524 983 pro
549 958 557 969 ,
575 959 582 967 .
607 934 807 967 consiliariis.
853 933 1040 966 Predictum
1064 938 1231 977 argentum
1261 936 1292 967 in
1323 941 1461 969 castrum
1484 938 1670 970 Crucenach
1697 938 1830 970 Iohanni

128 995 153 1015 ¹⁸
170 988 290 1021 comiti·
305 986 552 1030 desspanheim
583 987 722 1019 attinens
749 986 866 1018 nostris
893 986 1043 1028 periculis
1066 989 1099 1017 et
1122 988 1272 1029 expensis
1295 989 1511 1030 presentando
1534 989 1680 1021 dabimus
1703 993 1735 1021 et
1759 1001 1830 1031 per-

169 1039 332 1072 solvemus
349 1064 356 1072 .
375 1062 383 1070 .
399 1039 524 1071 nunciis
546 1038 648 1080 ipsius
670 1037 906 1079 archiepiscopi
921 1036 1042 1069 ibidem
1058 1036 1177 1069 dictum
1194 1044 1363 1080 argentum
1379 1040 1616 1082 recipientibus,
1639 1041 1832 1073 habentibus

167 1090 211 1123 ad
233 1091 296 1124 hoc
318 1090 360 1123 ab
385 1089 500 1123 eodem
525 1089 714 1122 mandatum
738 1088 890 1130 speciale.

276 1145 306 1175 2.
341 1142 376 1175 Si
398 1152 476 1174 ver-0
503 1142 535 1174 in
562 1141 709 1184 predicto
737 1140 821 1172 festo
849 1140 1026 1172 nativitatis
1053 1139 1148 1172 beate
1172 1141 1274 1173 Max-ie
1298 1142 1429 1183 virginis
1456 1142 1497 1174 de
1523 1154 1647 1175 summa
1670 1143 1825 1175 dictorum
1843 1155 1933 1180 septa.

168 1195 302 1238 triginta
323 1194 447 1227 milium
470 1203 651 1226 marcarum
674 1196 750 1224 tunc
772 1195 810 1223 ut
831 1191 1007 1234 predicitur
1030 1192 1255 1225 solvendarum
1278 1193 1455 1225 deficerent
1470 1194 1577 1227 forsan
1597 1195 1710 1227 decem
1729 1195 1827 1235 milis,

125 1250 152 1272 ¹⁰
170 1246 212 1279 de
235 1245 350 1289 quibus
373 1256 436 1278 non
461 1244 722 1277 satisfaceremus
745 1243 801 1275 illa
818 1244 900 1280 vice,
923 1243 964 1275 de
987 1243 1050 1275 illis
1072 1244 1216 1282 inducias
1241 1243 1430 1276 habebimus
1452 1256 1553 1287 usque
1569 1246 1610 1278 ad
1626 1246 1826 1278 Dominicam

168 1298 306 1341 primam
337 1297 585 1340 quadragesime
613 1306 678 1338 qua
712 1298 860 1327 cantatur
882 1295 1049 1327 Invocavit
1075 1306 1128 1327 me
1157 1299 1231 1338 post
1257 1297 1359 1337 ipsum
1389 1296 1504 1328 festum
1532 1298 1706 1329 nativitatis
1732 1297 1827 1329 beate
1840 1292 1943 1337 *23⁴5*

167 1350 299 1392 virginis
327 1349 473 1391 proxime
505 1351 580 1380 tunc
608 1351 809 1390 sequentem.
857 1345 909 1378 Sic
937 1346 1025 1388 quod
1053 1347 1178 1388 precise
1206 1350 1239 1379 et
1265 1347 1388 1389 absque
1418 1347 1546 1380 defectu
1570 1348 1675 1380 saltim
1699 1349 1827 1390 triginta

167 1401 258 1434 milia
280 1410 461 1433 marcarum
484 1403 552 1431 tam
577 1410 636 1441 pro
660 1399 764 1441 primo
789 1408 885 1440 quam
911 1398 1052 1430 secundo
1076 1399 1213 1430 termino
1235 1399 1403 1430 solutionis
1425 1401 1548 1441 argenti
1573 1400 1689 1442 prefati
1706 1406 1739 1431 ut
1755 1411 1827 1442 pre-

169 1452 285 1486 dicitur
315 1451 542 1484 solvendarum
577 1451 639 1493 ipsi
674 1450 920 1492 archiepiscopo
954 1454 1029 1482 ante
1064 1450 1255 1482 electionem
1287 1450 1328 1482 de
1361 1451 1468 1482 futuro
1502 1462 1578 1493 rege
1610 1451 1826 1483 Romanorum

125 1507 150 1528 ⁸⁸
170 1503 397 1537 celebrandam
421 1502 565 1535 satisfiat.

157 1549 160 1552 ⁴
279 1558 307 1589 3.
341 1555 384 1588 Et
406 1558 442 1587 ut
465 1554 505 1587 de
521 1554 582 1586 hiis
599 1564 731 1586 securus
749 1554 878 1591 existat,
901 1553 1106 1594 promisimus
1122 1555 1154 1584 et
1170 1554 1384 1595 promittimus
1400 1554 1506 1586 eidem
1523 1554 1643 1585 dictum
1659 1558 1826 1595 argentum

168 1608 314 1642 terminis
337 1607 523 1650 persolvere
547 1605 718 1638 antedictis
742 1605 800 1636 sub
817 1605 996 1636 iuramento
1013 1607 1120 1635 nostro
1137 1614 1156 1635 a
1172 1604 1263 1636 nobis
1279 1615 1377 1647 super
1392 1605 1452 1637 hoc
1468 1605 1678 1647 corporaliter
1693 1607 1826 1647 prestito

168 1660 263 1692 tactis
285 1669 345 1702 per
366 1670 425 1691 nos
447 1658 565 1691 sanctis
589 1657 786 1699 ewangeliis,
810 1657 865 1696 sic,
889 1656 974 1698 quod
995 1656 1069 1687 siin
1086 1656 1146 1687 hoc
1163 1656 1363 1698 negligentes
1379 1667 1532 1697 essemus,
1556 1657 1687 1698 periurii
1703 1662 1825 1688 reatum

170 1710 258 1754 quod
280 1710 365 1743 absit
386 1711 630 1742 incurreremus.

125 1769 152 1790 ⁸⁰
278 1765 308 1795 4.
342 1761 385 1794 Et
407 1761 449 1793 ad
473 1760 662 1803 ampliorem
678 1760 793 1792 horum
815 1759 1020 1791 securitatem
1038 1759 1232 1791 venerabilis
1249 1758 1396 1790 dominus
1411 1758 1571 1790 Iohannes
1586 1759 1828 1799 Argentinensis

170 1815 356 1857 episcopus,
397 1803 526 1845 filricus
555 1812 777 1854 Ferretarum,
813 1811 891 1843 Otto
920 1810 960 1842 de
984 1810 1169 1852 Strazberg,
1204 1808 1364 1842 Rddolfus
1391 1809 1431 1841 de
1458 1810 1604 1851 Nydowe
1633 1811 1766 1841 comites
1795 1814 1826 1841 et

168 1865 248 1898 Otto
282 1865 430 1898 dominus
457 1864 498 1897 de
523 1863 748 1905 Ohssenstein,
779 1863 832 1906 qui
863 1862 1051 1894 tractatibus
1079 1862 1194 1893 nostris
1224 1861 1264 1893 de
1292 1861 1444 1903 predictis
1471 1862 1553 1893 inter
1579 1861 1699 1893 dictum
1722 1861 1826 1893 archi—

169 1918 357 1960 episcopum
388 1919 421 1948 et
447 1927 506 1948 nos
533 1915 655 1948 habitis
680 1916 744 1947 una
771 1915 937 1946 nobiscum
965 1913 1191 1953 interfuerunt,
1222 1913 1264 1944 ad
1293 1923 1406 1954 preces
1428 1916 1552 1944 nostras
1576 1913 1730 1945 instantes
1753 1924 1826 1955 pro·

169 1969 326 2002 miserunt
347 1969 408 2011 ipsi
431 1967 692 2010 archiepiscopo,
721 1966 806 2009 quod
830 1966 915 1997 bona
938 1965 1001 1997 fide
1025 1964 1066 1996 ad
1090 1965 1150 1996 hoc
1173 1964 1379 2004 laborabunt,
1405 1967 1440 1995 ut
1463 1964 1588 2005 prefata
1610 1965 1745 2006 pecunia
1769 1975 1827 2006 per

126 2026 152 2047 ⁸⁸
170 2031 228 2053 nos
251 2023 285 2052 et
307 2019 441 2052 fratrem
463 2022 607 2051 nostrum
632 2018 833 2050 Fridericum
857 2017 971 2048 ducem
991 2017 1121 2048 Austris
1145 2015 1325 2058 predictum
1348 2016 1408 2056 ipsi
1432 2014 1561 2047 domino
1583 2015 1825 2057 archiepiscopo

167 2072 200 2104 in
222 2071 415 2114 supradictis
437 2070 509 2103 loco
533 2074 567 2103 et
590 2070 734 2102 terminis
756 2068 966 2111 persolvatur.

276 2125 306 2155 5.
339 2122 383 2155 Et
412 2123 439 2154 si
467 2121 554 2164 quod
582 2121 667 2154 absit
693 2122 726 2152 in
755 2121 863 2162 aliquo
892 2120 1033 2161 ipsorum
1057 2119 1265 2150 terminorum
1289 2118 1442 2149 videlicet
1464 2117 1538 2149 festi
1561 2117 1648 2149 beati
1672 2117 1759 2149 Petri
1783 2117 1824 2149 ad
1841 2126 1895 2149 Aur.
1908 2128 1926 2146 ι.

167 2174 306 2207 Vincula
344 2177 378 2207 et
415 2174 591 2206 nativitatis
625 2173 723 2205 beate
754 2172 897 2213 Virginis
930 2171 1146 2202 inveniremur
1178 2170 1393 2211 negligentes,
1431 2171 1648 2210 transgressor
1684 2168 1759 2200 fidei
1793 2175 1826 2199 et
1840 2176 1931 2202 sopra.

167 2226 339 2258 iuramenti
361 2226 463 2258 nostri
486 2235 640 2266 essemus,
664 2227 698 2256 et
720 2225 894 2265 argentum
918 2221 1032 2264 siquod
1056 2232 1114 2263 pro
1138 2221 1247 2262 aliquo
1263 2222 1470 2253 terminorum
1486 2220 1672 2252 eorumdem
1689 2220 1825 2251 solutum

123 2285 153 2306 ⁴⁰
170 2280 266 2319 esset,
293 2277 429 2310 deberet
451 2277 521 2309 fore
545 2277 731 2309 ammissum
755 2275 822 2306 sive
847 2275 969 2316 quitum
994 2276 1027 2305 et
1050 2274 1118 2315 ipse
1141 2272 1402 2314 archiepiscopus
1425 2271 1466 2303 de
1490 2272 1646 2313 promisso
1669 2270 1762 2302 nobis
1785 2271 1824 2302 de

169 2328 320 2371 eligendo
343 2328 463 2360 dictum
488 2328 621 2360 fratrem
644 2330 788 2359 nostrum
813 2325 898 2357 facto
922 2335 961 2356 eo
985 2325 1055 2366 ipso
1078 2322 1251 2355 absolutus.

276 2382 306 2412 6.
341 2379 384 2412 Et
398 2379 624 2412 nichilominus
640 2378 718 2411 dicti
735 2403 741 2410 .
757 2403 763 2410 .
787 2376 1032 2419 Argentinensis
1047 2375 1227 2417 episcopus,
1250 2364 1388 2414 ⁷sili-icus,
1408 2373 1496 2413 otto,
1520 2373 1677 2405 Rddolfus
1693 2374 1825 2404 comites

167 2434 202 2464 et
225 2431 301 2464 Otto
324 2431 472 2464 dominus
496 2430 537 2463 de
561 2430 772 2462 Ohssenstein
796 2429 1013 2471 promiserunt
1036 2430 1154 2460 extunc
1178 2426 1263 2458 dicto
1287 2426 1416 2458 domino
1440 2425 1692 2467 archiepiscopo,
1720 2424 1824 2455 eundo

168 2493 278 2516 secum
301 2483 343 2515 ad
365 2483 470 2515 locum
496 2482 663 2515 electionis
685 2481 905 2513 Romanorum
929 2480 1014 2521 regis
1037 2478 1153 2510 armati
1177 2481 1244 2509 toto
1268 2487 1362 2519 posse
1386 2487 1459 2515 suo,
1486 2486 1559 2508 cum
1582 2476 1708 2514 castris,
1731 2476 1824 2507 terris

121 2542 150 2564 *ὓ
169 2537 203 2567 et
225 2534 454 2567 munitionibus
477 2535 542 2566 suis
565 2534 715 2565 assistere
738 2535 889 2574 potenter
912 2534 945 2562 et
967 2533 1126 2572 patenter,
1150 2539 1209 2560 nec
1232 2529 1263 2560 in
1286 2528 1348 2560 hoc
1370 2539 1428 2560 nos
1451 2531 1508 2559 aut
1528 2527 1643 2559 fratres
1658 2528 1756 2558 nostri
1773 2527 1822 2557 vel

167 2585 284 2628 aliquis
306 2595 348 2618 ex
371 2588 464 2628 parte
487 2588 598 2617 nostra
621 2595 678 2616 eos
700 2583 858 2625 impediet
881 2582 931 2614 vel
955 2581 1105 2623 impediri
1129 2579 1313 2622 procurabit
1336 2580 1458 2611 directe
1481 2579 1532 2610 vel
1556 2578 1720 2610 indirecte.
1756 2577 1822 2609 Nos

167 2637 268 2670 etiam
291 2640 324 2670 et
347 2636 452 2669 dictus
467 2636 650 2668 Fridericus
674 2635 774 2668 frater
796 2638 905 2666 noster
927 2633 987 2674 ipsi
1011 2632 1264 2673 archiepiscopo,
1286 2632 1313 2662 si
1336 2634 1410 2663 tunc
1427 2634 1535 2662 votum
1558 2640 1648 2661 suum
1672 2630 1703 2660 in
1726 2629 1820 2660 aliam

167 2698 339 2731 personam
362 2689 395 2720 in
417 2687 533 2720 eadem
557 2687 714 2720 electione
738 2686 903 2725 direxerit,
926 2684 1048 2716 nullum
1072 2694 1130 2725 per
1151 2693 1209 2715 nos
1232 2685 1287 2715 aut
1310 2693 1368 2724 per
1390 2682 1470 2713 alios
1486 2681 1618 2713 consilio
1635 2681 1684 2712 vel
1702 2680 1821 2711 auxilio

168 2739 384 2782 prestabimus
406 2739 673 2782 impedimentum
697 2748 756 2770 nec
779 2748 837 2769 nos
860 2736 920 2767 sibi
944 2737 975 2767 in
992 2736 1052 2767 hac
1070 2738 1162 2776 parte
1182 2735 1213 2765 in
1229 2734 1336 2775 aliquo
1353 2743 1562 2775 opponemus.
1600 2732 1707 2763 Debet
1724 2733 1820 2763 etiam

120 2798 150 2819 ⁸⁰
168 2791 272 2824 dictus
299 2791 560 2834 archiepiscopus
587 2790 673 2833 apud
700 2800 811 2832 regem
841 2787 1014 2820 creandum
1044 2787 1174 2818 efficere
1199 2790 1231 2818 et
1254 2795 1425 2827 procurare
1450 2783 1533 2815 bona
1561 2783 1639 2821 fide,
1667 2788 1701 2814 ut
1728 2782 1820 2814 dictis
