2184 3126
166 726 193 747 ²0

163 1173 193 1194 -15

163 2517 192 2536 §o

447 161 546 190 Ac'rA
564 160 678 189 REGNI
697 159 880 189 LUDEWICI
899 159 946 188 IV.
965 159 1012 187 ΕΤ
1030 158 1217 187 FRIDERICI
1236 159 1286 187 111.
1323 159 1398 187 1323.
1435 159 1483 186 Nr.
1500 159 1558 187 741.
1578 159 1636 187 742.
1805 161 1866 193 581

321 249 350 281 8.
384 247 427 280 Et
455 248 487 280 in
516 248 744 290 premissorum
769 247 911 279 omnium
934 246 1153 280 testimonium
1185 248 1219 278 et
1246 246 1377 288 plenam
1407 245 1531 278 roboris
1558 246 1742 279 firmitatem
1774 257 1869 289 sepe-

212 300 317 332 dictus
346 299 494 332 dominus
521 301 632 331 noster
666 308 725 331 rex
752 299 909 341 premissa
942 299 974 330 in
1003 299 1118 331 litteris
1153 298 1218 331 suis
1251 297 1345 330 nobis
1378 297 1483 330 datis²
1513 298 1670 330 conscribi
1701 301 1735 329 et
1763 298 1869 340 sigillo

211 351 390 383 maiestatis
417 360 474 382 sue
503 351 593 392 regie
624 360 683 392 pro
714 359 750 382 se
777 359 816 382 ac
838 351 908 392 ipso
931 349 1118 382 marchione
1141 349 1247 392 sigillo
1270 352 1401 381 carente
1424 359 1462 381 ac
1485 359 1520 381 se
1543 349 1603 381 sub
1626 349 1725 391 ipsius
1749 349 1869 381 domini

211 403 298 446 regis
320 402 426 445 sigillo
444 401 610 444 obligante
633 402 711 434 fecit
726 401 926 442 communiri,
950 400 1106 443 pollicens
1127 402 1159 433 in
1176 401 1270 433 dictis
1284 401 1350 433 suis
1364 401 1490 442 litteris,
1513 400 1601 443 quod
1618 411 1714 443 quam
1730 402 1867 443 primum

212 453 317 486 dictus
340 453 483 486 marchio
507 453 741 495 primogenitus
763 463 839 485 suus
861 452 1002 495 sigillum
1025 463 1084 495 pro
1107 452 1331 485 marchionatu
1353 452 1504 485 habuerit
1534 456 1567 485 ct
1595 463 1635 485 eo
1663 463 1738 485 usus
1761 452 1868 493 fuerit,

212 505 272 538 sub
295 505 412 538 eodem
435 504 541 547 sigillo
564 504 722 547 premissa
745 505 853 537 omnia
876 503 1063 548 [debeant]‘¹
1086 504 1238 537 ratificari
1261 508 1294 537 et
1317 504 1444 547 singula
1467 504 1659 538 confirmari.

318 556 358 588 In
380 556 580 589 evidenciam
603 558 637 587 et
659 556 848 588 memoriam
872 556 1002 598 plenam
1025 556 1168 588 omnium
1191 556 1442 598 prescriptorum
1465 555 1605 598 sigillum
1629 559 1770 588 nostrum
1794 565 1868 597 pre-

212 607 357 640 sentibus
378 606 528 640 duximus
551 606 791 649 apponendum.

318 667 440 699 Datum
463 669 496 699 et
519 670 627 699 actum
650 667 737 709 apud
760 667 1012 710 Nurenberghe,
1035 677 1118 699 anno
1142 666 1274 699 Domini
1296 666 1413 700 MCOC
1437 667 1590 700 vicesimo
1613 667 1728 708 tercio,
1753 670 1868 710 quarto

210 717 321 750 Nonas
343 717 431 751 Maii.

424 891 498 928 742.
532 890 896 930 PRAECEPTUM
918 892 1358 931 AMBASIATORUM
1379 892 1651 931 LUDEWICI

678 947 749 984 DE
773 948 1005 987 AUXILIO
1029 947 1403 986 PRAESTANDO.

896 1016 1006 1054 1323.
1044 1016 1128 1054 Mai.
1149 1017 1185 1054 5.

323 1115 486 1158 originale
509 1115 584 1159 (or.)
613 1116 649 1148 in
670 1115 832 1149 tabulario
855 1115 1008 1149 Vaticano
1031 1116 1262 1149 ‘Instrumenta
1283 1115 1483 1149 miscellanea
1506 1116 1615 1148 1323’.
1659 1115 1775 1149 Denuo
1797 1126 1869 1149 con-

211 1167 343 1201 tulimus
372 1178 439 1200 nos.
492 1167 537 1200 In
563 1178 650 1200 verso
679 1167 828 1208 leguntur
849 1178 950 1200 manu
979 1178 1093 1200 coaeva
1119 1169 1256 1209 scripta:
1290 1168 1432 1200 Instruffi
1461 1167 1502 1200 de
1525 1167 1668 1200 iniuncto
1694 1167 1781 1200 facto
1809 1178 1869 1210 per

210 1219 440 1252 ambaxatores
462 1218 546 1252 Lud.
572 1219 660 1262 regis
682 1218 904 1251 Romanorum
928 1218 1008 1251 Cani
1032 1219 1073 1251 de
1097 1218 1201 1262 Scala,
1225 1219 1312 1262 quod
1334 1220 1461 1252 iuvaret
1482 1218 1701 1252 Mediolanefi.
1725 1239 1768 1244 -
1794 1220 1867 1252 Iam

209 1271 367 1304 edidimus
391 1270 506 1304 ‘Neues
529 1271 664 1303 Archiv'
686 1270 796 1310 XXV,
821 1273 884 1303 737
905 1282 956 1303 nr.
972 1273 993 1302 8
1015 1282 1054 1303 ea:
1077 1282 1122 1303 or.

317 1330 465 1370 Bo'hmer,
487 1330 564 1372 Ray.
579 1330 692 1364 Ludw.
709 1341 746 1371 p.
764 1331 828 1362 309
850 1330 1082 1363 Reichssachen
1103 1341 1154 1363 nr.
1172 1331 1236 1363 350
1259 1331 1385 1371 (Addit.
1402 1331 1425 1363 I
1418 1332 1447 1372 ).

321 1390 371 1430 Cf.
395 1394 468 1423 acta
489 1391 583 1423 varia
604 1390 696 1431 infra
717 1401 767 1423 nr.
785 1391 975 1423 752—756.

317 1477 356 1509 In
378 1477 507 1510 nomine
530 1477 661 1510 Domini
684 1487 790 1510 amen.

317 1528 531 1571 Congregatis
554 1529 792 1561 venerabilibus
820 1529 853 1560 in
876 1529 1003 1562 Christo
1032 1529 1178 1571 patribus
1206 1528 1344 1561 dominis
1371 1528 1470 1561 fratre
1493 1527 1613 1560 Iacobo
1636 1527 1812 1560 Mantuano
1836 1532 1870 1561 et

208 1579 358 1613 Guidone
382 1580 557 1613 Mutinensi
580 1581 740 1623 episcopis
768 1583 803 1612 et
824 1580 1002 1613 venerabili
1033 1581 1101 1612 viro
1132 1580 1261 1612 domino
1285 1579 1450 1622 Stephano
1473 1579 1640 1622 Hugoneti
1663 1579 1868 1612 decretorum

208 1631 342 1664 doctore
360 1632 480 1664 domini
496 1642 582 1675 pape
598 1633 768 1675 capellano
793 1635 827 1664 et
849 1633 918 1664 eius
941 1633 1023 1664 sacri
1045 1632 1159 1674 palatii
1182 1642 1350 1664 causarum
1366 1631 1514 1663 auditore
1530 1631 1683 1673 curiaque
1699 1631 1868 1664 reverendi

207 1684 240 1716 in
269 1683 398 1716 Christo
429 1684 530 1726 patris
560 1686 594 1716 et
623 1684 745 1716 domini
779 1684 879 1716 nostri
907 1683 1028 1725 domini
1055 1683 1228 1715 Bertrandi
1250 1683 1314 1715 Dei
1341 1683 1447 1725 gratia
1474 1682 1557 1714 tituli
1585 1682 1694 1714 Sancti
1721 1682 1868 1715 Marcelli

210 1734 381 1776 presbiteri
404 1735 575 1768 cardinalis
598 1735 775 1778 apostolice
804 1735 891 1767 sedis
920 1735 1021 1777 legati
1045 1735 1238 1767 cancellario
1262 1745 1301 1767 ac
1323 1734 1425 1766 nobili
1447 1734 1550 1766 milite
1573 1733 1703 1766 domino
1719 1734 1868 1766 Vervisio

209 1785 251 1819 de
274 1787 409 1819 Land0²
431 1797 490 1829 pro
514 1790 626 1820 sancta
647 1787 798 1819 Romana
821 1787 959 1819 ecclesia
990 1790 1116 1818 rectore
1139 1787 1278 1818 civitatis
1300 1786 1473 1819 Placencie
1497 1788 1531 1817 et
1553 1785 1713 1817 districtus
1736 1790 1770 1818 et
1792 1786 1867 1818 reli-

209 1839 300 1881 gioso
323 1838 392 1871 viro
409 1838 508 1871 fratre
524 1838 735 1871 Benevenuto
758 1839 865 1881 priore
882 1838 991 1870 Sancti
1007 1838 1132 1870 Marchi
1147 1838 1322 1880 Asten(sis)
1345 1837 1466 1870 ordinis
1482 1836 1719 1869 Cruciferorum
1743 1847 1866 1869 necnon

207 1889 368 1922 nobilibus
391 1893 426 1922 et
447 1890 625 1933 magnificis
647 1891 724 1922 viris
747 1889 885 1922 dominis
909 1889 998 1922 Cane
1021 1889 1146 1921 Grandi
1169 1889 1210 1921 de
1235 1889 1330 1921 Scala
1354 1892 1387 1921 et
1408 1888 1582 1920 Passarino
1605 1888 1646 1920 de
1668 1888 1803 1921 Mantua
1825 1889 1866 1921 ad

209 1941 411 1974 tractandum
434 1951 532 1983 super
561 1941 749 1974 reductione
776 1942 918 1984 ipsorum
943 1941 1144 1973 dominorum
1168 1941 1265 1973 Canis
1294 1943 1328 1972 et
1349 1941 1511 1972 Passarini
1539 1940 1582 1972 ad
1605 1939 1812 1973 devotionem
1835 1946 1868 1973 et

209 1992 433 2026 obedienciam
456 1996 566 2026 sancte
582 1993 729 2026 Romane
753 1994 891 2026 ecclesie
915 1996 949 2026 et
971 1993 1172 2025 relaxatione
1196 1992 1428 2024 sententiarum
1451 1995 1485 2024 et
1506 1991 1734 2033 processuum⁸
1757 1996 1868 2025 contra

207 2044 296 2086 ipsos
319 2047 352 2076 et
373 2047 477 2076 terras
500 2055 581 2087 quas
596 2049 713 2087 regunt
729 2045 868 2077 latarum
884 2048 918 2077 et
932 2044 1115 2076 habitorum
1139 2054 1197 2086 per
1213 2043 1378 2075 dominum
1398 2046 1542 2075 nostrum
1564 2053 1695 2085 papam,
1719 2053 1758 2075 ca
1774 2054 1866 2076 occa·

207 2096 298 2128 sione
321 2096 397 2138 quia
418 2096 449 2127 in
474 2095 667 2138 quibusdam
683 2096 866 2129 civitatibus
890 2099 923 2128 et
946 2097 1039 2128 terris
1063 2096 1134 2127 aliis
1158 2093 1285 2137 imperii
1309 2106 1343 2127 se
1367 2095 1503 2127 vicarios
1518 2095 1645 2136 imperii
1660 2094 1869 2127 nominabant

208 2150 242 2179 et
263 2147 440 2189 nominant,
464 2148 736 2189 iurisdiccionem,
760 2148 937 2180 dominium
962 2158 1020 2179 seu
1035 2150 1232 2190 potestatem
1256 2147 1288 2178 in
1311 2146 1435 2179 eisdem
1458 2146 1640 2179 civitatibus
1663 2150 1697 2178 et
1719 2147 1812 2179 terris
1835 2150 1870 2178 ut

208 2198 318 2231 vicarii
330 2200 430 2242 ipsius
445 2200 573 2242 imperii
585 2200 770 2232 exercendo
784 2200 908 2242 absque
924 2199 1059 2231 licencia
1072 2199 1193 2231 domini
1209 2199 1309 2231 nostri
1325 2208 1410 2240 pape
1427 2201 1461 2230 et
1475 2201 1586 2230 sancte
1598 2197 1746 2230 Romane
1762 2197 1867 2229 eccle-

210 2250 267 2291 sie,
279 2250 322 2283 ad
337 2261 417 2294 quos
428 2255 564 2284 vacante
576 2252 647 2294 ipso
659 2252 806 2294 imperio,
823 2252 905 2283 sicut
917 2261 1000 2282 nunc
1013 2253 1117 2291 vacat,
1133 2251 1279 2292 regimen
1291 2250 1391 2292 ipsius
1403 2249 1529 2292 imperii
1541 2249 1682 2281 noscitur
1695 2249 1867 2291 pertinere.

208 2302 377 2335 Venerunt
393 2303 436 2336 ad
452 2313 509 2336 eos
524 2303 650 2336 nobiles
665 2304 725 2336 viri
740 2303 862 2336 domini
873 2302 1048 2335 Bertoldus
1065 2302 1105 2334 de
1118 2302 1318 2334 Mai-steten·
1333 2301 1438 2333 dictus
1453 2300 1494 2333 de
1506 2300 1614 2332 Niffen
1631 2304 1664 2332 et
1675 2300 1868 2333 Fredericus

209 2353 250 2386 de
273 2353 503 2396 Truendingen
525 2354 766 2387 ambaxiatores
788 2355 951 2397 magnifici
974 2354 1128 2396 principis
1151 2354 1271 2386 domini
1295 2352 1452 2385 Ludovici
1474 2352 1564 2384 ducis
1586 2352 1739 2392 Bamrie,
1769 2362 1867 2394 quem

209 2404 309 2437 iidem
324 2405 565 2439 ambaxiatores
576 2406 785 2439 nominabant
797 2416 908 2448 regem
920 2406 1151 2446 Romanorum,
1168 2408 1202 2437 et
1216 2404 1337 2436 ibidem
1353 2405 1386 2435 in
1401 2403 1531 2446 publico
1547 2403 1710 2446 quandam
1725 2404 1866 2436 litteram

209 2456 308 2498 ipsius
331 2456 452 2488 domini
474 2456 564 2489 ducis
586 2457 692 2500 sigillo
715 2458 815 2500 ipsius
838 2457 1026 2500 inpendenti
1050 2457 1242 2499 sigillatam,
1266 2455 1454 2488 mandatum
1478 2458 1511 2487 et
1533 2459 1731 2497 potestatem
1754 2466 1866 2487 eorum

209 2507 426 2540 continentem
467 2518 526 2550 per
555 2508 728 2542 discretum
764 2509 868 2540 virum
900 2509 1090 2550 magistrum
1120 2507 1291 2539 Nicolaum
1326 2507 1367 2539 de
1400 2507 1520 2539 Parma
1551 2507 1769 2549 iurisperitum
1801 2507 1866 2549 legi

212 2558 368 2591 fecerunt.
414 2559 487 2596 Qua
510 2558 643 2602 quidem
662 2559 771 2592 littera
793 2560 879 2592 lecta
902 2559 981 2591 dicti
1003 2559 1125 2591 domini
1147 2558 1388 2591 ambaxiatores
1410 2569 1453 2591 ex
1476 2561 1568 2600 parte
1584 2558 1729 2591 eiusdem
1745 2558 1867 2590 domini

317 2652 380 2681 241.
407 2651 433 2686 d)
452 2653 547 2680 excidit
562 2662 615 2684 ονη·
631 2654 670 2680 fea
687 2654 742 2688 fere
760 2655 941 2688 supplendum.

315 2710 379 2740 742.
406 2712 431 2744 ι)
450 2713 486 2739 nic
503 2721 542 2739 or.

315 2781 341 2814 1)
362 2779 404 2813 Cf.
419 2780 591 2814 prccantum.
677 2781 705 2813 2)
725 2781 826 2808 ‘messer
843 2780 938 2815 Vei-qia
955 2780 984 2807 di
1003 2780 1116 2808 Landa’
1134 2781 1211 2815 apud
1229 2781 1382 2810 Wlanium.
1472 2782 1500 2816 8)
1519 2782 1610 2816 Supra
1630 2790 1671 2809 nr.
1686 2786 1743 2809 401.
