2190 3172
0 536 10 600 ,qq-⁷..
0 483 5 530 Ἦν
1 460 7 470 Α,
0 443 2 449 v
0 408 5 438 .,,,,

20 896 37 1043 “nezem-2:
23 841 30 874 ψ»

19 1107 26 1127 *aa
19 1046 30 1104 rot*

453 165 550 194 ACTA
567 165 681 194 REGNI
701 164 886 194 LUDEWICI
906 165 954 193 1v.
972 164 1019 192 ET
1037 165 1224 194 munemel
1243 166 1292 193 111.
1330 166 1403 194 1814.
1440 166 1487 193 ΝΥ.
1502 166 1559 194 173.
1580 167 1636 195 174.
1814 171 1872 202 165

373 297 454 334 173.
496 297 707 333 Mwndatum
733 297 883 334 eiusdem
910 298 957 333 ad
982 299 1153 334 civitatem
1176 299 1465 345 Arqentinensem.
1572 300 1653 335 Dec.
1673 301 1729 336 17.

227 383 231 392 ·
336 370 496 412 Oriqinale
511 371 586 413 (or.)
603 371 638 403 in
653 370 812 403 tabulario
828 371 967 403 civitatis
979 373 1229 413 Arymtinensis.
1267 373 1416 414 Siqillum
1431 373 1522 406 dorso
1537 373 1722 414 impressum
1737 377 1815 407 erat.
1833 396 1873 399 —

225 422 288 455 Ed.
313 422 582 457 ‘Urkundenbuch
605 423 660 455 der
682 422 780 455 Stadt
800 422 995 464 Strassbury’
1017 424 1068 463 II,
1082 424 1147 456 270
1169 435 1218 457 nr.
1235 426 1298 457 321
1322 436 1360 458 ex
1382 435 1427 457 or.
1472 424 1654 457 Editimoem
1669 427 1845 466 repetimus.

331 482 478 522 Bakmer,
502 482 577 523 Rey.
594 483 707 515 Ludw.
723 493 761 524 p.
779 484 842 515 164
866 483 1033 516 Friedrich
1055 495 1104 516 nr.
1123 485 1151 517 1.

194 554 206 574 s
337 541 384 583 Of.
407 542 501 585 infra
522 553 572 575 nr.
587 542 663 575 213.

331 628 514 661 Fridericus
529 628 593 660 Dei
615 629 721 671 gratia
736 629 958 661 Romanorum
981 639 1040 661 rex
1063 641 1192 672 semper
1213 634 1366 673 augustus
1454 632 1664 674 prudentibus
1680 636 1714 664 et
1729 633 1875 666 discretis

223 681 299 712 viris
327 705 334 713 .
359 705 366 713 .
396 681 551 723 magistro
583 681 715 722 civium,
739 705 746 712 .
772 705 779 712 .
809 681 991 713 consulibus
1022 685 1055 714 et
1082 683 1237 714 universis
1264 682 1387 714 civibus
1410 684 1715 726 Argentinensibus,
1749 686 1813 717 suis
1842 691 1874 717 et

223 732 351 775 imperii
374 732 499 764 dilectis
522 731 672 764 fidelibus
759 733 902 775 graciam
925 743 1016 765 suam
1040 737 1073 766 et
1096 744 1189 766 omne
1214 734 1343 766 bonum.

330 784 582 817 Universitatem
610 788 749 816 vestram
780 784 968 816 affectuose
984 785 1176 827 requirimus
1199 789 1233 818 et
1255 797 1421 829 rogamus,
1450 787 1599 829 quatinus
1623 791 1818 820 mercatores
1841 791 1875 820 et

180 846 206 868 ιο
224 834 309 869 cives
331 838 454 868 vestros
476 846 608 868 monere
631 835 747 877 velitis,
771 839 808 867 ut
829 837 913 878 vina,
937 847 1106 877 annonam,
1130 847 1255 869 merces
1279 841 1313 869 et
1335 838 1415 870 alias
1438 849 1489 870 res
1504 850 1587 879 suas,
1611 850 1691 881 quas
1706 839 1874 871 intendunt

222 888 403 921 vendicicni
433 898 611 930 exponere,
645 898 703 930 per
728 887 814 920 Reni
842 887 962 920 alvium
989 888 1031 920 ad
1058 899 1116 920 nos
1144 899 1246 931 usque
1274 890 1306 921 in
1329 889 1420 922 Selse
1451 890 1570 922 ducere
1599 902 1661 923 non
1689 891 1872 932 formident,

223 940 298 983 quia
326 950 384 972 nos
413 950 510 982 quam
538 939 594 971 diu
619 940 652 971 in
676 938 767 972 Selse
798 950 922 972 moram
953 939 1136 982 fecerimus,
1168 941 1255 983 ipsos
1278 946 1310 974 et
1333 952 1384 974 res
1407 952 1481 974 suas
1504 943 1535 974 in
1558 943 1716 975 veniendo
1740 943 1782 975 ad
1805 954 1873 983 nos,

222 984 336 1024 stando
359 991 526 1024 nobiscum
551 994 584 1023 et
606 990 772 1024 redeundo
796 991 838 1023 ad
864 993 995 1035 propria
1017 992 1048 1024 in
1072 995 1215 1024 nostram
1239 996 1271 1025 et
1294 993 1421 1035 imperii
1443 994 1616 1036 specialem
1640 996 1874 1037 protectionem

221 1044 394 1087 recipimus
417 1046 451 1075 et
473 1042 664 1075 conductum
683 1042 772 1075 vobis
796 1046 829 1076 et
850 1044 928 1086 ipsis
952 1047 1063 1076 tenore
1086 1045 1282 1086 presentium
1307 1045 1539 1086 promittemus.
1584 1046 1679 1082 Quod
1701 1047 1726 1078 si
1751 1046 1873 1078 eisdem

179 1107 203 1128 ιι
221 1106 281 1139 per
307 1106 365 1128 uos
387 1095 440 1127 vel
467 1098 594 1126 nostros
623 1095 795 1127 servitores
822 1098 878 1127 aut
906 1095 1048 1127 fautores
1072 1095 1112 1128 de
1136 1097 1324 1128 memoratis
1347 1096 1438 1128 bonis
1461 1098 1526 1129 suis
1548 1098 1657 1140 aliqua
1680 1098 1767 1140 quod
1790 1098 1875 1131 absit

184 1142 187 1147 ’
221 1147 417 1188 auferentur,
441 1157 499 1179 uos
522 1157 562 1178 ea
585 1146 646 1178 sibi
669 1147 764 1190 plene
787 1148 958 1179 restituere
985 1147 1168 1179 nullatenus
1192 1149 1386 1180 omittemus.
1430 1148 1556 1181 Harum
1579 1150 1762 1182 testimonio
1786 1150 1872 1182 litte-

221 1204 348 1232 rarum·
369 1198 550 1231 maiestatis
575 1202 683 1231 nostre
707 1199 804 1241 sigilli
826 1198 943 1231 robore
966 1200 1171 1231 munitarum.

327 1251 402 1283 Dat.
427 1251 459 1282 in
482 1250 584 1291 Selse,
607 1250 698 1283 XVI.
714 1249 830 1283 Kalen.
846 1250 997 1293 Ianuarii,
1020 1252 1113 1293 regni
1135 1251 1234 1283 nostri
1257 1262 1340 1283 anno
1363 1252 1477 1294 primo.

228 1504 230 1507 ·
386 1488 481 1533 174.
509 1488 604 1533 175.
646 1486 937 1534 SCRIPTA
973 1486 1319 1534 LUDEWICI
1353 1486 1712 1534 NOBILIBUS

175 1564 202 1586 ⁹⁰
862 1550 1227 1599 CONCESSA.

185 1657 188 1666 .
479 1628 484 1630 '
890 1628 998 1665 1314.
1042 1628 1207 1665 Dec.15.

534 1740 616 1776 174.
658 1740 860 1786 Infeudatio
887 1742 1016 1777 comitis
1042 1742 1083 1776 de
1109 1741 1306 1786 Spanheim.
1411 1740 1494 1778 Dec.
1514 1743 1571 1777 15.

336 1812 496 1854 Originale
512 1813 587 1856 (or.)
609 1814 645 1846 in
668 1814 825 1847 tabulario
845 1814 986 1855 generali
1006 1815 1095 1855 reymff
1109 1815 1276 1847 Boewarici
1292 1814 1382 1847 KLS
1394 1825 1443 1847 nr.
1457 1817 1509 1847 20.
1548 1815 1782 1856 Descripsimus
1803 1827 1869 1849 nos.

223 1865 381 1906 Sigillum,
403 1865 486 1906 quod
507 1865 572 1898 loro
594 1866 826 1899 membranaceo
843 1866 1009 1907 pendebat,
1032 1867 1239 1899 desideratur.
1263 1885 1303 1890 —
1328 1867 1389 1899 Ed.
1406 1867 1503 1899 Mona
1526 1868 1719 1907 ‘Zeitschrift
1737 1869 1799 1910 fiir
1820 1869 1871 1900 die

176 1925 202 1946 π
224 1917 406 1950 Geschichte
428 1917 482 1949 des
507 1917 701 1950 Oberrheins‘
723 1918 806 1957 XII,
829 1918 892 1950 321
915 1929 965 1951 nr.
983 1919 1023 1950 69
1046 1929 1084 1951 ex
1107 1930 1151 1950 or.

308 1977 475 2017 ‘Biihmem
499 1978 575 2019 Rey.
591 1978 703 2011 Ludw.
721 1990 757 2020 p.
773 1982 795 2011 3
816 1990 866 2011 nr.
882 1979 933 2011 29.

326 2073 518 2106 Ludewicus
538 2073 601 2106 Dei
624 2074 728 2116 gratia
743 2074 964 2106 Romanorum
987 2084 1046 2105 rex
1069 2085 1197 2116 semper
1220 2078 1374 2116 augustus
1461 2075 1617 2106 universis
1634 2076 1716 2107 sacri
1733 2075 1870 2108 Romani

219 2125 347 2168 imperii
370 2125 519 2158 fidelibus
543 2129 710 2167 presentes
733 2125 858 2158 litteras
881 2126 1037 2158 audituris
1053 2126 1104 2158 vel
1119 2127 1233 2158 visuris
1319 2126 1457 2169 gratiam
1474 2137 1564 2158 suam
1582 2130 1615 2158 et
1630 2137 1723 2159 omne
1740 2127 1868 2159 bonum.

327 2176 408 2210 Cum
432 2187 452 2209 a
474 2177 565 2209 nobis
588 2179 723 2219 petitur,
754 2177 841 2219 quod
865 2179 1016 2220 equitatis
1038 2178 1149 2220 vigore
1173 2178 1347 2216 fulscitur⁸,
1378 2179 1547 2220 presertim
1571 2179 1602 2210 in
1625 2178 1686 2210 hiis
1710 2190 1771 2221 que
1795 2190 1869 2222 per-

175 2237 202 2258 ao
219 2238 379 2270 sonarum,
404 2239 483 2270 quas
506 2229 655 2271 puritatis
678 2233 711 2261 et
732 2229 809 2261 fidei
832 2231 1017 2262 constancia
1039 2231 1155 2262 nostris
1178 2233 1211 2262 et
1233 2230 1360 2272 imperii
1383 2230 1526 2262 serviciis
1548 2230 1754 2263 laudabiliter
1776 2231 1868 2263 dedi-

220 2281 313 2322 cavit,
337 2280 551 2319 commodum,
581 2281 726 2313 favorem
750 2285 783 2314 et
805 2282 984 2324 profectum
1008 2282 1193 2324 respiciunt,
1221 2282 1352 2324 dignum
1376 2281 1550 2314 arbitratur
1572 2286 1680 2314 nostra
1703 2284 1869 2321 serenitas,

219 2335 256 2364 ut
277 2331 319 2364 ad
343 2331 403 2364 hoc
426 2336 571 2365 nostrum
593 2333 767 2375 benignum
791 2333 1073 2366 accommodemus
1096 2339 1308 2366 asscensum·.
1346 2333 1531 2376 Eaproptcr
1552 2335 1731 2366 instantivis
1753 2335 1869 2366 nobilis

219 2383 278 2415 viri
300 2383 452 2416 Iohannis
479 2385 605 2416 comitis
635 2385 675 2417 de
699 2384 875 2427 Spanheim
904 2385 981 2417 dicti
1010 2385 1051 2418 de
1075 2385 1298 2428 Starkenberg
1324 2385 1429 2418 fidelis
1451 2387 1550 2417 nostri
1575 2385 1683 2417 dilecti
1707 2387 1867 2428 supplica-

187 2444 190 2451 ·
220 2435 363 2467 cionibus
397 2436 620 2468 favorabiliter
652 2441 830 2469 annuentes
864 2441 897 2469 et
925 2437 1127 2479 exploratam
1159 2448 1296 2479 persone
1326 2448 1382 2469 sue
1412 2437 1599 2469 industriam
1628 2448 1666 2469 ac
1693 2438 1866 2479 proborum

174 2495 201 2516 ιι
220 2489 346 2519 actuum
375 2497 504 2520 suorum
533 2489 752 2531 exigendam,
786 2499 850 2532 qua
880 2499 959 2531 erga
991 2499 1049 2521 nos
1078 2495 1112 2521 et
1138 2499 1263 2521 sacrum
1293 2490 1462 2530 imperium
1493 2489 1665 2520 studiosius
1695 2489 1809 2521 claruit
1835 2495 1867 2521 et

219 2538 372 2580 ruttilat⁸‚
400 2539 620 2580 attendentes,
651 2541 758 2573 omnia
781 2543 814 2573 et
841 2541 967 2583 singula
990 2542 1074 2582 iura,
1105 2541 1288 2583 privilegia,
1319 2540 1486 2572 libertates
1513 2544 1547 2572 et
1575 2541 1695 2582 gratias
1719 2541 1825 2573 eidem
1848 2552 1865 2572 a

222 2588 302 2621 divis
337 2589 492 2622 Heinrico
529 2591 726 2634 imperatore
764 2596 797 2624 et
833 2592 964 2634 regibus
1001 2592 1156 2624 Romanis
1193 2592 1474 2634 predecessoribus
1511 2593 1627 2624 nostris
1665 2592 1797 2624 collatas
1835 2599 1867 2623 et

219 2650 397 2682 concessas,
420 2645 516 2684 prout
540 2643 671 2675 easdem
695 2644 935 2676 racionabiliter
957 2648 990 2676 et
1011 2645 1072 2676 rite
1097 2643 1250 2686 possidet,
1281 2644 1478 2681 innovamus,
1503 2643 1728 2686 approbamus,
1752 2644 1866 2676 contir-

323 2735 386 2763 178.
414 2736 439 2771 ι)
457 2746 538 2770 cupra
556 2738 651 2764 lineam
669 2739 731 2765 add.
750 2749 787 2765 or.

174 2799 203 2820 4ο
324 2796 389 2825 174.
416 2798 439 2830 ¹)
458 2798 494 2824 nic
511 2807 549 2824 or.
