<?xml version="1.0" encoding="UTF-8"?>
<!DOCTYPE html PUBLIC "-//W3C//DTD XHTML 1.0 Transitional//EN"
    "http://www.w3.org/TR/xhtml1/DTD/xhtml1-transitional.dtd">
<html xmlns="http://www.w3.org/1999/xhtml" xml:lang="en" lang="en">
 <head>
  <title>
</title>
<meta http-equiv="Content-Type" content="text/html;charset=utf-8" />
  <meta name='ocr-system' content='tesseract 3.04.00' />
  <meta name='ocr-capabilities' content='ocr_page ocr_carea ocr_par ocr_line ocrx_word'/>
</head>
<body>
  <div class='ocr_page' id='page_1' title='image "./monumentagerma05geseuoft_0358.png"; bbox 0 0 2190 3172; ppageno 0'>
   <div class='ocr_carea' id='block_1_1' title="bbox 283 214 1666 255">
    <p class='ocr_par' dir='ltr' id='par_1_1' title="bbox 283 214 1666 255">
     <span class='ocr_line' id='line_1_1' title="bbox 283 214 1666 255; baseline -0.007 -6"><span class='ocrx_word' id='word_1_1' title='bbox 283 223 346 255; x_wconf 84' lang='lat'>318</span> <span class='ocrx_word' id='word_1_2' title='bbox 560 219 656 247; x_wconf 84' lang='lat' dir='ltr'>ACTA</span> <span class='ocrx_word' id='word_1_3' title='bbox 675 219 790 247; x_wconf 85' lang='lat' dir='ltr'><strong>REGNI</strong></span> <span class='ocrx_word' id='word_1_4' title='bbox 809 217 993 245; x_wconf 86' lang='lat' dir='ltr'><strong>LUDEWICI</strong></span> <span class='ocrx_word' id='word_1_5' title='bbox 1012 217 1059 244; x_wconf 89' lang='lat' dir='ltr'>IV.</span> <span class='ocrx_word' id='word_1_6' title='bbox 1077 216 1124 244; x_wconf 84' lang='grc' dir='ltr'>ΕΤ</span> <span class='ocrx_word' id='word_1_7' title='bbox 1142 214 1329 244; x_wconf 80' lang='lat' dir='ltr'><strong>FRIDERICI</strong></span> <span class='ocrx_word' id='word_1_8' title='bbox 1348 214 1398 241; x_wconf 89' lang='lat'>111.</span> <span class='ocrx_word' id='word_1_9' title='bbox 1434 214 1509 242; x_wconf 83' lang='lat'>1316.</span> <span class='ocrx_word' id='word_1_10' title='bbox 1545 214 1594 241; x_wconf 84' lang='lat' dir='ltr'>Nr.</span> <span class='ocrx_word' id='word_1_11' title='bbox 1606 214 1666 241; x_wconf 83' lang='lat'><strong>377.</strong></span> 
     </span>
    </p>
   </div>
   <div class='ocr_carea' id='block_1_2' title="bbox 603 349 1632 395">
    <p class='ocr_par' dir='ltr' id='par_1_2' title="bbox 603 349 1632 395">
     <span class='ocr_line' id='line_1_2' title="bbox 603 349 1632 395; baseline -0.006 -6"><span class='ocrx_word' id='word_1_12' title='bbox 603 353 689 389; x_wconf 84' lang='lat'><strong>377.</strong></span> <span class='ocrx_word' id='word_1_13' title='bbox 730 352 887 387; x_wconf 77' lang='lat' dir='ltr'><em>Litterae</em></span> <span class='ocrx_word' id='word_1_14' title='bbox 915 351 961 385; x_wconf 83' lang='lat' dir='ltr'>ad</span> <span class='ocrx_word' id='word_1_15' title='bbox 987 350 1169 385; x_wconf 58' lang='lat' dir='ltr'>Elisabeth</span> <span class='ocrx_word' id='word_1_16' title='bbox 1195 350 1361 395; x_wconf 65' lang='lat' dir='ltr'>reginam.</span> <span class='ocrx_word' id='word_1_17' title='bbox 1467 349 1557 395; x_wconf 78' lang='lat' dir='ltr'>Sept.</span> <span class='ocrx_word' id='word_1_18' title='bbox 1575 350 1632 384; x_wconf 85' lang='lat'>19.</span> 
     </span>
    </p>
   </div>
   <div class='ocr_carea' id='block_1_3' title="bbox 283 421 1943 519">
    <p class='ocr_par' dir='ltr' id='par_1_3' title="bbox 283 421 1943 519">
     <span class='ocr_line' id='line_1_3' title="bbox 398 421 1943 470; baseline -0.005 -11"><span class='ocrx_word' id='word_1_19' title='bbox 398 427 497 467; x_wconf 77' lang='lat' dir='ltr'>Copia</span> <span class='ocrx_word' id='word_1_20' title='bbox 513 427 570 470; x_wconf 87' lang='lat' dir='ltr'>(c.)</span> <span class='ocrx_word' id='word_1_21' title='bbox 594 427 709 459; x_wconf 79' lang='lat' dir='ltr'><em>ibidem</em></span> <span class='ocrx_word' id='word_1_22' title='bbox 731 426 750 458; x_wconf 84' lang='lat' dir='ltr'>l.</span> <span class='ocrx_word' id='word_1_23' title='bbox 768 437 793 458; x_wconf 86' lang='lat' dir='ltr'>c.</span> <span class='ocrx_word' id='word_1_24' title='bbox 817 426 873 465; x_wconf 86' lang='lat' dir='ltr'>fol.</span> <span class='ocrx_word' id='word_1_25' title='bbox 891 426 954 457; x_wconf 68' lang='lat'><strong><em>15¹.</em></strong></span> <span class='ocrx_word' id='word_1_26' title='bbox 978 444 1020 448; x_wconf 97' lang='lat'><strong>—</strong></span> <span class='ocrx_word' id='word_1_27' title='bbox 1046 424 1108 456; x_wconf 82' lang='lat' dir='ltr'>Ed.</span> <span class='ocrx_word' id='word_1_28' title='bbox 1125 423 1288 465; x_wconf 72' lang='lat' dir='ltr'>Zeissbery</span> <span class='ocrx_word' id='word_1_29' title='bbox 1310 423 1329 455; x_wconf 83' lang='lat' dir='ltr'>l.</span> <span class='ocrx_word' id='word_1_30' title='bbox 1347 434 1372 455; x_wconf 84' lang='lat' dir='ltr'>c.</span> <span class='ocrx_word' id='word_1_31' title='bbox 1390 434 1426 464; x_wconf 78' lang='lat' dir='ltr'>p.</span> <span class='ocrx_word' id='word_1_32' title='bbox 1443 424 1486 455; x_wconf 79' lang='grc'>48</span> <span class='ocrx_word' id='word_1_33' title='bbox 1507 434 1558 456; x_wconf 78' lang='lat' dir='ltr'>nr.</span> <span class='ocrx_word' id='word_1_34' title='bbox 1574 423 1616 454; x_wconf 78' lang='lat'>45</span> <span class='ocrx_word' id='word_1_35' title='bbox 1639 433 1678 454; x_wconf 80' lang='lat' dir='ltr'>ex</span> <span class='ocrx_word' id='word_1_36' title='bbox 1698 433 1724 457; x_wconf 85' lang='lat' dir='ltr'>c.</span> <span class='ocrx_word' id='word_1_37' title='bbox 1759 421 1943 454; x_wconf 77' lang='lat' dir='ltr'>Editionem</span> 
     </span>
     <span class='ocr_line' id='line_1_4' title="bbox 283 480 463 519; baseline 0.006 -9"><span class='ocrx_word' id='word_1_38' title='bbox 283 480 463 519; x_wconf 78' lang='lat' dir='ltr'>repetimus.</span> 
     </span>
    </p>
   </div>
   <div class='ocr_carea' id='block_1_4' title="bbox 285 550 1949 1734">
    <p class='ocr_par' dir='ltr' id='par_1_4' title="bbox 286 550 1945 692">
     <span class='ocr_line' id='line_1_5' title="bbox 393 550 1945 596; baseline -0.005 -8"><span class='ocrx_word' id='word_1_39' title='bbox 393 556 532 588; x_wconf 87' lang='lat' dir='ltr'>Iacobus</span> <span class='ocrx_word' id='word_1_40' title='bbox 556 559 616 588; x_wconf 89' lang='lat' dir='ltr'>etc.</span> <span class='ocrx_word' id='word_1_41' title='bbox 706 555 910 588; x_wconf 73' lang='lat' dir='ltr'>serenissime</span> <span class='ocrx_word' id='word_1_42' title='bbox 939 557 972 587; x_wconf 90' lang='lat' dir='ltr'>et</span> <span class='ocrx_word' id='word_1_43' title='bbox 1000 553 1147 596; x_wconf 85' lang='lat' dir='ltr'>preclare</span> <span class='ocrx_word' id='word_1_44' title='bbox 1176 563 1233 585; x_wconf 91' lang='lat' dir='ltr'>sue</span> <span class='ocrx_word' id='word_1_45' title='bbox 1256 553 1427 585; x_wconf 77' lang='lat' dir='ltr'>karissime</span> <span class='ocrx_word' id='word_1_46' title='bbox 1454 553 1519 584; x_wconf 89' lang='lat' dir='ltr'>filie</span> <span class='ocrx_word' id='word_1_47' title='bbox 1549 552 1679 585; x_wconf 86' lang='lat' dir='ltr'>domine</span> <span class='ocrx_word' id='word_1_48' title='bbox 1707 550 1856 584; x_wconf 83' lang='lat' dir='ltr'>Elizabet</span> <span class='ocrx_word' id='word_1_49' title='bbox 1885 560 1945 592; x_wconf 89' lang='lat' dir='ltr'>per</span> 
     </span>
     <span class='ocr_line' id='line_1_6' title="bbox 287 602 1943 649; baseline -0.004 -9"><span class='ocrx_word' id='word_1_50' title='bbox 287 609 423 640; x_wconf 88' lang='lat' dir='ltr'>eandem</span> <span class='ocrx_word' id='word_1_51' title='bbox 446 608 668 640; x_wconf 87' lang='lat' dir='ltr'>Romanorum</span> <span class='ocrx_word' id='word_1_52' title='bbox 689 607 800 649; x_wconf 83' lang='lat' dir='ltr'>regine</span> <span class='ocrx_word' id='word_1_53' title='bbox 889 606 1027 638; x_wconf 87' lang='lat' dir='ltr'>salutem</span> <span class='ocrx_word' id='word_1_54' title='bbox 1057 608 1090 638; x_wconf 88' lang='lat' dir='ltr'>et</span> <span class='ocrx_word' id='word_1_55' title='bbox 1119 615 1192 637; x_wconf 91' lang='lat' dir='ltr'>cum</span> <span class='ocrx_word' id='word_1_56' title='bbox 1215 608 1351 647; x_wconf 87' lang='lat' dir='ltr'>paterne</span> <span class='ocrx_word' id='word_1_57' title='bbox 1374 604 1614 637; x_wconf 78' lang='lat' dir='ltr'>benediccionis</span> <span class='ocrx_word' id='word_1_58' title='bbox 1635 603 1807 639; x_wconf 84' lang='lat' dir='ltr'>affluencia</span> <span class='ocrx_word' id='word_1_59' title='bbox 1830 602 1943 635; x_wconf 82' lang='lat' dir='ltr'>felices</span> 
     </span>
     <span class='ocr_line' id='line_1_7' title="bbox 286 660 626 692; baseline -0.003 -1"><span class='ocrx_word' id='word_1_60' title='bbox 286 660 327 691; x_wconf 87' lang='lat' dir='ltr'>ad</span> <span class='ocrx_word' id='word_1_61' title='bbox 351 664 427 692; x_wconf 87' lang='lat' dir='ltr'>vota</span> <span class='ocrx_word' id='word_1_62' title='bbox 450 670 626 691; x_wconf 81' lang='lat' dir='ltr'>successus.</span> 
     </span>
    </p>

    <p class='ocr_par' dir='ltr' id='par_1_5' title="bbox 285 707 1949 1734">
     <span class='ocr_line' id='line_1_8' title="bbox 395 707 1944 753; baseline -0.004 -10"><span class='ocrx_word' id='word_1_63' title='bbox 395 711 441 753; x_wconf 89' lang='grc'>(1)</span> <span class='ocrx_word' id='word_1_64' title='bbox 464 711 606 743; x_wconf 80' lang='lat' dir='ltr'>Litteras</span> <span class='ocrx_word' id='word_1_65' title='bbox 622 713 745 742; x_wconf 85' lang='lat' dir='ltr'>vestras</span> <span class='ocrx_word' id='word_1_66' title='bbox 768 710 849 742; x_wconf 89' lang='lat' dir='ltr'>duas</span> <span class='ocrx_word' id='word_1_67' title='bbox 872 709 999 741; x_wconf 88' lang='lat' dir='ltr'>noviter</span> <span class='ocrx_word' id='word_1_68' title='bbox 1021 709 1052 740; x_wconf 93' lang='lat' dir='ltr'>in</span> <span class='ocrx_word' id='word_1_69' title='bbox 1075 708 1193 741; x_wconf 89' lang='lat' dir='ltr'>nostris</span> <span class='ocrx_word' id='word_1_70' title='bbox 1208 707 1356 740; x_wconf 84' lang='lat' dir='ltr'>manibus</span> <span class='ocrx_word' id='word_1_71' title='bbox 1370 711 1574 750; x_wconf 89' lang='lat' dir='ltr'>presentatas</span> <span class='ocrx_word' id='word_1_72' title='bbox 1586 708 1597 728; x_wconf 86' lang='lat'><strong>¹</strong></span> <span class='ocrx_word' id='word_1_73' title='bbox 1613 707 1790 741; x_wconf 82' lang='lat' dir='ltr'>affeccione</span> <span class='ocrx_word' id='word_1_74' title='bbox 1806 708 1944 747; x_wconf 88' lang='lat' dir='ltr'>paterna</span> 
     </span>
     <span class='ocr_line' id='line_1_9' title="bbox 286 757 1945 804; baseline -0.004 -10"><span class='ocrx_word' id='word_1_75' title='bbox 286 762 445 804; x_wconf 87' lang='lat' dir='ltr'>avidaque</span> <span class='ocrx_word' id='word_1_76' title='bbox 468 761 635 793; x_wconf 85' lang='lat' dir='ltr'>voluntate</span> <span class='ocrx_word' id='word_1_77' title='bbox 658 761 846 803; x_wconf 80' lang='lat' dir='ltr'>recipimus,</span> <span class='ocrx_word' id='word_1_78' title='bbox 880 760 913 791; x_wconf 90' lang='lat' dir='ltr'>in</span> <span class='ocrx_word' id='word_1_79' title='bbox 943 760 989 792; x_wconf 89' lang='lat' dir='ltr'>eis</span> <span class='ocrx_word' id='word_1_80' title='bbox 1016 763 1167 791; x_wconf 87' lang='lat' dir='ltr'>contenta</span> <span class='ocrx_word' id='word_1_81' title='bbox 1197 759 1280 791; x_wconf 91' lang='lat' dir='ltr'>bene</span> <span class='ocrx_word' id='word_1_82' title='bbox 1310 758 1491 791; x_wconf 85' lang='lat' dir='ltr'>audivimus</span> <span class='ocrx_word' id='word_1_83' title='bbox 1518 769 1557 790; x_wconf 86' lang='lat' dir='ltr'>ac</span> <span class='ocrx_word' id='word_1_84' title='bbox 1585 758 1730 801; x_wconf 87' lang='lat' dir='ltr'>plenario</span> <span class='ocrx_word' id='word_1_85' title='bbox 1754 757 1945 799; x_wconf 83' lang='lat' dir='ltr'>collegimus</span> 
     </span>
     <span class='ocr_line' id='line_1_10' title="bbox 285 808 1944 855; baseline -0.003 -10"><span class='ocrx_word' id='word_1_86' title='bbox 285 814 461 845; x_wconf 84' lang='lat' dir='ltr'>intellectu.</span> <span class='ocrx_word' id='word_1_87' title='bbox 506 812 560 844; x_wconf 89' lang='lat' dir='ltr'>Ad</span> <span class='ocrx_word' id='word_1_88' title='bbox 583 813 763 855; x_wconf 84' lang='lat' dir='ltr'>significata</span> <span class='ocrx_word' id='word_1_89' title='bbox 785 814 895 844; x_wconf 89' lang='lat' dir='ltr'>autem</span> <span class='ocrx_word' id='word_1_90' title='bbox 918 812 952 843; x_wconf 90' lang='lat' dir='ltr'>in</span> <span class='ocrx_word' id='word_1_91' title='bbox 974 812 1035 852; x_wconf 87' lang='lat' dir='ltr'>eis,</span> <span class='ocrx_word' id='word_1_92' title='bbox 1070 814 1166 853; x_wconf 91' lang='lat' dir='ltr'>prout</span> <span class='ocrx_word' id='word_1_93' title='bbox 1193 810 1430 852; x_wconf 87' lang='lat' dir='ltr'>subiungimus,</span> <span class='ocrx_word' id='word_1_94' title='bbox 1464 821 1523 852; x_wconf 89' lang='lat' dir='ltr'>per</span> <span class='ocrx_word' id='word_1_95' title='bbox 1551 809 1678 852; x_wconf 80' lang='lat' dir='ltr'>singula</span> <span class='ocrx_word' id='word_1_96' title='bbox 1699 808 1944 850; x_wconf 84' lang='lat' dir='ltr'>respondemus,</span> 
     </span>
     <span class='ocr_line' id='line_1_11' title="bbox 286 858 1946 907; baseline -0.003 -10"><span class='ocrx_word' id='word_1_97' title='bbox 286 865 471 906; x_wconf 78' lang='lat' dir='ltr'>audaciam,</span> <span class='ocrx_word' id='word_1_98' title='bbox 500 875 598 907; x_wconf 89' lang='lat' dir='ltr'>quam</span> <span class='ocrx_word' id='word_1_99' title='bbox 627 865 802 906; x_wconf 84' lang='lat' dir='ltr'>sumpsisse</span> <span class='ocrx_word' id='word_1_100' title='bbox 831 863 1013 895; x_wconf 83' lang='lat' dir='ltr'>describitis</span> <span class='ocrx_word' id='word_1_101' title='bbox 1044 864 1076 895; x_wconf 92' lang='lat' dir='ltr'>in</span> <span class='ocrx_word' id='word_1_102' title='bbox 1099 862 1316 905; x_wconf 85' lang='lat' dir='ltr'>significandis</span> <span class='ocrx_word' id='word_1_103' title='bbox 1339 861 1431 894; x_wconf 90' lang='lat' dir='ltr'>nobis</span> <span class='ocrx_word' id='word_1_104' title='bbox 1454 862 1569 894; x_wconf 85' lang='lat' dir='ltr'>vestris</span> <span class='ocrx_word' id='word_1_105' title='bbox 1591 860 1808 900; x_wconf 81' lang='lat' dir='ltr'>successibus,</span> <span class='ocrx_word' id='word_1_106' title='bbox 1833 858 1946 903; x_wconf 82' lang='lat' dir='ltr'>[quod]</span> 
     </span>
     <span class='ocr_line' id='line_1_12' title="bbox 286 911 1946 957; baseline -0.004 -8"><span class='ocrx_word' id='word_1_107' title='bbox 286 917 424 950; x_wconf 88' lang='lat' dir='ltr'>eandem</span> <span class='ocrx_word' id='word_1_108' title='bbox 441 917 583 949; x_wconf 89' lang='lat' dir='ltr'>crebrius</span> <span class='ocrx_word' id='word_1_109' title='bbox 599 916 641 948; x_wconf 90' lang='lat' dir='ltr'>ad</span> <span class='ocrx_word' id='word_1_110' title='bbox 656 919 826 948; x_wconf 87' lang='lat' dir='ltr'>venturum</span> <span class='ocrx_word' id='word_1_111' title='bbox 842 919 971 957; x_wconf 87' lang='lat' dir='ltr'>tempus</span> <span class='ocrx_word' id='word_1_112' title='bbox 986 915 1161 955; x_wconf 80' lang='lat' dir='ltr'>traxeritis,</span> <span class='ocrx_word' id='word_1_113' title='bbox 1184 914 1357 956; x_wconf 90' lang='lat' dir='ltr'>plurimum</span> <span class='ocrx_word' id='word_1_114' title='bbox 1374 913 1649 946; x_wconf 77' lang='lat' dir='ltr'>commendantes.</span> <span class='ocrx_word' id='word_1_115' title='bbox 1729 911 1776 954; x_wconf 82' lang='grc'>(2)</span> <span class='ocrx_word' id='word_1_116' title='bbox 1799 911 1946 943; x_wconf 90' lang='lat' dir='ltr'>Primum</span> 
     </span>
     <span class='ocr_line' id='line_1_13' title="bbox 286 963 1947 1011; baseline -0.004 -11"><span class='ocrx_word' id='word_1_117' title='bbox 286 968 433 1011; x_wconf 89' lang='lat' dir='ltr'>quidem,</span> <span class='ocrx_word' id='word_1_118' title='bbox 469 968 556 1010; x_wconf 91' lang='lat' dir='ltr'>quod</span> <span class='ocrx_word' id='word_1_119' title='bbox 583 967 833 1010; x_wconf 86' lang='lat' dir='ltr'>significavistis‚</span> <span class='ocrx_word' id='word_1_120' title='bbox 868 970 980 1009; x_wconf 86' lang='lat' dir='ltr'>partus</span> <span class='ocrx_word' id='word_1_121' title='bbox 1007 969 1130 1007; x_wconf 83' lang='lat' dir='ltr'>vester,</span> <span class='ocrx_word' id='word_1_122' title='bbox 1164 966 1197 997; x_wconf 91' lang='lat' dir='ltr'>in</span> <span class='ocrx_word' id='word_1_123' title='bbox 1227 975 1290 1007; x_wconf 92' lang='lat' dir='ltr'>quo</span> <span class='ocrx_word' id='word_1_124' title='bbox 1318 965 1420 996; x_wconf 90' lang='lat' dir='ltr'>filium</span> <span class='ocrx_word' id='word_1_125' title='bbox 1446 964 1634 1006; x_wconf 81' lang='lat' dir='ltr'>peperistis,</span> <span class='ocrx_word' id='word_1_126' title='bbox 1668 963 1712 995; x_wconf 89' lang='lat' dir='ltr'>ad</span> <span class='ocrx_word' id='word_1_127' title='bbox 1742 974 1858 995; x_wconf 84' lang='lat' dir='ltr'>novam</span> <span class='ocrx_word' id='word_1_128' title='bbox 1886 973 1947 995; x_wconf 90' lang='lat' dir='ltr'>nos</span> 
     </span>
     <span class='ocr_line' id='line_1_14' title="bbox 286 1015 1946 1061; baseline -0.003 -10"><span class='ocrx_word' id='word_1_129' title='bbox 286 1020 428 1052; x_wconf 84' lang='lat' dir='ltr'>leticiam</span> <span class='ocrx_word' id='word_1_130' title='bbox 452 1020 612 1061; x_wconf 89' lang='lat' dir='ltr'>primariis</span> <span class='ocrx_word' id='word_1_131' title='bbox 635 1019 858 1051; x_wconf 84' lang='lat' dir='ltr'>audicionibus</span> <span class='ocrx_word' id='word_1_132' title='bbox 883 1019 1052 1058; x_wconf 86' lang='lat' dir='ltr'>excitavit,</span> <span class='ocrx_word' id='word_1_133' title='bbox 1083 1021 1133 1050; x_wconf 88' lang='lat' dir='ltr'>set</span> <span class='ocrx_word' id='word_1_134' title='bbox 1156 1017 1356 1059; x_wconf 89' lang='lat' dir='ltr'>subsequens</span> <span class='ocrx_word' id='word_1_135' title='bbox 1379 1017 1528 1058; x_wconf 84' lang='lat' dir='ltr'>verbum,</span> <span class='ocrx_word' id='word_1_136' title='bbox 1556 1015 1643 1058; x_wconf 83' lang='lat' dir='ltr'>quod</span> <span class='ocrx_word' id='word_1_137' title='bbox 1664 1016 1811 1047; x_wconf 88' lang='lat' dir='ltr'>novimus</span> <span class='ocrx_word' id='word_1_138' title='bbox 1833 1018 1946 1047; x_wconf 86' lang='lat' dir='ltr'>natum</span> 
     </span>
     <span class='ocr_line' id='line_1_15' title="bbox 286 1067 1944 1113; baseline -0.003 -10"><span class='ocrx_word' id='word_1_139' title='bbox 286 1072 391 1113; x_wconf 91' lang='lat' dir='ltr'>ipsum</span> <span class='ocrx_word' id='word_1_140' title='bbox 414 1075 488 1113; x_wconf 90' lang='lat' dir='ltr'>post</span> <span class='ocrx_word' id='word_1_141' title='bbox 511 1071 580 1103; x_wconf 89' lang='lat' dir='ltr'>dies</span> <span class='ocrx_word' id='word_1_142' title='bbox 603 1071 728 1113; x_wconf 87' lang='lat' dir='ltr'>aliquos</span> <span class='ocrx_word' id='word_1_143' title='bbox 750 1071 914 1113; x_wconf 81' lang='lat' dir='ltr'>perceptis</span> <span class='ocrx_word' id='word_1_144' title='bbox 936 1070 1140 1112; x_wconf 88' lang='lat' dir='ltr'>baptismatis</span> <span class='ocrx_word' id='word_1_145' title='bbox 1168 1073 1201 1101; x_wconf 87' lang='lat' dir='ltr'>et</span> <span class='ocrx_word' id='word_1_146' title='bbox 1227 1069 1386 1102; x_wconf 81' lang='lat' dir='ltr'>crismatis</span> <span class='ocrx_word' id='word_1_147' title='bbox 1409 1069 1618 1102; x_wconf 78' lang='lat' dir='ltr'>sacramentis</span> <span class='ocrx_word' id='word_1_148' title='bbox 1640 1068 1727 1099; x_wconf 87' lang='lat' dir='ltr'>viam</span> <span class='ocrx_word' id='word_1_149' title='bbox 1753 1067 1850 1098; x_wconf 80' lang='lat' dir='ltr'>fuisse</span> <span class='ocrx_word' id='word_1_150' title='bbox 1873 1067 1944 1098; x_wconf 92' lang='lat' dir='ltr'>uni-</span> 
     </span>
     <span class='ocr_line' id='line_1_16' title="bbox 288 1118 1943 1165; baseline -0.003 -10"><span class='ocrx_word' id='word_1_151' title='bbox 288 1133 380 1155; x_wconf 85' lang='lat' dir='ltr'>verse</span> <span class='ocrx_word' id='word_1_152' title='bbox 404 1123 508 1155; x_wconf 86' lang='lat' dir='ltr'>carnis</span> <span class='ocrx_word' id='word_1_153' title='bbox 531 1123 722 1165; x_wconf 86' lang='lat' dir='ltr'>ingressum,</span> <span class='ocrx_word' id='word_1_154' title='bbox 745 1122 922 1164; x_wconf 79' lang='lat' dir='ltr'>aliqualem</span> <span class='ocrx_word' id='word_1_155' title='bbox 944 1122 1077 1153; x_wconf 87' lang='lat' dir='ltr'>tristicie</span> <span class='ocrx_word' id='word_1_156' title='bbox 1101 1131 1232 1153; x_wconf 86' lang='lat' dir='ltr'>causam</span> <span class='ocrx_word' id='word_1_157' title='bbox 1256 1119 1374 1161; x_wconf 83' lang='lat' dir='ltr'>attulit,</span> <span class='ocrx_word' id='word_1_158' title='bbox 1399 1120 1475 1161; x_wconf 91' lang='lat' dir='ltr'>quia</span> <span class='ocrx_word' id='word_1_159' title='bbox 1497 1121 1524 1151; x_wconf 90' lang='lat' dir='ltr'>si</span> <span class='ocrx_word' id='word_1_160' title='bbox 1545 1119 1720 1162; x_wconf 74' lang='lat' dir='ltr'>placuisset</span> <span class='ocrx_word' id='word_1_161' title='bbox 1743 1122 1776 1151; x_wconf 88' lang='lat' dir='ltr'>et</span> <span class='ocrx_word' id='word_1_162' title='bbox 1790 1118 1943 1158; x_wconf 90' lang='lat' dir='ltr'>Domino,</span> 
     </span>
     <span class='ocr_line' id='line_1_17' title="bbox 288 1170 1947 1214; baseline -0.002 -8"><span class='ocrx_word' id='word_1_163' title='bbox 288 1175 328 1206; x_wconf 89' lang='lat' dir='ltr'>de</span> <span class='ocrx_word' id='word_1_164' title='bbox 352 1175 476 1206; x_wconf 87' lang='lat' dir='ltr'>aviticis</span> <span class='ocrx_word' id='word_1_165' title='bbox 500 1174 614 1206; x_wconf 84' lang='lat' dir='ltr'>fuisset</span> <span class='ocrx_word' id='word_1_166' title='bbox 637 1178 670 1206; x_wconf 90' lang='lat' dir='ltr'>et</span> <span class='ocrx_word' id='word_1_167' title='bbox 692 1175 786 1214; x_wconf 86' lang='lat' dir='ltr'>votis,</span> <span class='ocrx_word' id='word_1_168' title='bbox 809 1177 845 1205; x_wconf 91' lang='lat' dir='ltr'>ut</span> <span class='ocrx_word' id='word_1_169' title='bbox 868 1184 940 1206; x_wconf 89' lang='lat' dir='ltr'>eum</span> <span class='ocrx_word' id='word_1_170' title='bbox 957 1173 1143 1205; x_wconf 87' lang='lat' dir='ltr'>Altissimus</span> <span class='ocrx_word' id='word_1_171' title='bbox 1167 1172 1292 1205; x_wconf 87' lang='lat' dir='ltr'>dierum</span> <span class='ocrx_word' id='word_1_172' title='bbox 1315 1171 1515 1213; x_wconf 85' lang='lat' dir='ltr'>plenitudine</span> <span class='ocrx_word' id='word_1_173' title='bbox 1538 1170 1738 1213; x_wconf 83' lang='lat' dir='ltr'>replevisset.</span> <span class='ocrx_word' id='word_1_174' title='bbox 1783 1170 1947 1202; x_wconf 86' lang='lat' dir='ltr'>Instanter</span> 
     </span>
     <span class='ocr_line' id='line_1_18' title="bbox 287 1222 1948 1268; baseline -0.003 -10"><span class='ocrx_word' id='word_1_175' title='bbox 287 1230 396 1258; x_wconf 86' lang='lat' dir='ltr'>autem</span> <span class='ocrx_word' id='word_1_176' title='bbox 419 1226 549 1268; x_wconf 87' lang='lat' dir='ltr'>placida</span> <span class='ocrx_word' id='word_1_177' title='bbox 572 1226 805 1257; x_wconf 83' lang='lat' dir='ltr'>consolacionis</span> <span class='ocrx_word' id='word_1_178' title='bbox 828 1235 886 1256; x_wconf 92' lang='lat' dir='ltr'>nos</span> <span class='ocrx_word' id='word_1_179' title='bbox 910 1225 1065 1256; x_wconf 88' lang='lat' dir='ltr'>excitavit</span> <span class='ocrx_word' id='word_1_180' title='bbox 1087 1224 1225 1256; x_wconf 87' lang='lat' dir='ltr'>materia</span> <span class='ocrx_word' id='word_1_181' title='bbox 1248 1222 1448 1256; x_wconf 88' lang='lat' dir='ltr'>confidenter</span> <span class='ocrx_word' id='word_1_182' title='bbox 1469 1222 1641 1263; x_wconf 78' lang='lat' dir='ltr'>habentes,</span> <span class='ocrx_word' id='word_1_183' title='bbox 1663 1225 1701 1253; x_wconf 88' lang='lat' dir='ltr'>ut</span> <span class='ocrx_word' id='word_1_184' title='bbox 1723 1222 1778 1264; x_wconf 90' lang='lat' dir='ltr'>qui</span> <span class='ocrx_word' id='word_1_185' title='bbox 1800 1222 1866 1253; x_wconf 89' lang='lat' dir='ltr'>iam</span> <span class='ocrx_word' id='word_1_186' title='bbox 1889 1232 1948 1254; x_wconf 87' lang='lat' dir='ltr'>vos</span> 
     </span>
     <span class='ocr_line' id='line_1_19' title="bbox 287 1273 1948 1318; baseline -0.003 -9"><span class='ocrx_word' id='word_1_187' title='bbox 287 1278 318 1309; x_wconf 93' lang='lat' dir='ltr'>in</span> <span class='ocrx_word' id='word_1_188' title='bbox 343 1278 388 1309; x_wconf 90' lang='lat' dir='ltr'>sic</span> <span class='ocrx_word' id='word_1_189' title='bbox 411 1277 530 1309; x_wconf 89' lang='lat' dir='ltr'>teneris</span> <span class='ocrx_word' id='word_1_190' title='bbox 553 1278 643 1309; x_wconf 90' lang='lat' dir='ltr'>annis</span> <span class='ocrx_word' id='word_1_191' title='bbox 666 1278 781 1309; x_wconf 88' lang='lat' dir='ltr'>florere</span> <span class='ocrx_word' id='word_1_192' title='bbox 811 1277 911 1318; x_wconf 87' lang='lat' dir='ltr'>prolis</span> <span class='ocrx_word' id='word_1_193' title='bbox 934 1275 1118 1308; x_wconf 88' lang='lat' dir='ltr'>huiusmodi</span> <span class='ocrx_word' id='word_1_194' title='bbox 1146 1275 1251 1307; x_wconf 87' lang='lat' dir='ltr'>fructu</span> <span class='ocrx_word' id='word_1_195' title='bbox 1278 1274 1371 1315; x_wconf 88' lang='lat' dir='ltr'>fecit,</span> <span class='ocrx_word' id='word_1_196' title='bbox 1405 1273 1620 1316; x_wconf 83' lang='lat' dir='ltr'>multiplicata</span> <span class='ocrx_word' id='word_1_197' title='bbox 1653 1273 1763 1315; x_wconf 80' lang='lat' dir='ltr'>gracia</span> <span class='ocrx_word' id='word_1_198' title='bbox 1795 1273 1877 1304; x_wconf 88' lang='lat' dir='ltr'>alios</span> <span class='ocrx_word' id='word_1_199' title='bbox 1904 1283 1948 1305; x_wconf 86' lang='lat' dir='ltr'>ex</span> 
     </span>
     <span class='ocr_line' id='line_1_20' title="bbox 288 1324 1948 1371; baseline -0.003 -10"><span class='ocrx_word' id='word_1_200' title='bbox 288 1329 379 1361; x_wconf 92' lang='lat' dir='ltr'>vobis</span> <span class='ocrx_word' id='word_1_201' title='bbox 402 1329 532 1371; x_wconf 90' lang='lat' dir='ltr'>prodire</span> <span class='ocrx_word' id='word_1_202' title='bbox 562 1332 595 1360; x_wconf 90' lang='lat' dir='ltr'>et</span> <span class='ocrx_word' id='word_1_203' title='bbox 622 1329 804 1371; x_wconf 88' lang='lat' dir='ltr'>germinare</span> <span class='ocrx_word' id='word_1_204' title='bbox 832 1328 930 1360; x_wconf 85' lang='lat' dir='ltr'>faciet</span> <span class='ocrx_word' id='word_1_205' title='bbox 964 1328 1007 1359; x_wconf 89' lang='lat' dir='ltr'>ad</span> <span class='ocrx_word' id='word_1_206' title='bbox 1040 1327 1170 1359; x_wconf 88' lang='lat' dir='ltr'>laudem</span> <span class='ocrx_word' id='word_1_207' title='bbox 1205 1330 1238 1359; x_wconf 91' lang='lat' dir='ltr'>et</span> <span class='ocrx_word' id='word_1_208' title='bbox 1267 1326 1404 1368; x_wconf 78' lang='lat' dir='ltr'>gloriam</span> <span class='ocrx_word' id='word_1_209' title='bbox 1428 1325 1615 1358; x_wconf 85' lang='lat' dir='ltr'>Salvatoris.</span> <span class='ocrx_word' id='word_1_210' title='bbox 1709 1324 1758 1367; x_wconf 84' lang='lat'>(3)</span> <span class='ocrx_word' id='word_1_211' title='bbox 1786 1324 1837 1356; x_wconf 94' lang='lat' dir='ltr'>De</span> <span class='ocrx_word' id='word_1_212' title='bbox 1861 1327 1948 1357; x_wconf 85' lang='lat' dir='ltr'>statu</span> 
     </span>
     <span class='ocr_line' id='line_1_21' title="bbox 288 1376 1949 1422; baseline -0.004 -9"><span class='ocrx_word' id='word_1_213' title='bbox 288 1385 398 1413; x_wconf 88' lang='lat' dir='ltr'>autem</span> <span class='ocrx_word' id='word_1_214' title='bbox 422 1380 612 1413; x_wconf 87' lang='lat' dir='ltr'>excellentis</span> <span class='ocrx_word' id='word_1_215' title='bbox 634 1380 786 1422; x_wconf 88' lang='lat' dir='ltr'>principis</span> <span class='ocrx_word' id='word_1_216' title='bbox 802 1379 968 1411; x_wconf 87' lang='lat' dir='ltr'>Frederici</span> <span class='ocrx_word' id='word_1_217' title='bbox 984 1379 1206 1411; x_wconf 88' lang='lat' dir='ltr'>Romanorum</span> <span class='ocrx_word' id='word_1_218' title='bbox 1228 1379 1315 1419; x_wconf 90' lang='lat' dir='ltr'>regis</span> <span class='ocrx_word' id='word_1_219' title='bbox 1331 1377 1390 1409; x_wconf 89' lang='lat' dir='ltr'>viri</span> <span class='ocrx_word' id='word_1_220' title='bbox 1405 1378 1503 1409; x_wconf 86' lang='lat' dir='ltr'>vestri</span> <span class='ocrx_word' id='word_1_221' title='bbox 1522 1377 1645 1419; x_wconf 88' lang='lat' dir='ltr'>filiique</span> <span class='ocrx_word' id='word_1_222' title='bbox 1664 1376 1765 1408; x_wconf 87' lang='lat' dir='ltr'>nostri</span> <span class='ocrx_word' id='word_1_223' title='bbox 1786 1376 1949 1408; x_wconf 80' lang='lat' dir='ltr'>karissimi</span> 
     </span>
     <span class='ocr_line' id='line_1_22' title="bbox 289 1427 1947 1474; baseline -0.003 -10"><span class='ocrx_word' id='word_1_224' title='bbox 289 1437 386 1474; x_wconf 89' lang='lat' dir='ltr'>atque</span> <span class='ocrx_word' id='word_1_225' title='bbox 410 1436 517 1464; x_wconf 88' lang='lat' dir='ltr'>vestro</span> <span class='ocrx_word' id='word_1_226' title='bbox 542 1443 639 1474; x_wconf 86' lang='lat' dir='ltr'>quem</span> <span class='ocrx_word' id='word_1_227' title='bbox 655 1433 796 1464; x_wconf 85' lang='lat' dir='ltr'>votivum</span> <span class='ocrx_word' id='word_1_228' title='bbox 822 1434 856 1463; x_wconf 89' lang='lat' dir='ltr'>et</span> <span class='ocrx_word' id='word_1_229' title='bbox 878 1431 1074 1463; x_wconf 88' lang='lat' dir='ltr'>incolumem</span> <span class='ocrx_word' id='word_1_230' title='bbox 1090 1430 1262 1462; x_wconf 87' lang='lat' dir='ltr'>intimastis</span> <span class='ocrx_word' id='word_1_231' title='bbox 1286 1432 1319 1462; x_wconf 91' lang='lat' dir='ltr'>et</span> <span class='ocrx_word' id='word_1_232' title='bbox 1342 1428 1383 1461; x_wconf 87' lang='lat' dir='ltr'>de</span> <span class='ocrx_word' id='word_1_233' title='bbox 1404 1429 1591 1470; x_wconf 85' lang='lat' dir='ltr'>significatis</span> <span class='ocrx_word' id='word_1_234' title='bbox 1613 1429 1713 1470; x_wconf 90' lang='lat' dir='ltr'>ipsius</span> <span class='ocrx_word' id='word_1_235' title='bbox 1735 1429 1822 1470; x_wconf 85' lang='lat' dir='ltr'>regis</span> <span class='ocrx_word' id='word_1_236' title='bbox 1844 1427 1947 1460; x_wconf 86' lang='lat' dir='ltr'>felici-</span> 
     </span>
     <span class='ocr_line' id='line_1_23' title="bbox 287 1480 1949 1524; baseline -0.002 -9"><span class='ocrx_word' id='word_1_237' title='bbox 287 1484 347 1515; x_wconf 93' lang='lat' dir='ltr'>bus</span> <span class='ocrx_word' id='word_1_238' title='bbox 370 1484 570 1515; x_wconf 87' lang='lat' dir='ltr'>successibus</span> <span class='ocrx_word' id='word_1_239' title='bbox 593 1488 704 1516; x_wconf 87' lang='lat' dir='ltr'>contra</span> <span class='ocrx_word' id='word_1_240' title='bbox 726 1484 837 1515; x_wconf 89' lang='lat' dir='ltr'>hostes</span> <span class='ocrx_word' id='word_1_241' title='bbox 860 1483 979 1515; x_wconf 85' lang='lat' dir='ltr'>fuimus</span> <span class='ocrx_word' id='word_1_242' title='bbox 1001 1483 1146 1514; x_wconf 87' lang='lat' dir='ltr'>novitate</span> <span class='ocrx_word' id='word_1_243' title='bbox 1169 1481 1280 1524; x_wconf 85' lang='lat' dir='ltr'>gaudii</span> <span class='ocrx_word' id='word_1_244' title='bbox 1302 1482 1460 1521; x_wconf 87' lang='lat' dir='ltr'>renovati,</span> <span class='ocrx_word' id='word_1_245' title='bbox 1483 1480 1526 1512; x_wconf 87' lang='lat' dir='ltr'>ab</span> <span class='ocrx_word' id='word_1_246' title='bbox 1549 1481 1615 1514; x_wconf 86' lang='lat' dir='ltr'>alto</span> <span class='ocrx_word' id='word_1_247' title='bbox 1631 1483 1790 1522; x_wconf 85' lang='lat' dir='ltr'>petentes,</span> <span class='ocrx_word' id='word_1_248' title='bbox 1813 1482 1850 1511; x_wconf 82' lang='lat' dir='ltr'>ut</span> <span class='ocrx_word' id='word_1_249' title='bbox 1873 1490 1949 1512; x_wconf 90' lang='lat' dir='ltr'>eum</span> 
     </span>
     <span class='ocr_line' id='line_1_24' title="bbox 289 1532 1948 1576; baseline -0.002 -9"><span class='ocrx_word' id='word_1_250' title='bbox 289 1540 321 1568; x_wconf 83' lang='lat' dir='ltr'>et</span> <span class='ocrx_word' id='word_1_251' title='bbox 350 1546 407 1567; x_wconf 88' lang='lat' dir='ltr'>vos</span> <span class='ocrx_word' id='word_1_252' title='bbox 441 1535 540 1567; x_wconf 85' lang='lat' dir='ltr'>faeiat</span> <span class='ocrx_word' id='word_1_253' title='bbox 568 1535 748 1567; x_wconf 56' lang='lat' dir='ltr'>Dominum·</span> <span class='ocrx_word' id='word_1_254' title='bbox 780 1536 813 1567; x_wconf 92' lang='lat' dir='ltr'>in</span> <span class='ocrx_word' id='word_1_255' title='bbox 847 1536 969 1567; x_wconf 86' lang='lat' dir='ltr'>cunctis</span> <span class='ocrx_word' id='word_1_256' title='bbox 1003 1534 1138 1576; x_wconf 83' lang='lat' dir='ltr'>agendis</span> <span class='ocrx_word' id='word_1_257' title='bbox 1172 1534 1355 1575; x_wconf 91' lang='lat' dir='ltr'>prosperari</span> <span class='ocrx_word' id='word_1_258' title='bbox 1394 1533 1533 1565; x_wconf 85' lang='lat' dir='ltr'>feliciter</span> <span class='ocrx_word' id='word_1_259' title='bbox 1571 1535 1604 1564; x_wconf 91' lang='lat' dir='ltr'>et</span> <span class='ocrx_word' id='word_1_260' title='bbox 1640 1532 1709 1574; x_wconf 85' lang='lat' dir='ltr'>iugi</span> <span class='ocrx_word' id='word_1_261' title='bbox 1742 1532 1948 1573; x_wconf 88' lang='lat' dir='ltr'>proteccione</span> 
     </span>
     <span class='ocr_line' id='line_1_25' title="bbox 289 1583 1948 1628; baseline -0.004 -8"><span class='ocrx_word' id='word_1_262' title='bbox 289 1587 452 1620; x_wconf 87' lang='lat' dir='ltr'>defendat.</span> <span class='ocrx_word' id='word_1_263' title='bbox 554 1590 598 1628; x_wconf 87' lang='lat'>(4)</span> <span class='ocrx_word' id='word_1_264' title='bbox 633 1588 758 1620; x_wconf 88' lang='lat' dir='ltr'>Rursus</span> <span class='ocrx_word' id='word_1_265' title='bbox 791 1591 957 1620; x_wconf 87' lang='lat' dir='ltr'>contracta</span> <span class='ocrx_word' id='word_1_266' title='bbox 991 1587 1104 1619; x_wconf 83' lang='lat' dir='ltr'>federa</span> <span class='ocrx_word' id='word_1_267' title='bbox 1138 1586 1254 1628; x_wconf 92' lang='lat' dir='ltr'>copule</span> <span class='ocrx_word' id='word_1_268' title='bbox 1290 1585 1468 1627; x_wconf 89' lang='lat' dir='ltr'>coniugalis</span> <span class='ocrx_word' id='word_1_269' title='bbox 1501 1585 1585 1616; x_wconf 84' lang='lat' dir='ltr'>inter</span> <span class='ocrx_word' id='word_1_270' title='bbox 1618 1584 1764 1615; x_wconf 85' lang='lat' dir='ltr'>inclitum</span> <span class='ocrx_word' id='word_1_271' title='bbox 1790 1583 1948 1615; x_wconf 85' lang='lat' dir='ltr'>Karolum</span> 
     </span>
     <span class='ocr_line' id='line_1_26' title="bbox 288 1635 1949 1682; baseline -0.002 -11"><span class='ocrx_word' id='word_1_272' title='bbox 288 1640 419 1671; x_wconf 88' lang='lat' dir='ltr'>illustris</span> <span class='ocrx_word' id='word_1_273' title='bbox 442 1641 528 1682; x_wconf 88' lang='lat' dir='ltr'>regis</span> <span class='ocrx_word' id='word_1_274' title='bbox 544 1639 681 1671; x_wconf 88' lang='lat' dir='ltr'>Roberti</span> <span class='ocrx_word' id='word_1_275' title='bbox 703 1639 804 1671; x_wconf 92' lang='lat' dir='ltr'>filium</span> <span class='ocrx_word' id='word_1_276' title='bbox 827 1639 1033 1672; x_wconf 87' lang='lat' dir='ltr'>karissimum</span> <span class='ocrx_word' id='word_1_277' title='bbox 1056 1642 1210 1681; x_wconf 90' lang='lat' dir='ltr'>nepotem</span> <span class='ocrx_word' id='word_1_278' title='bbox 1233 1640 1378 1670; x_wconf 88' lang='lat' dir='ltr'>nostrum</span> <span class='ocrx_word' id='word_1_279' title='bbox 1402 1640 1435 1670; x_wconf 86' lang='lat' dir='ltr'>et</span> <span class='ocrx_word' id='word_1_280' title='bbox 1456 1637 1637 1680; x_wconf 82' lang='lat' dir='ltr'>preclaram</span> <span class='ocrx_word' id='word_1_281' title='bbox 1656 1635 1848 1668; x_wconf 87' lang='lat' dir='ltr'>Katerinam</span> <span class='ocrx_word' id='word_1_282' title='bbox 1871 1635 1949 1667; x_wconf 88' lang='lat' dir='ltr'>dicti</span> 
     </span>
     <span class='ocr_line' id='line_1_27' title="bbox 288 1687 1949 1734; baseline -0.003 -11"><span class='ocrx_word' id='word_1_283' title='bbox 288 1692 508 1724; x_wconf 87' lang='lat' dir='ltr'>Romanorum</span> <span class='ocrx_word' id='word_1_284' title='bbox 533 1692 619 1734; x_wconf 87' lang='lat' dir='ltr'>regis</span> <span class='ocrx_word' id='word_1_285' title='bbox 642 1702 786 1724; x_wconf 91' lang='lat' dir='ltr'>sororem</span> <span class='ocrx_word' id='word_1_286' title='bbox 809 1695 842 1724; x_wconf 91' lang='lat' dir='ltr'>et</span> <span class='ocrx_word' id='word_1_287' title='bbox 864 1692 972 1733; x_wconf 87' lang='lat' dir='ltr'>vestri,</span> <span class='ocrx_word' id='word_1_288' title='bbox 997 1701 1060 1733; x_wconf 90' lang='lat' dir='ltr'>que</span> <span class='ocrx_word' id='word_1_289' title='bbox 1083 1691 1176 1723; x_wconf 89' lang='lat' dir='ltr'>nobis</span> <span class='ocrx_word' id='word_1_290' title='bbox 1198 1691 1231 1722; x_wconf 91' lang='lat' dir='ltr'>in</span> <span class='ocrx_word' id='word_1_291' title='bbox 1254 1689 1346 1722; x_wconf 88' lang='lat' dir='ltr'>dictis</span> <span class='ocrx_word' id='word_1_292' title='bbox 1361 1689 1477 1722; x_wconf 84' lang='lat' dir='ltr'>vestris</span> <span class='ocrx_word' id='word_1_293' title='bbox 1492 1688 1606 1719; x_wconf 90' lang='lat' dir='ltr'>litteris</span> <span class='ocrx_word' id='word_1_294' title='bbox 1628 1687 1796 1727; x_wconf 85' lang='lat' dir='ltr'>reseristis,</span> <span class='ocrx_word' id='word_1_295' title='bbox 1818 1687 1949 1729; x_wconf 88' lang='lat' dir='ltr'>placida</span> 
     </span>
    </p>
   </div>
   <div class='ocr_carea' id='block_1_5' title="bbox 1964 868 1989 888">
    <p class='ocr_par' dir='ltr' id='par_1_6' title="bbox 1964 868 1989 888">
     <span class='ocr_line' id='line_1_28' title="bbox 1964 868 1989 888; baseline 0 0"><span class='ocrx_word' id='word_1_296' title='bbox 1964 868 1989 888; x_wconf 80' lang='grc'>10</span> 
     </span>
    </p>
   </div>
   <div class='ocr_carea' id='block_1_6' title="bbox 1962 1124 1988 1145">
    <p class='ocr_par' dir='ltr' id='par_1_7' title="bbox 1962 1124 1988 1145">
     <span class='ocr_line' id='line_1_29' title="bbox 1962 1124 1988 1145; baseline -0.038 0"><span class='ocrx_word' id='word_1_297' title='bbox 1962 1124 1988 1145; x_wconf 71' lang='grc' dir='ltr'>Ιδ</span> 
     </span>
    </p>
   </div>
   <div class='ocr_carea' id='block_1_7' title="bbox 1966 1645 1992 1665">
    <p class='ocr_par' dir='ltr' id='par_1_8' title="bbox 1966 1645 1992 1665">
     <span class='ocr_line' id='line_1_30' title="bbox 1966 1645 1992 1665; baseline 0 0"><span class='ocrx_word' id='word_1_298' title='bbox 1966 1645 1992 1665; x_wconf 75' lang='lat'>25</span> 
     </span>
    </p>
   </div>
   <div class='ocr_carea' id='block_1_8' title="bbox 289 1739 1966 1785">
    <p class='ocr_par' dir='ltr' id='par_1_9' title="bbox 289 1739 1966 1785">
     <span class='ocr_line' id='line_1_31' title="bbox 289 1739 1966 1785; baseline -0.002 -11"><span class='ocrx_word' id='word_1_299' title='bbox 289 1743 460 1775; x_wconf 85' lang='lat' dir='ltr'>habuimus</span> <span class='ocrx_word' id='word_1_300' title='bbox 483 1754 587 1785; x_wconf 89' lang='lat' dir='ltr'>acque</span> <span class='ocrx_word' id='word_1_301' title='bbox 610 1746 713 1785; x_wconf 88' lang='lat' dir='ltr'>grata,</span> <span class='ocrx_word' id='word_1_302' title='bbox 737 1747 906 1785; x_wconf 84' lang='lat' dir='ltr'>sperantes</span> <span class='ocrx_word' id='word_1_303' title='bbox 930 1743 1049 1775; x_wconf 85' lang='lat' dir='ltr'>exinde</span> <span class='ocrx_word' id='word_1_304' title='bbox 1073 1746 1228 1785; x_wconf 83' lang='lat' dir='ltr'>operante</span> <span class='ocrx_word' id='word_1_305' title='bbox 1244 1742 1308 1774; x_wconf 91' lang='lat' dir='ltr'>Dei</span> <span class='ocrx_word' id='word_1_306' title='bbox 1322 1741 1500 1775; x_wconf 82' lang='lat' dir='ltr'>ministerio</span> <span class='ocrx_word' id='word_1_307' title='bbox 1518 1739 1639 1772; x_wconf 88' lang='lat' dir='ltr'>debere</span> <span class='ocrx_word' id='word_1_308' title='bbox 1660 1739 1838 1781; x_wconf 87' lang='lat' dir='ltr'>procedere</span> <span class='ocrx_word' id='word_1_309' title='bbox 1862 1739 1966 1783; x_wconf 47' lang='lat' dir='ltr'>bona·</span> 
     </span>
    </p>
   </div>
   <div class='ocr_carea' id='block_1_9' title="bbox 287 1791 1951 2565">
    <p class='ocr_par' dir='ltr' id='par_1_10' title="bbox 287 1791 1951 2565">
     <span class='ocr_line' id='line_1_32' title="bbox 287 1791 1948 1837; baseline -0.003 -11"><span class='ocrx_word' id='word_1_310' title='bbox 287 1795 399 1826; x_wconf 87' lang='lat' dir='ltr'>multa.</span> <span class='ocrx_word' id='word_1_311' title='bbox 489 1795 539 1835; x_wconf 83' lang='lat'>(5)</span> <span class='ocrx_word' id='word_1_312' title='bbox 562 1795 616 1826; x_wconf 87' lang='lat' dir='ltr'>Ad</span> <span class='ocrx_word' id='word_1_313' title='bbox 645 1795 678 1826; x_wconf 92' lang='lat' dir='ltr'>id</span> <span class='ocrx_word' id='word_1_314' title='bbox 707 1806 801 1835; x_wconf 89' lang='lat' dir='ltr'>vero,</span> <span class='ocrx_word' id='word_1_315' title='bbox 837 1795 923 1837; x_wconf 93' lang='lat' dir='ltr'>quod</span> <span class='ocrx_word' id='word_1_316' title='bbox 951 1795 1126 1837; x_wconf 83' lang='lat' dir='ltr'>petivistis,</span> <span class='ocrx_word' id='word_1_317' title='bbox 1158 1798 1193 1826; x_wconf 92' lang='lat' dir='ltr'>ut</span> <span class='ocrx_word' id='word_1_318' title='bbox 1221 1794 1329 1826; x_wconf 84' lang='lat' dir='ltr'>futuro</span> <span class='ocrx_word' id='word_1_319' title='bbox 1359 1803 1484 1826; x_wconf 87' lang='lat' dir='ltr'>summo</span> <span class='ocrx_word' id='word_1_320' title='bbox 1515 1791 1659 1834; x_wconf 87' lang='lat' dir='ltr'>pontifici</span> <span class='ocrx_word' id='word_1_321' title='bbox 1687 1791 1807 1822; x_wconf 88' lang='lat' dir='ltr'>dictum</span> <span class='ocrx_word' id='word_1_322' title='bbox 1835 1800 1948 1832; x_wconf 84' lang='lat' dir='ltr'>regem</span> 
     </span>
     <span class='ocr_line' id='line_1_33' title="bbox 289 1842 1950 1886; baseline -0.003 -8"><span class='ocrx_word' id='word_1_323' title='bbox 289 1848 391 1878; x_wconf 87' lang='lat' dir='ltr'>virum</span> <span class='ocrx_word' id='word_1_324' title='bbox 414 1850 556 1878; x_wconf 89' lang='lat' dir='ltr'>vestrum</span> <span class='ocrx_word' id='word_1_325' title='bbox 587 1850 620 1878; x_wconf 91' lang='lat' dir='ltr'>et</span> <span class='ocrx_word' id='word_1_326' title='bbox 648 1857 705 1878; x_wconf 88' lang='lat' dir='ltr'>vos</span> <span class='ocrx_word' id='word_1_327' title='bbox 734 1846 939 1878; x_wconf 86' lang='lat' dir='ltr'>studeremus</span> <span class='ocrx_word' id='word_1_328' title='bbox 965 1847 1214 1886; x_wconf 88' lang='lat' dir='ltr'>recomendare,</span> <span class='ocrx_word' id='word_1_329' title='bbox 1249 1845 1427 1881; x_wconf 84' lang='lat' dir='ltr'>obtinendo</span> <span class='ocrx_word' id='word_1_330' title='bbox 1457 1844 1548 1876; x_wconf 88' lang='lat' dir='ltr'>vobis</span> <span class='ocrx_word' id='word_1_331' title='bbox 1580 1854 1640 1885; x_wconf 89' lang='lat' dir='ltr'>per</span> <span class='ocrx_word' id='word_1_332' title='bbox 1669 1844 1738 1875; x_wconf 86' lang='lat' dir='ltr'>vias</span> <span class='ocrx_word' id='word_1_333' title='bbox 1772 1846 1806 1874; x_wconf 91' lang='lat' dir='ltr'>et</span> <span class='ocrx_word' id='word_1_334' title='bbox 1833 1842 1950 1874; x_wconf 87' lang='lat' dir='ltr'>modos</span> 
     </span>
     <span class='ocr_line' id='line_1_34' title="bbox 290 1893 1950 1940; baseline -0.003 -11"><span class='ocrx_word' id='word_1_335' title='bbox 290 1898 403 1940; x_wconf 90' lang='lat' dir='ltr'>quibus</span> <span class='ocrx_word' id='word_1_336' title='bbox 426 1909 595 1940; x_wconf 88' lang='lat' dir='ltr'>possemus</span> <span class='ocrx_word' id='word_1_337' title='bbox 618 1899 718 1940; x_wconf 89' lang='lat' dir='ltr'>ipsius</span> <span class='ocrx_word' id='word_1_338' title='bbox 742 1899 886 1940; x_wconf 82' lang='lat' dir='ltr'>graciam</span> <span class='ocrx_word' id='word_1_339' title='bbox 914 1902 947 1930; x_wconf 91' lang='lat' dir='ltr'>et</span> <span class='ocrx_word' id='word_1_340' title='bbox 974 1899 1134 1939; x_wconf 86' lang='lat' dir='ltr'>favorem,</span> <span class='ocrx_word' id='word_1_341' title='bbox 1169 1898 1322 1930; x_wconf 87' lang='lat' dir='ltr'>filiacioni</span> <span class='ocrx_word' id='word_1_342' title='bbox 1343 1900 1450 1930; x_wconf 84' lang='lat' dir='ltr'>vestre</span> <span class='ocrx_word' id='word_1_343' title='bbox 1474 1895 1696 1936; x_wconf 84' lang='lat' dir='ltr'>rescribimus,</span> <span class='ocrx_word' id='word_1_344' title='bbox 1727 1894 1814 1936; x_wconf 92' lang='lat' dir='ltr'>quod</span> <span class='ocrx_word' id='word_1_345' title='bbox 1836 1893 1950 1926; x_wconf 88' lang='lat' dir='ltr'>habita</span> 
     </span>
     <span class='ocr_line' id='line_1_35' title="bbox 288 1945 1950 1991; baseline -0.003 -10"><span class='ocrx_word' id='word_1_346' title='bbox 288 1960 391 1991; x_wconf 89' lang='lat' dir='ltr'>nuper</span> <span class='ocrx_word' id='word_1_347' title='bbox 419 1950 654 1982; x_wconf 88' lang='lat' dir='ltr'>certificacione</span> <span class='ocrx_word' id='word_1_348' title='bbox 683 1950 724 1981; x_wconf 90' lang='lat' dir='ltr'>de</span> <span class='ocrx_word' id='word_1_349' title='bbox 747 1960 831 1981; x_wconf 88' lang='lat' dir='ltr'>nova</span> <span class='ocrx_word' id='word_1_350' title='bbox 854 1951 1023 1982; x_wconf 86' lang='lat' dir='ltr'>creacione</span> <span class='ocrx_word' id='word_1_351' title='bbox 1053 1951 1169 1982; x_wconf 90' lang='lat' dir='ltr'>summi</span> <span class='ocrx_word' id='word_1_352' title='bbox 1197 1949 1370 1991; x_wconf 85' lang='lat' dir='ltr'>pontificis,</span> <span class='ocrx_word' id='word_1_353' title='bbox 1398 1949 1439 1980; x_wconf 90' lang='lat' dir='ltr'>de</span> <span class='ocrx_word' id='word_1_354' title='bbox 1469 1958 1533 1990; x_wconf 89' lang='lat' dir='ltr'>qua</span> <span class='ocrx_word' id='word_1_355' title='bbox 1561 1950 1680 1979; x_wconf 86' lang='lat' dir='ltr'>extunc</span> <span class='ocrx_word' id='word_1_356' title='bbox 1702 1957 1761 1978; x_wconf 89' lang='lat' dir='ltr'>vos</span> <span class='ocrx_word' id='word_1_357' title='bbox 1788 1945 1950 1977; x_wconf 86' lang='lat' dir='ltr'>credimus</span> 
     </span>
     <span class='ocr_line' id='line_1_36' title="bbox 289 1997 1950 2043; baseline -0.004 -10"><span class='ocrx_word' id='word_1_358' title='bbox 289 2001 507 2042; x_wconf 83' lang='lat' dir='ltr'>informatam,</span> <span class='ocrx_word' id='word_1_359' title='bbox 530 2002 676 2033; x_wconf 90' lang='lat' dir='ltr'>misimus</span> <span class='ocrx_word' id='word_1_360' title='bbox 695 2001 892 2043; x_wconf 88' lang='lat' dir='ltr'>sollempnes</span> <span class='ocrx_word' id='word_1_361' title='bbox 908 2002 1041 2033; x_wconf 88' lang='lat' dir='ltr'>nuncios</span> <span class='ocrx_word' id='word_1_362' title='bbox 1057 2005 1203 2034; x_wconf 63' lang='lat' dir='ltr'>nostros*</span> <span class='ocrx_word' id='word_1_363' title='bbox 1226 2001 1268 2034; x_wconf 86' lang='lat' dir='ltr'>ad</span> <span class='ocrx_word' id='word_1_364' title='bbox 1292 2002 1361 2034; x_wconf 87' lang='lat' dir='ltr'>eius</span> <span class='ocrx_word' id='word_1_365' title='bbox 1383 1999 1595 2042; x_wconf 86' lang='lat' dir='ltr'>presenciam,</span> <span class='ocrx_word' id='word_1_366' title='bbox 1619 2009 1700 2040; x_wconf 91' lang='lat' dir='ltr'>quos</span> <span class='ocrx_word' id='word_1_367' title='bbox 1723 2008 1782 2039; x_wconf 88' lang='lat' dir='ltr'>pro</span> <span class='ocrx_word' id='word_1_368' title='bbox 1805 1997 1950 2038; x_wconf 86' lang='lat' dir='ltr'>negociis</span> 
     </span>
     <span class='ocr_line' id='line_1_37' title="bbox 291 2049 1948 2095; baseline -0.003 -11"><span class='ocrx_word' id='word_1_369' title='bbox 291 2053 461 2084; x_wconf 86' lang='lat' dir='ltr'>memorati</span> <span class='ocrx_word' id='word_1_370' title='bbox 487 2054 573 2094; x_wconf 86' lang='lat' dir='ltr'>regis</span> <span class='ocrx_word' id='word_1_371' title='bbox 603 2053 740 2085; x_wconf 87' lang='lat' dir='ltr'>feliciter</span> <span class='ocrx_word' id='word_1_372' title='bbox 762 2053 939 2095; x_wconf 88' lang='lat' dir='ltr'>dirigendis</span> <span class='ocrx_word' id='word_1_373' title='bbox 970 2053 1216 2095; x_wconf 87' lang='lat' dir='ltr'>assistendoque</span> <span class='ocrx_word' id='word_1_374' title='bbox 1243 2053 1379 2094; x_wconf 84' lang='lat' dir='ltr'>auxilio,</span> <span class='ocrx_word' id='word_1_375' title='bbox 1414 2052 1547 2084; x_wconf 89' lang='lat' dir='ltr'>consilio</span> <span class='ocrx_word' id='word_1_376' title='bbox 1579 2053 1614 2083; x_wconf 91' lang='lat' dir='ltr'>et</span> <span class='ocrx_word' id='word_1_377' title='bbox 1638 2050 1750 2082; x_wconf 79' lang='lat' dir='ltr'>favore</span> <span class='ocrx_word' id='word_1_378' title='bbox 1780 2049 1948 2081; x_wconf 85' lang='lat' dir='ltr'>ambaxia-</span> 
     </span>
     <span class='ocr_line' id='line_1_38' title="bbox 290 2100 1948 2147; baseline -0.003 -11"><span class='ocrx_word' id='word_1_379' title='bbox 290 2105 413 2136; x_wconf 90' lang='lat' dir='ltr'>toribus</span> <span class='ocrx_word' id='word_1_380' title='bbox 443 2106 530 2147; x_wconf 88' lang='lat' dir='ltr'>regis</span> <span class='ocrx_word' id='word_1_381' title='bbox 561 2105 677 2147; x_wconf 90' lang='lat' dir='ltr'>ipsius,</span> <span class='ocrx_word' id='word_1_382' title='bbox 713 2115 794 2146; x_wconf 92' lang='lat' dir='ltr'>quos</span> <span class='ocrx_word' id='word_1_383' title='bbox 828 2116 902 2136; x_wconf 90' lang='lat' dir='ltr'>eum</span> <span class='ocrx_word' id='word_1_384' title='bbox 932 2106 1056 2138; x_wconf 88' lang='lat' dir='ltr'>misisse</span> <span class='ocrx_word' id='word_1_385' title='bbox 1080 2106 1132 2138; x_wconf 89' lang='lat' dir='ltr'>vel</span> <span class='ocrx_word' id='word_1_386' title='bbox 1161 2106 1332 2137; x_wconf 83' lang='lat' dir='ltr'>missurum</span> <span class='ocrx_word' id='word_1_387' title='bbox 1362 2105 1511 2146; x_wconf 85' lang='lat' dir='ltr'>proximo</span> <span class='ocrx_word' id='word_1_388' title='bbox 1546 2102 1588 2134; x_wconf 89' lang='lat' dir='ltr'>ad</span> <span class='ocrx_word' id='word_1_389' title='bbox 1611 2102 1793 2134; x_wconf 85' lang='lat' dir='ltr'>Romanam</span> <span class='ocrx_word' id='word_1_390' title='bbox 1827 2100 1948 2131; x_wconf 87' lang='lat' dir='ltr'>curiam</span> 
     </span>
     <span class='ocr_line' id='line_1_39' title="bbox 290 2154 1948 2199; baseline -0.002 -12"><span class='ocrx_word' id='word_1_391' title='bbox 290 2156 494 2197; x_wconf 83' lang='lat' dir='ltr'>arbitramur,</span> <span class='ocrx_word' id='word_1_392' title='bbox 518 2157 704 2198; x_wconf 87' lang='lat' dir='ltr'>specialiter</span> <span class='ocrx_word' id='word_1_393' title='bbox 727 2160 759 2188; x_wconf 91' lang='lat' dir='ltr'>et</span> <span class='ocrx_word' id='word_1_394' title='bbox 777 2167 930 2199; x_wconf 88' lang='lat' dir='ltr'>expresse</span> <span class='ocrx_word' id='word_1_395' title='bbox 947 2158 1098 2189; x_wconf 87' lang='lat' dir='ltr'>duximus</span> <span class='ocrx_word' id='word_1_396' title='bbox 1114 2157 1345 2190; x_wconf 85' lang='lat' dir='ltr'>informandos.</span> <span class='ocrx_word' id='word_1_397' title='bbox 1427 2155 1475 2198; x_wconf 87' lang='grc'>(6)</span> <span class='ocrx_word' id='word_1_398' title='bbox 1497 2154 1701 2186; x_wconf 86' lang='lat' dir='ltr'>Peticionem</span> <span class='ocrx_word' id='word_1_399' title='bbox 1720 2156 1830 2185; x_wconf 86' lang='lat' dir='ltr'>autem</span> <span class='ocrx_word' id='word_1_400' title='bbox 1851 2162 1948 2194; x_wconf 89' lang='lat' dir='ltr'>quam</span> 
     </span>
     <span class='ocr_line' id='line_1_40' title="bbox 290 2207 1949 2251; baseline -0.003 -12"><span class='ocrx_word' id='word_1_401' title='bbox 290 2208 411 2239; x_wconf 86' lang='lat' dir='ltr'>fecistis</span> <span class='ocrx_word' id='word_1_402' title='bbox 443 2207 536 2239; x_wconf 90' lang='lat' dir='ltr'>nobis</span> <span class='ocrx_word' id='word_1_403' title='bbox 569 2219 628 2250; x_wconf 91' lang='lat' dir='ltr'>pro</span> <span class='ocrx_word' id='word_1_404' title='bbox 655 2208 841 2240; x_wconf 89' lang='lat' dir='ltr'>Alamanda</span> <span class='ocrx_word' id='word_1_405' title='bbox 869 2208 1015 2251; x_wconf 76' lang='lat' dir='ltr'>Sapereb</span> <span class='ocrx_word' id='word_1_406' title='bbox 1045 2213 1080 2241; x_wconf 87' lang='lat' dir='ltr'>et</span> <span class='ocrx_word' id='word_1_407' title='bbox 1111 2220 1170 2251; x_wconf 89' lang='lat' dir='ltr'>pro</span> <span class='ocrx_word' id='word_1_408' title='bbox 1205 2209 1305 2242; x_wconf 86' lang='lat' dir='ltr'>fratre</span> <span class='ocrx_word' id='word_1_409' title='bbox 1339 2207 1487 2249; x_wconf 84' lang='lat' dir='ltr'>magistri</span> <span class='ocrx_word' id='word_1_410' title='bbox 1521 2216 1648 2238; x_wconf 90' lang='lat' dir='ltr'>camere</span> <span class='ocrx_word' id='word_1_411' title='bbox 1682 2208 1788 2236; x_wconf 86' lang='lat' dir='ltr'>vestre</span> <span class='ocrx_word' id='word_1_412' title='bbox 1823 2207 1856 2236; x_wconf 87' lang='lat' dir='ltr'>et</span> <span class='ocrx_word' id='word_1_413' title='bbox 1889 2214 1949 2246; x_wconf 88' lang='lat' dir='ltr'>pro</span> 
     </span>
     <span class='ocr_line' id='line_1_41' title="bbox 290 2256 1951 2303; baseline -0.003 -12"><span class='ocrx_word' id='word_1_414' title='bbox 290 2259 490 2302; x_wconf 87' lang='lat' dir='ltr'>Berengario</span> <span class='ocrx_word' id='word_1_415' title='bbox 511 2259 658 2303; x_wconf 83' lang='lat' dir='ltr'>Sa[p]era</span> <span class='ocrx_word' id='word_1_416' title='bbox 682 2260 905 2293; x_wconf 85' lang='lat' dir='ltr'>favorabiliter</span> <span class='ocrx_word' id='word_1_417' title='bbox 928 2262 1130 2303; x_wconf 87' lang='lat' dir='ltr'>exequimur.</span> <span class='ocrx_word' id='word_1_418' title='bbox 1213 2260 1260 2303; x_wconf 87' lang='lat'>(7)</span> <span class='ocrx_word' id='word_1_419' title='bbox 1284 2260 1434 2302; x_wconf 89' lang='lat' dir='ltr'>Denique</span> <span class='ocrx_word' id='word_1_420' title='bbox 1459 2259 1534 2301; x_wconf 87' lang='lat' dir='ltr'>quia</span> <span class='ocrx_word' id='word_1_421' title='bbox 1557 2257 1598 2289; x_wconf 89' lang='lat' dir='ltr'>de</span> <span class='ocrx_word' id='word_1_422' title='bbox 1622 2256 1824 2289; x_wconf 86' lang='lat' dir='ltr'>continencia</span> <span class='ocrx_word' id='word_1_423' title='bbox 1846 2258 1951 2287; x_wconf 88' lang='lat' dir='ltr'>status</span> 
     </span>
     <span class='ocr_line' id='line_1_42' title="bbox 291 2307 1950 2352; baseline -0.002 -10"><span class='ocrx_word' id='word_1_424' title='bbox 291 2311 390 2343; x_wconf 87' lang='lat' dir='ltr'>nostri</span> <span class='ocrx_word' id='word_1_425' title='bbox 422 2311 511 2343; x_wconf 87' lang='lat' dir='ltr'>refici</span> <span class='ocrx_word' id='word_1_426' title='bbox 546 2315 579 2343; x_wconf 91' lang='lat' dir='ltr'>et</span> <span class='ocrx_word' id='word_1_427' title='bbox 612 2313 760 2344; x_wconf 85' lang='lat' dir='ltr'>renovari</span> <span class='ocrx_word' id='word_1_428' title='bbox 788 2313 952 2345; x_wconf 87' lang='lat' dir='ltr'>desiderat</span> <span class='ocrx_word' id='word_1_429' title='bbox 979 2313 1113 2345; x_wconf 85' lang='lat' dir='ltr'>affeccio</span> <span class='ocrx_word' id='word_1_430' title='bbox 1142 2312 1263 2352; x_wconf 87' lang='lat' dir='ltr'>filialis,</span> <span class='ocrx_word' id='word_1_431' title='bbox 1297 2311 1412 2343; x_wconf 88' lang='lat' dir='ltr'>vestris</span> <span class='ocrx_word' id='word_1_432' title='bbox 1441 2309 1609 2342; x_wconf 89' lang='lat' dir='ltr'>desideriis</span> <span class='ocrx_word' id='word_1_433' title='bbox 1636 2307 1870 2350; x_wconf 88' lang='lat' dir='ltr'>respondentes</span> <span class='ocrx_word' id='word_1_434' title='bbox 1891 2318 1950 2339; x_wconf 88' lang='lat' dir='ltr'>vos</span> 
     </span>
     <span class='ocr_line' id='line_1_43' title="bbox 291 2359 1948 2406; baseline -0.002 -12"><span class='ocrx_word' id='word_1_435' title='bbox 291 2364 374 2395; x_wconf 89' lang='lat' dir='ltr'>serie</span> <span class='ocrx_word' id='word_1_436' title='bbox 397 2359 605 2404; x_wconf 43' lang='lat' dir='ltr'>presencium,</span> <span class='ocrx_word' id='word_1_437' title='bbox 623 2363 758 2396; x_wconf 84' lang='lat' dir='ltr'>facimus</span> <span class='ocrx_word' id='word_1_438' title='bbox 786 2368 921 2405; x_wconf 84' lang='lat' dir='ltr'>certam,</span> <span class='ocrx_word' id='word_1_439' title='bbox 953 2365 1039 2406; x_wconf 90' lang='lat' dir='ltr'>quod</span> <span class='ocrx_word' id='word_1_440' title='bbox 1073 2367 1192 2406; x_wconf 87' lang='lat' dir='ltr'>agente</span> <span class='ocrx_word' id='word_1_441' title='bbox 1219 2364 1289 2405; x_wconf 88' lang='lat' dir='ltr'>illo,</span> <span class='ocrx_word' id='word_1_442' title='bbox 1324 2373 1383 2405; x_wconf 88' lang='lat' dir='ltr'>per</span> <span class='ocrx_word' id='word_1_443' title='bbox 1412 2372 1510 2404; x_wconf 92' lang='lat' dir='ltr'>quem</span> <span class='ocrx_word' id='word_1_444' title='bbox 1539 2371 1712 2402; x_wconf 83' lang='lat' dir='ltr'>regnamus</span> <span class='ocrx_word' id='word_1_445' title='bbox 1740 2363 1774 2391; x_wconf 88' lang='lat' dir='ltr'>et</span> <span class='ocrx_word' id='word_1_446' title='bbox 1801 2359 1948 2400; x_wconf 88' lang='lat' dir='ltr'>vivimus,</span> 
     </span>
     <span class='ocr_line' id='line_1_44' title="bbox 290 2410 1948 2452; baseline -0.002 -7"><span class='ocrx_word' id='word_1_447' title='bbox 290 2425 348 2446; x_wconf 89' lang='lat' dir='ltr'>nos</span> <span class='ocrx_word' id='word_1_448' title='bbox 370 2425 435 2446; x_wconf 85' lang='lat' dir='ltr'>una</span> <span class='ocrx_word' id='word_1_449' title='bbox 460 2425 532 2446; x_wconf 92' lang='lat' dir='ltr'>cum</span> <span class='ocrx_word' id='word_1_450' title='bbox 556 2415 672 2446; x_wconf 88' lang='lat' dir='ltr'>inclitis</span> <span class='ocrx_word' id='word_1_451' title='bbox 695 2415 871 2447; x_wconf 84' lang='lat' dir='ltr'>infantibus</span> <span class='ocrx_word' id='word_1_452' title='bbox 893 2416 1070 2447; x_wconf 85' lang='lat' dir='ltr'>karissimis</span> <span class='ocrx_word' id='word_1_453' title='bbox 1093 2416 1204 2447; x_wconf 89' lang='lat' dir='ltr'>liberis</span> <span class='ocrx_word' id='word_1_454' title='bbox 1227 2415 1344 2447; x_wconf 86' lang='lat' dir='ltr'>nostris</span> <span class='ocrx_word' id='word_1_455' title='bbox 1367 2413 1518 2445; x_wconf 86' lang='lat' dir='ltr'>fratribus</span> <span class='ocrx_word' id='word_1_456' title='bbox 1534 2412 1650 2444; x_wconf 88' lang='lat' dir='ltr'>vestris</span> <span class='ocrx_word' id='word_1_457' title='bbox 1666 2421 1822 2452; x_wconf 88' lang='lat' dir='ltr'>corporea</span> <span class='ocrx_word' id='word_1_458' title='bbox 1845 2410 1948 2452; x_wconf 88' lang='lat' dir='ltr'>sospi-</span> 
     </span>
     <span class='ocr_line' id='line_1_45' title="bbox 291 2462 1950 2510; baseline -0.002 -13"><span class='ocrx_word' id='word_1_459' title='bbox 291 2470 358 2498; x_wconf 86' lang='lat' dir='ltr'>tate</span> <span class='ocrx_word' id='word_1_460' title='bbox 384 2469 417 2498; x_wconf 90' lang='lat' dir='ltr'>et</span> <span class='ocrx_word' id='word_1_461' title='bbox 439 2467 654 2508; x_wconf 87' lang='lat' dir='ltr'>prosperitate</span> <span class='ocrx_word' id='word_1_462' title='bbox 671 2467 827 2509; x_wconf 81' lang='lat' dir='ltr'>vigemus,</span> <span class='ocrx_word' id='word_1_463' title='bbox 850 2472 1004 2510; x_wconf 82' lang='lat' dir='ltr'>rogantes</span> <span class='ocrx_word' id='word_1_464' title='bbox 1028 2471 1186 2510; x_wconf 86' lang='lat' dir='ltr'>quatenus</span> <span class='ocrx_word' id='word_1_465' title='bbox 1210 2467 1252 2499; x_wconf 92' lang='lat' dir='ltr'>de</span> <span class='ocrx_word' id='word_1_466' title='bbox 1275 2466 1491 2508; x_wconf 87' lang='lat' dir='ltr'>prosperitate</span> <span class='ocrx_word' id='word_1_467' title='bbox 1515 2467 1618 2496; x_wconf 88' lang='lat' dir='ltr'>status</span> <span class='ocrx_word' id='word_1_468' title='bbox 1637 2463 1714 2494; x_wconf 85' lang='lat' dir='ltr'>dicti</span> <span class='ocrx_word' id='word_1_469' title='bbox 1729 2462 1950 2494; x_wconf 87' lang='lat' dir='ltr'>Romanorum</span> 
     </span>
     <span class='ocr_line' id='line_1_46' title="bbox 291 2514 1840 2565; baseline -0.003 -16"><span class='ocrx_word' id='word_1_470' title='bbox 291 2518 376 2565; x_wconf 87' lang='lat' dir='ltr'>regis</span> <span class='ocrx_word' id='word_1_471' title='bbox 401 2521 433 2549; x_wconf 89' lang='lat' dir='ltr'>et</span> <span class='ocrx_word' id='word_1_472' title='bbox 456 2519 554 2550; x_wconf 89' lang='lat' dir='ltr'>vestri</span> <span class='ocrx_word' id='word_1_473' title='bbox 577 2529 636 2550; x_wconf 89' lang='lat' dir='ltr'>nos</span> <span class='ocrx_word' id='word_1_474' title='bbox 659 2520 741 2550; x_wconf 85' lang='lat' dir='ltr'>seire</span> <span class='ocrx_word' id='word_1_475' title='bbox 765 2519 877 2550; x_wconf 88' lang='lat' dir='ltr'>avidos</span> <span class='ocrx_word' id='word_1_476' title='bbox 901 2520 1020 2561; x_wconf 81' lang='lat' dir='ltr'>sepius,</span> <span class='ocrx_word' id='word_1_477' title='bbox 1045 2530 1117 2551; x_wconf 92' lang='lat' dir='ltr'>cum</span> <span class='ocrx_word' id='word_1_478' title='bbox 1141 2529 1175 2551; x_wconf 88' lang='lat' dir='ltr'>se</span> <span class='ocrx_word' id='word_1_479' title='bbox 1198 2518 1371 2561; x_wconf 88' lang='lat' dir='ltr'>ingesserit</span> <span class='ocrx_word' id='word_1_480' title='bbox 1395 2516 1629 2559; x_wconf 76' lang='lat' dir='ltr'>opportunitas,</span> <span class='ocrx_word' id='word_1_481' title='bbox 1651 2514 1840 2546; x_wconf 86' lang='lat' dir='ltr'>informetis.</span> 
     </span>
    </p>
   </div>
   <div class='ocr_carea' id='block_1_10' title="bbox 401 2575 1861 2658">
    <p class='ocr_par' dir='ltr' id='par_1_11' title="bbox 401 2575 1861 2658">
     <span class='ocr_line' id='line_1_47' title="bbox 401 2575 1797 2657; baseline -0.001 -48"><span class='ocrx_word' id='word_1_482' title='bbox 401 2577 522 2609; x_wconf 87' lang='lat' dir='ltr'>Datum</span> <span class='ocrx_word' id='word_1_483' title='bbox 546 2578 664 2619; x_wconf 83' lang='lat' dir='ltr'>Ilerde,</span> <span class='ocrx_word' id='word_1_484' title='bbox 688 2579 782 2610; x_wconf 93' lang='lat' dir='ltr'><strong>XIII.</strong></span> <span class='ocrx_word' id='word_1_485' title='bbox 807 2579 973 2611; x_wconf 85' lang='lat' dir='ltr'>Kalendas</span> <span class='ocrx_word' id='word_1_486' title='bbox 997 2579 1154 2620; x_wconf 84' lang='lat' dir='ltr'>Octobris,</span> <span class='ocrx_word' id='word_1_487' title='bbox 1178 2589 1261 2610; x_wconf 89' lang='lat' dir='ltr'>anno</span> <span class='ocrx_word' id='word_1_488' title='bbox 1285 2577 1416 2609; x_wconf 91' lang='lat' dir='ltr'>Domini</span> <span class='ocrx_word' id='word_1_489' title='bbox 1440 2575 1650 2609; x_wconf 81' lang='lat' dir='ltr'>MCOOXVI.</span> <span class='ocrx_word' id='word_1_490' title='bbox 1777 2625 1797 2657; x_wconf 79' lang='lat' dir='ltr'>d</span> 
     </span>
     <span class='ocr_line' id='line_1_48' title="bbox 1758 2626 1861 2658; baseline 0.01 -1"><span class='ocrx_word' id='word_1_491' title='bbox 1758 2626 1774 2657; x_wconf 92' lang='grc' dir='ltr'><strong>Ι</strong></span> <span class='ocrx_word' id='word_1_492' title='bbox 1801 2636 1861 2658; x_wconf 89' lang='lat' dir='ltr'>em.</span> 
     </span>
    </p>
   </div>
   <div class='ocr_carea' id='block_1_11' title="bbox 943 2684 1190 2687">
    <p class='ocr_par' dir='ltr' id='par_1_12' title="bbox 943 2684 1190 2687">
     <span class='ocr_line' id='line_1_49' title="bbox 943 2684 1190 2687; baseline 0 0"><span class='ocrx_word' id='word_1_493' title='bbox 943 2684 1190 2687; x_wconf 95' lang='lat' dir='ltr'> </span> 
     </span>
    </p>
   </div>
   <div class='ocr_carea' id='block_1_12' title="bbox 396 2775 1026 2809">
    <p class='ocr_par' dir='ltr' id='par_1_13' title="bbox 396 2775 1026 2809">
     <span class='ocr_line' id='line_1_50' title="bbox 396 2775 1026 2809; baseline 0 -6"><span class='ocrx_word' id='word_1_494' title='bbox 396 2775 462 2803; x_wconf 80' lang='lat'><strong>377.</strong></span> <span class='ocrx_word' id='word_1_495' title='bbox 491 2777 513 2808; x_wconf 58' lang='grc' dir='ltr'>ιι)</span> <span class='ocrx_word' id='word_1_496' title='bbox 528 2781 589 2809; x_wconf 73' lang='lat' dir='ltr'>post</span> <span class='ocrx_word' id='word_1_497' title='bbox 607 2777 668 2802; x_wconf 79' lang='lat' dir='ltr'>add.</span> <span class='ocrx_word' id='word_1_498' title='bbox 690 2786 708 2802; x_wconf 84' lang='lat' dir='ltr'>c.</span> <span class='ocrx_word' id='word_1_499' title='bbox 798 2776 823 2809; x_wconf 81' lang='lat' dir='ltr'>b)</span> <span class='ocrx_word' id='word_1_500' title='bbox 842 2779 873 2803; x_wconf 86' lang='lat' dir='ltr'>de</span> <span class='ocrx_word' id='word_1_501' title='bbox 892 2779 970 2803; x_wconf 78' lang='lat' dir='ltr'>Petra</span> <span class='ocrx_word' id='word_1_502' title='bbox 988 2778 1026 2803; x_wconf 84' lang='lat' dir='ltr'>ecl.</span> 
     </span>
    </p>
   </div>
   <div class='ocr_carea' id='block_1_13' title="bbox 397 2844 732 2878">
    <p class='ocr_par' dir='ltr' id='par_1_14' title="bbox 397 2844 732 2878">
     <span class='ocr_line' id='line_1_51' title="bbox 397 2844 732 2878; baseline -0.003 -6"><span class='ocrx_word' id='word_1_503' title='bbox 397 2846 422 2878; x_wconf 90' lang='lat'>1)</span> <span class='ocrx_word' id='word_1_504' title='bbox 443 2844 568 2872; x_wconf 66' lang='lat' dir='ltr'>Seri-atae</span> <span class='ocrx_word' id='word_1_505' title='bbox 586 2853 642 2871; x_wconf 77' lang='lat' dir='ltr'>non</span> <span class='ocrx_word' id='word_1_506' title='bbox 661 2848 732 2872; x_wconf 78' lang='lat' dir='ltr'>sunt.</span> 
     </span>
    </p>
   </div>
   <div class='ocr_carea' id='block_1_14' title="bbox 1967 2161 1995 2181">
    <p class='ocr_par' dir='ltr' id='par_1_15' title="bbox 1967 2161 1995 2181">
     <span class='ocr_line' id='line_1_52' title="bbox 1967 2161 1995 2181; baseline 0 0"><span class='ocrx_word' id='word_1_507' title='bbox 1967 2161 1995 2181; x_wconf 60' lang='grc' dir='ltr'>ὣ</span> 
     </span>
    </p>
   </div>
   <div class='ocr_carea' id='block_1_15' title="bbox 1966 2418 1996 2438">
    <p class='ocr_par' dir='ltr' id='par_1_16' title="bbox 1966 2418 1996 2438">
     <span class='ocr_line' id='line_1_53' title="bbox 1966 2418 1996 2438; baseline -0.033 0"><span class='ocrx_word' id='word_1_508' title='bbox 1966 2418 1996 2438; x_wconf 75' lang='lat'>40</span> 
     </span>
    </p>
   </div>
   <div class='ocr_carea' id='block_1_16' title="bbox 1967 2778 1996 2797">
    <p class='ocr_par' dir='ltr' id='par_1_17' title="bbox 1967 2778 1996 2797">
     <span class='ocr_line' id='line_1_54' title="bbox 1967 2778 1996 2797; baseline 0 0"><span class='ocrx_word' id='word_1_509' title='bbox 1967 2778 1996 2797; x_wconf 67' lang='lat'>45</span> 
     </span>
    </p>
   </div>
  </div>
 </body>
</html>
