2190 3172
355 210 418 241 368

614 207 616 210 '
632 206 729 235 ACTA
746 205 859 233 REGNI
877 203 1061 232 LUDEWICI
1079 203 1129 231 IV.
1145 203 1194 231 ΕΤ
1213 202 1398 230 FRIDERICI
1415 203 1465 230 111.
1501 203 1576 230 1317.
1612 202 1660 230 Nr.
1673 203 1733 230 443.

462 293 623 327 ‘Clemens
646 294 815 335 episcopus
838 301 948 323 servus
962 309 1000 314 —-
1013 301 1098 322 anno
1119 290 1228 323 nono.²
1260 300 1362 331 supra
1384 293 1455 322 tom.
1471 290 1536 322 IV.
1559 301 1611 322 nr.
1627 292 1721 322 1164.

463 350 585 382 Verum
610 350 759 392 quoniam
776 347 987 390 predecessor
1008 347 1078 388 ipse
1094 349 1215 387 noster,
1238 350 1413 389 antequam
1432 347 1611 388 prescripte
1635 357 1692 378 sue
1714 346 1822 378 littere
1845 347 1879 378 in
1901 345 2005 379 forma

356 403 534 444 prescripta
556 404 701 443 grossate
724 400 813 431 bulla
835 399 1035 430 bullarentur
1057 398 1165 441 ipsius,
1189 399 1271 431 sicut
1285 398 1425 430 Domino
1447 398 1580 440 placuit,
1604 398 1748 430 debitum
1772 398 1876 430 carnis
1898 398 2004 441 solvit,

357 456 490 495 propter
513 452 599 494 quod

358 509 392 537 tu
415 505 555 537 officium
578 504 747 535 vicariatus
771 502 907 545 predicti
930 502 1092 543 suscipere
1116 512 1155 534 ac

357 566 471 598 gerere
493 555 673 598 nequivisti,

1207 512 1266 534 rex
1289 502 1358 544 ipse
1381 502 1526 544 nequivit
1548 502 1710 544 suscipere
1733 511 1771 533 ac
1794 511 1908 543 gerere
1931 512 2005 545 pre:
2036 514 2053 534 s

1209 553 1285 586 dicti
1307 553 1479 585 vicariatus
1503 553 1644 585 officium

356 606 440 639 unde
465 605 683 638 discriminosa
705 615 893 647 guerrarum
918 603 1059 646 dissidia,
1083 605 1260 637 animarum
1283 604 1438 647 pericula,
1462 608 1586 647 strages
1609 615 1779 647 corporum
1807 608 1839 636 et
1862 605 2007 638 inmensa

358 657 525 700 dispendia
549 657 737 689 facultatum
768 657 802 688 in
829 656 892 687 illis
919 655 1065 698 partibus
1088 656 1280 688 successisse
1303 655 1485 697 creduntur,

1574 667 1632 688 nos
1655 657 1709 699 qui
1732 656 1796 688 iam
1822 656 1908 688 dicto
1931 667 2005 699 pre-

357 710 534 750 decessori,
563 709 644 740 sicut
671 708 704 740 in
730 708 930 750 apostolatus
954 708 1060 740 officio
1082 707 1222 740 Domino
1245 708 1469 750 permittente,
1503 707 1548 740 sic
1578 711 1612 740 et
1637 707 1753 740 eodem
1775 708 1951 750 inspirante
1973 709 2007 740 in

356 761 490 794 affectus
519 759 718 802 plenitudine
753 759 796 791 ad
825 755 1092 802 tranquillitatem
1128 762 1160 791 et
1191 758 1363 791 comodum
1392 758 1610 791 subiectorum
1643 763 1676 791 et
1705 760 1779 792 tueb
1809 759 2007 792 celsitudinis
2025 771 2056 792 ιο

356 814 553 845 incrementa
586 811 812 853 successimus,
847 810 1007 853 probabili
1043 811 1227 843 coniectura
1259 813 1441 853 sperantes,
1480 811 1578 843 immo
1613 815 1830 854 supponentes
1863 811 2006 853 indubie,

357 864 443 907 quod
465 864 608 906 parcium
624 863 728 895 incole
744 863 961 905 predictarum
985 862 1044 894 sub
1067 865 1140 894 tuo⁰
1163 862 1249 894 felici
1271 861 1428 904 regimine
1451 863 1572 895 utiliter
1595 867 1628 895 et
1649 874 1803 906 prospere
1826 864 1859 896 in
1881 864 2008 896 iusticia

355 915 618 959 gubernabuntur
647 912 680 946 et
706 925 788 957 pace
817 917 850 946 et
883 925 904 946 a
929 914 1081 957 periculis
1111 917 1145 946 et
1172 914 1372 946 detrimentis
1405 924 1468 956 que
1498 915 1626 947 subiere
1653 916 1816 958 preteritis
1843 918 2007 959 utcunque

356 970 537 1010 resurgent,
568 968 691 999 litteras
713 967 800 1008 ipsas
827 969 861 998 et
885 967 992 998 omnia
1023 970 1055 998 et
1082 966 1209 1008 singula
1233 968 1384 997 contenta
1415 965 1447 997 in
1473 965 1553 1007 illis,
1586 978 1649 1009 que
1671 968 1818 1000 novimus
1845 978 1905 1010 per
1931 978 2006 1010 pre-

357 1020 560 1052 decessorem
583 1019 670 1051 facta
693 1022 726 1050 et
748 1028 901 1050 concessa
924 1018 1023 1051 fuisse
1046 1018 1227 1060 predictum
1251 1017 1292 1049 de
1316 1017 1451 1049 fratrum
1475 1018 1620 1057 consilio,
1650 1018 1690 1051 de
1714 1029 1849 1061 qnorum
1872 1030 2006 1052 numero
2025 1029 2054 1050 ιι

356 1075 429 1103 tunc
453 1082 594 1107 eramus,
621 1074 691 1102 rata
713 1073 864 1113 gerentes
892 1074 925 1102 et
947 1073 1041 1113 grata
1063 1081 1100 1102 ac
1124 1070 1343 1112 approbantes
1367 1069 1408 1102 de
1431 1074 1520 1102 certa
1542 1074 1652 1103 nostra
1675 1071 1814 1103 sciencia
1836 1081 1876 1103 ea
1899 1072 2007 1106 omnia

355 1123 488 1165 perinde
518 1123 626 1155 valere
656 1122 873 1163 decernimus,
908 1123 973 1154 acsi
1007 1123 1072 1154 iam
1106 1121 1192 1154 dicte
1221 1122 1328 1154 littere
1362 1122 1462 1164 ipsius
1495 1122 1732 1164 predecessoris
1762 1122 1851 1155 bulla
1883 1124 2006 1155 munite

355 1175 497 1207 fuissent.
542 1174 758 1206 Reservantes
780 1173 873 1205 nobis
897 1174 1091 1215 expressim,
1120 1173 1207 1216 quod
1231 1177 1264 1205 et
1286 1184 1344 1205 nos
1368 1174 1528 1214 civitates,
1562 1177 1667 1206 castra
1695 1178 1728 1206 et
1749 1173 1821 1206 loca
1844 1178 1952 1206 cetera
1973 1175 2007 1207 in

355 1226 506 1269 predictis
529 1226 740 1258 consistencia
765 1225 928 1267 partibus,
963 1224 1004 1258 de
1032 1224 1148 1267 quibus
1177 1225 1270 1257 nobis
1302 1225 1479 1268 expediens
1509 1235 1580 1258 esse
1603 1225 1780 1266 videbitur,
1815 1235 1835 1258 a
1861 1225 2008 1268 predicta

354 1278 499 1320 generali
515 1278 732 1318 concessione,
756 1277 1014 1320 quandocunque
1036 1281 1069 1310 et
1085 1277 1365 1320 quocienscunque
1387 1277 1480 1309 nobis
1495 1277 1664 1319 placuerit,
1687 1278 1847 1320 possimus
1864 1278 2008 1310 eximere
2026 1289 2059 1310 st>

355 1341 392 1362 ac
416 1340 456 1362 ea
479 1330 520 1362 ad
543 1332 686 1362 nostrum
708 1329 761 1361 vel
784 1328 915 1361 alterius
938 1340 997 1372 per
1019 1339 1077 1371 nos
1101 1329 1153 1361 vel
1176 1329 1274 1361 alium
1298 1329 1515 1362 exercendum
1538 1330 1684 1372 regimen
1706 1340 1859 1362 revocare

356 1407 362 1414 .
401 1382 504 1413 Tuam
534 1382 643 1424 itaque
674 1381 897 1413 celsitudinem
928 1380 1152 1414 solicitandam

354 1433 550 1476 providimus
564 1436 598 1465 et
607 1433 796 1476 rogandam,
812 1437 848 1465 ut
859 1433 1015 1466 honorem
1028 1436 1061 1465 et
1074 1443 1153 1465 onus

354 1486 431 1517 dicti
459 1485 630 1517 vicariatus
659 1485 757 1517 officii
789 1487 940 1527 prompte
975 1485 1153 1527 suscipiens

355 1541 387 1569 et
409 1537 451 1569 ad
474 1537 574 1569 forcia
598 1537 656 1569 sub
683 1548 741 1579 spe
765 1536 863 1568 divini
886 1537 997 1569 auxilii
1019 1536 1154 1569 viriliter

354 1599 483 1621 manum
506 1599 640 1631 ponens,
663 1588 708 1620 sic
729 1589 814 1620 circa
829 1589 1054 1621 executionem
1069 1588 1155 1620 illius

353 1641 451 1672 instet
474 1640 717 1682 circumspectio
745 1641 850 1683 regia,
880 1641 926 1672 sic
948 1641 1077 1682 vigilet,
1109 1641 1154 1672 sic

354 1692 490 1733 laboret,
515 1692 602 1735 quod
625 1693 656 1724 in
672 1692 817 1734 partibus
831 1693 909 1734 ipsis
932 1695 997 1734 tue,
1020 1695 1057 1725 ut
1078 1703 1153 1734 pre-

354 1745 486 1776 missum
504 1748 563 1785 est,
579 1745 804 1787 gubernationi
818 1744 994 1776 commissis
1009 1743 1152 1776 fidelium

355 1796 505 1828 fulciatur
533 1796 678 1837 devotio,
713 1795 913 1828 subditorum
944 1796 1156 1828 commoditas

355 1852 527 1890 augeatur,
562 1849 608 1880 rei
641 1848 771 1890 publice
798 1847 1013 1890 tranquillitas
1044 1850 1155 1890 optate

356 1900 554 1940 serenitatis,
598 1902 694 1942 prout
725 1898 964 1940 desideramus,
1004 1900 1155 1941 arrideat,

357 1952 460 1983 tocius
492 1955 636 1983 contrate
667 1952 822 1983 securitas
856 1954 987 1994 sperata
1021 1951 1156 1984 resultet

357 2008 389 2035 et
415 2003 604 2045 improbitas
630 2002 880 2045 malignancium
914 2006 969 2035 tue
1003 2003 1152 2046 potencie

356 2055 474 2087 malleo
499 2054 670 2087 constricta
692 2059 880 2088 marcescat.

1207 1406 1215 1423 ‚
1238 1385 1335 1424 prout
1361 1382 1422 1414 hec
1449 1382 1480 1413 in
1509 1381 1580 1414 aliis
1607 1382 1724 1414 nostris
1750 1382 1825 1414 inde
1853 1381 2008 1414 confectis

1205 1433 1321 1465 litteris
1349 1433 1475 1475 plenius
1498 1434 1710 1466 continentur.
1757 1433 1915 1470 Quocirca
1936 1434 2007 1466 uni-

1205 1485 1393 1518 versitatem
1416 1488 1556 1518 vestram
1579 1496 1764 1526 monemus,
1791 1495 1945 1527 rogamus
1974 1489 2008 1518 et

1205 1537 1371 1577 hortamur
1383 1539 1506 1570 attente
1522 1547 1582 1579 per
1593 1537 1773 1579 apostolica
1783 1537 1871 1570 vocis
1887 1538 2007 1580 scripta
2024 1547 2055 1568 as

1207 1589 1408 1633 mandantes,
1422 1589 1572 1631 quatinus
1583 1589 1786 1621 considerato
1801 1588 2006 1631 prudencius,

1208 1643 1328 1683 quanta
1366 1651 1407 1672 ex
1446 1640 1532 1683 regis
1571 1640 1689 1682 prefati
1726 1641 1882 1683 regimine
1916 1640 2006 1672 vobis

1207 1696 1370 1725 accrescet
1407 1692 1528 1724 utilitas
1563 1695 1764 1735 quantusque
1801 1691 1833 1723 in
1871 1691 2006 1724 diversis

1206 1744 1316 1776 mundi
1332 1743 1476 1786 partibus
1493 1744 1584 1776 favor
1600 1743 1743 1785 accedet,
1766 1744 1871 1786 ipsum
1889 1743 2005 1776 devote

1207 1796 1400 1838 recipientes
1429 1806 1467 1827 ac
1490 1796 1771 1828 honorificenciam
1801 1798 1890 1827 tanto
1918 1796 2006 1838 prin-
2025 1807 2057 1827 w

1209 1847 1272 1889 cipi
1301 1839 1533 1888 congruentem
1563 1847 1755 1879 exhibentes
1784 1847 1910 1886 eidem,
1945 1847 2006 1879 sibi

1208 1903 1361 1941 tanquam
1385 1899 1503 1931 vicario
1531 1899 1676 1941 parcium
1704 1898 1922 1942 predictarum
1950 1902 2007 1931 aut

1207 1950 1254 1983 illi
1286 1950 1339 1982 vel
1371 1950 1449 1992 illis,
1491 1961 1587 1993 quem
1621 1950 1674 1983 vel
1714 1961 1794 1992 quos
1831 1939 1877 1982 ad
1907 1950 2008 1993 ipsius

1206 2002 1377 2034 vicariatus
1401 2002 1542 2034 officium
1567 2002 1695 2034 duxerit
1710 2002 1933 2044 deputandum
1955 2002 2007 2034 vel

1207 2053 1424 2096 deputandos,
1466 2055 1498 2085 in
1537 2054 1684 2086 omnibus
1723 2064 1785 2096 que
1827 2053 1870 2086 ad
1906 2054 2007 2096 ipsius
2025 2065 2057 2086 ⁸⁵.

1206 2106 1399 2147 spectabunt
1429 2106 1568 2138 officium
1600 2107 1742 2148 pareatis
1776 2105 1940 2138 humiliter
1974 2109 2008 2138 et

1205 2157 1350 2199 plenarie
1383 2156 1571 2197 intendatis,
1605 2161 1642 2189 ut
1676 2157 1794 2190 exinde
1829 2157 2007 2200 reipublice

1205 2209 1446 2251 tranquillitatis
1470 2212 1581 2251 optate
1605 2210 1775 2250 serenitas,
1802 2213 1899 2251 prout
1921 2209 2007 2242 desi-

1207 2259 1366 2302 deramus,
1386 2260 1528 2293 arrideat
1544 2264 1577 2293 et
1592 2261 1695 2293 tocius
1711 2263 1868 2293 contratte
1885 2262 2006 2294 securi-

1200 2316 1255 2344 'tas
1279 2315 1409 2354 sperata
1432 2315 1591 2355 resurgat.
2023 2324 2057 2343 ια

465 2371 539 2404 Dat.
563 2372 723 2414 Avinion.,
746 2371 854 2405 XVII.
871 2372 944 2406 Kal.
961 2373 1110 2416 Augusti,
1132 2373 1337 2416 pontificatus
1359 2373 1460 2404 nostri
1483 2383 1566 2405 anno
1591 2373 1703 2415 prime.

461 2783 526 2812 443.
554 2784 579 2817 b)
597 2786 683 2819 regie
702 2785 793 2811 Bl.2.

882 2785 905 2820 0)
924 2787 1026 2820 ipsius
1044 2788 1131 2820 regis
1150 2786 1243 2813 B1.2.
