2184 3126
336 237 398 268 758
496 232 592 260 ACTA
611 230 723 258 REGNI
743 228 926 257 LUDEWIOI
946 227 992 254 IV.
1011 226 1057 253 ET
1075 225 1261 253 FRIDERICI
1279 226 1329 253 111.
1366 224 1441 251 1324.
1478 223 1527 251 Nr.
1540 224 1600 251 914.
1618 223 1678 250 915.
1695 222 1754 250 916.
1767 223 1827 251 917.

337 325 370 353 et
393 319 538 352 eiusdem
561 328 617 349 suc
641 317 776 349 ecclesie
799 316 962 346 invasores
989 313 1031 344 ad
1053 312 1297 354 requisitionem
1325 321 1416 342 suam
1445 310 1585 342 consiliis
1615 312 1648 341 et
1670 310 1798 342 auxiliis
1821 312 1988 353 oportunis

335 382 394 414 pro
418 374 525 402 nostra
549 373 581 400 et
603 367 778 410 apostolice
803 365 887 397 sedis
910 363 1091 396 reverentia
1114 363 1158 394 sic
1174 362 1309 394 viriliter
1331 361 1442 393 faveas
1465 364 1499 393 et
1521 362 1662 401 assistas,
1686 362 1774 404 quod
1796 372 1860 394 non
1881 363 1988 395 minus

334 424 367 454 in
389 423 533 454 favorem
551 423 643 451 tuum
668 428 764 461 quam
787 416 923 458 predicti
946 414 1090 456 episcopi
1113 417 1146 445 et
1169 413 1313 445 eiusdem
1338 413 1474 445 ecclesie
1498 423 1555 445 sue
1578 423 1617 445 ac
1639 413 1775 446 aliarum
1791 413 1986 447 ecclesiasti-

337 485 444 506 carum
467 482 686 529 personarum
714 474 748 501 ut
772 467 914 510 expedit,
942 468 1013 508 ipsa
1036 465 1212 507 repellatur
1244 466 1359 496 iniuria
1388 468 1421 496 et
1454 464 1652 496 meritoriam
1680 464 1739 496 tibi
1772 465 1872 498 frater
1900 466 1988 508 apud

335 526 441 558 Deum
476 527 509 555 et
544 523 646 564 ipsam
680 520 791 552 sedem
825 523 890 550 tam
924 517 1020 549 laude
1053 527 1149 559 quam
1183 516 1308 558 premio
1343 516 1444 557 gratis
1478 516 1637 558 exemplis
1670 516 1777 559 legem
1807 516 1988 560 adimpleas
2018 531 2032 551 s

336 576 444 609 debite
469 575 618 607 caritatis.

442 627 484 657 In
508 624 673 657 eundem
696 621 847 654 modum
870 620 1046 652 venerabili
1071 620 1161 651 fratri
1185 644 1216 651 ..
1242 619 1395 660 episcopo
1419 618 1572 660 Spirensi.

441 678 485 709 In
508 676 616 708 eund.
640 674 738 706 mod.
762 684 833 705 ven.
858 673 949 704 fratri
972 697 978 704 .
998 696 1005 703 .
1030 672 1182 713 episcopo
1207 670 1388 702 Basiliensi.

440 729 484 760 In
508 727 617 760 eund.
641 725 741 757 mod.
766 735 837 757 ven.
861 724 951 756 fratri
976 748 1008 755 ..
1034 724 1187 765 episcopo
1212 722 1465 754 Constanciensi.

440 781 482 811 In
506 779 616 812 eund.
639 777 733 809 mod.
758 787 828 808 ven.
853 776 942 808 fratri
967 799 973 806 .
993 801 998 807 .
1025 776 1177 817 episcopo
1201 774 1349 806 Metensi.
2005 789 2032 811 ω

577 918 663 954 915.
704 917 858 952 Litterae
886 917 932 951 ad
960 915 1156 960 episcopum
1185 914 1477 959 Arqentinensem.
1582 915 1675 951 Mai.
1694 916 1752 950 31.

445 993 543 1034 Copia
566 992 622 1035 (c.)
645 992 759 1024 ibidem
777 991 836 1033 fol.
854 991 895 1022 69
917 1001 966 1022 nr.
984 990 1057 1021 868.
1083 1007 1122 1012 -
1146 988 1208 1021 Ed.
1232 988 1252 1021 l.
1269 999 1295 1020 6.
1319 988 1349 1026 1,
1366 990 1408 1019 61
1429 999 1479 1021 nr.
1495 989 1539 1021 20
1561 1000 1600 1021 ex
1623 1000 1672 1029 c.,·
1693 989 1863 1023 Hauvfflaer
1885 991 1988 1024 ‘Ana-

334 1046 411 1078 lecta
436 1044 694 1085 Arqentinensia’
717 1044 745 1081 Ι,
768 1045 810 1074 31
832 1053 881 1074 nr.
897 1043 940 1074 20
963 1052 1000 1074 ea:
1023 1052 1049 1072 c.
1095 1040 1261 1072 Editiones
1283 1040 1496 1072 adhibuimus.
1674 1068 1677 1070 .

442 1105 517 1146 369.
534 1105 636 1136 Lbher
658 1104 678 1137 l.
694 1114 719 1135 6.
738 1114 774 1143 p.
789 1103 852 1135 255
876 1113 925 1134 nr.
943 1102 1015 1133 208.

441 1190 626 1223 Venerabili
650 1190 739 1221 fratri
761 1189 897 1231 iohanni
921 1190 1073 1230 episcopo
1097 1188 1335 1229 Argentinensi.
2007 1201 2033 1222 η

440 1242 662 1274 Fraternitatis
679 1244 731 1272 tue
748 1241 862 1272 litteris
885 1240 978 1271 solita
994 1240 1195 1281 benignitate
1211 1240 1350 1281 receptis
1367 1243 1400 1271 et
1416 1249 1528 1272 earum
1544 1241 1627 1272 serie
1644 1240 1817 1283 diligenter
1831 1241 1989 1284 inspecta,

333 1294 511 1336 gaudemus
532 1294 565 1324 in
588 1297 619 1325 te
644 1293 742 1324 frater
766 1296 798 1325 et
821 1293 884 1324 tuis
907 1292 1048 1323 humeris
1073 1291 1273 1323 confidenter
1295 1291 1516 1323 accumbimus
1538 1291 1579 1324 de
1602 1294 1787 1325 constancia
1803 1293 1990 1339 devocionis
2023 1317 2025 1319 -

333 1350 366 1378 et
387 1345 473 1386 fidei,
497 1355 592 1387 quam
617 1346 815 1376 extrinsecus
837 1354 895 1386 per
910 1345 1002 1385 signa
1019 1343 1194 1385 prudencie
1218 1354 1282 1375 non
1299 1343 1461 1375 immerito
1477 1343 1600 1376 habere
1615 1344 1783 1386 pretendis
1798 1346 1990 1378 intrinsecus

334 1407 411 1439 erga
433 1399 575 1429 sanctam
591 1396 771 1428 Romanam
795 1396 966 1428 ecclesiam
988 1398 1125 1427 matrem
1149 1399 1246 1427 tuam.
1293 1394 1398 1437 Super
1414 1395 1529 1437 quibus
1545 1396 1764 1429 sinceritatem
1780 1399 1869 1429 tuam
1884 1397 1990 1440 dignis

334 1450 365 1480 in
380 1448 519 1480 Domino
543 1447 690 1479 laudibus
713 1447 899 1479 attollentes
922 1448 1157 1479 fraternitatem
1174 1450 1262 1478 tuam
1279 1457 1432 1489 rogamus
1447 1450 1481 1479 et
1496 1447 1664 1479 hortamur
1679 1450 1814 1490 attente⁷
1839 1449 1989 1491 quatinus
2007 1458 2034 1479 ω

333 1501 493 1532 ferventer
517 1502 550 1531 et
572 1499 696 1530 fortiter
719 1509 907 1540 perseveres
931 1500 962 1529 in
986 1498 1058 1539 illis,
1081 1501 1117 1530 ut
1138 1499 1312 1530 meriturus
1334 1497 1410 1530 inde
1426 1499 1650 1540 multipliciter
1671 1499 1758 1542 apud
1773 1499 1881 1532 Deum
1897 1500 1989 1534 beni-

334 1552 511 1583 volenciam
534 1554 674 1582 nostram
699 1554 731 1582 et
753 1551 929 1592 apostolice
953 1549 1038 1581 sedis
1054 1550 1184 1582 uberius
1206 1544 1380 1592 propterea
1396 1551 1559 1583 merearis.
1606 1550 1759 1584 Ceterum
1775 1553 1990 1594 peticionibus

333 1604 395 1634 tuis
418 1602 636 1634 favorabiliter
652 1605 838 1642 annuentes,
863 1612 938 1634 ecce
955 1602 1088 1643 singulis
1111 1603 1254 1644 prelatis,
1278 1613 1359 1644 quos
1378 1613 1438 1644 per
1460 1602 1644 1635 huiusmodi
1666 1603 1792 1636 litteras
1806 1605 1989 1646 nominasti,

334 1658 368 1686 ut
390 1658 456 1688 tam
479 1658 589 1686 contra
611 1654 714 1685 virum
736 1654 941 1696 magnificum
965 1654 1165 1686 Ludovicum
1189 1653 1306 1686 ducem
1329 1654 1469 1686 Bavarie
1493 1654 1684 1687 discorditer
1710 1656 1743 1687 in
1765 1656 1990 1689 Romanorum

333 1716 445 1748 regum
470 1706 607 1737 electum
631 1716 727 1747 quam
751 1716 957 1748 quoscunque
985 1707 1066 1738 alios
1089 1709 1162 1738 tuos
1189 1710 1222 1738 et
1247 1706 1392 1738 eiusdem
1421 1710 1476 1739 tue
1500 1707 1638 1739 ecclesie
1665 1707 1831 1740 invasores
1859 1708 1918 1740 tibi
1945 1709 1988 1741 ad
2006 1716 2033 1738 υ

333 1758 578 1799 requisicionem
606 1760 693 1788 tuam
722 1758 862 1789 consiliis
890 1762 922 1790 et
951 1759 1080 1790 auxiliis
1108 1758 1274 1800 oportunis
1304 1759 1457 1790 assistant
1470 1759 1491 1799 ¹,
1521 1769 1559 1790 ac
1587 1758 1643 1791 dil.¹
1666 1759 1708 1791 fil.
1734 1784 1766 1791 ..
1790 1759 1925 1802 decano,

334 1809 496 1850 preposito
521 1812 553 1840 et
576 1809 715 1850 capitulo
739 1819 862 1841 necnon
887 1810 1046 1852 religiosis
1070 1810 1362 1852 Argentinensibus
1385 1814 1419 1842 et
1441 1814 1496 1843 tue
1520 1810 1659 1843 diocesis
1682 1812 1843 1854 exemptis
1871 1815 1904 1844 et
1926 1822 1991 1844 non

336 1861 503 1902 exemptis,
527 1860 611 1902 quod
627 1861 659 1891 in
677 1860 898 1902 publicacionc
921 1866 1102 1894 nostrorum
1126 1872 1336 1904 processuum
1359 1862 1544 1894 habitorum
1561 1865 1672 1894 contra
1687 1862 1803 1895 ducem
1827 1864 1990 1905 prefatum

336 1912 482 1944 celeriter
504 1922 541 1943 ac
564 1911 737 1943 efficaciter
761 1913 817 1944 tibi
841 1917 976 1955 pareant
1000 1918 1031 1946 et
1054 1913 1253 1954 intendant2,
1279 1913 1446 1956 dirigimus
1468 1914 1593 1946 litteras
1615 1913 1782 1957 speciales.

442 1963 562 1994 Datum
585 1967 619 1995 ut
642 1974 738 2005 supra
762 1966 938 2006 proxima&
2008 1977 2035 1998 ιο

439 2103 524 2139 916.
556 2104 641 2140 917.
683 2104 837 2139 Litterae
863 2105 910 2140 ad
936 2105 1063 2141 clerum
1091 2106 1373 2150 Arqentinensem
1400 2106 1563 2152 aliosque.
1667 2106 1782 2150 (Mai.
1802 2107 1883 2150 31).

446 2177 543 2217 Copia
565 2178 595 2209 A
626 2178 812 2218 ememplaris
841 2179 979 2218 capitulo
1007 2180 1139 2212 maioris
1166 2180 1311 2212 ecelesiae
1340 2180 1454 2212 directi
1483 2179 1598 2212 ibidem
1630 2179 1686 2218 fol.
1706 2179 1749 2211 69
1769 2190 1820 2212 nr.
1837 2181 1911 2212 870.
1947 2197 1990 2203 —

337 2228 397 2259 Ed.
422 2228 440 2260 Z.
457 2239 481 2259 6.
505 2229 532 2266 Ι,
557 2229 598 2259 62
619 2239 668 2261 nr.
685 2230 728 2260 22
750 2240 788 2262 eoe
810 2231 841 2262 A
866 2231 920 2271 (.—-
945 2231 1216 2264 ‘Urkundenbuch
1239 2232 1295 2264 der
1319 2231 1414 2264 Stadt
1437 2231 1639 2272 Strassbury’
1662 2230 1713 2270 II,
1738 2231 1801 2262 385
1823 2241 1873 2264 nr.
1891 2231 1991 2273 437),-

338 2279 504 2310 Hauviller
526 2279 544 2311 l.
562 2291 586 2312 e.
610 2281 638 2318 I,
655 2281 698 2312 32
711 2292 760 2312 nr.
773 2283 815 2313 21
831 2293 869 2313 ex
884 2293 910 2314 c.
949 2282 1117 2314 Editiones
1132 2283 1347 2315 adhibuimus.
1371 2300 1412 2306 —
1436 2282 1512 2324 369.
1529 2281 1666 2315 Lb'herl.
1679 2292 1705 2314 6.
1724 2292 1759 2322 p.
1771 2282 1837 2314 256
1851 2293 1901 2314 nr.
1913 2282 1988 2314 209.

448 2339 544 2378 Copia
565 2340 593 2371 B
616 2341 802 2380 exemplaris
829 2342 872 2373 ad
896 2342 1054 2383 reliyiosos
1081 2344 1247 2376 civitatum
1277 2347 1307 2376 et
1336 2344 1506 2376 diocesium
1527 2343 1785 2384 Argentinensis,
1815 2342 1987 2383 Spirensis,
2005 2352 2032 2372 ει

338 2383 529 2421 Basiliensis
550 2391 639 2422 missi
662 2392 773 2424 ibidem
796 2393 850 2431 fol.
867 2396 917 2425 71‘
941 2405 990 2426 nr.
1005 2395 1078 2426 882.
1103 2414 1144 2418 -
1172 2395 1235 2427 Ed.
1259 2395 1279 2428 Z.
1296 2405 1320 2427 c.
1345 2395 1373 2434 I,
1396 2397 1438 2427 73
1459 2405 1511 2428 nr.
1527 2395 1569 2427 45
1592 2405 1632 2427 ex
1653 2395 1703 2434 B;
1734 2395 1903 2428 Hauviller
1925 2395 1946 2428 l.
1962 2406 1989 2427 6.

339 2440 366 2478 Ι,
389 2442 431 2471 33
453 2451 501 2472 nr.
517 2442 560 2472 22
582 2453 619 2474 ex
641 2443 679 2475 B.
723 2444 888 2476 Editiones
911 2445 1125 2478 adhibuimus.

486 2537 557 2567 916.
585 2535 723 2568 Litterae
746 2538 789 2569 ad
810 2540 993 2579 capitulum.
1335 2543 1408 2573 917.
1442 2541 1583 2574 Litterae
1605 2541 1648 2573 ad
1669 2540 1837 2582 reliyiosos.

712 2598 751 2629 A.
1566 2602 1610 2634 B.

383 2644 525 2686 Decano,
541 2649 702 2688 preposito
719 2652 751 2680 et
763 2651 902 2692 capitulo
919 2652 1133 2693 Argentinen-
1231 2653 1368 2686 Dilectis
1382 2653 1455 2685 filiis
1478 2653 1638 2696 religiosis
1653 2653 1899 2696 Argentinensis
1914 2653 1990 2685 civi·
2007 2662 2036 2683 ω

339 2695 464 2738 (Slbus).
1189 2705 1263 2737 tatis
1287 2708 1320 2738 et
1343 2705 1479 2737 diocesis
1500 2706 1660 2748 exemptis
1683 2709 1717 2738 et
1738 2715 1803 2737 non
1818 2705 1990 2747 exemptis.

384 2746 417 2778 Si
438 2747 582 2790 diligenti
600 2750 702 2782 studio
719 2754 933 2793 perpendatis
957 2756 1022 2797 filii,
1048 2767 1144 2798 quam
1168 2758 1209 2788 sit
1233 2767 1386 2799 magnum
1402 2757 1536 2790 virtutes
1556 2757 1663 2790 colere
1679 2757 1831 2800 singulas,
1854 2755 1990 2789 obedire

444 2851 470 2883 1)
490 2851 580 2884 Supra
598 2859 639 2878 nr.
653 2856 709 2880 914.
783 2855 808 2887 2)
826 2855 908 2887 Infra
927 2865 968 2883 nr.
983 2861 1040 2885 916.
1054 2862 1110 2886 917.
1186 2860 1214 2893 3)
1233 2859 1258 2887 Ι.
1271 2867 1291 2886 e.
1311 2859 1458 2893 Avinione,
1477 2859 1511 2887 11.
1526 2860 1667 2888 Kalendas
1686 2859 1768 2892 Iunii,
1787 2867 1860 2886 anno
1878 2860 1989 2886 octavo.
