2190 3172
340 177 401 206 244
574 173 672 200 ACTA
690 172 803 200 REGNI
822 171 1006 199 LUDEWICI
1024 170 1071 197 IV.
1090 170 1136 197 ΕΤ
1155 170 1340 198 FRIDERICI
1359 171 1408 198 111.
1445 171 1520 198 1315.
1557 170 1607 198 Nr.
1619 171 1678 199 288.
1697 170 1756 198 284.

446 261 514 292 Nos
529 260 721 292 Ludowicus
736 259 799 291 Dei
822 259 926 300 gratia
949 257 1168 290 Romanorum
1191 268 1250 289 rex
1271 268 1400 300 semper
1422 260 1577 299 augustus
1600 257 1642 289 ad
1663 258 1882 290 universorum
1906 258 1989 290 sacri

339 311 478 344 Romani
501 312 627 353 imperii
654 311 798 342 fidelium
821 311 973 341 noticiam
995 309 1158 351 publicam
1180 309 1327 341 volumus
1349 310 1534 351 pervenire,
1564 309 1650 351 quod
1671 310 1889 341 insinuacione
1912 319 1988 351 pru-

340 364 472 395 dentum
495 365 635 395 virorum
660 388 666 395 .
685 388 690 394 .
716 363 831 394 civium
854 361 1167 403 Ratispon(ensium)
1191 361 1334 393 fidelium
1359 363 1541 392 nostrorum
1564 360 1754 393 dilectorum
1776 360 1988 403 percepimus,

341 415 427 457 quod
450 426 509 457 per
531 415 691 456 predones
714 417 747 445 et
765 413 921 444 violentas
944 413 1124 444 invasiones
1147 412 1347 444 turbatorum
1370 413 1459 454 pacis
1481 412 1580 444 iidem
1603 413 1689 444 cives
1712 422 1749 444 ac
1773 412 1828 444 alii
1850 413 1990 444 viatores

341 471 374 499 et
395 470 592 499 mercatores
617 469 772 498 exeuntes
802 466 853 497 vel
877 466 1032 496 intrantes
1055 465 1218 496 civitatem
1240 463 1538 506 Ratispon(ensem)
1561 465 1744 506 capiuntur,
1773 463 1991 505 depredantur
2021 471 2032 490 ὓ

341 522 374 551 et
396 519 529 550 diversis
552 517 790 559 gravaminibus
807 516 1020 557 offenduntur,
1044 527 1141 559 super
1165 527 1227 558 quo
1251 516 1310 548 sibi
1333 517 1494 559 petierunt
1516 515 1556 548 de
1579 516 1681 558 regali
1705 515 1882 547 clemencia
1903 515 1989 547 salu-

339 571 439 602 briter
461 570 631 612 provideri.
678 568 880 600 Affectantes
903 568 1016 609 igitur,
1040 571 1135 610 prout
1158 579 1200 599 ex
1221 568 1361 600 iniuncto
1384 568 1477 599 nobis
1499 571 1647 599 tenemur
1669 567 1790 608 officio,
1814 566 1990 599 eorundem

341 625 506 663 tamquam
529 621 717 653 devotorum
743 622 776 651 et
797 619 942 651 fidelium
957 620 1084 661 imperii
1100 621 1217 661 quietis
1232 620 1401 652 comodum
1424 630 1608 662 preparare,
1631 619 1836 661 indulgemus
1859 622 1892 651 et
1914 628 1990 650 con·

341 673 484 706 cedimus
508 672 640 712 eisdem,
663 675 699 703 ut
721 672 911 703 auctoritate
935 672 1026 713 regia
1049 671 1230 703 turbatores
1252 672 1341 713 pacis
1364 674 1397 703 et
1418 672 1565 703 homines
1587 671 1783 703 facinorosos
1806 671 1838 702 in
1861 670 1990 702 civitate

339 725 568 766 Ratisponensi
592 727 625 755 et
648 727 740 755 extra
756 723 918 755 civitatem
940 733 1056 765 capere
1079 723 1208 755 valeant
1229 723 1262 754 in
1284 723 1402 755 iudicio
1425 734 1482 755 seu
1499 723 1639 755 dominio
1656 722 1872 764 quorumlibet
1887 721 1990 754 domi·
2011 728 2034 748 ¹⁰

339 787 453 808 norum
482 779 515 808 et
543 779 655 817 captos
685 776 718 807 in
750 776 914 807 civitatem
944 774 1062 806 ducere
1091 778 1312 807 memoratam.
1357 775 1410 807 Ita
1438 775 1524 817 quod
1556 775 1596 807 de
1627 774 1744 806 talibus
1774 775 1876 816 captis
1898 776 1990 806 extra

341 829 503 860 civitatem
528 828 666 870 primum
690 826 844 858 iudicium
866 827 936 858 fieri
958 830 1071 869 petant
1093 837 1151 868 per
1175 837 1262 868 eum,
1290 827 1322 858 in
1349 827 1437 858 cuius
1458 827 1576 858 iudicio
1600 826 1686 868 capti
1709 828 1791 866 sunt,
1814 824 1991 857 secundum

341 879 604 912 consuetudinem
628 882 703 910 ante
727 879 967 910 concessionem
984 878 1056 910 talis
1079 879 1182 920 gratie
1199 878 1413 910 observatam.
1453 877 1515 914 Qui
1537 878 1565 909 si
1586 878 1618 909 in
1642 877 1844 910 exhibicione
1867 877 1992 908 iusticie

340 933 442 974 petite
466 942 523 962 seu
546 931 664 962 iudicio
688 930 836 962 faciendo
859 930 1026 972 negligens
1049 933 1105 962 aut
1127 931 1278 962 remissus
1301 930 1407 971 fuerit,
1431 933 1547 962 extunc
1571 930 1664 962 dictis
1687 930 1807 962 civibus
1829 928 1939 961 licebit
1960 929 1993 960 in

341 984 471 1015 civitate
502 984 570 1014 sine
598 983 674 1014 iuris
702 982 798 1014 alieni
827 982 1004 1024 preiudicio
1034 982 1073 1014 de
1105 982 1224 1014 talibus
1250 982 1512 1014 malefactoribus
1546 983 1637 1013 iuxta
1670 982 1807 1013 civitatis
1839 981 1992 1013 iudicium
2011 990 2035 1010 ιι

340 1035 494 1067 iudicare.
532 1035 582 1066 De
599 1034 660 1065 hiis
677 1037 785 1066 autem
803 1035 857 1075 qui
880 1035 912 1065 in
928 1034 1056 1065 civitate
1073 1033 1266 1076 deprehensi
1282 1033 1402 1066 fuerint
1415 1033 1679 1065 malefactoribus
1698 1033 1833 1065 iudicari
1847 1032 1994 1064 volumus

341 1087 517 1119 secundum
542 1086 681 1117 civitatis
705 1085 858 1117 iudicium
884 1085 1039 1117 hactenus
1062 1085 1277 1117 observatum.
1321 1085 1534 1117 Addicientes
1562 1095 1600 1117 ac
1623 1085 1785 1125 volentes,
1814 1084 1901 1126 quod
1923 1095 1992 1116 me-

341 1139 458 1171 morati
481 1139 568 1170 cives
591 1137 846 1179 Ratisponenses
869 1137 935 1168 suis
957 1137 1093 1169 inimicis
1121 1140 1154 1169 et
1176 1137 1368 1169 adversariis
1391 1137 1540 1169 resistere
1563 1137 1693 1168 valeant
1715 1139 1749 1168 et
1775 1139 1885 1168 contra
1906 1136 1994 1178 ipsos

342 1191 532 1223 auctoritate
567 1190 657 1231 regia
690 1189 867 1221 efficaciter
902 1199 936 1220 se
972 1188 1148 1220 defendere
1182 1199 1220 1221 ac
1253 1189 1335 1220 tueri
1368 1199 1427 1230 per
1458 1191 1566 1220 nostre
1596 1188 1791 1220 defensionis
1823 1191 1857 1220 et
1882 1186 1994 1219 auxilii

341 1242 518 1284 presidium
541 1252 579 1273 ac
602 1242 761 1272 iuvamen.
807 1240 850 1272 Et
877 1244 912 1272 ut
940 1241 1029 1283 pacis
1052 1241 1221 1272 commodo
1243 1240 1408 1283 gaudeant
1430 1241 1586 1282 pleniore,
1609 1240 1789 1272 addicimus
1811 1239 1898 1282 quod
1918 1249 1993 1281 pre·
2011 1248 2037 1268 ιο

343 1293 435 1325 dictis
458 1292 580 1324 civibus
603 1296 714 1324 contra
737 1302 968 1334 quoscumque,
995 1293 1050 1334 qui
1073 1292 1233 1334 predones
1257 1295 1290 1324 et
1305 1292 1487 1325 turbatores
1502 1293 1643 1334 ipsormn
1667 1292 1708 1324 ad
1731 1295 1836 1324 castra
1858 1301 1916 1323 sua
1938 1301 1996 1323 seu

341 1345 540 1376 municiones
556 1345 794 1386 receptaverint
817 1347 850 1376 et
874 1343 914 1375 de
939 1343 1000 1375 hoc
1024 1344 1160 1376 convicti
1183 1343 1310 1384 fuerint,
1334 1347 1430 1386 prout
1451 1344 1550 1376 fuerit
1572 1347 1774 1386 oportunum,
1796 1344 1823 1375 si
1845 1353 1897 1375 res
1919 1343 1997 1385 ipsis

343 1396 465 1429 civibus
488 1396 614 1428 ablatas
638 1396 775 1428 reddere
793 1397 1006 1438 neglexerint,
1030 1400 1200 1438 postquam
1217 1396 1363 1438 requisiti
1387 1400 1420 1428 et
1441 1397 1555 1428 moniti
1576 1395 1696 1428 fuerint
1718 1406 1814 1437 super
1836 1406 1886 1436 eo,
1909 1394 1996 1427 idem

342 1449 391 1480 ius
414 1452 600 1490 competere
625 1448 745 1480 debeat
772 1451 806 1479 et
828 1448 928 1488 actio,
959 1458 1022 1490 que
1050 1449 1127 1489 ipsis
1157 1448 1278 1479 civibus
1306 1447 1347 1479 de
1374 1449 1444 1480 iure
1475 1451 1659 1490 competere
1687 1447 1862 1480 dinoscitur
1883 1450 1995 1479 contra

343 1499 525 1532 turbatores
548 1500 731 1531 huiusmodi
755 1510 813 1531 seu
835 1500 1005 1541 predones.
1094 1500 1132 1531 ln
1155 1500 1245 1531 cuius
1262 1501 1308 1531 rei
1324 1501 1541 1532 testimonium
1557 1502 1724 1542 presentes
1739 1500 1864 1531 litteras
1885 1501 1994 1531 nostre
2012 1507 2038 1527 ιδ

343 1553 521 1584 maiestatis
544 1552 649 1593 sigillo
673 1552 821 1583 iussimus
845 1552 1043 1583 communiri.

451 1603 526 1635 Dat.
550 1605 581 1634 in
605 1603 797 1645 Ratispona‚
825 1603 883 1635 XI.
902 1603 1040 1635 Kalend.
1065 1603 1161 1644 Iunii,
1186 1613 1268 1635 anno
1292 1602 1423 1635 Domini
1444 1603 1613 1635 millesimo
1638 1602 1719 1635 000
1744 1602 1994 1644 quintodecimo,

341 1655 434 1697 regni
456 1665 533 1687 vero
557 1656 656 1687 nostri
679 1666 762 1687 anno
786 1656 900 1697 primo.

430 1874 676 1920 284-286.
720 1874 998 1921 SCRIPTA
1027 1873 1364 1920 FRIDERICI
1396 1872 1526 1919 PRO
1552 1870 1916 1920 COMITIBUS

869 1938 955 1984 DE
986 1938 1470 1984 HELFENSTEIN.
2014 1949 2040 1969 ³⁰

973 2016 1080 2053 1315.
1121 2016 1204 2053 Mai.
1226 2016 1286 2052 90.
1317 2016 1376 2053 21.

815 2137 901 2173 0284.
944 2136 1120 2183 Scriptum
1142 2138 1256 2182 prius.
1362 2136 1453 2172 Mai.
1472 2138 1532 2172 20.

457 2210 617 2252 Oriyinale
640 2210 715 2253 (or.)
747 2211 782 2242 in
809 2211 969 2244 tabulario
999 2213 1082 2253 reyio
1105 2212 1364 2253 Stuttyardiensi.
1413 2211 1611 2245 contulimus
1631 2220 1697 2243 nos.
1749 2209 1894 2251 Siyillum
1915 2209 1998 2250 reyis

346 2264 444 2302 deest,
478 2263 615 2303 siyillum
644 2263 734 2294 ducis
765 2263 886 2295 laesum
907 2264 1024 2304 pendet
1053 2264 1119 2296 loro
1149 2264 1390 2296 membranaceo.
1421 2282 1462 2286 —
1496 2263 1559 2295 Ed.
1580 2262 1720 2295 Biihmer
1752 2262 1845 2293 ‘Acta
1872 2260 1998 2300 imperii

349 2315 476 2348 selecta’
494 2326 528 2355 p.
546 2316 609 2346 468
631 2326 680 2347 nr.
698 2316 760 2346 663
782 2325 820 2346 ex
842 2326 888 2347 or.
2015 2324 2041 2344 ss

455 2375 601 2413 Bbhmer,
625 2375 700 2415 Rey.
717 2375 831 2407 Ludw.
849 2386 883 2415 p.
900 2376 965 2407 382
987 2375 1155 2408 Friedrich
1178 2386 1227 2408 nr.
1243 2375 1317 2407 312.

459 2435 507 2475 Cf.
531 2436 684 2476 scriptum
706 2436 789 2476 reyis
811 2447 840 2467 a.
859 2438 952 2468 1315.
977 2437 1057 2477 Apr.
1073 2438 1116 2468 28
1139 2437 1249 2468 datum
1273 2435 1349 2477 Re9.
1366 2435 1492 2468 Friedr.
1515 2445 1565 2467 nr.
1583 2436 1656 2467 308.

456 2530 528 2562 Wir
543 2531 710 2563 Friderich
733 2542 795 2562 von
817 2530 920 2563 Getes
943 2531 1092 2573 genaden
1114 2530 1306 2563 Rbmischer
1328 2530 1429 2573 kfinig
1458 2530 1566 2562 allezit
1593 2531 1646 2562 ein
1674 2540 1780 2562 merer
1808 2530 1866 2561 des
1894 2529 1999 2561 riches

348 2581 414 2613 und
435 2582 493 2613 wir
515 2582 647 2624 Liupolt
669 2593 731 2614 von
759 2583 822 2614 den
849 2583 961 2614 selben
989 2583 1140 2625 genaden
1162 2582 1281 2624 herzog
1307 2593 1342 2614 ze
1367 2570 1515 2614 Osterieh
1538 2581 1604 2613 und
1629 2592 1666 2613 ze
1690 2581 1798 2624 Styre,
1829 2582 1881 2614 ein
1903 2581 1998 2613 herre

349 2644 385 2665 ze
409 2633 533 2675 Kreyn,
565 2634 602 2665 uf
623 2634 681 2666 der
702 2635 834 2666 Marche
859 2635 924 2666 und
948 2645 984 2666 ze
1008 2635 1171 2675 Portnow,
1201 2645 1299 2676 grave
1322 2645 1358 2666 ze
1381 2633 1587 2666 Habisburch
1610 2633 1676 2665 und
1697 2644 1733 2665 ze
1755 2632 1911 2675 Kyburch
1933 2633 1999 2664 und
2017 2643 2043 2663 40

350 2686 403 2717 ein
425 2686 570 2728 lantgraf
588 2687 620 2717 in
644 2686 744 2718 obern
766 2686 860 2718 Elsaz
884 2687 1039 2728 verjehen
1062 2686 1127 2718 und
1151 2686 1228 2718 trien
1250 2686 1331 2718 kunt
1353 2686 1439 2718 allen
1461 2685 1524 2718 den
1547 2685 1600 2717 die
1624 2685 1715 2717 disen
1738 2684 1826 2717 brief
1843 2685 2001 2717 ansehent

351 2737 430 2769 oder
452 2737 567 2770 hfirent
590 2738 695 2779 lesen,
724 2738 782 2770 daz
806 2739 864 2770 wir
893 2750 952 2770 uns
981 2738 1046 2770 und
1069 2738 1132 2770 alle
1155 2748 1252 2770 unser
1274 2737 1393 2770 brflder
1416 2736 1514 2769 darzfi
1535 2737 1709 2779 gebunden
1730 2736 1824 2777 hant,
1853 2747 1918 2769 swa
1941 2735 2000 2768 daz

351 2789 529 2831 geschiihe,
561 2790 617 2822 des
648 2791 705 2822 wir
732 2801 791 2822 uns
820 2790 891 2822 niht
913 2791 1085 2832 versehen,
1117 2790 1175 2822 daz
1206 2790 1268 2822 den
1298 2790 1414 2822 edelen
1441 2799 1581 2821 mannen
1608 2799 1729 2831 graven
1755 2787 1910 2820 Ulrichen
1937 2798 2001 2820 von
