2190 3172
141 845 166 866 1⁰

465 211 696 242 AGTAREGM
714 211 897 240 LUanlcl
916 211 963 240 lv.
982 212 1028 240 ΕΤ
1047 212 1232 240 FRIDERICI
1251 212 1300 240 111.
1338 212 1412 240 1315.
1449 212 1497 239 Nr.
1510 212 1569 240 290.
1778 216 1835 246 251

339 341 424 379 290.
465 342 619 378 Litterae
646 342 855 378 executoriae
882 341 929 376 ad
957 341 1129 376 civitatem
1156 338 1428 376 Valentinensem
1454 352 1557 387 super
1584 346 1687 378 motta

767 402 809 437 de
835 400 1018 437 Subdione.
1122 401 1203 436 Iun.
1223 402 1257 437 3.

297 471 458 513 Oriysinale
481 471 554 514 (or.)
577 471 690 504 ibidem
713 470 732 504 Ζ.
749 482 775 503 c.
821 470 903 503 Item
925 470 1064 512 siqillum
1086 470 1170 503 deest
1191 471 1404 510 foraminibus
1426 471 1562 511 relictis,·
1586 474 1627 512 cs.
1647 474 1840 515 prooemium

178 523 380 563 praecedens.
418 523 500 557 Item
521 534 543 555 α
564 523 668 556 scriba
691 523 801 555 curiae
822 522 987 555 Romanae
1009 523 1045 554 in
1067 522 1249 554 membrana
1264 522 1382 555 Italica
1405 526 1573 556 exaratum
1595 527 1650 556 est.
1690 525 1732 557 In
1754 536 1841 558 verso

184 574 332 616 leyuntur
359 574 486 608 circiter
510 585 541 608 α.
566 574 661 607 1366.
690 575 826 615 scripta.-
863 577 953 607 461·
1017 575 1021 616 Ι
1085 575 1117 612 R
1179 577 1184 614 Ι
1248 574 1377 607 Lictere
1403 577 1595 618 exequtorie
1619 576 1774 609 Ludovici
1798 577 1839 610 de

183 626 346 660 Bavaria·
374 626 471 659 misse
501 626 622 670 populo
653 626 791 659 civitatis
821 629 855 658 et
877 626 982 658 dioc.b
1003 625 1163 658 Valentin.
1189 636 1248 668 per
1270 625 1472 660 Ludovicum
1505 627 1546 659 de
1574 627 1714 660 Bavaria
1743 640 1841 671 super

184 678 391 711 concessione
415 688 473 711 seu
495 678 742 711 confirmacione
765 678 861 710 castri
882 677 923 710 de
936 677 1027 710 Mota
1047 676 1133 710 dicte
1150 677 1232 710 dioc.
1246 677 1283 710 P.
1297 678 1384 710 card.
1402 678 1442 711 de
1453 678 1644 722 columpna.
1687 682 1692 721 Ι
1735 679 1841 723 Super

183 729 301 762 Moeta.
365 729 370 772 Ι
434 729 500 762 dat.
523 740 608 762 anno
630 730 696 763 Dffi
718 728 912 771 MOCOXV,
935 729 996 762 111.
1012 729 1124 761 Nonas
1147 729 1239 761 Iunii.
1300 731 1305 770 Ι
1370 729 1412 762 Et
1434 735 1508 763 sunt
1531 731 1591 763 iste
1616 731 1667 764 111
1683 731 1731 764 lie
1755 734 1839 765 eius-

183 781 261 815 dem
282 781 402 814 tenoris
426 783 460 814 et
482 780 558 814 date
571 782 592 814 ².
615 799 658 806 --
681 781 752 813 Iam
774 781 930 813 edidimus
951 780 972 812 l.
988 791 1014 812 c.
1038 780 1146 819 XXV,
1170 782 1234 812 730
1255 791 1305 813 nr.
1323 783 1352 813 6.
1746 795 1749 797 Α

291 836 438 875 Βὸἧηιεν,
463 836 536 878 Περ.
554 837 667 870 Ludw.
684 847 720 878 p.
735 836 800 868 270
821 847 869 869 nr.
884 837 972 868 2617
993 836 1120 876 (Addit.
1137 836 1181 874 1).
1225 835 1329 869 Εόἧεν
1351 836 1370 869 l.
1388 848 1413 869 c.
1436 848 1471 878 p.
1487 838 1553 870 237
1574 849 1624 870 nr.
1641 841 1679 877 2,·
1708 839 1839 881 Ρνερεν-

184 888 345 922 Reinkens
367 888 535 930 ‘Auseaqe’
552 898 587 929 p.
604 889 668 920 158
689 899 740 920 nr.
755 888 792 927 2,·
814 887 939 920 Riezzer
961 888 982 920 1.
998 898 1024 920 c.
1043 898 1077 928 p.
1095 890 1114 918 1
1136 898 1185 919 nr.
1203 890 1234 919 1.

294 944 412 978 Textus
430 940 552 984 partim
574 943 742 976 concordat
764 953 835 975 cum
857 942 972 975 litteris
988 943 1260 983 praecedentibus.

291 1030 475 1063 Ludovieus
508 1030 572 1063 Dei
605 1030 709 1072 gratia
736 1029 956 1062 Romanorum
990 1039 1050 1061 rex
1083 1039 1213 1071 semper
1246 1033 1400 1072 augustus
1489 1031 1731 1064 honorabilibus
1766 1034 1841 1065 viris

183 1083 304 1126 populo
331 1083 470 1116 civitatis
497 1085 530 1114 et
563 1081 701 1114 diocesis
721 1081 1006 1123 Valentin(ensis)‚
1042 1081 1168 1113 dilectis
1202 1084 1234 1113 et
1262 1081 1410 1114 fidelibus
1436 1083 1554 1115 nostris
1641 1084 1779 1116 salutem
1808 1088 1841 1117 et

183 1135 287 1178 gratie
310 1137 418 1167 nostre
441 1144 479 1166 ac
503 1133 684 1166 dilectionis
707 1137 927 1175 augmentum.

291 1187 340 1230 (1)
362 1186 513 1219 Honores
534 1189 660 1218 nostros
683 1195 782 1228 agere
805 1195 843 1217 ac
863 1185 1135 1227 magnificentiam
1160 1185 1284 1227 regiam
1307 1185 1466 1218 credimus
1489 1186 1659 1227 honorare,
1686 1188 1712 1218 si
1736 1189 1840 1229 gratie

183 1242 291 1272 nostre
315 1238 460 1281 personis
483 1236 690 1280 quibuslibet,
713 1236 772 1269 sed
795 1237 966 1279 presertim
985 1237 1113 1279 generis
1130 1236 1298 1268 nobilitate
1316 1238 1496 1279 conspicuis
1519 1242 1552 1270 et
1575 1238 1606 1269 in
1624 1239 1762 1271 ecclesia
1777 1239 1840 1272 Dei

182 1290 363 1334 precelsum
387 1290 492 1322 locum
516 1288 710 1320 habentibus
740 1291 774 1320 et
795 1287 876 1320 alias
899 1287 1093 1330 specialibus
1115 1288 1232 1320 nostris
1254 1289 1366 1321 amicis
1388 1289 1608 1321 munificentia
1630 1293 1740 1322 nostra
1763 1301 1839 1323 con-

151 1345 153 1347 ’
183 1352 288 1383 cesse,
317 1346 353 1374 ut
376 1340 487 1373 debita
509 1340 735 1383 prosecutione
757 1350 821 1372 uon
845 1342 990 1382 careant,
1013 1339 1071 1371 sed
1095 1339 1226 1381 plenum
1254 1343 1287 1372 et
1317 1339 1464 1373 debitum
1488 1341 1639 1373 effectum
1663 1341 1839 1383 obtineant,

185 1393 383 1426 celsitudinis
405 1395 514 1424 nostre
536 1394 645 1434 partes
668 1391 860 1434 apponimus
884 1394 917 1423 et
939 1392 1165 1423 executionem
1188 1391 1330 1433 ipsarum
1357 1391 1468 1424 utilem
1492 1392 1561 1424 fieri
1585 1393 1676 1425 iuxta
1699 1395 1840 1435 petentis

184 1448 218 1478 et
251 1443 458 1478 concedentis
493 1444 617 1475 animos
651 1444 742 1485 regia
775 1443 966 1475 auctoritate
1000 1442 1158 1475 iubemus.
1214 1442 1346 1475 Dudum
1376 1444 1486 1486 itaque
1516 1445 1717 1486 significante
1747 1445 1840 1477 nobis

184 1495 363 1530 reverendo
387 1498 479 1538 patre
503 1494 634 1527 domino
657 1494 756 1527 Petro
779 1494 820 1527 de
843 1494 1024 1537 Oolumpna
1046 1499 1155 1526 sancte
1178 1493 1326 1526 Romane
1351 1495 1489 1528 ecclesie
1513 1495 1650 1528 diacono
1673 1496 1839 1536 cardinali,

185 1549 288 1581 amico
316 1551 425 1580 nostro
456 1547 640 1587 karissimo,
668 1546 754 1589 quod
785 1546 936 1588 religiose
964 1545 1116 1578 mulieres
1140 1570 1172 1578 ..
1197 1545 1361 1578 abbatissa
1390 1550 1423 1578 et
1451 1551 1627 1579 conventus
1653 1549 1840 1581 monasterii

185 1599 295 1632 Sancti
317 1599 408 1632 Petri
435 1599 475 1631 de
503 1597 668 1630 Subdione
699 1597 819 1630 ordinis
845 1598 947 1629 sancti
976 1597 1146 1629 Benedicti
1168 1598 1332 1630 Valentin.
1357 1598 1457 1639 dioc,
1489 1598 1660 1630 credentes
1689 1604 1755 1631 tam
1782 1610 1841 1631 sua

186 1661 282 1695 quam
305 1652 405 1694 ipsius
420 1650 606 1682 monasterii
629 1649 829 1682 conditiones
853 1653 886 1681 et
900 1650 970 1681 iura
993 1650 1025 1681 in
1041 1648 1260 1691 spiritualibus
1283 1653 1316 1682 et
1332 1649 1565 1691 temporalibus
1582 1650 1689 1682 facere
1706 1651 1842 1683 meliora

186 1706 220 1736 et
242 1703 328 1746 quod
350 1712 410 1745 per
432 1701 629 1734 cardinalem
652 1702 756 1744 ipsum
781 1701 900 1733 dictum
916 1701 1146 1733 monasterium
1170 1703 1203 1732 et
1226 1701 1294 1732 eius
1317 1701 1387 1732 iura
1410 1701 1441 1732 in
1459 1701 1677 1742 spiritualibus
1701 1706 1734 1733 ct
1756 1706 1839 1734 tem-

185 1754 351 1798 poralibus
373 1753 594 1796 multipliciter
617 1753 819 1795 augmentari
842 1756 995 1794 poterunt
1024 1756 1057 1784 et
1080 1753 1178 1784 etiam
1201 1753 1393 1793 conservari,
1417 1752 1577 1784 dederunt
1600 1753 1661 1784 sibi
1684 1763 1721 1784 ac
1746 1753 1840 1785 here-

187 1806 280 1839 dibus
307 1809 342 1839 et
363 1804 599 1838 successoribus
623 1805 692 1836 eius
715 1803 948 1836 universalibus
971 1803 1022 1835 vel
1045 1804 1077 1835 in
1108 1814 1175 1835 rem
1209 1807 1242 1835 et
1265 1804 1296 1835 in
1320 1803 1452 1836 feudum
1476 1804 1622 1836 francum
1646 1808 1679 1836 et
1702 1805 1840 1837 liberum

187 1861 414 1891 concesserunt
439 1867 496 1889 seu
521 1856 598 1889 dare
628 1860 661 1888 et
683 1855 862 1888 concedere
886 1859 998 1897 parate
1028 1859 1101 1886 sunt
1129 1859 1161 1886 et
1184 1855 1353 1887 intendunt
1376 1856 1548 1887 donatione
1578 1867 1673 1897 pura,
1704 1857 1840 1899 simplici

187 1913 221 1943 et
241 1908 448 1943 inrevocabili
474 1909 558 1940 inter
579 1908 682 1948 vivos,
705 1908 833 1939 nomine
861 1917 920 1938 suo
950 1910 983 1939 et
1012 1907 1087 1938 dicti
1110 1907 1296 1939 monasterii
1326 1910 1359 1938 et
1382 1907 1441 1938 sibi
1467 1908 1500 1939 in
1523 1918 1562 1939 eo
1587 1911 1745 1950 perpetuo
1769 1919 1840 1940 suc-

186 1961 379 2002 cedentium,
399 1959 580 1993 muttum-²
604 1958 777 1991 Subdionis
801 1963 833 1990 et
855 1959 991 1990 insulam
1015 1959 1109 1990 sitam
1132 1959 1163 1990 in
1187 1958 1318 1990 flumine
1334 1958 1462 1990 Rodani
1483 1958 1568 1990 dicte
1586 1963 1686 1990 motte
1703 1959 1841 1991 vicinam

186 2012 227 2046 ab
249 2013 405 2046 hactenus
421 2011 506 2044 dicto
522 2011 718 2043 monasterio
741 2010 843 2052 regali
865 2020 922 2042 seu
939 2010 1099 2052 imperiali
1115 2009 1286 2052 largitione
1303 2009 1438 2042 donatas
1454 2020 1526 2042 cum
1542 2011 1684 2052 ipsarum
1708 2010 1839 2051 iuribus,

186 2065 387 2108 pertinentiis
419 2067 452 2096 et
481 2062 678 2105 appenditiis
706 2063 877 2103 universis,
908 2062 997 2094 cuius
1026 2061 1157 2103 quidem
1184 2065 1285 2093 motte
1309 2061 1546 2102 rehedificatio‚
1576 2061 1711 2093 refectio
1741 2066 1841 2104 atque

186 2116 379 2149 constructio
401 2125 465 2147 non
488 2114 591 2147 solum
614 2113 722 2146 eidem
738 2113 875 2145 ecclesie
890 2113 1121 2149 Valentinensi,
1145 2112 1203 2144 sed
1227 2113 1286 2145 toti
1302 2113 1527 2155 circumposito
1544 2114 1667 2155 regioni
1684 2124 1840 2156 perquam

186 2168 282 2201 utiles
305 2171 338 2200 et
359 2166 540 2200 necessarie
564 2166 634 2198 fore
652 2168 824 2197 noscuntur
843 2174 967 2196 necnon
991 2168 1024 2196 et
1047 2164 1087 2196 ad
1112 2165 1256 2205 tutelam,
1280 2165 1487 2196 securitatem
1512 2168 1545 2196 et
1560 2164 1739 2196 custodiam
1764 2165 1841 2196 dicti

186 2219 325 2252 fluminis
346 2218 476 2251 Rodani
502 2219 586 2250 circa
612 2217 684 2249 loca
706 2216 853 2259 predicta
881 2219 915 2248 et
942 2216 1083 2248 omnium
1111 2217 1328 2250 itinerantium
1357 2226 1413 2248 seu
1441 2217 1661 2258 navigantium
1694 2226 1732 2248 ac
1756 2227 1840 2248 mer-

187 2271 325 2304 cimonia
352 2281 479 2313 queque
507 2269 736 2301 deducentium
766 2269 797 2299 in
826 2268 904 2300 locis
934 2267 1071 2308 eisdem,
1106 2267 1265 2299 directum
1299 2267 1359 2299 sibi
1389 2271 1422 2300 et
1451 2267 1699 2299 succedentibus
1726 2268 1773 2299 eis
1803 2279 1841 2299 ac

187 2322 294 2356 eidem
316 2321 512 2355 monasterio
536 2321 694 2353 dictarum
716 2323 819 2352 mette
843 2323 876 2351 et
898 2319 1000 2351 insule
1025 2319 1200 2351 dominium
1224 2320 1414 2358 retinentes,
1448 2323 1544 2361 prout
1566 2319 1598 2350 in
1622 2319 1841 2351 instrumentis

186 2374 324 2418 publicis
351 2373 426 2406 inde
453 2372 607 2406 confectis
634 2382 692 2404 seu
719 2371 927 2403 conficiendis
954 2371 1112 2403 dictorum
1142 2370 1312 2402 cardinalis
1347 2374 1381 2402 et
1407 2370 1571 2402 abbatisse
1604 2375 1637 2402 et
1666 2375 1841 2403 conventus

291 2459 358 2488 28⁰.
385 2459 409 2494 ⁸)
426 2460 604 2486 ἰωὰ-ΒΜ.
622 2467 704 2491 cupra
723 2458 818 2485 lineam
835 2458 897 2484 add.
992 2457 1017 2491 ¹²)
1035 2464 1062 2483 st
1079 2458 1144 2484 dioc.
1162 2466 1244 2490 supra
1263 2458 1358 2483 lineam
1377 2458 1440 2484 add.
1539 2458 1562 2488 ο)
1579 2456 1709 2482 ‘muctam'
1725 2458 1841 2483 «imiliter

186 2513 285 2538 smper
303 2513 355 2535 or.,·
373 2504 449 2530 etiam
466 2503 564 2534 lictore,
581 2506 690 2528 actente.

291 2570 316 2604 l)
337 2570 380 2604 Cf.
398 2570 566 2605 ‘Oataloyum
583 2569 740 2596 chunorum
762 2569 863 2596 archivi
881 2571 991 2595 sanctae
1010 2567 1150 2595 Romanae
1171 2567 1300 2594 ecclesiae
1322 2576 1347 2594 α.
1363 2571 1436 2594 136⁶.
1455 2567 1532 2593 iussu
1552 2567 1690 2600 ponuficis
1708 2568 1841 2594 Aria-'one

186 2613 338 2646 cmtsedmn
355 2613 510 2647 (Murattm'
530 2613 725 2646 ‘Antemnates
746 2612 856 2639 Italicae
873 2611 952 2639 medii
969 2611 1037 2638 aevi'
1063 2611 1110 2643 VJ,
1129 2611 1175 2638 col.
1192 2614 1323 2643 75-190,
1348 2610 1380 2638 de
1403 2618 1456 2644 quo
1478 2618 1500 2637 v.
1519 2610 1599 2637 ctiam
1616 2618 1701 2644 supra
1719 2613 1780 2637 tons.
1794 2610 1845 2637 ΙΙΙ

187 2655 224 2684 ad
240 2664 284 2684 Μ’.
295 2656 443 2695 κδ’-209)
467 2656 486 2683 1.
501 2663 523 2683 c.
542 2655 591 2683 col.
604 2659 651 2683 189
664 2655 716 2682 ΥΠ.
754 2654 921 2682 Contulimus
937 2654 1046 2681 codicem
1065 2654 1195 2680 tabularii
1218 2653 1343 2680 Vaticani
1363 2654 1482 2681 ‘Amaia
1498 2652 1623 2679 XXXV
1637 2655 1698 2680 tom.
1713 2654 1748 2680 θ’.
1789 2653 1841 2680 Ubi

187 2698 266 2726 haec:
287 2699 358 2727 Suut
374 2698 465 2734 primo
482 2701 540 2727 tres
556 2698 652 2727 littere
671 2699 802 2734 patentes
820 2697 943 2726 eiusdem
962 2697 1067 2725 tenoris
1086 2696 1219 2723 Ludovici
1238 2697 1272 2723 de
1292 2696 1420 2727 Bavaria,
1439 2695 1522 2723 misse
1540 2695 1646 2730 populo
1665 2696 1790 2723 civitatis
1809 2700 1838 2723 et

189 2740 307 2770 diocesis
320 2740 550 2776 Valentin(ensis)
569 2749 620 2777 per
637 2741 809 2769 Ludovicum
828 2740 862 2768 de
875 2740 997 2767 Bavaria
1014 2749 1098 2775 super
1118 2739 1294 2767 concessione
1313 2748 1361 2766 seu
1381 2739 1590 2766 confirmatione
1610 2739 1695 2765 castri
1714 2738 1748 2765 de
1763 2738 1839 2765 Mota

188 2783 264 2812 dicte
282 2783 401 2812 diocesis
419 2784 504 2812 factis
522 2784 659 2812 cardinali
685 2783 719 2811 de
738 2783 902 2818 columpna.
938 2782 1002 2810 Dat.
1022 2783 1070 2810 Ill.
1090 2782 1183 2810 Nonas
1202 2782 1274 2808 lunii
1294 2781 1451 2809 MCCCXV.
1495 2782 1537 2815 Cf.
1559 2781 1646 2807 Neues
1665 2781 1764 2807 Archiv
1789 2781 1805 2807 1.
1818 2789 1840 2807 c.

186 2835 216 2862 p.
231 2831 278 2855 m
295 2830 350 2855 not.
364 2831 388 2855 3.
475 2828 503 2860 2)
521 2830 612 2860 motta,
630 2830 704 2854 mota
722 2838 754 2850 ---
772 2826 846 2853 collis
862 2834 908 2853 seu
925 2826 1052 2858 tumulus,
1069 2826 1114 2852 cui
1132 2825 1337 2858 inaedificatum
1356 2825 1500 2857 castellum,
1521 2823 1652 2858 Ducat-92
1669 2832 1689 2850 s.
1704 2833 1724 2851 r.

1583 2876 1632 2902 32⁴¹
