2190 3172
448 153 546 182 ACTA
565 153 678 181 REGNI
698 153 880 182 LUDEWICI
901 154 947 181 lv.
966 154 1012 181 ET
1030 154 1217 183 FRIDERICI
1237 156 1285 183 111.
1323 157 1396 184 1314.
1435 157 1482 184 Nr.
1499 158 1555 186 180.
1577 159 1632 185 181.
1803 165 1863 195 169

242 303 476 350 180—183.
516 302 787 350 SCRIPTA
810 302 1147 350 LUDEWICI
1179 303 1389 350 SUPER
1416 306 1796 354 RECEPTION
1803 309 1839 353 E

481 366 951 414 OASTRENSIUM
984 367 1064 412 ET
1091 367 1600 417 VASSALLORUM.

826 444 933 481 1314.
977 444 1062 481 Dec.
1085 445 1264 482 &ik—27.

329 510 380 553 ef.
404 520 504 551 supra
525 520 575 542 nr.
593 511 666 543 175.

182 624 194 643 ⁸
553 616 635 653 180.
676 616 836 662 Receptio
868 616 1042 653 Wilhelmz·
1067 618 1109 653 de
1132 618 1256 654 Akers.
1362 618 1444 654 Dec.
1466 622 1530 655 22.

322 689 482 731 Oriyinale
504 689 580 732 (or.)
604 690 669 722 iam
697 689 732 721 in
759 690 915 722 tabulasrio
942 690 1082 732 yenerali
1108 692 1197 731 reqni
1219 691 1386 724 Bawarici
1409 693 1500 725 KLS
1519 705 1568 726 nr.
1585 694 1636 727 20.
1683 693 1863 736 Descripsi-

212 752 283 775 mus
304 752 370 774 nos.
417 741 563 783 Siqillum
586 741 677 780 deest,
696 740 914 783 foraminibus
936 741 1063 790 relictis.
1109 743 1153 774 In
1174 754 1261 775 verso
1283 745 1436 784 scriptum
1459 748 1503 776 est
1527 756 1626 777 manu
1648 757 1728 778 saec.
1748 746 1803 779 XI
1813 747 1864 780 V..-

210 793 339 835 F.⁴Wil.
364 793 534 826 derAkers
557 793 590 825 in
611 792 769 835 Lut(rea).
797 796 844 826 14.
868 794 951 826 Lud.
976 805 1045 835 rex,
1068 794 1219 835 itemque:
1241 796 1282 834 Β..
1308 815 1345 819 -
1371 797 1541 829 Ineditum.

318 853 465 892 Bo'hmer,
489 852 564 894 Req.
580 853 692 885 Itudw.
709 864 746 893 p.
762 853 826 885 269
848 864 898 886 nr.
914 854 1000 885 2609
1022 854 1148 895 (Addit.
1166 855 1209 896 I).

168 924 194 944 ιο
322 914 371 954 Of.
394 924 494 954 supra
515 917 587 946 tom.
603 912 661 952 IV,
685 913 747 945 164
768 924 818 946 nr.
835 914 908 946 192.

320 1005 387 1038 Nos
414 1004 606 1037 Ludowicus
640 1004 703 1036 Dei
736 1005 841 1047 gratia
868 1004 1088 1037 Romanorum
1124 1017 1182 1038 rex
1216 1016 1344 1048 semper
1378 1011 1532 1048 augustus
1567 1008 1609 1039 ad
1642 1009 1862 1041 universorum

211 1059 358 1091 notitiam
382 1057 528 1089 volumus
551 1057 730 1098 pervenire,
755 1055 842 1098 quod
866 1060 999 1099 propter
1022 1057 1179 1099 obsequia
1201 1061 1294 1100 grata
1318 1061 1352 1090 et
1374 1058 1537 1090 fructuosa
1561 1070 1656 1102 quam
1679 1061 1863 1103 plurimum,

212 1121 274 1153 que
297 1109 389 1142 nobis
413 1112 446 1141 et
468 1109 604 1151 imperio
618 1108 812 1140 Wilhelmus
836 1108 875 1140 de
889 1109 997 1151 Akyrs
1020 1110 1113 1141 miles
1135 1109 1240 1141 fidelis
1256 1114 1366 1142 noster
1381 1110 1518 1142 dilectus
1534 1111 1692 1153 impendit
1707 1112 1862 1144 hactenus

211 1165 245 1195 et
270 1162 480 1204 imposterum
511 1159 700 1202 impendere
734 1161 855 1202 poterit
884 1164 917 1192 et
943 1162 1119 1203 promisit·,
1154 1161 1293 1193 eundem
1320 1163 1351 1193 in
1381 1166 1576 1194 castrensem
1604 1168 1747 1196 nostrum
1775 1165 1861 1206 apud

167 1225 192 1245 ι.·,
210 1214 366 1247 Lutream
393 1213 531 1245 libenter
559 1215 592 1244 et
618 1211 797 1244 liberaliter
825 1212 974 1244 duximus
1004 1213 1266 1255 conquirendum.
1312 1213 1435 1246 Dentes
1465 1218 1499 1246 et
1528 1216 1729 1257 assignantes
1753 1216 1860 1248 eidem

211 1270 244 1300 et
265 1265 440 1298 heredibus
468 1265 533 1296 suis
560 1263 727 1306 legittimis
754 1263 795 1295 de
819 1274 953 1306 corpore
980 1275 1037 1296 suo
1065 1264 1336 1296 descendentibus
1364 1265 1547 1307 quindecim
1577 1267 1701 1299 maldra
1727 1268 1862 1310 siliginis

211 1318 251 1351 de
274 1317 458 1350 molendino
489 1318 597 1348 nostro
627 1316 658 1347 in
682 1316 803 1347 Lutrea
830 1325 955 1347 necnon
977 1317 1090 1358 viginti
1118 1327 1258 1358 capones
1286 1320 1319 1348 et
1348 1318 1489 1359 quinque
1513 1318 1634 1349 solidos
1656 1318 1860 1352 Hallensium

211 1370 252 1402 de
275 1369 422 1402 censibus
445 1369 560 1400 nostris
583 1370 616 1399 et
638 1368 766 1409 imperii
793 1367 914 1399 ibidem
937 1368 968 1399 in
992 1368 1172 1400 redditibus
1200 1369 1312 1400 annuis
1341 1368 1530 1411 colligendis
1555 1372 1588 1401 et
1611 1370 1803 1412 recipiendis
1827 1376 1861 1404 et

209 1424 368 1464 perpetuo
402 1418 549 1452 tenendis
583 1421 617 1450 et
642 1418 845 1460 possidendis
880 1430 939 1461 per
973 1430 1046 1451 eum
1076 1424 1108 1452 et
1140 1419 1242 1452 dictos
1276 1420 1414 1452 heredes
1444 1431 1518 1452 suos
1547 1423 1674 1453 nomine
1706 1426 1739 1454 et
1766 1423 1859 1455 titulo

165 1483 192 1504 so
209 1473 340 1506 feodali.
384 1471 457 1504 Hoc
480 1471 665 1513 specialiter
687 1470 814 1502 adiecto
838 1471 925 1513 quod
948 1471 1040 1503 nobis
1063 1474 1096 1503 et
1118 1472 1254 1513 imperio
1277 1471 1364 1503 idem
1378 1472 1571 1504 Wilhelmus
1594 1476 1627 1504 et
1650 1473 1788 1505 heredes
1811 1475 1859 1506 sui

207 1526 241 1558 in
263 1524 428 1557 fidelitatis
457 1525 491 1555 et
511 1522 655 1565 homagii
684 1521 794 1554 debito
823 1525 856 1554 et
883 1523 1019 1554 servitiis
1048 1523 1230 1564 prestandis
1256 1524 1287 1555 in
1313 1523 1398 1555 dicto
1422 1527 1528 1555 castro
1553 1524 1701 1555 Lutrensi
1726 1530 1759 1556 et
1781 1525 1858 1557 alibi

208 1578 271 1610 sint
301 1576 422 1609 astricti
455 1574 596 1607 fideliter
629 1577 662 1606 et
688 1577 887 1613 constanter,
921 1574 1003 1606 sicut
1033 1574 1088 1606 alii
1123 1578 1303 1607 castrenses
1335 1575 1429 1607 nobis
1458 1580 1491 1607 et
1522 1576 1592 1607 aliis
1627 1577 1691 1607 suis
1721 1576 1858 1608 dominis

209 1631 434 1672 astringuntur.
478 1626 523 1658 Et
549 1626 624 1668 quia
652 1625 797 1668 prefatus
813 1625 1008 1658 Wilhelmus
1038 1637 1134 1669 super
1165 1626 1226 1658 hoc
1254 1627 1420 1658 fidelitatis
1448 1627 1558 1659 debite
1582 1628 1696 1659 nobisb
1719 1630 1859 1670 prestitit

209 1683 436 1719 iuramentum,
466 1679 570 1721 ipsum
595 1677 635 1709 de
660 1677 745 1708 dicto
768 1677 865 1709 feodo
889 1677 1110 1720 sollempniter
1136 1679 1356 1710 investivimus
1379 1683 1412 1710 et
1435 1679 1639 1721 presentibus
1661 1681 1858 1711 investimus.

165 1747 191 1768 2⁵
315 1737 391 1770 Dat.
415 1734 596 1777 Maguntie,
619 1733 678 1765 XI.
696 1733 811 1765 Kalen.
829 1733 966 1774 Ianuar„
999 1744 1082 1765 anno
1110 1734 1239 1766 Domini
1263 1733 1499 1775 MCCCXIIII,
1530 1737 1620 1778 regni
1650 1746 1726 1767 vero
1758 1736 1857 1767 nostn‘

210 1801 292 1822 anno
315 1789 428 1832 primo.

508 1893 591 1929 181.
632 1892 792 1937 Receptio
820 1891 1020 1928 Eberhardi
1046 1893 1088 1927 de
1115 1892 1285 1938 Brubery.
1393 1893 1474 1928 Dec.
1497 1894 1560 1928 23.

319 1968 480 2010 Oriyinale
502 1966 579 2010 (or.)
609 1967 646 1999 in
672 1966 831 1998 tabulario
854 1966 1129 2007 Werniyerodano.
1179 1966 1378 1999 Contulimus
1399 1978 1464 1999 ηοε.
1520 1967 1624 2007 Siqilli
1645 1969 1857 2008 sraymentum

200 2021 318 2062 pendet
339 2020 405 2061 filis
424 2020 533 2051 sericis
551 2018 642 2051 rubei
659 2019 832 2059 viridisque
848 2018 967 2051 coloris.
994 2037 1032 2042 —
1056 2019 1118 2051 Ed.
1138 2019 1264 2051 Reimer
1280 2019 1471 2051 ‘Hessisches
1495 2019 1757 2052 Urlcundenbnwh'
1773 2020 1820 2058 II,
1835 2021 1859 2050 2
1920 2060 1924 2064 ι

165 2082 191 2103 ιο
202 2083 237 2114 p.
255 2073 317 2104 133
338 2083 386 2104 m.
405 2073 468 2103 137
489 2081 528 2103 ex
551 2081 596 2103 or.

315 2132 459 2171 Bb‘hmer,
483 2131 558 2172 Req.
575 2131 687 2163 Ludw.
704 2141 741 2171 p.
758 2130 780 2162 3
801 2141 851 2163 nr.
868 2131 919 2162 41.

318 2192 367 2233 Cf.
384 2191 459 2233 Req.
476 2191 589 2224 Ludw.
612 2201 662 2223 nr.
679 2191 722 2222 42
743 2193 772 2223 et
793 2201 893 2230 supra
916 2201 964 2222 nr.
984 2191 1056 2223 153.

313 2283 507 2316 Ludowicus
523 2282 586 2314 Dei
609 2282 713 2324 gratia
728 2281 948 2314 Romanorum
971 2291 1030 2312 rex
1053 2291 1182 2323 semper
1203 2285 1358 2323 augustus
1445 2283 1600 2314 universis
1619 2283 1701 2314 sacri
1717 2283 1855 2315 Romani

206 2336 333 2378 imperii
354 2334 503 2367 fidelibus
525 2337 692 2376 presentes
715 2333 837 2365 litteras
859 2333 1049 2375 inspecturis
1137 2334 1274 2374 gratiam
1297 2344 1387 2365 suam
1412 2337 1444 2365 et
1467 2344 1561 2366 omne
1586 2334 1713 2366 bonum.

165 2401 190 2422 aa
315 2386 416 2419 Grata
446 2390 478 2418 et
506 2386 669 2417 fructuosa
698 2385 868 2427 obsequia,
904 2395 966 2427 que
997 2384 1112 2416 nobilis
1140 2385 1188 2416 vir
1215 2385 1422 2417 Eberhardus
1452 2385 1492 2418 de
1526 2385 1674 2427 Bruberg
1704 2386 1795 2418 nobis
1823 2391 1856 2418 et

206 2439 341 2482 imperio
368 2438 446 2470 fecit
473 2441 507 2470 et
535 2437 680 2470 exhibuit
707 2437 862 2470 hactenus
889 2440 922 2468 et
950 2437 1095 2478 promisit
1117 2437 1226 2469 facere
1251 2441 1283 2468 et
1307 2437 1462 2469 exhibere
1486 2437 1626 2469 fideliter
1649 2438 1679 2468 in
1704 2437 1854 2478 futurum,

206 2489 393 2533 diligencius
426 2489 641 2522 adtendentes
673 2490 778 2531 ipsum
812 2490 845 2520 iu
879 2488 1034 2520 vasallum
1073 2491 1106 2520 et
1139 2488 1302 2520 hominem
1338 2492 1480 2520 nostrum
1516 2494 1550 2521 et
1583 2490 1708 2530 imperii
1743 2489 1854 2531 ligium

205 2542 342 2575 libenter
356 2542 602 2584 conquisivimus
626 2544 659 2573 et
675 2541 823 2572 duximus
840 2540 1100 2583 conquirendum.
1147 2539 1271 2572 Dantes
1293 2541 1353 2572 sibi
1377 2544 1509 2582 propter
1525 2541 1585 2572 hoc
1603 2541 1855 2582 quadringentas

205 2603 329 2626 marcas
352 2594 478 2636 argenti
500 2594 572 2635 puri
594 2603 632 2625 ao
655 2603 713 2635 pro
736 2592 859 2625 eisdem
881 2592 1064 2634 ungeltum,
1095 2592 1181 2634 quod
1209 2593 1241 2623 in
1269 2592 1367 2634 opido
1390 2596 1499 2624 nostro
1523 2591 1730 2634 Geylnhusen
1755 2593 1853 2633 recipi

162 2662 189 2683 ω
205 2648 313 2678 nostro
337 2649 371 2677 et
392 2645 519 2687 imperii
540 2645 669 2676 nomine
692 2644 867 2685 consuevit,
892 2647 1002 2676 tenore
1025 2644 1226 2685 presencium
1251 2644 1343 2675 titulo
1368 2645 1512 2686 pignoris
1535 2643 1717 2686 obligamus
1740 2648 1852 2675 tenen-

308 2735 374 2763 18⁰.
401 2737 425 2768 ι)
443 2745 525 2770 cupra
537 2737 633 2762 lineam
645 2737 701 2761 alia
713 2744 794 2761 manu
806 2735 892 2760 adhuc
910 2743 975 2760 naec.
989 2734 1066 2760 XIV.
1087 2734 1127 2760 hic
1147 2735 1208 2760 add.
1228 2735 1276 2760 vac
1295 2744 1333 2760 or.
1422 2734 1447 2766 b)
1465 2735 1550 2760 debite
1567 2735 1571 2765 Ι
1588 2735 1662 2760 nobis
1681 2736 1707 2759 in
1723 2735 1777 2760 loco
1793 2743 1853 2759 raso

205 2787 260 2809 or.,·
273 2780 350 2812 prius
367 2780 488 2813 scriptum
506 2783 574 2804 erat.-
596 2783 630 2804 et
647 2779 734 2804 homa
750 2777 755 2811 Ι
770 2779 822 2811 gii.

307 2838 344 2856 u..
363 2837 576 2856 consrirunonss
594 2838 618 2857 v.
1614 2828 1647 2854 2⁸2
