2158 3138
480 149 578 179 ACTA
596 149 709 177 REGNI
728 147 912 176 LUDEWICI
931 147 979 175 IV.
997 147 1043 175 m·
1061 146 1245 175 mlnssnlcl
1265 146 1313 174 111.
1350 146 1425 174 1314.
1462 146 1511 174 Nr.
1525 147 1582 174 121.
1791 149 1845 180 121

302 288 527 336 121—129.
571 285 746 333 ACTA
770 283 1288 391 gchg-NAAEIOJIS‘Q
1313 283 1645 331 LUDEWICI
1672 285 1756 330 IV.

870 381 878 390 .
957 363 1016 389 ov.
1089 372 1150 388 .—
1191 363 1242 388 ee.
1290 380 1299 388 .

239 459 450 497 121—124.
493 456 787 495 TRACTATUS
814 456 914 493 CUM
941 454 1323 493 ARCHIEPISCOPO
1350 455 1631 493 COLONIENSI
1657 456 1833 495 HABITI.

847 520 936 550 1314.
972 517 1223 551 Nov.18.—20.

177 624 190 645 s
315 618 386 648 121.
413 617 482 647 122.
517 612 838 647 INSTRUMENTA
861 611 1003 645 SUPER
1026 611 1386 644 CONSTITUTIONE
1410 612 1755 647 PROOURATORIS

587 665 650 698 AD
675 663 1070 698 AROHOEPISOOPUM
1092 663 1209 696 MISSI
1233 663 1476 697 CONFECTA.

957 724 1038 757 Νον.
1060 726 1107 757 18.

586 815 668 852 121.
709 814 1001 851 Procuratorium
1025 813 1214 850 Ludewici.
1319 813 1408 849 Nov.
1428 815 1487 849 18.

321 883 419 924 Copia
445 885 458 914 1
490 883 526 915 in
552 882 769 914 Instrumenta
802 881 893 920 infra
922 891 971 912 nr.
995 879 1060 911 123
1090 880 1211 920 cap.1‚·
1245 881 1264 911 2
1294 879 1330 911 in
1359 879 1574 912 Instrumenta
1603 881 1693 920 infra
1722 893 1771 914 nr.
1795 883 1857 914 124

169 947 194 969 ιο
211 945 280 976 cap.
297 937 327 967 1.
350 952 392 958 -
415 934 487 967 Iam
509 933 666 966 edidimus
689 932 803 966 ‘Neues
825 931 956 964 Archiv'
983 931 1119 970 XXIII,
1142 942 1191 963 nr.
1209 932 1250 962 34
1267 942 1341 972 paq.
1358 933 1422 962 306
1444 942 1482 963 ex
1508 935 1519 963 1
1547 935 1576 963 et
1599 934 1628 964 2.

322 986 372 1026 Of.
394 996 493 1026 supra
514 996 564 1018 nr.
582 985 654 1017 114.

318 1068 356 1100 In
378 1068 506 1100 nomine
529 1067 659 1099 Domini
681 1077 784 1099 amen.

318 1119 474 1152 Noverint
506 1119 646 1151 universi
683 1129 816 1161 presens
852 1118 1099 1150 instrumentum
1137 1118 1299 1160 publicum
1338 1118 1529 1160 inspecturi,
1564 1118 1650 1160 quod
1682 1120 1740 1152 sub
1775 1131 1858 1153 anno

211 1171 343 1204 Domini
364 1170 615 1211 MOOOXIIIP,
645 1170 818 1203 indictione
841 1169 941 1210 XIII,
972 1169 1024 1202 die
1047 1169 1159 1202 Martis
1187 1169 1312 1202 decima
1340 1170 1475 1202 octavab
1509 1172 1627 1203 mensis
1656 1171 1859 1213 Novembris,

170 1232 195 1252 1⁵
213 1224 293 1256 hora
324 1224 415 1266 quasi
443 1226 551 1264 sexta,
586 1222 763 1265 apostolica
785 1222 863 1254 sede
887 1226 1039 1263 vacante,
1072 1221 1105 1254 in
1139 1220 1261 1264 campis
1287 1221 1374 1264 apud
1406 1222 1514 1254 villam
1544 1222 1662 1255 dictam
1692 1223 1859 1256 Faustorf⁰

212 1275 411 1308 Coloniensis
434 1274 581 1318 dyocesis
603 1275 636 1306 in
659 1274 822 1317 presentia
844 1274 908 1306 mei
932 1274 1048 1306 notarii
1071 1273 1191 1316 publici
1215 1276 1248 1306 et
1271 1275 1400 1306 testium
1421 1274 1671 1316 subscriptorum
1695 1277 1858 1309 serenissi-

212 1338 284 1360 mus
306 1328 454 1370 princeps
477 1330 510 1359 et
532 1326 678 1359 dominus
701 1326 847 1358 dominus
870 1325 1090 1367 Lud(owieus)
1113 1325 1175 1358 Dei
1198 1326 1303 1368 gratia
1326 1326 1356 1357 in
1373 1336 1485 1368 regem
1501 1325 1720 1359 Romanorum
1737 1328 1860 1361 electus

213 1379 399 1422 religiosum
423 1382 457 1411 et
477 1378 669 1421 prudentem
692 1378 795 1410 virum
818 1378 951 1410 fratrem
968 1377 1185 1410 Wernherum
1208 1377 1328 1409 dictum
1352 1377 1392 1409 de
1409 1377 1568 1410 Wintrich
1597 1378 1717 1411 ordinis
1739 1379 1859 1423 Hospi-

214 1430 288 1463 talis
302 1431 403 1463 sancti
418 1430 570 1463 Iohannis
584 1430 831 1463 Ierosolimitani
848 1429 962 1462 domus
977 1428 1184 1462 Treverensis
1199 1440 1291 1461 suum
1307 1439 1419 1461 verum
1439 1433 1473 1461 et
1487 1430 1680 1471 legittimum
1697 1433 1861 1464 constituit

170 1497 196 1518 ,ο
213 1485 454 1526 procuratorem
484 1486 517 1515 et
538 1483 688 1515 nuncium
711 1481 886 1524 specialem
913 1481 955 1513 ad
978 1480 1230 1524 comparendum
1260 1485 1293 1513 et
1319 1491 1354 1513 se
1378 1481 1589 1523 personaliter
1612 1484 1860 1524 presentandum

214 1546 323 1568 coram
338 1534 515 1567 venerabili
530 1535 563 1567 in
575 1533 702 1566 Christo
719 1537 811 1576 patre
824 1533 953 1566 domino
968 1533 1108 1565 Henrico
1124 1533 1368 1575 archiepiscopo
1380 1533 1564 1565 Coloniensi
1580 1538 1613 1566 et
1627 1534 1667 1566 ad
1685 1535 1859 1576 petendum

214 1591 248 1621 et
269 1585 497 1630 requirendum
526 1586 664 1619 eundem
693 1597 750 1618 suo
782 1586 910 1618 nomine
940 1586 1072 1625 iterato,
1107 1585 1188 1617 sicut
1215 1588 1248 1617 et
1275 1585 1355 1617 alias
1382 1586 1486 1627 ipsum
1509 1596 1568 1627 per
1590 1587 1801 1619 reverendum
1828 1588 1860 1619 in

214 1639 341 1673 Christo
357 1642 482 1682 patrem
499 1637 662 1670 dominum
681 1637 832 1670 abbatem
849 1636 1055 1670 monasterii⁶
1071 1637 1284 1669 Eberacensis
1301 1636 1532 1679 cysterciensis
1550 1637 1669 1669 ordinis
1686 1640 1860 1681 requisivit,

214 1701 310 1735 quem
332 1701 434 1733 nuper
456 1689 499 1723 ad
520 1691 625 1732 ipsum
648 1689 812 1722 dominum
834 1689 1112 1732 archiepiscopum
1135 1692 1268 1732 propter
1290 1689 1351 1720 hoc
1374 1689 1558 1731 specialiter
1581 1689 1789 1723 destinavit¹:

5 1782 14 1786 ‚.
171 1755 196 1776 ιο
321 1743 414 1776 ‘Cum
436 1742 539 1785 nuper
560 1743 629 1784 ipse
653 1741 800 1774 dominus
822 1741 1042 1783 Lud(0wicus)
1071 1741 1157 1783 apud
1179 1740 1405 1773 Frankenfurd
1428 1741 1480 1773 die
1505 1741 1546 1773 ad
1569 1741 1630 1773 hoc
1654 1743 1777 1784 prefixa
1800 1744 1860 1775 rite

3 1787 14 1841 ξ
215 1796 311 1829 fuerit
333 1795 455 1828 electus
477 1795 509 1826 in
532 1804 643 1836 regem
665 1793 886 1826 Romanorum
908 1803 928 1825 a
951 1792 1187 1826 venerabilibus
1210 1794 1240 1824 in
1263 1793 1390 1825 Christo
1415 1793 1559 1835 patribus
1587 1797 1619 1825 et
1643 1793 1779 1826 dominis
1802 1794 1859 1826 do-

3 1842 7 1855 *
215 1847 328 1880 minis⁰
354 1846 454 1879 Petro
477 1849 586 1878 sancte
609 1845 796 1888 Maguntiue
823 1845 909 1878 sedis
942 1848 975 1878 et
997 1845 1185 1887 Bald(uino)
1214 1848 1323 1876 sancte
1357 1844 1565 1876 Treverensis
1595 1845 1732 1878 ecclesie
1756 1847 1860 1878 archi-

216 1898 375 1942 episcopis
397 1908 455 1940 per
478 1896 685 1929 Germaniam
709 1900 742 1929 et
764 1908 822 1940 per
845 1896 986 1929 Galliam
1016 1897 1097 1929 sacri
1121 1897 1248 1938 imperii
1277 1896 1565 1928 archicancellariis
1588 1908 1711 1929 necnon
1735 1899 1859 1940 magni-

215 1951 283 1983 ficis
315 1949 511 1992 principibus
544 1952 578 1981 et
608 1949 745 1981 dominis
779 1948 915 1981 dominis
949 1948 1110 1981 Iohanne‘
1140 1948 1298 1980 Bohemie
1335 1951 1368 1979 et
1395 1948 1531 1981 Polonie
1563 1959 1640 1991 rege
1675 1955 1708 1982 et
1742 1951 1860 1982 comite

172 2015 198 2035 ao
215 2001 531 2044 Lucelmburgensu,
563 2001 775 2033 Woldemaro
806 2001 990 2033 marchione
1019 2000 1335 2042 Brandemburgensi
1371 2003 1404 2031 et
1431 2000 1595 2033 Iohanne¹²
1628 2002 1744 2033 seniori
1779 2002 1860 2034 duce

217 2054 357 2088 saxonie
394 2053 586 2086 electoribus
623 2054 708 2096 regis
746 2053 966 2086 Romanorum
1004 2053 1155 2095 diemque
1194 2052 1255 2084 sibi
1291 2051 1443 2084 videlicet
1479 2053 1663 2085 vicesimam
1700 2054 1859 2095 quartam‘

216 2107 335 2139 mensis
357 2105 550 2138 Novembris
579 2116 641 2148 que
672 2108 722 2138 est
750 2105 819 2137 dies
842 2105 1012 2138 Dominica
1035 2106 1181 2148 proxime
1205 2109 1339 2137 ventura
1363 2105 1529 2146 prefixerit
1555 2104 1641 2147 apud
1663 2106 1859 2148 Aquisgrani
1874 2117 1972 2139 sonu.

217 2159 258 2191 de
281 2158 429 2199 consilio,
451 2167 607 2190 consensu
639 2160 672 2189 et
695 2157 934 2200 approbacione
958 2157 1115 2190 dictorum
1140 2157 1316 2189 electorum
1340 2156 1382 2188 ad
1405 2156 1622 2199 recipiendum
1648 2157 1757 2199 regale
1782 2157 1860 2199 dya-

217 2210 323 2249 dema,
346 2213 441 2252 prout
463 2209 702 2242 consuetudinis
725 2213 775 2242 est
797 2213 895 2252 atque
918 2210 1026 2249 moris,
1093 2210 1242 2251 quatinus
1264 2209 1290 2240 si
1314 2218 1371 2240 sua
1395 2212 1427 2240 et
1450 2208 1585 2240 ecclesie
1609 2219 1665 2240 sue
1689 2208 1862 2240 crediderit

173 2274 197 2294 as
217 2261 399 2304 aliqualiter
425 2261 579 2293 interesse
603 2260 660 2293 ac'K
687 2261 809 2304 aliquid
832 2262 999 2293 ministerii
1022 2262 1072 2294 vel
1103 2261 1199 2292 officii
1234 2261 1318 2293 circa
1349 2259 1467 2291 dictam
1498 2271 1587 2291 suam
1617 2262 1861 2293 coronacionem

218 2315 420 2356 competere,
448 2312 600 2355 predictis
626 2313 697 2345 loco
729 2317 762 2345 et
788 2313 840 2346 die
868 2324 932 2345 una
961 2324 1033 2346 cum
1061 2313 1132 2345 aliis
1160 2313 1313 2355 predictis
1341 2313 1405 2344 suis
1429 2312 1637 2353 electoribus,
1662 2313 1715 2354 qui
1740 2312 1860 2344 ibidem

212 2367 383 2408 'presentes
410 2364 590 2406 extiterint,
618 2369 804 2407 compareat
833 2365 947 2397 eadem
972 2366 998 2396 si
1021 2364 1159 2396 voluerit
1186 2367 1388 2396 executurus
1435 2363 1516 2395 Cum
1546 2364 1751 2395 intimacione
1775 2364 1862 2406 quod

217 2417 244 2448 si
266 2427 329 2448 non
352 2416 485 2457 venerit,
509 2417 577 2458 ipse
601 2416 747 2448 dominus
770 2427 828 2449 rex
852 2417 974 2449 electus
997 2417 1038 2449 ab
1063 2416 1125 2448 alio
1149 2415 1200 2447 vel
1223 2416 1264 2447 ab
1289 2415 1369 2456 aliis,
1393 2426 1413 2446 a
1436 2426 1499 2457 quo
1524 2415 1574 2446 vel
1606 2415 1721 2457 quibus
1744 2417 1862 2457 poterit

218 2469 269 2500 vel
292 2467 433 2509 debebit,
456 2478 569 2499 munus
591 2478 647 2499 sue
671 2468 806 2510 recipiet
829 2467 1083 2500 coronacionis¹.’

174 2533 200 2552 ιο
325 2519 444 2552 Ratum
460 2518 626 2551 habiturus
642 2519 824 2562 quidquidm
847 2530 906 2562 per
929 2520 1048 2551 dictum
1069 2519 1200 2551 fratrem
1217 2519 1432 2551 Wernherum
1456 2521 1561 2549 actum
1586 2518 1635 2549 vel
1658 2523 1861 2559 procuratum

218 2571 316 2604 fuerit
337 2571 368 2603 in
390 2571 563 2614 premissis.

322 2643 387 2671 121.
414 2643 438 2674 ¹)
450 2645 584 2671 millesimo
596 2646 774 2671 trecentesimo
786 2646 860 2671 xun
872 2645 896 2671 2.
971 2644 996 2677 ¹³)
1010 2645 1095 2671 XVIII
1114 2645 1137 2671 2.
1214 2646 1237 2677 ⁰)
1250 2641 1370 2670 Fs'iustors
1379 2644 1402 2669 2.
1478 2642 1503 2674 d)
1516 2644 1636 2668 mannan-¹
1651 2643 1673 2668 1.
1744 2644 1766 2671 ε)
1779 2643 1823 2668 dn]
1838 2644 1861 2669 1.

219 2687 239 2722 f)
257 2697 325 2714 corr.
343 2696 374 2713 απ
391 2686 467 2713 lobes
487 2687 509 2714 l.
579 2688 606 2719 Ι)
623 2689 815 2722 Luceburgensi
834 2687 858 2713 2.
929 2687 954 2720 ¹¹)
973 2690 1072 2714 seniore
1090 2688 1114 2714 2.
1185 2687 1203 2720 I)
1223 2689 1322 2713 xxun
1340 2686 1364 2712 2.
1435 2685 1460 2719 ¹¹)
1479 2691 1505 2711 et
1524 2686 1548 2711 ⁴2.
1620 2684 1638 2717 ¹)
1657 2687 1824 2711 commmunia
1839 2687 1862 2712 1.

219 2730 253 2764 ¹¹¹)
270 2731 394 2765 quicquid
411 2730 436 2756 2.

176 2789 202 2810 ⁴⁵
323 2780 350 2814 1)
368 2779 410 2807 De
427 2787 482 2814 qua
498 2787 528 2807 re
545 2779 700 2807 docum
717 2783 821 2808 ser-tuta
839 2789 894 2807 non
911 2784 983 2808 sunt.

324 2840 363 2859 u..
375 2839 600 2859 consu-rumosas
612 2841 638 2860 v.
1625 2832 1656 2857 16
