2190 3172
401 221 498 250 ACTA
517 221 630 258 mmm
650 221 834 250 LUDEWICI
852 221 898 249 IV.
917 222 963 249 ET
981 221 1165 250 FRIDERICI
1185 223 1232 250 111.
1269 223 1344 251 1815.
1380 224 1428 252 Nr.
1441 224 1500 252 208.
1518 225 1576 253 209.
1595 226 1653 253 210.
1786 228 1844 259 187

310 307 377 341 Nos
399 309 508 350 itaque
533 333 539 340 .
558 332 565 340 .
589 309 727 350 sculteti,
751 332 759 341 .
774 333 781 341 .
805 311 993 350 castrenses,
1019 333 1049 341 ..
1074 309 1231 350 consules,
1256 335 1287 342 ..
1311 311 1398 342 cives
1420 321 1458 343 ac
1481 311 1587 343 incole
1604 311 1739 353 predicti
1757 313 1847 346 iuxta

204 359 392 392 mandatum
425 360 524 402 ipsius
557 359 677 392 domini
706 361 792 402 regis
825 360 1001 393 venerabili
1035 362 1066 392 in
1095 361 1221 393 Christo
1250 363 1333 404 patri
1360 366 1393 393 et
1421 362 1550 395 domino
1579 367 1687 394 nostro
1715 363 1846 396 domino

206 412 305 444 Petro
327 411 569 454 archiepiscopo
591 411 780 454 Moguntino
806 411 937 444 buldam
967 416 1000 444 et
1029 412 1250 444 obedienciam
1278 423 1316 445 ac
1343 424 1441 456 super
1463 414 1661 446 intendendo
1685 415 1791 448 eidem
1814 417 1846 447 in

207 462 366 504 omnibus,
395 466 431 495 ut
452 465 616 504 tenemur,
648 463 814 505 corporale
837 464 1033 506 prestitimus
1060 465 1283 496 iuramentum.
1371 465 1409 497 In
1438 467 1528 498 cuius
1558 467 1605 498 rei
1629 467 1845 499 testimonium

171 524 185 546 ι
206 518 372 558 presentes
394 514 517 547 litteras
542 515 648 557 sigillo
670 515 808 547 civitatis
831 515 1122 557 Oppenheimensis
1145 515 1278 548 fecimus
1301 518 1498 550 communiri.

310 566 384 599 Dat.
410 565 624 609 oppenheim,
648 577 731 599 anno
747 566 878 599 Domini
901 567 1072 599 millesimo
1088 569 1315 600 trecentesimo
1332 569 1582 611 quintodecim0‚
1606 569 1685 601 1x.·
1708 569 1846 603 Kalend.

204 618 358 651 Februar.

571 707 657 745 209.
699 707 869 754 Obligatio
897 708 1071 744 Ludewz‘ci
1097 710 1210 744 tertia.
1314 708 1414 745 Febr.
1434 711 1488 745 16.

313 780 474 830 Oriyinale
495 780 570 823 (or.)
597 781 633 813 in
659 780 817 813 tabulario
845 781 985 822 generali
1012 782 1102 822 reyni
1129 781 1296 814 Bawarici
1323 782 1414 815 KLS
1442 794 1491 815 nr.
1507 783 1559 814 34.
1614 782 1848 824 Descripsimus

162 841 187 861 1⁰
203 843 269 866 nos.
299 832 447 866 ‘Pendent
460 832 558 874 sigilli
570 832 747 874 fraymenta
763 831 827 865 loro
841 833 1081 865 membranaceo.
1100 852 1138 856 —
1164 833 1225 866 Ed.
1238 833 1464 867 Biihmer-Lau
1481 835 1597 866 ‘Codex
1612 834 1847 876 diplomatica&

204 884 253 924 Π,
275 885 297 916 8
317 895 367 917 nr.
384 886 425 916 11
447 895 486 917 ex
507 894 572 925 cop.

309 962 377 995 Nos
398 962 591 995 Ludowicus
619 962 684 994 Dei
713 962 822 1004 gracia
847 962 1068 994 Romanorum
1097 973 1154 994 rex
1178 973 1308 1005 semper
1331 967 1485 1006 augustus
1508 964 1766 1005 recognoscimus
1788 974 1849 1006 per

203 1018 380 1058 presentes,
401 1025 459 1047 nos
482 1014 584 1046 teneri
607 1017 640 1046 et
663 1013 822 1057 obligatos
845 1024 916 1045 esse
939 1013 1114 1046 venerabili
1131 1014 1230 1046 Petro
1249 1014 1490 1058 archiepiscopo
1507 1015 1695 1057 Moguntino
1712 1016 1846 1058 principi

203 1069 311 1099 nostro
334 1067 502 1099 karissimo
529 1067 562 1099 in
591 1066 716 1099 duobus
745 1066 873 1098 milibus
895 1065 1048 1098 librarum
1071 1066 1303 1109 Hall(ensiu)m
1329 1068 1458 1100 racione
1482 1067 1607 1100 decime
1631 1068 1848 1110 provenientis

161 1125 186 1146 ιδ
204 1118 245 1150 de
277 1119 452 1150 exaccione
487 1129 545 1151 seu
574 1118 770 1151 obvencione
799 1119 935 1160 pecunie
964 1122 1095 1161 recepte
1130 1129 1188 1161 per
1216 1129 1274 1151 nos
1302 1130 1322 1151 a
1350 1119 1459 1152 Iudeis
1490 1121 1523 1151 in
1550 1119 1791 1158 Frankeuford,
1814 1120 1846 1150 in

203 1169 418 1213 oppenheim,
434 1170 620 1203 Wormacia
655 1173 688 1202 et
721 1169 815 1212 Spira
849 1179 977 1202 camare
1011 1173 1118 1202 nostre
1152 1171 1262 1202 servis.
1319 1170 1384 1203 Pro
1412 1182 1475 1214 qua
1503 1172 1639 1213 pecunie
1667 1172 1847 1213 quantitate

203 1221 309 1254 eidem
336 1222 500 1254 civitatem
526 1225 669 1254 nostram
692 1221 897 1264 Oppenheim
926 1232 998 1254 cum
1022 1222 1086 1253 suis
1110 1222 1315 1264 pertinenciis
1339 1223 1444 1255 denuo
1469 1223 1666 1265 obligamus,
1691 1222 1845 1265 quemad-

201 1273 332 1306 modum
354 1274 458 1316 ipsam
481 1274 644 1306 civitatem
667 1274 755 1316 prius
779 1274 880 1306 eciam
904 1273 964 1306 sibi
987 1273 1220 1316 obligavimus¹
1245 1285 1302 1316 pro
1325 1275 1396 1306 aliis
1419 1276 1625 1317 pecuniarum
1649 1275 1790 1314 summis,
1814 1275 1845 1305 in

204 1325 318 1368 quibus
340 1326 487 1358 similiter
509 1329 656 1358 tenemur
676 1325 921 1368 ‘archiepiscopo
943 1329 1133 1358 memorato.
1221 1326 1259 1358 In
1284 1327 1373 1358 cuius
1396 1327 1442 1359 rei
1466 1327 1682 1358 testimonium
1706 1326 1765 1358 sibi
1788 1326 1846 1358 has

160 1381 186 1404 ⁹⁰
203 1377 328 1410 litteras
349 1371 454 1420 sigillo
477 1380 584 1410 nostre
606 1377 785 1409 maiestatis
808 1377 963 1409 tradimus
986 1377 1206 1409 communitas.

310 1428 385 1462 Dat.
408 1429 439 1461 in
463 1429 574 1461 castris
597 1428 684 1470 apud
707 1428 882 1470 Osthoven,
906 1439 990 1460 anno
1012 1428 1144 1460 Domini
1166 1429 1335 1461 millesimo
1354 1430 1579 1461 trecentesimo
1596 1429 1847 1472 quintodecimo,

203 1479 315 1512 XIIII.
330 1479 468 1514 Kalend.
491 1479 614 1522 Marcii,
637 1481 729 1522 regni
752 1491 828 1512 vero
851 1481 951 1512 nostri
973 1490 1056 1512 anno
1080 1481 1194 1522 primo.

302 1673 376 1710 210.
409 1673 674 1710 LITTERAE
697 1673 971 1712 FRIDERICI
993 1673 1118 1711 REGI
1140 1673 1443 1711 ARAGONUM
1465 1673 1748 1711 DIRECTAE.

872 1743 981 1780 1315.
1026 1743 1103 1779 Ian.
1129 1743 1184 1779 13.

161 1851 187 1874 ss
314 1842 412 1883 Ccmia
427 1841 482 1884 (oi)
504 1852 617 1874 coaeva
635 1842 672 1875 in
690 1842 848 1875 tabulario
868 1843 952 1883 rcqio
966 1842 1201 1875 Barcinonensi
1221 1842 1412 1883 ‘Reyistrum
1426 1853 1475 1875 nr.
1489 1843 1561 1873 318‘
1584 1842 1638 1881 fol.
1655 1842 1686 1872 3‘
1708 1841 1759 1873 hic
1780 1841 1848 1874 alic

203 1893 346 1926 evanida.
369 1911 412 1916 —
433 1893 495 1925 Ed.
509 1893 668 1935 Zeissbery
683 1893 746 1926 loco
760 1904 860 1935 supra
875 1894 919 1926 ad
933 1905 982 1926 nr.
996 1894 1037 1926 44
1053 1895 1148 1926 citato
1157 1905 1192 1934 p.
1207 1896 1248 1926 16
1263 1904 1312 1926 nr.
1327 1896 1347 1926 7
1362 1905 1401 1926 ex
1416 1905 1442 1926 c.
1472 1894 1652 1926 Editionem
1667 1894 1845 1934 repetimus.

314 1949 363 1989 Of.
386 1949 614 1990 responsionem
635 1950 717 1991 reyis
738 1950 926 1991 Araqonum
947 1950 1038 1989 infra
1059 1961 1109 1982 nr.
1126 1950 1199 1982 223.

312 2005 418 2039 Simili
445 2006 534 2038 modo
565 2006 650 2039 circa
681 2007 762 2039 idem
791 2009 912 2047 tempus
942 2007 1065 2039 civitati
1090 2006 1326 2038 Barcinonensi
1354 2006 1506 2046 scriptum
1538 2016 1616 2044 esse,
1649 2009 1781 2046 apparet
1808 2017 1847 2038 ατ

203 2058 401 2099 responsione
423 2058 560 2090 civitatis
581 2059 674 2098 infra
695 2069 745 2090 nr.
761 2058 825 2089 229
847 2058 975 2091 edenda.

161 2149 186 2169 ω
311 2135 482 2179 Magnifico
513 2135 560 2179 [et
587 2137 758 2170 excellenti
788 2137 923 2179 principi
954 2139 987 2168 et
1019 2136 1149 2168 domino
1178 2136 1298 2168 Iacobo
1326 2134 1406 2179 regi]
1435 2136 1640 2178 Aragonum,
1673 2136 1756 2178 patri
1788 2147 1846 2168 suo

204 2187 372 2221 karissimo
456 2187 648 2221 Fredericus
675 2188 738 2221 Dei
765 2189 874 2231 gracia
901 2186 1131 2231 Rom[anorum
1159 2198 1218 2220 rex
1245 2198 1374 2230 semper
1401 2191 1555 2230 augustus
1647 2187 1847 2230 di]leccionis

205 2238 437 2282 plenitudinem
461 2250 532 2272 cum
556 2240 674 2272 affectu
697 2241 787 2282 regio
811 2243 845 2272 et
867 2240 1000 2272 sincero.

310 2290 527 2335 Ex[eellencie
554 2290 688 2335 vestre],
719 2302 815 2334 quam
845 2291 885 2324 de
914 2292 1030 2323 nostris
1062 2294 1094 2323 et
1122 2291 1249 2333 imperii
1278 2289 1447 2322 fortunatis
1470 2291 1669 2323 successibus
1691 2291 1845 2333 gratulari

203 2341 278 2386 [non
308 2341 528 2386 ameigimus‚
557 2343 599 2376 ad
626 2342 833 2387 incen[tivum
860 2342 948 2386 no]vi
977 2346 1010 2375 et
1036 2342 1206 2385 singularis
1236 2340 1369 2386 ga[udii]
1400 2343 1600 2381 nunciamus,
1628 2343 1714 2385 quod
1737 2344 1845 2375 innata

161 2405 186 2426 ει
203 2393 297 2427 nobis
317 2405 338 2427 a
359 2395 620 2437 progenitoribus
642 2396 758 2427 nostris
779 2396 827 2427 rei
848 2394 978 2437 publice
1000 2393 1143 2437 gerendo
1167 2393 1391 2436 [consuetJudo
1415 2405 1472 2426 nos
1496 2394 1610 2434 illexit,
1626 2394 1712 2437 quod
1732 2406 1843 2437 nuper,

205 2455 277 2478 cum
298 2456 358 2488 per
379 2449 516 2479 mortem
541 2446 613 2480 dive
636 2446 871 2479 recordacionis
894 2446 1055 2489 quondam
1078 2444 1221 2489 d[omini]
1244 2445 1377 2478 Henrici
1399 2446 1619 2479 Romanorum
1643 2447 1845 2488 imperatoris

202 2495 383 2530 Romanum
406 2501 572 2530 vacuasset
593 2498 763 2540 imperium
787 2501 820 2531 et
841 2508 899 2530 nos
921 2508 941 2529 a
963 2497 1082 2530 saniori
1097 2501 1188 2539 parte
1205 2498 1383 2540 principum
1399 2499 1430 2529 in
1447 2498 1608 2530 eleccione
1625 2497 1843 2530 Romanorum

202 2548 288 2591 regis
309 2549 359 2580 ius
380 2548 572 2582 habencium
603 2550 636 2581 in
665 2550 801 2582 termino
825 2549 961 2581 crastino
984 2548 1135 2581 videlicet
1158 2548 1231 2580 festi
1253 2548 1341 2581 beati
1364 2550 1452 2581 Luce
1475 2549 1517 2581 ad
1540 2549 1600 2581 hoc
1624 2551 1839 2591 peremptorie

205 2609 243 2632 ao
265 2599 388 2642 precise
411 2600 534 2642 profixo
558 2600 599 2633 ad
622 2600 710 2634 idem
732 2611 866 2643 regnum
890 2601 1041 2632 canonice
1065 2600 1235 2632 fuissemus
1258 2600 1354 2632 electi
1377 2611 1414 2632 ac
1438 2612 1497 2643 per
1520 2600 1735 2633 venerabilem
1753 2601 1842 2633 Hen-

162 2663 188 2684 ω
205 2650 306 2683 rioum
339 2654 429 2683 sante
469 2651 668 2684 Coloniensis
703 2652 838 2684 ecclesie
874 2652 1152 2694 archiepiscopum
1182 2652 1263 2684 sacri
1291 2651 1430 2684 Romani
1462 2653 1588 2695 imperii
1626 2663 1684 2694 per
1717 2652 1842 2684 Italiam

207 2701 533 2745 archicancellarium,
556 2704 733 2746 principem
755 2707 898 2736 nostrum
923 2703 1085 2744 dilectum,
1109 2704 1158 2735 cui
1183 2713 1223 2735 ex
1240 2704 1418 2736 inveterata
1438 2708 1472 2736 et
1486 2705 1673 2736 inconcussa
1689 2704 1844 2746 aprobate

307 2787 373 2815 208.
400 2789 425 2823 ι)
443 2798 510 2816 corr.
529 2798 560 2815 ω
577 2790 600 2815 X
618 2799 657 2816 or.

309 2848 335 2882 1)
352 2848 446 2883 Supra
463 2857 505 2876 nr.
517 2852 567 2876 204
584 2851 607 2876 d
627 2852 688 2876 205.

1589 2902 1638 2928 24*

1854 2562 1900 2582 (let,
1913 2562 1943 2582 1⁹.
