2184 3126
472 212 569 240 ACTA
590 212 702 240 REGNI
722 212 904 240 LUDEwlcl
924 213 971 240 1v.
991 212 1036 240 ET
1055 211 1238 240 FRlDERlCI
1259 212 1307 240 111.
1347 212 1423 240 1324.
1461 212 1508 239 Νι.
1521 212 1580 240 909.
1789 215 1851 246 739

196 300 396 343 plenitudine
419 299 606 332 diviciarum
630 299 671 332 ad
688 299 807 332 Iudeos
829 303 1008 332 venturum.
1046 297 1089 330 Et
1113 308 1170 340 per
1191 298 1274 330 hanc
1297 298 1382 330 viam
1406 301 1537 340 paratur
1559 298 1656 330 ianua
1680 303 1712 330 ct
1736 299 1851 332 funda-

197 356 341 386 mentum
363 352 541 385 antichristi
563 355 662 393 secte,
687 353 741 394 qui
763 362 798 384 se
822 351 900 383 dicit
921 360 1032 383 verum
1057 350 1236 382 Christum·
1257 353 1355 392 atque
1378 349 1542 390 Moesiam,
1572 351 1725 391 ‘paratur
1747 352 1850 383 eciam

195 405 247 435 via
269 403 312 436 ad
335 413 460 436 errores
482 403 658 436 Iudeorum
680 402 946 443 iudaizancium¹²‚
975 403 1029 445 qui
1053 401 1163 434 dicunt
1185 401 1347 434 Christum
1374 411 1438 433 non
1465 400 1606 443 inplesse
1637 401 1851 443 prophecias'

196 460 335 488 eorumw
369 458 403 487 et
435 455 663 498 promissiones
698 455 744 487 eis
778 465 837 497 per
863 453 1038 496 prophetas
1071 454 1204 493 factas¹‚
1236 452 1323 495 quod
1352 453 1478 485 veniret
1510 453 1541 484 in
1574 452 1851 486 habundaneismr

164 516 176 535 s
195 506 383 539 diviciarum
406 506 542 539 Messias
572 507 726 549 ipsorum.
776 505 818 538 Et
843 506 888 538 sic
916 505 1127 548 disponuntur
1154 503 1196 537 ad
1225 514 1368 536 errorem
1395 503 1594 546 recipiendi¹
1616 504 1850 546 antichristum,

194 569 290 601 quem
314 557 424 591 dicunt
446 568 518 591 esse
541 569 651 590 verum
676 558 838 591 Christum
862 561 897 590 et
917 567 1029 590 verum
1052 557 1204 589 Messinm
1228 566 1352 597 eorum,
1375 556 1430 598 qui
1452 555 1601 598 implebit
1623 558 1851 598 promissiones

193 610 260 642 eis·
275 619 334 652 per
356 610 532 652 prophetas
555 610 667 651 factas,
691 609 850 642 veniendo
873 610 905 641 in
928 607 1132 640 multitudine
1149 607 1337 639 diviciarum
1354 607 1407 639 etb
1422 606 1675 639 habundanciaa
1722 607 1772 640 Ex
1788 608 1850 641 hoc

193 662 296 694 eciam
318 661 470 694 fundatur
493 671 583 693 error
605 661 686 703 legis
709 661 953 699 Saracenorum,
977 659 1062 702 que*¹
1082 659 1271 692 felicitatem
1295 658 1482 691 diviciarum
1507 663 1541 691 et
1555 659 1771 692 luxuriarum·
1792 671 1851 703 pro

192 712 392 746 beatitudine
415 716 528 745 eterna
550 713 627 756 ipsis
650 712 834 755 promittit'‚
864 715 960 754 prout
980 712 1013 744 in
1036 712 1109 754 lege
1132 721 1243 743 eorum
1272 710 1442 742 manifeste
1469 714 1567 752 patet.
1613 710 1667 743 aE
1691 712 1851 744 contrario

149 772 175 793 ιο
192 767 301 797 autem
323 763 352 796 si
373 763 528 805 dicamus,
552 763 638 806 quod
659 767 833 806 paupertas
855 763 1010 796 altissima
1032 762 1074 794 sit
1096 761 1230 794 melior¹¹
1246 766 1279 793 ct
1301 761 1447 802 divinior,
1471 762 1554 794 sicut
1577 763 1607 793 in
1632 764 1767 795 veritate
1790 767 1850 804 est,

193 818 279 847 totus
302 814 477 847 Iudeorum
501 825 589 847 error
612 819 645 847 et
668 815 873 857 exspectacio
896 824 979 847 vana
1001 813 1162 846 funditus¹
1186 812 1391 845 enervatur-¹³.
1437 819 1452 837 Β
1460 813 1612 855 Sequitur
1639 815 1739 855 enim,
1763 815 1849 857 quod

193 866 350 909 quidquid
375 866 431 899 lex
459 871 493 899 et
520 867 676 909 prophete
705 867 896 908 promittunt
926 866 974 898 eis
1007 865 1048 898 de
1077 865 1201 897 diviciis
1234 868 1268 897 et
1297 865 1468 907 opulencia
1499 866 1590 907 regni
1619 865 1739 897 Christi
1766 865 1850 898 sive¹

191 917 321 960 Messio,
345 918 542 960 intelligatur
565 921 598 950 et
621 918 757 960 intelligi
773 917 894 950 debeat
916 917 956 950 de
979 916 1198 959 spiritualibus
1213 916 1336 948 diviciis
1359 919 1392 948 et
1407 916 1584 958 opulenciis
1601 920 1634 949 ct
1648 917 1736 949 nullo
1753 918 1850 951 modo

193 969 234 1003 de
250 969 519 1012 temporalibusm.
554 969 596 1001 Et
612 973 686 1002 tunc
702 969 868 1002 habebunt
883 969 1036 1002 credere'¹
1052 969 1260 1009 necessario⁰‚
1281 968 1443 1001 Christum
1460 968 1558 1000 fuisse
1574 974 1672 1001 verev
1688 969 1850 1003 Christum

149 1029 175 1049 ιε
194 1023 228 1054 et
243 1026 375 1053 verum⁴¹
390 1020 543 1054 Messiam
567 1023 600 1053 et
623 1021 785 1053 datorem¹
801 1019 964 1053 felicitatis
979 1019 1152 1062 spiritualis
1174 1022 1209 1051 et
1227 1028 1339 1051 verum
1355 1028 1466 1060 regem
1490 1023 1524 1050 et
1539 1018 1664 1051 Deum·
1680 1030 1849 1053 summum.

192 1070 236 1105 Et
257 1072 400 1105 breviter
422 1072 578 1116 quidquid
601 1072 766 1116 spirituale
789 1072 830 1104 de
858 1071 986 1104 Christo
1009 1071 1179 1111 credimus,
1202 1070 1335 1103 credere
1359 1073 1517 1112 cogentur
1539 1071 1668 1102 omnino
1692 1075 1726 1103 et
1748 1075 1850 1104 totam

193 1124 383 1166 scripturam
409 1125 525 1156 veteris
548 1124 734 1156 testamenti
755 1126 910 1166 quantum
933 1122 990 1155 ad*
1005 1123 1113 1155 omnia
1135 1121 1222 1154 dicta
1245 1121 1286 1154 de
1303 1122 1430 1154 Christo
1454 1126 1488 1154 et
1502 1121 1622 1154 Messia
1643 1123 1852 1164 spiritualiter

193 1175 413 1217 implendam'¹
441 1179 475 1207 et
501 1186 565 1207 non
591 1185 706 1207 sonare
733 1174 822 1207 aliud
849 1175 909 1206 nisi
936 1174 1119 1216 spirituales
1147 1173 1281 1206 divicias
1309 1178 1343 1206 et
1369 1173 1498 1216 glorias.
1550 1173 1627 1205 “Ex
1657 1174 1719 1206 hoc
1746 1176 1850 1207 eciam

194 1227 324 1260 tolletur
346 1230 435 1259 secta
450 1226 681 1259 Sari-acenicev
695 1226 777 1270 legis
800 1229 834 1258 et
853 1236 951 1267 error,
974 1236 1037 1268 que
1054 1225 1227 1257 felicitates
1249 1228 1282 1257 et
1298 1225 1431 1257 divicias
1447 1225 1644 1267 temporales
1659 1230 1693 1258 et
1709 1226 1852 1259 luxurias

151 1291 177 1312 su
195 1279 399 1321 repromittit.
456 1277 508 1310 Sic
547 1281 638 1321 patet
671 1277 758 1321 quod
791 1278 952 1310 conclusio
987 1277 1254 1309 constitucionum
1288 1277 1522 1319 predictarum,
1560 1287 1623 1319 que
1657 1277 1852 1310 concludunt

195 1331 407 1371 contrarium,
437 1334 471 1362 et
493 1329 608 1372 quod·¹
636 1330 761 1362 felicior
787 1332 889 1362 status
916 1332 949 1361 et
975 1328 1131 1360 diviniorx
1154 1333 1203 1361 est
1229 1328 1352 1360 habere
1374 1329 1406 1360 in
1427 1329 1560 1371 proprio
1583 1329 1655 1360 vely
1678 1331 1850 1371 communi,

195 1383 276 1425 sicut
299 1384 409 1414 cetera
432 1381 569 1424 collegia
592 1380 728 1422 habent,
759 1386 873 1424 quam·
896 1380 1053 1413 altissima
1075 1383 1265 1422 paupertas,
1289 1390 1387 1422 quam
1410 1380 1601 1422 profitentur
1623 1381 1717 1412 huius
1738 1387 1852 1414 sacre·

175 1434 308 1476 *regule
331 1433 544 1476 professores,
568 1436 616 1465 est
639 1434 729 1475 origo
753 1436 786 1465 et
807 1432 1053 1464 fundamentum
1077 1432 1177 1464 totale
1207 1434 1294 1464 secte
1325 1431 1502 1464 antichristi
1531 1436 1564 1464 et
1588 1433 1705 1464 erroris
1728 1433 1851 1466 Iudaici

195 1489 228 1517 et
250 1484 479 1523 Sarracenioib,
503 1488 538 1516 ut
560 1485 708 1526 superius
731 1487 781 1516 est
803 1483 983 1526 probatum.

151 1549 176 1570 ιε,
304 1539 367 1574 (ΙΙΙ)
394 1535 572 1568 Preterea⁶
597 1536 785 1568 constitucio
810 1535 876 1568 “Ad
902 1534 1114 1567 conditorem’
1140 1544 1295 1576 expresse
1318 1534 1482 1566 concludit
1498 1545 1651 1576 errorem,
1674 1536 1751 1578 quia
1766 1537 1853 1578 quod

194 1588 250 1620 alii
271 1588 410 1620 Romani
434 1587 602 1630 pontifices
625 1586 779 1620 antedicti
802 1597 861 1630 per
882 1586 1007 1619 clavem
1030 1587 1168 1619 sciencie
1196 1585 1473 1627 declaraveruntd,
1504 1586 1629 1618 scilicet
1659 1587 1758 1619 vitam
1789 1599 1853 1620 non

195 1638 389 1672 habencium
412 1639 444 1671 in
467 1639 597 1681 proprio
620 1649 680 1671 nec
703 1639 735 1670 in
759 1639 920 1671 communi
948 1648 1018 1671 esse
1046 1638 1235 1670 altissimam
1260 1641 1488 1680 paupertatem
1513 1641 1547 1670 et
1568 1648 1588 1669 a
1610 1637 1738 1671 Christo
1761 1640 1852 1671 insti-

195 1695 298 1724 tutam
320 1694 419 1733 atque
434 1694 606 1731 servatam,
630 1695 666 1723 ut
687 1692 720 1722 in
735 1690 889 1722 decretali
905 1688 1016 1722 ‘Exiit'
1032 1693 1064 1722 et
1087 1690 1118 1721 in
1139 1689 1390 1721 diffinicionibus
1412 1689 1599 1731 pontificum
1615 1689 1853 1731 predictorum·

194 1742 346 1783 videtui-¹,
379 1743 406 1774 si
439 1743 603 1775 retencio8
631 1742 743 1774 talium
776 1741 933 1774 bonorum
961 1741 1107 1773 datorum
1139 1740 1234 1773 Deo¹¹
1263 1741 1362 1772 nichil
1391 1740 1604 1773 retinentibus
1631 1741 1797 1774 dantibus·
1819 1743 1852 1775 in

151 1807 177 1827 ω
195 1794 355 1826 communi
386 1794 472 1826 facta
500 1804 559 1836 per
580 1804 740 1826 summum
767 1793 952 1836 pontificem
987 1796 1037 1825 est
1063 1792 1193 1825 inutilis.
1245 1791 1376 1829 Quare*
1400 1793 1548 1834 reoepcio
1577 1797 1611 1824 et
1639 1792 1775 1826 donacio
1803 1800 1853 1826 est

193 1846 314 1878 inutilis
345 1845 387 1877 ad
415 1845 622 1887 perfectionis
649 1848 778 1879 statum.
832 1844 899 1877 Sed
931 1844 1017 1887 quod
1047 1845 1088 1876 sit
1117 1844 1237 1876 inutilis
1268 1843 1445 1876 secundum
1474 1844 1557 1876 hanc
1585 1846 1852 1878 constitucionem

193 1897 239 1929 et¹
262 1897 409 1939 perfecta
423 1896 599 1929 secundum
620 1896 819 1929 decretalem
834 1895 990 1928 ‘Exiit’w
1002 1896 1012 1915 ¹
1035 1899 1068 1928 et
1090 1895 1267 1928 secundum
1283 1895 1510 1928 decretalemm
1525 1895 1674 1928 ‘Exivi²²
1693 1900 1726 1928 et
1749 1898 1851 1928 eciam

192 1948 368 1981 secundum
392 1947 615 1991 Gregorium¹¹‚
639 1947 862 1980 Alexandrum
885 1947 1191 1988 etlunocencium⁰
1213 1946 1292 1979 1111.
1317 1950 1351 1979 et
1373 1947 1600 1979 Innocencium
1623 1947 1663 1979 V.
1687 1951 1721 1980 et
1743 1947 1851 1990 Nyco-

193 2001 280 2032 laum
310 2000 459 2041 tercium,
489 2003 590 2042 patet.
640 1999 792 2042 Sequitur
826 2000 924 2041 igitur
957 1999 1140 2031 necessario
1174 1999 1396 2043 contrarietas·
1420 1999 1504 2031 inter
1537 1999 1787 2031 constituciones
1818 2003 1852 2031 et

149 2059 174 2079 ³⁵
193 2051 406 2084 diffiniciones
422 2051 640 2093 predictorum
661 2054 694 2084 et
709 2052 791 2084 hanc
808 2051 1072 2083 constitucionem
1088 2050 1270 2091 manifesta,
1294 2051 1390 2092 quia?
1406 2050 1595 2082 constitucio
1612 2050 1690 2082 dicit
1706 2051 1852 2084 inutilem

194 2106 227 2135 et
249 2103 333 2136 alie⁴1
355 2102 534 2145 perfectam
558 2102 668 2135 dicunt
691 2102 903 2135 donacionem
926 2101 998 2135 Deo
1021 2102 1150 2134 factam.
1195 2101 1373 2134 Dedicaoio
1401 2106 1511 2134 autem
1535 2103 1584 2134 sui
1608 2106 1641 2134 et
1665 2113 1795 2135 suorum
1818 2106 1853 2135 et

295 2205 363 2233 Μ.
391 2206 412 2239 ·)
430 2215 484 2232 ver.
503 2207 563 2232 Chr.
584 2207 647 2232 dicit
667 2206 744 2238 (dicet
757 2207 781 2232 A
794 2206 821 2238 4)
847 2207 871 2231 A
887 2206 910 2232 1.
923 2206 948 2232 2.
959 2205 976 2232 3
995 2205 1033 2239 (se
1045 2211 1105 2238 port
1124 2206 1204 2237 Cim).
1217 2205 1242 2231 4.
1255 2206 1280 2232 5.
1401 2204 1420 2237 ι)
1437 2205 1536 2238 sc‘ynum
1555 2207 1723 2239 pau-nymphi
1745 2207 1772 2232 in
1791 2207 1816 2232 B
1827 2207 1851 2233 2.

193 2248 220 2283 ¹¹)
234 2249 416 2276 iudaiaantium
434 2249 460 2275 B
471 2249 499 2280 13
518 2250 719 2276 iudai-sancium
738 2249 798 2275 132.
913 2249 938 2281 V)
957 2250 1118 2283 prophetiam
1137 2248 1161 2274 A
1177 2249 1199 2275 1.
1304 2248 1336 2279 W)
1355 2249 1469 2282 ipsorum
1489 2248 1514 2273 B
1529 2248 1552 2275 1.
1564 2248 1589 2275 2.
1702 2249 1729 2282 ¹)
1748 2251 1807 2276 fact.
1826 2259 1851 2284 p.

194 2292 283 2326 proph.
302 2292 326 2318 A
338 2291 363 2318 4.
375 2291 400 2319 5.
470 2291 496 2326 1)
513 2292 693 2319 habundantia
711 2293 735 2318 A
748 2292 772 2318 4.
787 2292 812 2319 5.
883 2293 907 2325 Ι)
926 2293 1101 2326 recipiendum
1120 2292 1144 2317 A
1158 2292 1186 2323 13
1205 2292 1383 2325 recipientium
1403 2291 1426 2316 A
1439 2290 1464 2316 4.
1474 2290 1499 2317 5.
1571 2291 1596 2324 ι)
1613 2300 1703 2318 eorum
1716 2292 1740 2317 A
1757 2291 1779 2318 1.
1789 2291 1816 2318 4.
1825 2292 1850 2318 5.

150 2338 177 2358 4ο
194 2333 220 2367 b)
238 2334 265 2360 in
282 2334 344 2361 aad.
363 2335 389 2360 A
400 2334 425 2361 4.
531 2335 555 2367 ⁰)
573 2336 752 2362 habundancia
772 2336 795 2360 A
808 2335 832 2361 5.
939 2334 964 2367 11)
981 2336 1027 2368 qui
1046 2337 1069 2360 A
1083 2334 1108 2362 4.
1121 2334 1146 2361 5.
1254 2334 1278 2366 θ)
1296 2338 1323 2360 et
1345 2334 1398 2360 lux.
1418 2334 1470 2360 du.
1489 2334 1514 2359 A
1526 2333 1551 2359 4.
1660 2334 1680 2367 ί)
1699 2336 1852 2368 promittunt

193 2377 218 2402 A
230 2376 255 2403 4.
268 2376 293 2404 5.
397 2378 422 2410 Β)
439 2377 541 2411 eiqnum
554 2378 722 2412 paragraphi
739 2379 766 2404 iu
785 2378 810 2404 B
821 2378 845 2404 2.
952 2377 977 2409 ¹¹)
995 2379 1079 2404 verior
1101 2378 1124 2402 A
1137 2376 1163 2403 4.
1270 2376 1288 2409 i)
1306 2386 1389 2410 supra
1408 2377 1504 2403 linem
1522 2377 1547 2402 A
1560 2375 1590 2408 83
1615 2377 1733 2403 funditur
1750 2377 1776 2402 B
1789 2378 1812 2403 1.
1825 2377 1852 2404 2.

192 2418 218 2450 ἱ)
236 2420 402 2447 enervabitur
420 2421 445 2446 A
457 2419 483 2447 4.
578 2420 597 2454 ¹)
615 2426 642 2447 et
658 2422 739 2448 sciam
757 2421 814 2447 sine
831 2421 856 2446 B
868 2419 893 2447 2.
990 2421 1022 2453 ¹¹⁹⁸)
1041 2421 1193 2453 impialibue
1213 2420 1235 2445 A
1251 2420 1273 2446 1.
1373 2420 1399 2451 ¹¹)
1417 2419 1485 2446 cred.
1505 2420 1573 2446 dom
1591 2419 1616 2444 A
1628 2419 1653 2446 3.
1751 2420 1777 2452 ⁰)
1794 2429 1850 2447 nee.

192 2463 260 2488 cred.
278 2462 304 2488 A
315 2461 341 2489 4.
353 2461 378 2489 5.
465 2463 491 2495 Ρ)
509 2471 599 2490 verum
618 2464 641 2489 A
654 2463 679 2490 4.
689 2463 713 2490 5.
733 2464 758 2490 Β
769 2463 795 2490 2.
883 2464 908 2496 ¹1)
927 2464 1016 2490 eodem
1034 2472 1114 2489 πωπω
1132 2472 1199 2489 corr.
1211 2471 1289 2496 super
1303 2463 1416 2489 verbum
1435 2462 1510 2488 delet.
1529 2462 1554 2488 A
1569 2462 1591 2489 1.
1680 2463 1701 2494 ¹)
1719 2463 1851 2490 doctorem

193 2505 218 2530 B
231 2505 254 2531 1.
267 2504 292 2531 2.
383 2505 405 2537 ¹)
423 2506 563 2532 Dominum
581 2506 607 2532 A
618 2506 644 2532 8.
740 2507 759 2538 ²)
778 2507 862 2540 quoad
881 2507 905 2532 A
917 2506 942 2533 4.
1037 2507 1063 2539 u)
1082 2507 1204 2540 inplenda
1222 2507 1246 2531 A
1261 2505 1286 2532 2.
1297 2505 1324 2532 4.
1335 2505 1352 2532 5
1365 2505 1467 2539 (impL).
1562 2505 1587 2538 v)
1606 2506 1776 2532 San-bucias
1789 2506 1814 2531 B
1825 2506 1850 2532 2.

149 2553 174 2572 ⁴⁵
192 2549 223 2580 v¹)
241 2548 311 2581 quod
329 2548 397 2574 deest
415 2548 439 2574 A
451 2548 482 2580 43
505 2549 561 2575 loeo
579 2553 605 2576 et
622 2550 691 2583 quod
708 2549 734 2575 B
745 2549 776 2576 2:
795 2550 866 2583 quid.
936 2550 962 2582 ¹)
981 2554 1006 2576 et
1024 2550 1075 2575 div.
1088 2554 1172 2575 status
1184 2549 1210 2575 Β
1223 2549 1246 2575 1.
1259 2548 1284 2575 2.
1354 2549 1380 2581 1)
1398 2553 1425 2575 et
1437 2549 1464 2574 in
1477 2549 1502 2574 A
1516 2547 1539 2575 1.
1552 2548 1578 2575 4.
1590 2547 1616 2575 5.
1686 2549 1710 2581 ⁸)
1727 2558 1779 2582 que
1791 2549 1850 2576 132.

193 2590 218 2623 ὓ)
236 2591 398 2618 Sarraoeniee
415 2591 482 2618 male
500 2592 524 2617 A
537 2590 561 2618 3.
632 2592 658 2622 b)
675 2594 861 2619 Sarracementi
879 2593 904 2618 Β
915 2592 940 2619 2.
1011 2593 1035 2625 c)
1052 2593 1086 2618 ad
1103 2593 1316 2619 constitucionem
1335 2592 1397 2618 aaa.
1414 2591 1440 2617 B
1452 2591 1478 2618 2.
1553 2590 1578 2624 11)
1596 2592 1762 2619 declararunt
1783 2593 1807 2617 B
1821 2593 1851 2622 1;

191 2642 259 2666 corr.
277 2642 309 2661 ex
326 2634 534 2660 declamaverunt
551 2634 575 2660 A
590 2634 617 2667 1;
635 2635 805 2662 declaraverit
819 2636 841 2661 A
851 2635 876 2662 3.
946 2636 970 2668 ⁰)
988 2640 1075 2669 aperte
1086 2636 1150 2662 odd.
1163 2635 1187 2661 A
1198 2634 1224 2662 4.
1237 2634 1262 2662 5.
1332 2634 1352 2667 ¹)
1371 2635 1433 2668 quia
1446 2635 1509 2661 add.
1523 2635 1547 2660 A
1561 2635 1586 2661 4.
1598 2634 1624 2662 5.
1694 2636 1720 2668 Β)
1739 2636 1851 2669 receptio

192 2676 216 2702 A
228 2676 260 2709 43
281 2680 394 2703 retentor
412 2675 474 2708 A&
499 2677 605 2703 dominii
622 2677 685 2704 add.
704 2678 728 2703 A
740 2677 766 2705 4.
778 2678 804 2705 5.
873 2677 900 2710 ιι)
919 2678 1074 2712 pauperibus
1094 2679 1118 2703 A
1130 2678 1154 2704 4.
1168 2678 1193 2704 5.
1280 2678 1298 2710 ί)
1317 2678 1386 2704 ἄεσα
1404 2678 1428 2703 A
1441 2677 1467 2704 4.
1479 2677 1505 2704 5.
1575 2676 1602 2710 k)
1620 2682 1648 2704 et
1666 2678 1729 2704 add.
1748 2679 1772 2703 A
1786 2678 1810 2704 4.
1825 2677 1850 2703 5.

191 2718 210 2750 ¹)
228 2721 260 2746 sit
279 2720 350 2746 utilis
368 2720 478 2752 (inutilia
496 2720 521 2746 A
531 2719 560 2753 4)
576 2724 603 2746 et
619 2720 682 2746 aad.
702 2720 725 2746 A
738 2720 762 2746 4.
776 2720 802 2747 5.
898 2722 930 2754 1ιὶ)
948 2722 1019 2748 Exiit
1030 2722 1224 2748 —dscretalem
1242 2721 1391 2748 exciderunt
1409 2719 1469 2747 ΒΞ.
1567 2721 1593 2752 ¹²)
1612 2722 1655 2747 IX.
1670 2722 1850 2747 innocentium

148 2769 174 2789 ao
192 2763 254 2788 add.
275 2763 299 2788 A
312 2762 337 2789 5.
407 2763 431 2795 ⁰)
449 2767 474 2789 et
491 2764 674 2790 Innocencium
693 2764 746 2790 dee.
764 2764 788 2789 A
802 2763 826 2790 5.
896 2764 922 2797 1²)
940 2765 988 2791 hec
1007 2765 1069 2791 adel.
1089 2765 1114 2790 A
1126 2764 1151 2791 4.
1164 2764 1188 2791 5.
1259 2763 1284 2797 ¹³)
1301 2765 1354 2791 alio
1373 2764 1398 2789 B
1410 2764 1434 2789 1.
1449 2763 1474 2790 2.

296 2832 323 2863 1)
341 2838 364 2858 c.
377 2834 394 2859 3
411 2832 442 2858 in
466 2831 511 2859 VI.
531 2831 563 2859 de
580 2831 645 2859 verb.
658 2833 751 2868 signif.
769 2832 817 2866 (V,
831 2834 879 2867 12).
966 2833 994 2866 2)
1013 2841 1035 2860 c.
1050 2838 1062 2860 1
1082 2834 1110 2859 in
1129 2832 1207 2860 OEem.
1227 2832 1260 2859 de
1277 2832 1343 2860 oerb.
1357 2832 1454 2867 siquis.
1475 2831 1523 2866 (V,
1538 2833 1587 2865 11).

1592 2883 1642 2910 9:2³
