2190 3172
378 181 476 209 ACTA
493 179 607 209 amm
626 180 808 209 LUDEWICI
827 179 875 208 1v.
893 179 939 207 ET
958 179 1144 208 mmmmm
1163 179 1212 207 111.
1250 179 1324 206 1315.
1361 178 1410 206 Νι.
1422 178 1482 206 815.
1500 179 1560 207 816.
1578 178 1638 206 817.
1771 180 1831 211 271

288 268 372 305 Quia
394 269 427 300 in
449 268 549 300 nostri
570 267 697 310 imperii
719 266 861 299 exordiis
884 269 917 299 te
939 266 1069 298 culmini
1091 269 1201 298 nostro
1224 265 1376 298 devotum
1400 264 1553 305 obtulisti,
1576 268 1644 296 tum
1668 275 1726 306 per
1749 265 1835 296 Lan-

178 320 324 353 francum
346 319 388 352 de
411 318 576 352 Brodariis
598 318 639 351 de
655 318 814 351 Volterris
836 318 938 350 virum
966 317 1118 350 idoneum
1142 321 1175 350 et
1197 316 1354 359 legalem,
1383 319 1452 348 tum
1480 316 1578 349 etiam
1607 317 1734 358 scriptis
1763 317 1835 355 tuis,

179 371 312 413 dignum
327 370 522 403 arbitramur
537 368 592 414 [et]
610 380 739 413 equum,
755 372 793 402 ut
808 372 840 401 te
856 379 940 401 nunc
960 371 993 401 et
1013 379 1142 411 semper
1164 372 1345 400 nostrarum
1368 367 1524 400 faciamus
1545 368 1738 410 participem
1761 378 1835 409 gra-

179 422 306 455 tiarum.
351 422 393 454 Et
415 422 498 454 sicut
519 421 708 454 vicariatum
731 420 882 463 petivisti,
903 420 950 452 ita
971 419 1030 452 tibi
1053 420 1094 452 de
1116 421 1242 452 sincera
1263 422 1320 451 tua
1335 419 1410 459 fide,
1433 419 1601 461 legalitate
1624 422 1658 451 et
1681 419 1836 451 industria

149 485 161 504 ι
179 476 288 506 nostre
305 473 475 506 clementie
491 483 551 515 per
565 472 707 505 nobilem
722 472 825 504 virum
837 471 1074 504 Wernherumb
1097 471 1250 503 comitem
1271 470 1312 503 de
1328 469 1518 513 Homberg⁰
1540 470 1670 502 fidelem
1692 473 1836 502 nostrum

180 524 333 557 dilectum
357 524 577 567 multipliciter
599 523 826 556 commendata
847 522 999 555 fiduciam
1022 522 1195 565 plurimum
1212 522 1404 563 obtinentes,
1427 525 1594 564 assumpto
1617 525 1649 554 te
1672 522 1705 553 in
1728 524 1836 553 nostre

180 576 359 608 maiestatis
382 576 591 608 secretarium
615 579 648 608 et
670 574 878 615 familiarem,
901 573 1111 618 vioari[at]um
1135 574 1394 615 transmittimus,
1422 584 1519 617 quem
1542 573 1666 615 petisti,
1690 574 1772 605 sicut
1795 583 1837 605 ex

179 627 295 660 litteris
322 627 504 670 patentibus
531 627 589 659 tibi
615 627 721 658 missis
748 626 903 668 colligere
931 626 1054 667 poteris
1083 625 1249 658 evidenter
1260 626 1280 657 ².
1326 625 1519 658 Mandantes
1541 624 1689 657 fidelitati
1713 627 1778 665 tue,
1802 628 1837 655 ut

180 678 213 711 in
235 678 296 711 hec
311 689 415 721 pauca
437 682 470 711 te
492 679 537 711 sic
559 677 691 711 fidelem
707 677 873 718 exhibeas,
897 677 984 719 quod
1000 687 1154 719 processu
1169 678 1324 719 temporis
1338 677 1458 719 regalis
1474 676 1648 709 auctoritas
1671 680 1704 708 te
1727 675 1837 708 delec-

138 741 166 762 ιο
181 732 268 763 tetur
290 730 484 762 constituere
506 739 604 772 supra
626 729 738 762 multa.

286 781 407 814 Datum
430 783 463 814 in
485 782 598 814 castris
620 785 695 814 ante
710 780 916 823 Ezzelingen,
939 780 1050 812 vulfi
1065 780 1144 812 Idus
1166 780 1313 822 Augusti,
1338 780 1428 822 regni
1451 781 1550 812 nostri
1574 790 1657 812 anno
1680 779 1793 821 primo.

276 1013 522 1060 316—318.
562 1011 860 1060 SCRIPTA
886 1011 1217 1059 LUDEWICI
1251 1011 1380 1058 PRO
1409 1011 1742 1059 DIVERSIS.

814 1090 923 1126 1315.
959 1090 1262 1136 Aug.11.-31.

245 1210 331 1248 316.
372 1209 528 1246 Potestas
554 1210 670 1246 comiti
696 1210 738 1246 de
766 1209 932 1256 Oetinqen
958 1213 990 1246 et
1016 1210 1147 1246 civitati
1173 1210 1394 1255 Esslinyensi
1420 1211 1514 1246 data.
1614 1210 1703 1256 Any.
1723 1212 1779 1246 11.

141 1299 167 1320 ι,
297 1282 460 1324 Oriyinale
487 1283 524 1315 in
553 1282 714 1316 tabulario
741 1282 1000 1324 Stuttyardiensi.
1055 1283 1256 1316 Contulimus
1280 1293 1347 1316 nos.
1397 1283 1546 1323 Siqillum
1566 1293 1689 1324 parum
1717 1283 1838 1316 laesum

175 1335 295 1377 pendet
317 1334 383 1368 loro
405 1334 649 1367 membranaceo.
672 1354 714 1358 —
735 1335 798 1367 Ed.
814 1334 956 1367 Bo'hmer
978 1335 1073 1367 ‘Acta
1094 1335 1222 1375 imperii
1242 1334 1368 1367 selecta’
1384 1345 1420 1376 p.
1437 1335 1501 1367 483
1522 1345 1573 1367 nr.
1591 1335 1654 1366 694
1676 1346 1715 1367 ex
1738 1346 1782 1367 or.

291 1395 438 1435 Bo‘hmer,
463 1395 539 1436 1209.
555 1395 669 1428 Ludw.
691 1406 723 1438 p.
740 1397 782 1427 10
804 1405 853 1428 nr.
871 1395 944 1428 148.

291 1481 484 1514 Ludowicus
512 1481 576 1513 Dei
604 1481 715 1523 gracia
741 1480 963 1513 Romanorum
992 1491 1051 1513 rex
1078 1491 1207 1523 semper
1234 1483 1390 1523 augustus
1462 1481 1530 1513 viro
1559 1480 1659 1512 nobili
1686 1479 1840 1512 Ludwico

185 1534 294 1566 comiti
321 1533 363 1565 de
387 1523 528 1576 Otingen
551 1542 589 1564 ac
611 1532 822 1575 prudentibus
838 1532 913 1563 viris
936 1531 1084 1570 sculteto,
1107 1531 1292 1563 consulibus
1315 1535 1348 1564 et
1370 1532 1527 1564 universis
1550 1531 1671 1563 civibus
1694 1532 1726 1563 in
1740 1530 1840 1563 Ezze—

142 1597 169 1618 n
185 1584 284 1628 linga,
307 1584 458 1617 fidelibus
481 1585 546 1615 suis
569 1583 695 1616 dilectis
761 1584 904 1626 graciam
927 1593 1017 1615 suam
1042 1587 1075 1615 et
1098 1593 1192 1615 omne
1218 1583 1348 1615 bonum.

292 1635 385 1668 Fidei
409 1636 583 1680 puritatem
607 1638 641 1667 et
662 1635 786 1667 sincere
802 1635 989 1667 devocionis
1011 1635 1240 1675 constanciam,
1264 1645 1362 1677 quam
1384 1635 1416 1666 in
1432 1636 1554 1667 cunctis
1569 1635 1685 1666 nostris
1707 1633 1842 1676 agendis

185 1687 330 1730 negociis
351 1698 409 1719 vos
433 1697 563 1729 semper
585 1687 742 1729 promptis
764 1687 879 1718 animis
901 1686 1052 1718 habuisse
1075 1687 1293 1728 cognovimus,
1316 1690 1425 1718 nostre
1448 1685 1718 1718 consideracionis
1742 1685 1842 1716 oculis

186 1741 430 1782 preponentes,
449 1738 582 1780 dignum
603 1741 809 1780 reputamus,
832 1741 868 1770 ut
891 1740 1002 1769 nostra
1025 1741 1058 1769 et
1081 1737 1207 1779 imperii
1229 1738 1377 1780 negocia,
1401 1747 1464 1779 que
1488 1748 1547 1779 per
1569 1748 1626 1769 vos
1647 1735 1781 1779 provide
1805 1746 1843 1767 ac

186 1789 307 1823 utiliter
329 1790 461 1823 tractari
484 1793 518 1822 et
540 1790 704 1832 procurari
727 1800 905 1831 speramus,
928 1789 1021 1820 vobis
1043 1789 1270 1822 reconmittere
1293 1788 1509 1821 confidencius
1531 1788 1719 1820 debeamus.
1758 1787 1842 1819 Hinc

143 1853 169 1875 n
187 1845 237 1874 est
269 1841 356 1884 quod
389 1841 519 1884 plenam
548 1841 641 1873 vobis
678 1845 711 1873 et
744 1841 881 1873 liberam
911 1840 1068 1872 tradimus
1101 1843 1297 1882 potestatem
1324 1840 1483 1872 tractandi
1511 1843 1544 1872 et
1573 1838 1743 1871 ordinandi
1770 1850 1842 1871 cum

186 1892 369 1934 comitibus,
391 1892 577 1933 baronibus,
601 1891 783 1924 civitatibus
806 1902 844 1924 ac
860 1891 932 1923 aliis
947 1891 1108 1923 nobilibus
1131 1892 1249 1932 omnia,
1272 1901 1331 1933 per
1346 1902 1408 1934 quc
1425 1892 1512 1933 ipsos
1527 1892 1643 1923 nostris
1665 1894 1699 1923 et
1714 1891 1843 1932 imperii

184 1943 323 1976 valeatis
345 1945 488 1976 serviciis
508 1943 676 1986 adaptare.
721 1943 842 1975 Ratum
866 1946 899 1975 et
921 1946 1049 1985 gratum
1079 1942 1236 1983 habituri,
1267 1942 1424 1985 quidquid
1451 1952 1510 1984 per
1531 1952 1588 1974 vos
1616 1942 1648 1973 in
1678 1941 1843 1984 premissis

187 1994 369 2027 ordinatum
393 1995 489 2028 fuerit
512 1998 546 2027 et
568 1997 751 2036 tractatum,
774 2005 812 2027 ac
834 2005 894 2027 nos
916 1994 1119 2036 presentibus
1136 1993 1318 2036 obligantes
1340 1993 1382 2026 ad
1398 1993 1581 2026 faciendum
1605 1996 1638 2025 et
1653 1992 1844 2025 solvendum

187 2047 308 2087 omnia,
331 2056 395 2089 que
418 2057 478 2088 per
492 2057 551 2079 vos
574 2046 651 2079 data
673 2046 793 2078 fuerint
815 2049 924 2078 nostro
947 2046 1077 2078 nomine
1094 2045 1145 2078 vel
1168 2046 1335 2087 promissa.
1415 2044 1539 2078 Dantes
1561 2044 1652 2077 vobis
1675 2049 1843 2086 presentes

144 2111 170 2132 ω
186 2098 219 2130 in
240 2098 458 2130 testimonium
481 2109 578 2140 super
600 2109 640 2130 eo
663 2098 760 2141 sigilli
783 2098 882 2130 nostri
905 2098 1080 2130 munimine
1104 2097 1282 2129 roboratas.

270 2149 347 2182 Dat.
370 2149 512 2191 Monaci,
537 2149 598 2182 111.
615 2149 692 2182 Idus
714 2149 864 2191 Augusti,
888 2159 972 2181 anno
995 2149 1126 2181 Domini
1149 2149 1318 2180 millesimo
1342 2148 1569 2181 trecentesimo
1593 2146 1843 2190 quintodecimo,

187 2200 279 2242 regni
301 2210 377 2233 vero
400 2201 501 2234 nostri
524 2211 607 2233 anno
631 2202 746 2243 primo.

454 2332 541 2369 317.
583 2332 797 2368 Mandatum
825 2331 955 2368 civitati
980 2331 1133 2377 Eqrensi
1158 2332 1311 2367 missum.
1416 2331 1505 2376 Aug.
1524 2332 1585 2366 26.

301 2403 463 2446 On‘qimzle
485 2405 562 2448 (or.)
585 2405 622 2438 in
643 2405 804 2438 tabulario
825 2405 974 2446 Eqremi.
1011 2404 1160 2446 Siyillum
1174 2405 1295 2437 laesum
1312 2404 1429 2447 pendet
1449 2404 1514 2437 loro
1532 2404 1776 2437 membranaceo.
1802 2421 1844 2426 —

149 2468 175 2490 u
191 2454 253 2488 Ed.
272 2455 378 2489 Gradl
398 2455 619 2489 ‘Monumenta
633 2456 781 2497 Eqrana’
805 2457 830 2489 I
848 2457 964 2497 (1886)
982 2467 1016 2497 p.
1033 2456 1097 2488 234
1119 2466 1169 2488 nr.
1187 2457 1250 2488 635
1264 2466 1304 2488 ea:
1318 2467 1383 2495 or.,·
1405 2456 1522 2488 ‘Codex
1540 2456 1624 2488 iuris
1638 2454 1844 2495 municipalis

189 2507 279 2548 νομί
292 2506 478 2540 Bohemiae’
494 2507 540 2540 II
554 2509 611 2548 (=
627 2507 810 2549 ‘Privileyia
824 2508 979 2549 regalium
994 2508 1159 2540 civitatum
1175 2506 1424 2548 provincialium
1438 2517 1597 2539 annorum
1614 2506 1842 2538 1225—1419'

193 2557 240 2590 aa.
260 2549 458 2601 bezakovskffi
483 2559 582 2598 1895)
598 2569 635 2601 p.
651 2561 714 2592 171
736 2570 786 2592 nr.
804 2559 855 2591 97.
899 2559 1080 2592 maionem
1102 2558 1192 2591 azam
1213 2559 1391 2601 repetimus.

293 2617 437 2658 Bo'hmer,
460 2617 537 2660 Rea.
553 2617 666 2652 Ludw.
683 2629 720 2659 p.
737 2620 778 2650 10
800 2629 850 2652 nr.
872 2619 944 2652 151.

293 2723 358 2752 815.
387 2725 412 2758 Ιθ)
429 2726 592 2752 Vomhomm
610 2726 650 2752 ed.
738 2726 762 2758 θ)
780 2726 902 2753 Hombris
919 2727 959 2753 ed.
1047 2725 1073 2758 d)
1092 2727 1142 2752 ux
1159 2726 1199 2752 ed.

147 2797 175 2818 ιο
296 2793 323 2826 l)
341 2791 433 2828 Supra
450 2800 493 2820 m.
507 2795 566 2821 314.
