2190 3172
345 187 406 217 142
540 184 636 212 ACTA
655 185 769 211 REGNI
788 183 972 211 LUDEWICI
990 184 1036 211 IV.
1055 184 1102 211 ΕΤ
1120 184 1304 212 FRIDERICI
1323 185 1370 212 111.
1407 185 1483 212 1814.
1519 184 1568 212 Nr.
1582 185 1639 213 146.
1659 185 1716 213 147.
1735 186 1794 213 148.

345 272 390 302 sic
415 271 522 303 eidem
545 271 786 312 archiepiscopo
810 270 923 301 damus
945 270 1074 311 plenam
1098 273 1293 312 potestatem
1309 271 1494 313 porrigendi
1517 272 1619 303 eciam
1642 281 1756 313 preces
1777 275 1902 305 nostras
1918 274 1989 316 ‚pri-

343 324 462 354 marias
484 324 554 354 vice
577 326 685 354 nostra
709 325 741 354 et
763 322 891 353 nomine
907 325 1016 354 nostro
1033 322 1165 364 singulis
1181 322 1312 364 prelatis
1328 323 1439 355 aliisve
1454 324 1599 365 personis
1617 323 1841 356 ecclesiasticis
1858 325 1988 366 quibus-

342 385 490 416 cumque,
503 375 729 415 cuiuscumque
746 376 846 404 status
862 377 917 404 aut
933 374 1109 406 eminencie
1126 375 1276 413 existant,
1289 375 1342 416 qui
1358 374 1515 406 beneficia
1531 375 1639 417 aliqua
1649 375 1837 417 Moguntine
1853 377 1990 408 civitatis

343 428 377 456 et
399 425 544 466 dyocesis
567 428 677 457 curata
699 425 751 456 vel
773 435 835 456 nou
860 427 971 456 curata
994 424 1139 457 conferre
1161 425 1304 457 habeant
1325 425 1376 457 vel
1399 426 1568 468 providere
1592 426 1634 458 de
1658 427 1789 459 eisdem.
1866 427 1990 460 Dautes

343 477 405 508 sibi
434 477 492 508 has
519 480 642 508 nostras
671 477 795 507 litteras
824 476 1027 517 consignatas
1049 479 1156 508 nostre
1178 478 1304 519 typario
1326 478 1504 509 maiestatis
1526 480 1558 509 in
1581 479 1798 510 testimonium
1821 489 1918 521 super
1940 490 1990 512 eo.

450 527 569 559 Datum
593 528 738 568 Colonie,
760 528 839 559 IIII.
856 527 939 559 Non.
955 527 1138 569 Decembr.,
1162 539 1244 560 anno
1264 528 1395 561 Domini
1418 529 1587 561 millesimo
1611 531 1836 563 trecentesimo
1860 536 1990 573 quarto-

344 579 480 620 decimo,
504 580 595 621 regni
618 590 693 611 vero
716 580 816 611 nostri
839 590 920 611 anno
944 580 1057 621 primo.

657 697 740 733 147.
781 697 982 734 Oommz‘ssio
1010 699 1233 744 conquirendi
1258 690 1446 736 servitores.
1551 701 1633 737 Dec.
1652 704 1688 737 2.

455 762 614 803 Oriyinale
637 762 713 804 (or.)
735 762 849 795 ibidem
870 763 960 795 KLS
979 774 1030 795 nr.
1047 764 1098 796 11.
1143 764 1378 805 Descripsimus
1405 776 1470 798 nos·
1517 766 1664 807 Siyillum
1691 767 1901 806 desideratur,
1929 767 1992 800 lori

343 814 571 846 membranacei
592 814 779 854 fragmentis
799 814 926 846 relictis.
960 815 1004 847 In
1018 826 1104 848 verso
1119 816 1249 858 leyitwr:
1271 817 1366 849 lecta.
1390 836 1431 840 —
1454 817 1564 860 Imayo
1586 818 1831 859 photoyraphica
1847 819 1989 852 ‘Kaiser-

342 865 510 897 urkunden
532 866 568 897 in
590 865 818 906 Abbildunyen'
839 866 918 906 fasc.
934 867 991 899 IX
1010 878 1060 899 nr.
1077 867 1136 908 14;
1158 868 1198 908 cf.
1215 868 1320 901 ‘Text’
1340 880 1374 909 p.
1390 870 1464 901 311.

448 916 594 955 Bo'hmer,
619 917 694 957 Rey.
710 917 824 950 Ludw.
841 927 876 957 p.
895 918 914 949 1
936 929 987 952 nr.
1005 920 1056 951 11.

452 969 539 1008 Quae
561 969 750 1000 concordant
772 979 843 1001 cum
869 970 1090 1003 Commissione
1112 982 1213 1012 supra
1235 983 1283 1004 nr.
1302 974 1357 1011 61,
1384 982 1421 1004 ea
1444 972 1528 1013 typis
1549 973 1724 1006 minoribus
1745 983 1877 1006 excussa
1900 977 1986 1006 sunt.

449 1043 630 1074 *Lfidewicus
665 1046 718 1074 Dei
747 1047 844 1082 gracia
871 1042 1092 1076 Romanorum
1118 1056 1178 1077 rex
1207 1056 1337 1088 semper
1363 1048 1518 1088 augustus
1546 1051 1785 1087 recognoscimus,
1813 1052 1889 1086 quod
1917 1058 1990 1080 cum

343 1093 447 1126 adhuc
470 1104 612 1126 essemus
634 1094 667 1125 in
689 1094 864 1126 minoribus
886 1096 1059 1137 constituti,
1082 1102 1252 1129 venerabili*
1274 1102 1359 1130 Petro
1381 1102 1594 1138 archiepiscopo
1616 1103 1785 1139 Moguntino
1803 1100 1941 1142 principi
1956 1103 1990 1132 et

344 1146 518 1177 secretario
540 1149 648 1177 nostro
673 1146 837 1178 carissimo
860 1149 1128 1180 commiseramus‘
1151 1153 1244 1181 dando
1268 1154 1360 1181 eidem
1382 1154 1494 1188 plenam
1518 1156 1692 1189 potestatem
1707 1155 1893 1190 conquirendi
1907 1155 1990 1184 nobis

342 1201 378 1228 ad
401 1200 548 1228 servicium
571 1203 695 1228 nostrum
718 1209 801 1235 super
825 1201 1007 1236 adipiscendo
1030 1203 1217 1230 Romanorum
1240 1205 1346 1238 regno*
1365 1224 1371 1231 .
1384 1224 1391 1231 .
1410 1204 1569 1239 episcopos,
1596 1225 1602 1232 .
1616 1225 1622 1232 .
1641 1205 1799 1240 principes,
1818 1227 1824 1233 .
1838 1225 1845 1232 .
1863 1206 1990 1238 abbates,

343 1273 350 1279 .
362 1272 368 1279 .
387 1252 514 1283 comites,
535 1273 561 1279 ..
578 1252 701 1285 nobiles,
720 1273 726 1279 .
741 1274 747 1279 .
765 1253 870 1281 milites
894 1256 923 1281 et
949 1254 1020 1281 alios
1042 1254 1194 1289 armigeros
1216 1255 1320 1283 nobilis
1342 1257 1371 1282 et
1392 1254 1525 1282 militaris
1544 1255 1715 1284 condicionis
1733 1265 1924 1291 quoscunque,
1942 1256 1992 1292 qui

342 1303 396 1330 sibi
419 1304 455 1331 ad
480 1304 655 1331 serviendum
678 1304 759 1331 nobis
782 1305 913 1340 expedire
935 1305 1132 1339 viderentur,
1154 1315 1262 1334 necnon
1285 1307 1429 1335 tractandi
1453 1316 1537 1342 super
1558 1307 1718 1336 huiusmodi
1740 1317 1834 1336 eorum
1862 1308 1990 1336 serviciis

342 1355 422 1382 uobis
440 1355 624 1390 inpendendis
643 1358 672 1383 et
690 1356 851 1391 paciscendi
869 1366 932 1384 cum
950 1358 1062 1385 eisdem.
1098 1358 1297 1386 Promittentes
1314 1368 1365 1394 per
1382 1360 1465 1387 fidem
1482 1362 1606 1388 nostram
1625 1361 1773 1395 prestitam
1791 1361 1910 1395 desuper
1927 1360 1989 1388 loeo

344 1407 506 1439 iuramenti,
534 1408 608 1441 quod
634 1410 745 1443 gratum
774 1411 804 1436 et
829 1410 921 1436 ratum
943 1409 1132 1437 haberemus
1155 1410 1292 1445 quidquid
1314 1410 1343 1438 in
1366 1411 1507 1446 premissis
1530 1414 1684 1440 tractaret
1702 1414 1732 1440 et
1749 1412 1927 1447 integraliter
1944 1412 1991 1440 ad·

342 1458 530 1493 inpleremus
554 1459 691 1494 quidquid
708 1469 758 1494 pro
777 1461 857 1487 uobis
882 1461 1104 1495 promitteret*
1122 1461 1350 1497 archiepiscopus
1367 1463 1535 1491 antedictus.
1565 1464 1601 1491 Et
1618 1465 1772 1491 exsolvere
1780 1473 1840 1491 mus
1858 1472 1991 1492 summas

342 1511 460 1545 pecunie
482 1520 564 1546 quas
589 1521 640 1546 pro
662 1512 742 1539 nobis
765 1512 967 1547 promitteret
991 1513 1094 1540 eisdem
1122 1513 1151 1540 in
1173 1513 1301 1541 terminis
1329 1524 1398 1549 quos
1424 1515 1460 1542 ad
1484 1515 1539 1543 hoc
1559 1516 1696 1543 duceret
1719 1516 1903 1551 deputandos.
1947 1512 1991 1546 Et

342 1561 544 1600 promisimus
567 1565 678 1592 litteras
702 1561 840 1602 desuper
861 1564 936 1592 tunc
960 1561 1105 1603 traditas,
1128 1566 1152 1593 si
1174 1567 1204 1594 in
1225 1576 1320 1602 regem
1336 1567 1526 1595 Romanorum
1548 1568 1762 1604 eligeremur,
1779 1569 1873 1604 sigillo
1888 1569 1988 1597 maies-

342 1617 411 1643 tatis
434 1617 511 1651 regie
534 1617 687 1645 innovare.
732 1613 888 1644 Volentes
910 1613 1008 1654 igitur
1030 1614 1222 1655 promissum
1244 1618 1387 1646 nostrum
1415 1615 1598 1647 huiusmodi
1627 1615 1854 1648 inviolabiliter
1877 1617 1988 1649 obser-

342 1674 418 1695 vare
443 1667 476 1695 et
498 1664 636 1696 fideliter
659 1665 824 1706 adinplere
847 1666 1016 1707 ipsumque
1041 1665 1318 1708 archiepiscopum
1342 1677 1533 1699 conservare
1556 1667 1779 1709 indempnem,
1806 1668 1991 1710 supradicta

342 1716 448 1747 omnia
471 1719 505 1748 et
526 1717 652 1759 singula
674 1717 877 1758 presentibus
900 1727 941 1748 ex
964 1720 1053 1748 certa
1076 1718 1214 1750 sciencia
1237 1718 1454 1760 approbamus
1477 1722 1510 1751 et
1525 1719 1722 1751 innovamus,
1759 1719 1991 1752 Promittentes

341 1769 509 1809 pecunias,
537 1779 616 1810 quas
644 1772 841 1800 memoratus
869 1769 1130 1811 archiepiscopus
1161 1794 1193 1801 ..
1224 1770 1399 1812 episcopis,
1427 1795 1435 1802 .
1454 1775 1481 1802 ,⁸
1508 1770 1721 1813 principibus,
1753 1795 1785 1803 ..
1809 1771 1990 1814 abbatibus,

343 1842 374 1850 ..
399 1820 579 1860 comitibus,
603 1844 634 1851 ..
659 1820 829 1861 nobilibus,
855 1844 886 1852 ..
911 1821 1065 1852 militibus
1088 1824 1121 1853 et
1143 1821 1215 1852 aliis
1237 1822 1404 1864 armigeris
1426 1822 1542 1854 nobilis
1569 1825 1602 1854 et
1624 1823 1771 1854 militaris
1794 1823 1990 1856 condicionis

342 1871 582 1913 quibuscunque
609 1882 667 1913 pro
696 1873 837 1903 serviciis
865 1872 958 1904 nobis
984 1873 1125 1914 inpensis
1154 1873 1206 1905 vel
1234 1874 1267 1905 in
1295 1877 1459 1915 posterum
1482 1874 1695 1916 inpendendis
1717 1885 1776 1916 pro
1799 1875 1892 1907 nobis
1913 1872 1988 1917 pro'-

341 1923 441 1963 misit,
471 1924 504 1954 in
530 1924 688 1964 terminis,
718 1924 776 1955 sub
799 1924 903 1955 modis
934 1927 967 1956 et
994 1924 1234 1957 condicionibus
1267 1935 1327 1967 per
1361 1926 1466 1968 ipsum
1495 1926 1537 1958 ad
1565 1926 1626 1958 hoc
1656 1926 1819 1969 deputatis
1839 1938 1898 1958 nos
1921 1928 1989 1959 siue

342 1974 531 2006 difficultate
559 1975 703 2016 qualibet
733 1976 901 2007 soluturos.
957 1976 999 2007 Et
1025 1977 1066 2008 de
1093 1976 1154 2008 hoc
1188 1977 1312 2009 litteras
1340 1981 1465 2009 nostras
1492 1979 1615 2020 regias,
1643 1979 1670 2010 si
1700 1989 1779 2020 quas
1805 1978 1889 2010 forte
1918 1979 1988 2021 ipse

342 2027 601 2068 archiepiscopus
628 2027 750 2058 dandas
779 2038 836 2069 pro
864 2027 957 2059 nobis
990 2029 1150 2069 promisit,
1186 2028 1333 2061 dabimus
1359 2029 1508 2070 indilate,
1538 2030 1794 2072 quandocunque
1826 2040 1886 2072 per
1914 2040 1989 2062 eum

342 2088 439 2119 super
460 2088 499 2109 eo
523 2078 676 2110 fuerimus
698 2080 852 2121 requisiti.
940 2085 973 2111 In
996 2084 1074 2112 cuius
1097 2085 1138 2112 rei
1153 2085 1348 2113 testimonium
1363 2085 1531 2123 presentes
1547 2082 1671 2114 litteras
1686 2082 1864 2114 maiestatis
1878 2085 1987 2113 nostre

342 2130 465 2171 typario
489 2130 644 2162 tradimus
667 2132 885 2163 communitas.

448 2181 568 2213 Datum
586 2181 730 2223 Golonie,
747 2186 860 2224 quarto
876 2183 958 2215 Non.
975 2183 1158 2225 Decembr.,
1181 2194 1264 2216 anuo
1281 2184 1413 2216 Domini
1428 2185 1598 2217 millesimo
1613 2185 1840 2216 trecentesimo
1858 2188 1988 2226 quarto-

343 2232 478 2273 decimo,
502 2234 592 2274 regni
615 2244 691 2265 vero
714 2235 814 2265 nostri
836 2245 919 2266 anno
942 2235 1057 2276 primo.

374 2399 456 2436 148.
498 2398 699 2435 Declaratio
725 2412 828 2445 super
852 2401 974 2446 oppido
1000 2401 1225 2447 Seliyenstadt
1251 2405 1281 2438 et
1307 2404 1469 2438 comitatu
1494 2401 1692 2447 Baehqowe.
1794 2402 1879 2438 Dec.
1899 2404 1960 2438 20.

446 2464 624 2505 Oriyimlia
639 2465 710 2504 duo,
733 2476 867 2505 quorum
888 2477 990 2498 unum
1011 2467 1099 2499 valde
1121 2478 1281 2500 corrosum
1300 2471 1354 2506 est,
1377 2468 1490 2500 ibidem
1505 2468 1596 2500 KLS
1609 2478 1660 2500 nr.
1671 2468 1723 2499 23.
1761 2467 1834 2500 Iam
1849 2469 1988 2501 inveniri

342 2526 406 2548 non
427 2519 586 2556 poterant.
635 2517 732 2556 Copia
754 2517 808 2560 (c.)
831 2518 868 2549 in
889 2518 986 2550 Isc'bro
1012 2522 1200 2559 reyes-torum
1221 2519 1282 2551 IV
1297 2519 1351 2560 fol.
1370 2519 1432 2551 124
1460 2519 1614 2552 tabularii
1639 2520 1718 2560 reyii
1740 2519 1984 2560 Herbipolensis.

343 2568 442 2600 Iussu
458 2569 616 2608 praefecti
637 2569 792 2608 descripta
814 2572 869 2601 est.
893 2590 934 2593 —
956 2571 1130 2604 Ineditum.

451 2620 596 2659 Biihmer,
621 2620 696 2660 Rey.
712 2621 825 2652 Ludw.
846 2632 878 2661 p.
896 2622 917 2652 3
938 2632 988 2654 nr.
1004 2623 1057 2655 32.

454 2672 502 2712 Cf.
525 2682 624 2711 supra
645 2683 694 2703 nr.
712 2672 775 2703 142
796 2683 864 2712 cap.
882 2675 911 2704 7.
955 2674 1042 2714 Quae
1064 2674 1254 2706 concordant
1275 2685 1346 2706 cum
1369 2673 1594 2706 Declaratione
1618 2674 1763 2706 Heinrici
1785 2674 1862 2707 VII.
1886 2684 1987 2715 supra

343 2727 414 2756 tom.
430 2723 491 2762 IV,
509 2726 528 2755 1
549 2734 579 2763 p.
596 2725 661 2755 237
682 2734 731 2755 nr.
747 2724 820 2762 271,
844 2735 881 2756 ea
904 2725 986 2766 typis
1009 2726 1185 2758 utinm-ibus
1206 2736 1337 2758 eaecussa
1360 2729 1445 2758 sunt.

448 2810 512 2838 147.
539 2810 562 2843 Ι”)
581 2811 648 2836 deest
665 2811 693 2835 in
711 2811 783 2837 initio
802 2812 884 2837 lineae
903 2821 939 2837 or.

2011 830 2036 850 1⁰

2008 1109 2033 1130 1⁶
