2184 3126
324 190 384 219 740
597 184 693 211 ACTA
712 182 826 210 REGNI
846 181 1030 209 LUDEWICI
1049 181 1095 208 IV.
1114 181 1160 208 ΕΤ
1180 180 1366 208 FRIDERICI
1385 181 1434 208 111.
1472 181 1547 208 1324.
1582 180 1632 208 Nr.
1645 180 1705 209 909.

321 273 468 314 recepcio
493 271 564 302 talis
588 270 772 302 donacionis
797 272 845 301 est
861 268 970 310 alege
987 267 1105 307 divina,
1130 277 1193 309 que
1216 267 1354 308 precipit
1376 269 1410 298 et
1433 266 1570 298 consulit
1592 270 1819 309 preceptorum
1842 269 1876 299 et
1898 278 1975 300 con-

322 324 463 355 siliorum
480 322 731 362 obser-vasseiam,
755 322 800 352 ita
825 323 857 352 et
875 320 1043 351 retencior.
1089 318 1289 350 ·-2Preterea
1305 317 1488 360 quomodou
1504 317 1664 349 ecclesia'
1678 317 1827 350 Romana
1842 322 1976 361 potest*

322 375 480 415 ordinare,
505 374 591 416 quod
614 373 698 405 servi
721 374 769 403 sui
793 375 826 403 et
848 371 927 403 filii¹
950 381 1013 402 non
1036 370 1095 401 sibi
1118 370 1296 411 acquirant,
1319 371 1355 400 ut
1377 369 1409 400 in
1432 368 1589 400 decretali
1612 364 1724 401 ‘Exiit’
1745 371 1785 410 ξ’
1806 369 1871 402 ‘Ad
1893 370 1976 412 hec',

320 428 380 458 ista
403 430 511 458 autem
534 424 722 456 constitucio
746 423 830 454 tollit
854 423 902 454 ius
925 422 1149 463 acquisicionis
1165 420 1283 453 Christi
1307 423 1340 452 et
1363 420 1501 452 ecclesie
1517 423 1566 451 et2
1582 430 1642 462 per
1657 430 1856 463 consequens
1871 421 1976 454 tollit·

320 479 388 510 iura
411 477 571 509 servitutis
593 476 656 507 Dei
680 478 712 506 et
736 485 843 506 curam
868 483 1055 515 pauperum.
1099 472 1186 514 Ergo
1210 472 1351 503 heresim
1374 471 1518 503 continet
1539 471 1755 504 manifestam.

427 533 486 566 (IV)
519 528 674 558 Preterea
702 526 763 557 hec
793 525 982 556 constitucio
1012 524 1103 564 dicit,
1131 523 1352 565 pacienciamb
1387 523 1490 554 circa⁰
1523 522 1655 555 modum
1688 524 1794 565 ipsum
1826 523 1974 558 Romane

320 580 453 612 ecclesie
484 579 701 612 subsecutam.
738 580 770 608 et
798 576 864 608 sicd
893 567 984 618 patet
1011 576 1222 607 contrarietas
1255 577 1409 616 quantum
1443 573 1484 606 ad
1523 577 1651 606 statum.
1707 575 1793 607 Nam
1828 575 1975 608 Romana

320 632 455 664 ecclesia
489 640 547 671 per
580 629 777 671 pacienciam
814 638 877 659 non
911 627 1058 658 tollerat‘⁵
1092 626 1223 658 modum
1258 628 1373 666 status,
1419 625 1496 657 sed‘
1528 626 1674 659 decernit
1708 627 1808 659 talem
1841 627 1974 660 modum

319 682 561 715 observandum.
623 680 687 712 Sed
722 680 796 721 quia
825 679 1014 710 constitucio
1043 677 1107 709 ‘Ad
1137 676 1348 709 conditorem³
1374 676 1567 709 manifestes
1592 678 1731 720 inpingit
1761 678 1814 710 in¹¹
1842 682 1973 721 statum,

318 737 408 776 patet
435 732 521 775 quod
548 732 659 773 primis
682 730 885 772 pontificibus
909 729 1122 771 supradictish
1145 728 1336 760 contradicit
1359 738 1523 770 expresse.
1569 729 1669 771 Ergoi
1691 739 1768 762 vere
1791 730 1976 763 hereticus⁸

318 789 366 818 cst
389 784 575 817 censendus.

425 841 471 874 (V)
506 835 680 867 Pretereak
709 835 896 866 constitucio
925 833 1017 873 dicit,
1052 832 1138 874 quod
1169 832 1276 864 dicere
1308 842 1403 874 posse
1433 832 1623 864 dominium¹
1651 834 1795 875 separari
1822 834 1855 865 in
1878 834 1975 866 rebus

316 888 470 928 talibus¹²¹‚
504 890 553 918 est
580 887 774 918 contrarium
801 885 923 917 racioni
953 887 986 916 et
1017 885 1087 915 iuri.
1140 883 1204 915 Sed
1231 883 1439 915 manifestum
1466 886 1530 925 est,
1557 884 1645 927 quod
1672 890 1804 918 ornnesn
1830 886 1975 928 religIoei

317 940 415 972 nichil
437 938 559 970 habent
581 939 613 969 in
636 938 781 980 proprio,
806 937 883 968 licet
905 936 1004 977 aliqui
1026 935 1169 967 habeant
1195 936 1226 966 in
1254 935 1425 967 communi.
1476 935 1605 978 ⁰Igitur
1634 937 1668 968 in
1695 937 1742 969 eis
1765 938 1889 970 eciam¹¹
1911 948 1975 970 non

317 994 484 1033 separatur
506 1001 583 1022 usus
606 1000 625 1021 a
650 989 791 1020 dominio
815 989 847 1019 in
869 987 988 1019 talibus
1010 987 1116 1018 rebus.
1162 986 1249 1028 Ergo
1267 996 1378 1018 omnes
1401 990 1509 1019 essent
1530 989 1736 1029 proprietarii
1758 989 1791 1020 in
1814 989 1976 1021 alimentis

317 1047 350 1075 et
372 1043 570 1074 vestimentis
602 1044 635 1072 et
666 1041 811 1082 pecunia.
862 1040 926 1071 Etp
949 1039 1095 1071 Christus
1118 1039 1221 1070 eciam
1244 1038 1305 1070 fuit
1327 1039 1558 1080 proprietarius
1581 1043 1615 1072 et
1637 1040 1776 1082 apostoli
1799 1040 1975 1072 secundum

316 1095 377 1126 hoc
401 1097 434 1126 et
456 1104 514 1135 per
538 1103 737 1134 consequens
761 1091 864 1123 omnis
886 1092 952 1122 vita
968 1091 1146 1122 monastica
1169 1094 1202 1122 et
1224 1090 1378 1132 religiosa
1401 1093 1451 1122 est
1472 1090 1555 1122 falsa
1578 1094 1611 1123 et
1632 1091 1737 1133 fictas,
1760 1092 1822 1124 ista
1844 1092 1974 1124 racione

317 1149 350 1177 et
373 1146 535 1177 doctrina.r
551 1144 670 1176 Christi
693 1144 767 1175 ficta
792 1146 869 1183 θεν,
894 1142 994 1174 Math.
1011 1142 1107 1173 XIX:
1132 1141 1177 1173 ‘Si
1201 1142 1248 1173 vis
1271 1142 1434 1184 perfectus
1457 1142 1541 1174 esse’
1563 1146 1624 1175 etc.
1669 1142 1712 1175 Et
1734 1144 1794 1175 sict
1815 1143 1975 1185 perfectio

316 1196 511 1238 ewangelice
537 1196 624 1227 vite¹¹
648 1195 859 1226 consisteretv
881 1194 914 1224 in
936 1193 1059 1225 habere
1083 1194 1113 1224 in
1138 1194 1268 1235 proprio
1293 1197 1326 1225 et
1349 1204 1412 1225 non
1440 1194 1473 1225 in
1501 1195 1677 1235 communi,
1706 1195 1783 1227 licet
1811 1205 1915 1237 pauca
1941 1198 1976 1228 et

315 1249 399 1281 vilia.
452 1248 494 1279 Et
523 1248 567 1278 sic
591 1250 685 1278 totaw
712 1245 898 1287 principalis
928 1246 1039 1277 racio¹
1067 1245 1274 1287 perfectionis
1303 1245 1369 1277 vite
1403 1246 1620 1288 ewangelice'
1653 1250 1740 1279 esset
1767 1247 1852 1279 circa
1880 1257 1975 1279 usum
1997 1286 2000 1288 ‚

314 1310 493 1342 pauperum
518 1303 550 1330 et
572 1298 682 1329 vilium
706 1301 739 1329 et
761 1297 848 1329 nullo
872 1297 969 1329 modo
994 1301 1080 1328 esset
1102 1297 1134 1328 in
1158 1297 1388 1329 abdicacioney
1411 1298 1633 1339 proprietatis,
1662 1298 1768 1341 quod⁸
1791 1302 1841 1330 est
1862 1302 1974 1331 contra

315 1351 525 1383 diffiniciones
549 1350 735 1391 pontificum
760 1349 979 1390 predictorum
1008 1352 1040 1380 et
1068 1352 1178 1380 contra
1208 1348 1406 1381 decretalem
1428 1348 1548 1381 ‘Exiiffi
1599 1350 1687 1392 Ergo
1717 1349 1864 1382 conditor
1897 1360 1973 1393 cqn-

315 1402 490 1434 stitucionis
513 1401 577 1433 ‘Ad
601 1400 810 1432 conditorem²
832 1410 909 1432 vere
932 1400 1094 1432 hereticus
1119 1403 1168 1432 est
1190 1400 1379 1432 censendus.

423 1457 482 1490 (VI)
517 1453 673 1484 Preterea
709 1451 787 1483 dicit
825 1453 1013 1483 constitucio
1055 1451 1118 1483 ‘Ad
1156 1449 1377 1493 conditorem‘‚
1417 1452 1504 1495 quod
1546 1453 1694 1485 carencia
1734 1453 1808 1485 talis
1841 1453 1975 1486 dominii

316 1506 540 1547 pauperiorem
574 1515 636 1535 non
666 1503 743 1535 facit
769 1514 832 1534 non
862 1503 1061 1535 habentem¹²
1083 1514 1142 1535 nec
1171 1504 1344 1536 habentem
1374 1504 1540 1537 diciorem.
1596 1504 1662 1536 Sed
1690 1506 1885 1537 contrarium
1914 1508 1974 1544 est,

316 1557 390 1598 quia
413 1557 494 1587 necb
511 1555 655 1597 Nycolao
682 1559 715 1587 et
738 1555 808 1586 aliis
824 1555 1029 1596 pontificibus
1053 1555 1245 1597 supradictis
1268 1566 1326 1588 nec
1343 1555 1472 1588 Christo
1496 1559 1547 1588 et⁰
1562 1556 1718 1598 apostolis
1732 1567 1793 1589 nec
1814 1556 1975 1598 religiosis

316 1608 461 1639 omnibus
477 1611 703 1649 repungnaret,
728 1607 760 1638 in
775 1608 906 1648 proprio
930 1607 1009 1638 talia
1026 1607 1159 1639 habere.
1197 1607 1270 1639 Hoc
1294 1611 1405 1640 autem
1428 1611 1478 1640 est
1500 1611 1611 1640 contra
1633 1607 1752 1640 fidemd
1774 1608 1974 1641 katholicam

316 1662 348 1690 et
379 1662 488 1690 contra
512 1659 684 1700 scripturas
708 1669 831 1699 sacras,
866 1658 954 1690 ‘’estf
986 1659 1110 1690 eciame
1144 1659 1333 1691 destruere¹²
1371 1670 1499 1692 omnem
1533 1659 1723 1702 religionem
1757 1663 1791 1691 et
1826 1659 1974 1693 ordinem

319 1710 491 1742 habentem
521 1709 642 1751 aliquai
671 1710 702 1740 in
735 1710 913 1750 communi,
938 1720 1013 1741 nam
1042 1710 1201 1742 habentes
1230 1712 1262 1742 in
1290 1713 1451 1743 communi
1485 1711 1584 1743 nichil
1617 1714 1751 1753 possunt
1783 1711 1907 1744 habere
1940 1712 1974 1743 in

316 1762 456 1803 proprio,
480 1764 515 1792 ut
537 1762 570 1792 in
593 1761 746 1793 decretali
766 1761 859 1793 ‘Cum
883 1761 925 1793 ad
948 1762 1220 1793 monasterium’1.
1258 1762 1345 1804 Ergo
1369 1763 1536 1795 conditord
1553 1763 1793 1795 constitucionis
1807 1762 1872 1795 ‘Ad
1895 1764 1977 1795 conl·

318 1812 466 1844 ditorem’
488 1813 714 1844 heresiarchak
736 1824 832 1844 verus
857 1816 889 1844 et
912 1813 1261 1855 perfectus.hereticus
1285 1818 1334 1846 est
1357 1815 1545 1847 censendus.

425 1868 498 1902 (VII)
529 1865 685 1897 Preterea
711 1865 756 1896 in¹
784 1866 1015 1897 constitucione
1038 1865 1103 1896 ‘Ad
1129 1865 1368 1898 conditorem²¹¹³
1392 1866 1517 1908 dicitur,
1542 1866 1630 1909 quod
1656 1866 1806 1908 specialis
1829 1867 1973 1898 retencio

316 1916 462 1947 Romane
487 1917 623 1948 ecclesie
646 1917 742 1948 nichil
772 1916 849 1948 facit
872 1917 1012 1958 speciale
1036 1917 1120 1949 ultra
1143 1917 1223 1949 alios
1245 1917 1499 1960 mendicantes¹¹‚
1524 1919 1578 1960 qui
1606 1918 1730 1951 habent
1755 1918 1789 1950 in
1811 1919 1973 1950 communi

316 1968 421 2009 quoad
452 1968 639 1999 altissimam
670 1971 913 2010 paupertatem,
944 1979 1005 2010 que
1038 1972 1087 2000 cst
1114 1972 1244 2001 contra0
1273 1980 1336 2001 non
1364 1969 1486 2002 habere
1509 1970 1541 2001 in
1565 1971 1736 2002 communi.
1785 1970 1870 2002 Nam
1897 1973 1972 2001 tune

316 2018 410 2050 nichil
440 2019 645 2060 perfectionis
673 2019 829 2051 adderetp
859 2030 922 2051 non
951 2020 1072 2052 habere
1100 2021 1132 2051 in
1155 2022 1316 2053 communi
1341 2025 1373 2053 et
1396 2022 1441 2053 sic
1460 2021 1610 2054 Romana
1633 2022 1772 2054 ecclesia
1799 2025 1832 2054 et
1859 2031 1972 2053 omnes

316 2070 451 2110 predicti
475 2071 642 2111 pontifices
668 2075 701 2102 et
724 2082 836 2103 omnes
859 2081 949 2103 sacre
973 2072 1152 2113 scriptureq
1176 2073 1208 2104 in
1231 2072 1360 2105 Christo
1391 2076 1442 2105 et‘
1465 2073 1636 2115 apostolis,
1659 2074 1715 2116 qui
1735 2073 1918 2106 habuerunt
1940 2077 1974 2105 et

317 2120 491 2153 docuerunt
513 2126 736 2163 paupertatem
760 2122 959 2163 altissimam,
984 2123 1202 2165 approbarent
1225 2125 1464 2157 simulationes·
1481 2135 1551 2157 esse
1574 2128 1672 2167 atque
1695 2125 1860 2167 figmenta,
1884 2124 1971 2166 quod

422 2213 489 2241 909.
517 2214 536 2247 r)
555 2200 665 2250 receptio
685 2217 709 2242 A
722 2217 750 2247 4;
769 2222 794 2243 et
814 2219 852 2243 ita
870 2219 1040 2251 receptionem
1060 2220 1084 2243 A
1098 2218 1122 2245 5.
1204 2219 1224 2252 ⁸)
1244 2220 1344 2253 signum
1357 2220 1526 2254 paragraphi
1542 2221 1570 2246 in
1588 2219 1652 2246 Al.
1733 2219 1754 2252 t)
1773 2220 1873 2253 sianum
1887 2228 1972 2252 Wa-

316 2257 412 2288 yraphi
429 2258 456 2282 in
474 2258 499 2282 B
510 2257 534 2283 2.
636 2259 662 2292 ιι)
681 2264 763 2293 potest
781 2261 821 2286 hic
840 2261 865 2285 A
877 2260 903 2286 4.
916 2260 940 2286 5.
1035 2262 1060 2294 v)
1080 2263 1160 2287 eciam
1179 2262 1205 2287 B
1217 2262 1242 2288 2.
1339 2265 1370 2295 W)
1389 2264 1474 2297 potuit
1491 2272 1559 2289 corr.
1578 2272 1609 2289 at
1627 2267 1709 2296 ponut
1726 2263 1751 2288 A
1765 2262 1788 2289 1.
1886 2263 1912 2296 ¹)
1931 2264 1973 2289 sui
2025 2286 2028 2290 .

318 2299 379 2324 add·
400 2299 457 2326 A4.
511 2328 514 2330 ,
553 2302 577 2332 θ’)
597 2303 665 2328 deest
683 2303 706 2327 A
718 2303 742 2329 2.
841 2303 863 2336 z)
881 2304 949 2330 decet
967 2305 991 2329 A
1004 2304 1029 2330 3.
1126 2305 1150 2337 ³)
1168 2306 1235 2331 deest
1254 2306 1279 2331 A
1291 2306 1317 2332 4.
1406 2306 1431 2339 b)
1448 2307 1476 2332 in
1495 2307 1520 2332 A
1533 2306 1550 2332 3
1567 2307 1608 2332 hie
1625 2310 1766 2339 sequuntur
1783 2315 1834 2332 non
1853 2306 1921 2332 tollit
1937 2319 1972 2325 —

318 2342 504 2368 observandum
522 2344 620 2369 adiecto
639 2350 732 2371 va-eat.
804 2346 826 2378 ⁰)
845 2348 906 2372 eurfi
927 2347 952 2372 B
966 2347 988 2373 1.
1001 2346 1025 2373 2.
1096 2346 1122 2380 d)
1140 2349 1188 2374 hoc
1206 2348 1231 2373 B
1243 2348 1267 2375 2.
1338 2349 1362 2381 0)
1381 2350 1448 2376 tollit
1466 2349 1491 2375 A
1504 2349 1528 2376 3.
1542 2349 1567 2375 4.
1581 2349 1606 2376 5.
1626 2349 1650 2374 Β
1661 2348 1686 2375 2.
1754 2348 1774 2381 f)
1792 2349 1853 2375 lieet
1870 2349 1896 2374 A
1908 2347 1933 2375 4.
1946 2349 1970 2375 5.

318 2384 343 2415 Β)
362 2386 533 2411 inanii'este—
544 2387 672 2413 hereticus
690 2397 770 2421 supra
789 2390 885 2415 lineam
904 2390 928 2414 A
941 2389 966 2415 3.
1053 2389 1081 2423 ι1)
1098 2391 1166 2417 deest
1184 2392 1209 2416 A
1222 2391 1247 2418 3.
1330 2392 1348 2424 i)
1366 2402 1444 2419 verus
1462 2393 1488 2418 A
1500 2392 1524 2420 3.
1534 2393 1559 2419 4.
1573 2392 1598 2419 5.
1676 2391 1703 2426 k)
1721 2393 1770 2419 hec
1787 2393 1851 2418 add·
1870 2392 1896 2417 Α
1908 2391 1933 2418 4·
1945 2391 1970 2418 5·

318 2425 337 2458 ¹)
355 2427 421 2452 dom.
439 2437 512 2460 posse
530 2429 554 2453 A
567 2430 592 2456 4.
696 2431 728 2463 m)
747 2433 930 2465 temporalibus
949 2433 973 2458 A
986 2433 1016 2463 4;
1035 2442 1085 2459 usu
1103 2435 1346 2468 consumptibilibus
1365 2436 1390 2461 A
1404 2435 1429 2462 5.
1526 2436 1551 2468 ¹1)
1570 2437 1639 2462 dem
1656 2436 1681 2461 B
1691 2435 1715 2461 2.
1827 2434 1853 2468 ⁰)
1871 2436 1972 2469 n'qmtm

314 2471 482 2502 paraqrapki
499 2472 526 2496 in
545 2472 570 2496 B
581 2472 606 2498 2.
704 2474 728 2506 Ρ)
746 2475 783 2500 sic
800 2476 863 2502 add.
882 2475 906 2500 A
920 2475 945 2502 4.
958 2476 982 2502 5.
1083 2477 1108 2509 q)
1127 2478 1196 2510 pieta
1214 2478 1239 2503 A
1253 2478 1277 2504 1.
1377 2479 1399 2511 r)
1418 2481 1497 2506 doctr.
1516 2481 1596 2506 stiam
1614 2479 1639 2505 A
1651 2479 1676 2506 4.
1689 2479 1715 2505 5.
1814 2478 1837 2511 ⁸)
1855 2482 1895 2504 08²
1911 2479 1972 2504 fio&

319 2512 343 2535 A
356 2511 380 2537 2.
393 2512 418 2537 3.
430 2512 460 2544 4;
479 2519 517 2539 cst
535 2516 598 2540 falsa
617 2516 638 2540 A
653 2516 676 2541 5.
772 2518 792 2550 t)
810 2519 879 2544 deest
898 2519 922 2544 A
935 2518 960 2545 3.
1059 2519 1086 2552 ¹¹)
1104 2522 1156 2546 vite
1174 2529 1220 2547 ew.
1240 2522 1264 2546 A
1277 2521 1300 2548 1.
1312 2521 1337 2548 2.
1349 2522 1374 2549 4.
1386 2522 1411 2548 5.
1507 2522 1533 2555 v)
1551 2522 1912 2554 consisteret-ewangelista
1929 2530 1972 2547 ex—

318 2554 436 2580 ciderunt
454 2556 478 2580 A
492 2556 515 2582 1.
602 2558 632 2590 w)
651 2561 734 2585 totalis
753 2561 776 2585 A
787 2560 811 2586 4.
898 2562 924 2594 ¹)
942 2566 988 2588 rat.
1008 2563 1088 2596 princ.
1107 2564 1132 2588 A
1146 2563 1171 2590 4.
1259 2566 1284 2595 δ’)
1301 2566 1422 2591 abdicare
1440 2565 1466 2590 B
1478 2565 1503 2592 2.
1590 2567 1614 2598 ⁸)
1633 2570 1659 2592 et
1675 2565 1702 2591 B
1713 2565 1738 2591 2·
1832 2565 1857 2597 ¹)
1876 2565 1972 2591 luben·

319 2597 388 2622 cium
406 2598 431 2622 A
445 2598 468 2624 1.
555 2600 579 2632 b)
599 2602 625 2626 in
644 2602 668 2626 A
685 2602 706 2628 l.
794 2604 817 2635 ⁰)
836 2613 883 2630 nee
903 2605 926 2629 A
939 2605 964 2631 3.
977 2605 1001 2631 5.
1090 2605 1115 2638 d)
1134 2607 1203 2633 deest
1220 2608 1245 2633 B
1257 2607 1282 2634 2.
1371 2608 1394 2641 θ)
1413 2609 1513 2642 eiq‘nwm
1527 2609 1696 2642 paraqraphi
1712 2610 1741 2635 in
1758 2609 1784 2634 B
1795 2607 1819 2635 2.
1906 2606 1928 2640 r)
1945 2613 1972 2634 et

319 2639 343 2664 A
357 2639 381 2665 4.
394 2639 418 2665 5.
500 2642 525 2674 8)
545 2648 630 2669 autem
649 2645 674 2669 A
687 2644 711 2670 3.
790 2646 816 2678 1¹)
835 2648 976 2674 destrueret
994 2649 1019 2673 A
1031 2648 1056 2674 4.
1069 2649 1093 2675 5.
1178 2649 1197 2682 i)
1215 2651 1302 2683 aliqua
1319 2652 1379 2677 hab.
1398 2652 1423 2677 A
1435 2652 1460 2678 4.
1473 2651 1497 2678 5.
1578 2651 1605 2684 k)
1623 2653 1769 2678 heresim
1786 2655 1885 2685 «temper
1903 2651 1928 2676 A
1941 2650 1971 2683 2;

319 2683 485 2709 herescarcha
502 2685 527 2709 B
543 2685 565 2711 1.
578 2685 605 2711 2.
691 2687 710 2719 ¹)
729 2690 781 2722 ipsa
800 2690 861 2716 add.
882 2691 906 2715 A
918 2691 942 2716 4.
954 2691 979 2717 5.
1059 2692 1092 2724 ¹¹³)
1111 2693 1151 2718 Ad
1169 2695 1243 2719 cond.
1261 2695 1313 2720 dee.
1333 2694 1357 2719 A
1371 2694 1396 2721 4.
1409 2695 1433 2721 5.
1514 2695 1538 2727 ¹¹)
1558 2696 1701 2722 iudicantes
1719 2694 1744 2721 Λ
1758 2695 1782 2721 1·
1860 2694 1885 2727 ⁰)
1903 2695 1972 2720 &⁶⁸⁶

320 2726 344 2750 A
357 2725 381 2752 4.
393 2725 417 2751 5.
504 2727 530 2761 Ρ)
549 2730 657 2755 addetur
675 2731 700 2755 B
711 2730 735 2756 2.
823 2732 847 2764 q)
865 2734 980 2759 doctores
998 2735 1060 2760 add.
1081 2735 1105 2759 A
1118 2735 1142 2762 4.
1153 2735 1178 2762 5.
1266 2737 1287 2769 ¹¹)
1307 2738 1333 2763 in
1351 2738 1414 2764 add.
1433 2738 1458 2763 A
1472 2738 1495 2764 1.
1508 2738 1533 2764 5.
1625 2738 1646 2771 ⁸)
1665 2738 1797 2764 simulatos
1816 2738 1841 2763 Β
1852 2737 1876 2764 1.
1888 2737 1915 2765 2.

423 2792 448 2825 1)
468 2792 494 2819 C.
508 2797 523 2819 6
543 2794 573 2820 X
590 2795 620 2821 de
638 2798 710 2823 statu
727 2799 846 2825 monach.
865 2799 936 2833 (ΙΙΙ,
957 2801 1008 2834 35).

1994 737 2020 756 10

1994 993 2019 1012 15

1993 1250 2019 1271 2⁰

1989 2524 2016 2544 ⁴5

1988 2742 2016 2762 ⁶⁰
