2184 3126
376 258 378 261 ,
404 229 501 259 ACTA
520 223 634 256 REGNI
651 227 837 256 LUDEWICI
857 227 904 255 lv.
923 226 968 254 ΕΤ
987 225 1171 254 FRIDERICI
1191 225 1240 253 Ill.
1277 225 1353 253 1324.
1390 224 1437 251 Nr.
1457 223 1516 252 921.
1535 223 1594 251 922.
1775 226 1833 256 761

533 376 606 407 921.
630 375 703 406 922.
737 372 965 407 LITTERAE
988 371 1050 405 AD
1073 370 1222 405 DUCES
1245 370 1487 405 AUSTRIAE.

893 434 984 467 1324.
1015 432 1084 465 Iun.
1103 434 1132 466 8.

364 532 452 569 921.
492 532 649 568 Litterae
676 532 724 567 ιιιΖ
748 530 961 577 Liupoldum
987 532 1019 566 et
1048 529 1227 565 Albertum
1255 528 1414 565 directae.
1520 511 1602 565 lun.
1621 530 1658 566 8.

294 606 393 647 Copia
416 606 470 647 (c.)
492 606 606 638 ibidem
628 605 682 645 sol.
700 606 750 637 70¹
774 615 825 638 nr.
840 605 912 637 879.
965 603 1165 638 Gonadimus
1191 613 1258 636 nos.
1286 621 1326 627 —
1354 602 1417 635 Ed.
1438 602 1458 635 l.
1475 614 1501 636 c.
1519 603 1548 642 Ι,
1565 604 1606 635 79
1628 613 1678 635 nr.
1694 603 1736 635 55
1758 613 1797 635 ex
1813 613 1840 635 c.

150 677 163 696 s
291 665 439 705 Bb'hmer,
463 665 540 706 Rey.
557 665 671 698 Ludw.
683 675 718 707 p.
733 666 798 697 306
820 664 936 698 desie
956 674 1007 697 nr.
1022 665 1096 696 219.

291 742 464 786 Magnifico
487 743 556 776 viro
579 742 729 785 Lupoldo
754 742 827 774 duci
849 742 981 775 Austrie
1004 745 1037 774 et
1059 741 1197 784 styrie·.

291 793 469 827 Venientes
503 804 606 836 nuper
639 794 680 827 ad
714 798 856 826 nostram
889 794 1086 836 presentiam
1118 792 1227 827 dilecti
1260 791 1317 824 filii
1352 791 1478 824 nobiles
1511 793 1570 824 viri
1597 791 1758 824 Rudolfus
1780 791 1843 825 deb

184 845 343 887 Arburch,
366 845 573 877 Hermannus
597 845 636 878 de
659 845 801 878 Baldelk
823 855 862 878 ac
884 845 1030 888 magistri
1052 844 1215 877 Iohannes
1237 843 1474 876 Pfefferchardi
1497 843 1612 876 doctor
1638 843 1842 876 decretorum

185 899 219 930 et
240 896 434 930 Fredericus
462 897 502 929 de
525 896 742 930 Ravenburch
769 897 876 930 nuncii
905 900 938 930 et
966 896 1216 929 ambassiatores
1245 896 1290 927 tui
1318 894 1494 927 nobilitatis
1526 899 1580 927 tue
1608 895 1649 927 de
1677 895 1843 928 credentia

142 954 168 975 1⁰
183 948 308 982 litteras
331 949 456 981 sincere
479 948 660 981 devotionis
687 948 854 989 affectum,
881 959 979 991 quem
1008 951 1043 980 tu
1072 950 1106 980 et
1128 946 1238 979 dilecti
1265 946 1322 979 filii
1350 946 1476 979 nobiles
1503 941 1689 979 viri'duees
1711 947 1842 979 Anstrie

184 1001 300 1033 fratres
322 1002 368 1032 tui
391 999 433 1032 ad
456 1011 515 1033 nos
531 1004 565 1032 et
579 1000 760 1033 Romanam
777 999 947 1032 ecclesiam
963 999 1075 1042 geritis
1091 1002 1125 1031 et
1147 1009 1261 1041 gerere
1284 1001 1532 1041 perseveranter
1546 997 1721 1039 intenditis,
1745 998 1843 1031 etiam

184 1052 269 1084 inter
291 1054 399 1084 cetera
426 1055 632 1084 recensentes
654 1055 763 1084 nostro
791 1051 987 1094 apostolatui
1016 1054 1251 1094 presentarunt.
1296 1049 1365 1082 Nos
1391 1053 1502 1082 autem
1530 1050 1663 1082 nuncios
1691 1050 1778 1092 ipsos
1807 1054 1842 1082 et

184 1103 324 1144 litteras,
348 1114 484 1145 quorum
507 1104 616 1136 missio
639 1106 733 1146 grata
756 1102 849 1136 nobis
871 1103 979 1136 extitit
1002 1101 1174 1145 plurimum
1199 1104 1233 1134 et
1254 1106 1407 1144 accepta,
1436 1101 1531 1134 solita
1553 1101 1754 1143 benignitate
1777 1104 1844 1133 tam

186 1154 442 1188 consideratione
469 1155 626 1187 mittentis
653 1165 749 1198 quam
777 1155 947 1187 missorum
977 1153 1146 1196 probitatis
1173 1153 1307 1186 obtentu
1337 1153 1518 1195 recepimus
1546 1156 1579 1185 et
1605 1163 1669 1195 que
1693 1153 1754 1195 ipsi
1777 1156 1844 1184 tam

144 1220 168 1240 ιε
187 1206 287 1239 verbo
312 1217 409 1249 quam
432 1207 558 1249 scriptis
580 1207 612 1238 in
635 1209 744 1239 nostra
767 1209 802 1239 et
823 1205 1026 1249 quorundam
1048 1206 1183 1238 fratrum
1207 1208 1387 1237 nostrorum
1410 1207 1520 1237 sancte
1536 1203 1683 1236 Romane
1707 1204 1844 1237 ecclesie

186 1258 394 1290 cardinalium
419 1259 582 1300 presentia
605 1267 786 1301 proponere
802 1268 861 1300 pro
882 1261 975 1300 parte
991 1261 1047 1289 tua
1070 1256 1246 1299 prudenter
1261 1259 1295 1288 et
1309 1256 1462 1298 providee
1478 1259 1680 1296 curaverunt,
1705 1255 1844 1298 benigne

187 1309 367 1342 audivimus
389 1313 423 1342 et
445 1309 664 1342 intelleximus
687 1308 861 1351 diligenter
884 1311 918 1341 et
940 1308 1071 1341 tandem
1094 1311 1220 1340 matura
1244 1307 1479 1340 deliberatione
1503 1307 1614 1340 habita
1629 1317 1702 1339 cum
1719 1306 1843 1339 eisdem

186 1361 338 1394 fratribus
360 1371 457 1404 super
479 1362 527 1394 eis
542 1362 674 1403 visoque
699 1359 829 1393 tenore‘¹
846 1359 1058 1403 procurato’rii
1080 1370 1139 1402 per
1154 1358 1287 1392 eosdem
1310 1359 1443 1391 nuncios
1458 1358 1594 1391 exhibiti
1609 1369 1719 1391 coram
1742 1358 1844 1397 nobis,

187 1413 263 1455 quia
284 1412 363 1445 illud
386 1423 450 1445 non
473 1415 543 1445 erat
567 1412 610 1444 ad
633 1413 798 1455 proposita
821 1422 880 1454 per
901 1412 989 1453 ipsos
1011 1411 1209 1454 perficienda
1231 1410 1404 1451 sufficiens,
1428 1413 1495 1443 tam
1518 1414 1653 1454 propter
1668 1410 1729 1443 hec
1745 1421 1843 1453 quam

142 1474 168 1494 πο
186 1464 260 1505 alia,
284 1474 347 1507 que
369 1464 447 1497 dicti
468 1465 575 1496 nuncii
599 1463 656 1496 tibi
671 1463 792 1497 referre
816 1466 968 1506 poterunt
990 1463 1121 1495 oraculo
1138 1463 1210 1495 vive
1226 1462 1324 1503 vocis,
1347 1463 1452 1494 visum
1473 1462 1534 1494 fuit
1555 1462 1649 1495 nobis
1670 1465 1705 1495 et
1721 1462 1844 1494 eisdem

186 1515 349 1555 fratribus,
373 1515 459 1558 quod
482 1515 614 1558 procedi
637 1515 876 1558 presentialiter
898 1514 1067 1548 commode
1091 1525 1154 1547 non
1176 1518 1306 1557 poterat
1327 1524 1425 1556 super
1447 1515 1503 1547 eis.
1550 1514 1658 1552 Quare
1681 1514 1844 1557 predictos

187 1567 320 1599 nuncios
343 1567 385 1599 ad
408 1570 441 1600 te
465 1567 614 1600 duximus
638 1578 710 1600 cum
734 1570 842 1599 nostre
866 1566 1101 1599 benedictionis
1123 1566 1228 1609 gratia
1251 1565 1473 1598 remittendos.

294 1618 416 1651 Datum
439 1618 639 1661 Avinion(e)‚
662 1618 720 1651 VI.
738 1618 788 1652 Id.
811 1617 935 1662 Iu[n]ii,-
955 1628 1039 1650 anno
1063 1621 1187 1650 octavo.

295 1678 337 1711 In
361 1678 527 1711 eundem
551 1679 708 1711 modum
731 1678 786 1711 dil.
810 1678 853 1711 fil.
876 1678 1049 1721 magnifico
1072 1678 1140 1710 viro
1163 1677 1302 1710 Alberto
1326 1678 1400 1710 duci
1423 1678 1554 1710 Austrie
1577 1682 1610 1710 et
1633 1677 1768 1720 Styrie‘.

142 1742 168 1763 υ
294 1730 415 1762 Datum
439 1733 475 1762 ut
497 1740 604 1772 supra.

506 1861 592 1897 922.
636 1861 791 1897 Litterae
818 1861 865 1896 ad
888 1860 1105 1906 Liupoldum
1132 1860 1273 1897 alterae.
1380 1860 1462 1896 Iun.
1483 1862 1519 1896 8.

297 1935 397 1976 Copia
420 1938 474 1976 (c.)
498 1935 611 1968 ibidem
629 1934 689 1977 fol.
706 1936 758 1967 70¹
781 1945 831 1967 nr.
847 1936 921 1967 880.
975 1934 1176 1967 Οοηεαῑίηπιε
1200 1945 1267 1967 nos.
1298 1953 1337 1958 -—
1366 1934 1429 1967 Ed.
1446 1933 1466 1966 l.
1483 1945 1508 1968 c.
1524 1934 1554 1974 1,
1571 1934 1613 1966 79
1635 1945 1685 1967 nr.
1702 1935 1744 1966 56
1763 1945 1803 1967 ex
1817 1945 1843 1967 c.

293 1996 438 2035 Biihmer‚
462 1995 538 2036 Rey.
554 1995 667 2028 Imdw.
678 2006 714 2036 p.
729 1995 794 2027 216
816 1994 932 2027 deste
945 2005 996 2027 nr.
1013 1995 1066 2027 29.

293 2073 390 2106 Dicto
412 2073 552 2116 Lip91d0
576 2072 649 2105 duci
672 2072 812 2105 Austrie.

144 2138 170 2159 so
294 2125 344 2168 (¹)
367 2126 564 2158 Litterarum
587 2128 713 2156 tuarum
737 2124 844 2156 suavis
867 2127 900 2156 et
922 2127 1069 2166 accepta,
1092 2123 1147 2165 fili,
1171 2123 1343 2166 descriptio
1367 2123 1460 2155 nobis
1482 2123 1655 2156 novissime
1678 2123 1845 2165 nuntiavit,

188 2181 342 2220 quantum
364 2180 438 2209 tuus
461 2177 599 2218 emulus,
628 2177 682 2218 qui
709 2177 740 2208 in
767 2176 842 2208 altis
870 2175 980 2207 nidum
1003 2186 1095 2207 suum
1119 2179 1270 2218 posuerat
1279 2176 1302 2217 ¹,
1332 2186 1367 2208 se
1390 2175 1609 2207 humiliaverit
1635 2175 1697 2207 hiis
1719 2174 1845 2215 diebus,

189 2231 308 2271 quanta
329 2228 387 2261 tibi
410 2238 445 2260 se
469 2227 627 2260 facturum
651 2228 844 2270 promiserit,
867 2228 894 2259 si
917 2228 966 2259 sui
989 2227 1106 2259 erroris
1127 2227 1235 2259 fautor
1251 2227 1408 2261 existeres
1423 2230 1457 2259 et
1473 2226 1645 2259 deffensor.
1689 2226 1845 2259 Profecto

188 2278 234 2311 fili
255 2283 402 2312 tenemus
425 2278 566 2320 indubie,
590 2279 676 2322 quod
699 2280 744 2311 sic
767 2289 803 2310 se
826 2278 998 2311 humilians
1019 2278 1147 2310 illorum
1171 2279 1212 2310 sit
1233 2278 1461 2321 aggregandus
1485 2289 1634 2319 numero,
1664 2277 1705 2310 de
1729 2277 1845 2321 quibus

189 2330 337 2373 sapiens·
353 2334 586 2365 commemorat
607 2330 731 2364 dicens:
754 2329 823 2363 ‘Est
846 2331 901 2373 qui
924 2331 1074 2373 nequiter
1096 2341 1131 2362 se
1154 2331 1304 2363 humiliat
1326 2334 1360 2363 et
1383 2330 1537 2362 interiora
1560 2330 1629 2362 eius
1652 2329 1749 2372 plena
1772 2333 1847 2362 sunt

145 2389 170 2410 *ὃ
189 2381 285 2423 dolo',
307 2381 458 2425 quodque
481 2382 522 2415 ad
545 2382 798 2425 promittendum
821 2382 876 2414 illa
899 2382 1103 2415 descenderit
1125 2381 1245 2414 dictum
1269 2382 1387 2424 poete³
1402 2381 1610 2414 considerans
1632 2382 1678 2414 sic
1694 2381 1845 2418 dicentis;

187 2433 356 2466 ‘Pollicitis
378 2433 469 2466 dives
498 2434 634 2476 quilibet
663 2445 734 2467 esse
763 2434 891 2476 potest'.
940 2433 1006 2466 Sed
1022 2444 1076 2477 >an
1104 2433 1175 2475 illa,
1206 2434 1231 2465 si
1261 2444 1296 2466 se
1326 2433 1452 2466 videret
1480 2436 1650 2476 potentem
1682 2433 1843 2469 resistere,

189 2484 397 2527 adimpleret,
425 2487 460 2517 tu
482 2486 537 2527 qui
558 2495 666 2518 mores
688 2486 758 2518 eius
781 2486 863 2518 nosti
886 2485 1026 2528 plenius,
1054 2489 1147 2528 potes
1173 2486 1291 2517 certius
1317 2485 1470 2518 iudicare.
1516 2484 1662 2527 Ideoque
1691 2484 1735 2516 fili
1764 2495 1844 2527 que-

189 2546 298 2569 sumus
319 2535 480 2578 loquentis
501 2540 631 2578 statum,
654 2537 870 2570 conditionem
894 2540 928 2570 et
952 2541 1078 2580 tempus
1093 2536 1262 2569 considera
1284 2540 1318 2570 et
1340 2547 1361 2569 a
1383 2540 1440 2569 tua
1462 2537 1621 2569 memoria
1636 2536 1758 2568 dictum
1782 2547 1845 2568 non

189 2586 347 2631 ex[c]idat
377 2587 564 2630 sapientis‘:
598 2587 683 2621 ‘Non
710 2588 836 2622 credas’
861 2589 964 2631 inquit
986 2587 1127 2621 ‘inimico
1160 2591 1216 2621 tuo
1250 2588 1283 2620 in
1316 2591 1463 2621 eternum
1495 2591 1529 2620 et
1555 2588 1582 2620 si
1609 2586 1846 2630 humili[at]us·

148 2685 174 2705 ⁴0
294 2671 361 2700 ⁹21.
388 2672 414 2706 ⁸)
431 2674 529 2707 §styrie
551 2682 573 2700 ο.
666 2674 691 2706 ⁸³)
705 2679 766 2708 poet
787 2675 889 2701 addin
913 2675 982 2701 linea
1006 2684 1027 2700 c.
1121 2675 1144 2707 e)
1168 2680 1194 2702 et
1216 2675 1322 2709 provide
1346 2675 1373 2700 in
1392 2675 1447 2701 loco
1470 2683 1532 2700 mo
1549 2683 1571 2700 c.
1665 2673 1691 2706 ἆ)
1709 2675 1800 2700 tenorii
1824 2684 1846 2700 c.

190 2717 213 2750 θ)
231 2716 355 2751 Εἰκγξτίηὲ
372 2724 392 2742 c.

292 2776 359 2805 922.
378 2777 402 2809 ¹)
420 2778 544 2804 humilius
562 2786 584 2804 e.

298 2846 324 2876 1)
346 2845 386 2878 (γ’.
400 2845 450 2872 Iob
467 2848 510 2879 39,
522 2849 562 2873 27.
644 2846 672 2880 2)
691 2845 777 2874 Ecclu'.
792 2849 830 2880 1⁹,
841 2849 880 2873 23.
962 2845 989 2879 3)
1010 2845 1083 2873 ovid.
1097 2847 1147 2872 are.
1161 2853 1214 2873 anu.
1233 2849 1256 2877 1,
1271 2849 1329 2872 444.
1416 2845 1445 2879 4)
1462 2844 1548 2872 Εαιιᾱ.
1568 2848 1605 2875 12,
1624 2848 1663 2871 10.
1677 2849 1714 2871 11.

293 2905 331 2924 ιι.
349 2905 560 2925 nonsummum
578 2905 601 2925 v.
1605 2896 1639 2922 96
