2184 3126
385 159 483 187 ACTA
501 158 614 187 REGNI
634 156 818 188 LUDEWI'CI
837 159 884 187 IV.
903 159 950 186 ΕΤ
969 158 1153 187 FRIDERICI
1172 158 1221 186 111.
1259 159 1334 187 1321.
1371 159 1419 186 ΝΥ.
1432 158 1491 187 626.
1510 159 1569 187 627.
1588 159 1647 187 628.
1775 165 1836 194 497

184 245 303 287 petitis.
342 244 376 277 Si
400 246 494 278 aliter
516 250 626 279 autem
649 257 720 278 esse
744 247 940 287 sciverimus,
962 256 1021 278 nos
1042 251 1078 278 ut
1101 245 1278 288 expediens
1301 249 1334 279 et
1357 256 1452 288 posse
1476 246 1631 288 prodesse
1655 247 1839 289 viderimus,

185 306 317 339 precum
340 300 518 330 vestrarum
542 299 731 330 instanciam
755 308 964 341 exequemur.

292 347 368 381 Dat.
393 347 558 390 Gerunde,
582 349 642 382 111.
666 349 832 382 Kalendas
854 350 1004 392 Augusti,
1028 359 1111 382 anno
1134 349 1266 382 Domini
1287 349 1472 382 MCCCXX
1494 350 1609 392 primo.

410 527 484 564 627.
520 527 779 573 QUITATIO
804 527 1050 566 CONRADI
1077 528 1148 565 DE
1173 528 1621 567 TRUHENDINGEN

153 589 166 609 ὓ
649 584 754 623 PRO
778 584 1036 623 CIVITATE
1063 583 1371 622 LUBICENSI.

858 653 966 690 1321.
1006 652 1090 690 Mai.
1111 653 1171 689 27.

295 699 345 738 Of.
367 709 468 740 supra
489 710 539 732 nr.
557 700 630 732 611.

294 758 456 800 Oriqinale
479 759 553 802 (or.)
575 760 611 792 in
633 759 791 792 tabulario
813 760 993 793 Dubio-ensi.
1042 760 1242 793 Contulimus
1262 772 1328 794 nos.
1375 763 1518 796 Pendent
1539 765 1720 805 traymenta
1741 765 1840 807 si9illi

183 809 248 843 loro
270 810 511 843 membranaceo.
537 829 576 834 —
600 810 664 843 Ed.
679 811 796 844 ‘Codex
818 811 944 852 diptom.
961 812 1163 844 Lubecensis’
1187 813 1237 851 II,
1260 815 1325 846 367
1347 825 1397 846 nr.
1413 815 1479 846 416
1501 826 1540 847 ea·
1562 827 1607 848 or.

140 885 166 906 ιο
294 869 345 919 Of.
368 871 459 912 infra
480 882 530 903 nr.
548 871 621 903 658.

291 943 448 977 Omnibus
464 955 597 987 presens
620 945 772 987 scriptum
791 945 994 979 cernentibus
1075 945 1242 979 conradus
1257 957 1366 979 comes
1382 947 1423 980 de
1440 947 1715 992 Trfihendinghen
1786 963 1837 985 sa-

182 996 283 1028 lutem
305 996 338 1028 in
360 995 501 1028 Domino
525 997 764 1038 sempiternam.

289 1047 564 1090 Recognoscimus
595 1048 724 1090 puplice
755 1051 985 1091 protestantes,
1023 1049 1108 1092 quod
1141 1049 1182 1082 de
1215 1050 1301 1082 iussu
1336 1054 1369 1083 et
1397 1051 1550 1084 mandato
1580 1052 1702 1086 domini
1738 1057 1837 1088 nostri

181 1099 342 1132 karissimi
375 1099 496 1131 domini
530 1099 696 1132 Ludowici
727 1099 948 1133 Romanorum
982 1102 1068 1143 regis
1101 1101 1322 1144 gloriosissimi
1355 1102 1562 1137 honorabiles
1595 1105 1655 1137 viri
1689 1108 1837 1141 consules

139 1160 162 1180 ιε
181 1151 319 1183 civitatis
341 1150 540 1183 Lubecensis
563 1152 595 1183 in
617 1151 816 1184 solucionem
843 1153 1017 1195 aliqualem
1048 1153 1230 1185 debitorum
1253 1157 1450 1195 nostrorum,
1478 1155 1595 1198 quibus
1617 1156 1710 1189 nobis
1733 1158 1837 1192 dictus

182 1202 329 1234 dominus
350 1202 539 1234 karissimus
563 1203 733 1245 obligatur,
757 1206 791 1235 et
805 1204 904 1235 etiam
919 1203 961 1236 ad
977 1203 1240 1247 redempcionem
1256 1206 1456 1247 captivorum
1472 1207 1660 1240 nunciorum
1678 1208 1837 1243 dictorum

182 1255 348 1286 consulum
371 1254 492 1286 dudum
516 1255 547 1286 in
570 1255 686 1286 nostris
709 1255 844 1287 vinculis
867 1255 1071 1288 detentorum
1095 1256 1136 1288 de
1159 1256 1368 1299 pensionibus
1390 1257 1560 1291 annalibus
1583 1260 1720 1302 imperio
1743 1260 1836 1293 debi-

182 1307 222 1338 tis
244 1306 336 1338 nobis
360 1306 514 1338 ducentas
530 1316 656 1338 marcas
671 1307 743 1349 puri
758 1308 883 1350 argenti
900 1307 1059 1340 dederunt
1082 1310 1116 1340 et
1138 1307 1302 1340 solverunt
1325 1309 1358 1341 in
1377 1311 1514 1351 pecunia
1542 1314 1721 1343 numerata.
1767 1312 1836 1345 Nos

180 1359 279 1400 igitur
301 1357 404 1390 dictos
427 1358 574 1390 consules
589 1362 802 1391 memoratam
822 1359 992 1401 pecuniam
1016 1360 1220 1402 presentibus
1242 1361 1359 1392 nostris
1382 1361 1497 1393 litteris
1512 1363 1682 1404 pagavisse
1699 1363 1837 1396 dicimus

137 1417 163 1438 »ο
180 1409 421 1442 racionabiliter
450 1413 484 1442 et
510 1410 643 1442 solvisse
671 1413 704 1442 et
731 1421 790 1442 nos
817 1421 889 1443 esse
917 1414 1094 1443 contentos.
1155 1411 1196 1443 Et
1225 1422 1265 1444 ne
1295 1422 1392 1454 super
1425 1413 1487 1445 hoc
1515 1413 1669 1456 deinceps
1703 1415 1835 1447 dubium

182 1462 312 1503 oriatur,
335 1464 503 1503 presentes
525 1461 650 1494 litteras
672 1462 778 1504 sigillo
801 1465 910 1494 nostro
933 1462 1087 1505 pendenti
1110 1463 1259 1495 iussimus
1283 1467 1317 1496 et
1338 1463 1473 1496 fecimus
1496 1465 1651 1498 roborari.

287 1512 409 1545 Datum
432 1522 515 1544 anno
532 1512 662 1545 Domini
678 1512 797 1546 Mcoo
819 1514 973 1547 vicesimo
997 1515 1111 1556 primo,
1135 1515 1167 1546 in
1183 1515 1294 1557 vigilis
1314 1517 1549 1548 asscencionis·
1570 1516 1701 1550 Domini
1724 1520 1833 1551 nostri.

283 1692 358 1729 628.
391 1670 674 1730 PROMISSIO
696 1692 887 1730 MATTH
894 1692 983 1729 IAE
1007 1692 1146 1730 PRAE
1154 1693 1250 1730 POS
1256 1694 1331 1731 ITI
1354 1693 1491 1732 LUCE
1499 1695 1534 1732 R
1541 1696 1558 1732 1
1566 1697 1596 1733 Ε
1604 1697 1636 1733 N
1645 1696 1672 1733 S
1680 1697 1697 1733 1
1704 1697 1731 1733 S

797 1748 902 1786 PRO
925 1748 1083 1786 FRIDE
1090 1747 1230 1787 RICO.

135 1836 162 1858 2⁵
857 1816 966 1853 1321.
1003 1817 1083 1853 Iun.
1109 1818 1166 1854 10.

289 1890 450 1939 Originale
473 1899 546 1942 (or.)
569 1899 605 1931 in
627 1898 787 1930 tabulario
802 1905 947 1931 caesareo
967 1898 1207 1936 Vindobonensi.
1253 1899 1453 1934 contulimus
1474 1902 1519 1933 ad
1540 1902 1710 1944 imaginem
1723 1903 1835 1944 photo—

174 1950 370 1991 9raphicam.
406 1950 550 1982 Pendent
564 1949 671 1991 siyilla
687 1949 763 1982 loris
777 1950 1031 1983 membranaceis.
1050 1970 1090 1975 —
1106 1951 1167 1983 Ed.
1182 1952 1276 1992 Kopp
1289 1953 1484 1986 ‘Geschichte
1499 1953 1555 1986 der
1569 1954 1835 1995 eidqeniissischen

176 2001 304 2035 Brinde’
326 2001 390 2040 IV,
405 2002 428 2032 2
441 2012 478 2042 p.
496 2002 559 2033 484
581 2012 631 2034 nr.
648 2002 692 2033 52
712 2013 751 2034 ex
775 2013 820 2034 or.

284 2057 432 2098 Bolumer,
455 2057 530 2099 Rey.
548 2058 660 2091 Ludw.
680 2068 714 2098 p.
732 2058 795 2089 309
818 2058 1049 2091 Reichssachen
1071 2070 1120 2092 nr.
1138 2059 1201 2090 345
1225 2059 1350 2100 (Addit.
1367 2059 1412 2101 1).

133 2123 159 2144 ιο
287 2113 336 2154 C'f.
359 2113 452 2153 infra
472 2124 522 2146 nr.
540 2114 613 2146 643.

283 2187 341 2219 leh
363 2186 504 2219 Mathiss
526 2197 588 2219 von
610 2186 788 2229 Bfichegge
810 2186 922 2228 probst
953 2197 988 2219 ze
1012 2187 1158 2219 Lucerne
1189 2187 1255 2219 und
1278 2192 1386 2220 custer
1414 2198 1451 2220 ze
1473 2187 1628 2221 Morbach
1656 2189 1712 2222 tfin
1735 2191 1834 2223 chunt

175 2237 240 2270 und
262 2238 396 2280 vergihe
420 2238 570 2270 offenlich
593 2239 652 2270 mit
674 2237 765 2270 disen
789 2237 899 2269 brieve
921 2237 986 2269 und
1011 2237 1143 2269 verbind
1166 2238 1252 2270 mich
1275 2239 1334 2271 mit
1355 2240 1475 2272 minem
1498 2240 1587 2282 aide,
1617 2241 1658 2273 ob
1681 2243 1743 2274 mir
1765 2242 1832 2274 Got

177 2289 235 2322 daz
250 2289 349 2332 glfike
365 2290 422 2331 git,
446 2289 505 2322 daz
527 2290 590 2321 mir
611 2289 670 2321 daz
686 2289 804 2321 bistum
827 2299 864 2321 ze
880 2289 1031 2331 Megentz
1046 2290 1118 2321 wirt
1133 2289 1249 2331 geben,
1272 2290 1333 2322 daz
1354 2291 1407 2323 ich
1430 2291 1534 2324 denne
1557 2293 1699 2326 minem·
1714 2293 1832 2326 herren

176 2340 251 2374 dem
274 2341 505 2383 hohgebornen
531 2341 654 2373 fursten
678 2341 797 2382 chssnig
819 2340 985 2373 Friderich
1008 2351 1070 2372 von
1092 2341 1176 2373 Rom
1204 2341 1252 2373 sol
1275 2342 1448 2384 gebnnden
1477 2344 1526 2376 sin
1552 2355 1589 2376 ze
1612 2344 1743 2377 helfend
1773 2347 1832 2378 mit

132 2399 156 2420 ⁸⁸
176 2392 251 2425 dem
273 2393 387 2425 selben
408 2392 526 2425 bistum
549 2392 614 2424 und
637 2393 774 2424 iemmer
796 2391 828 2423 bi
850 2392 893 2423 im
917 2394 1030 2434 gesten
1053 2391 1118 2423 und
1141 2391 1270 2424 beliben
1293 2394 1352 2425 mit
1374 2393 1464 2435 hilse,
1487 2395 1546 2426 mit
1568 2395 1658 2427 rateb
1680 2396 1745 2428 und
1772 2398 1832 2429 mit

174 2447 310 2486 gantzen
332 2447 436 2476 steten
459 2444 571 2476 triwen
590 2443 692 2476 wider
714 2443 966 2485 allermenglich.
1005 2443 1096 2475 Weri
1126 2443 1205 2476 aber
1234 2443 1293 2476 daz
1315 2445 1382 2476 min
1403 2445 1498 2478 berre
1521 2445 1640 2488 chunig
1662 2447 1830 2480 Friderich

172 2496 220 2528 nit
243 2496 362 2528 enweri
383 2495 448 2527 und
471 2495 512 2528 ab
535 2495 655 2538 giengi,
679 2495 738 2527 dez
754 2494 820 2527 Got
842 2496 889 2526 nit
903 2495 998 2531 welli.
1023 2496 1040 2526 ὀ
1065 2495 1124 2526 daz
1146 2495 1205 2527 der
1224 2496 1318 2538 krieg
1339 2506 1380 2528 an
1405 2497 1468 2529 end
1490 2497 1568 2538 heti,
1591 2498 1651 2531 der
1672 2500 1830 2532 zwischen

173 2547 218 2579 im
240 2546 306 2579 und
324 2546 459 2590 hertzog
473 2547 631 2589 Ludewig
646 2557 707 2579 von
724 2547 852 2589 Bayern
874 2546 951 2578 umb
974 2545 1033 2578 daz
1048 2545 1210 2578 Romeche
1230 2547 1298 2580 rieh
1321 2548 1363 2579 ist
1384 2548 1423 2580 uf
1442 2549 1625 2590 erstanden,
1648 2561 1684 2581 so
1707 2550 1755 2581 sol
1778 2551 1830 2582 ich

174 2598 237 2630 den
261 2597 357 2630 edeln
379 2598 500 2631 fflrsten
523 2598 603 2630 hern
624 2598 767 2640 Liupolt‚
791 2598 870 2630 hern
893 2598 1041 2638 Albreht,
1065 2598 1146 2630 hem
1167 2598 1323 2632 Heinrich
1345 2600 1412 2632 und
1434 2600 1514 2633 hern
1530 2601 1630 2634 Otten
1654 2601 1829 2644 hertzogen

131 2661 157 2681 «o
175 2659 212 2681 ze
235 2638 402 2681 Osterrich
422 2649 489 2682 und
511 2660 548 2682 ze
571 2649 646 2692 Styr-
667 2651 758 2682 sinen
781 2649 921 2682 brudern
945 2650 982 2682 uf
1002 2649 1065 2682 den
1089 2650 1200 2682 selben
1223 2651 1269 2683 ait
1291 2651 1463 2694 gebunden
1485 2653 1533 2684 sin
1556 2665 1592 2686 ze
1616 2653 1747 2686 helfend
1771 2655 1830 2686 mit

278 2721 344 2749 627.
371 2722 396 2754 ⁸)
414 2723 450 2748 eis
467 2731 506 2749 or.

277 2772 344 2800 828.
371 2773 395 2806 ·)
411 2774 543 2807 praecedit
559 2783 656 2800 ranam
670 2783 758 2807 parea
776 2784 814 2800 or.
903 2774 928 2806 ιι)
947 2783 959 2800 r
978 2775 1004 2800 in
1023 2776 1077 2800 Ioco
1096 2784 1158 2801 raso
1175 2784 1214 2801 or.

278 2832 317 2852 u..
336 2832 560 2852 cessuro-nonas
572 2832 598 2851 v.
1587 2829 1621 2855 63
