2124 3132
183 2510 215 2526 sc.
227 2506 259 2526 20.

287 205 324 234 10
697 197 914 225 TRACTATUS
933 198 979 225 DE
997 198 1211 226 ELECTIONE.
1252 199 1326 226 1313.
1363 198 1412 225 Nr.
1426 198 1466 225 12.
1486 198 1527 225 13.

279 297 460 328 dimitteret
490 298 522 326 et
553 299 639 326 esset
665 306 739 337 spes
770 306 869 336 quasy
897 295 1038 326 omnium
1066 293 1225 332 fidelium,
1255 292 1340 334 quod
1369 292 1471 323 Terra
1501 291 1620 323 Sancta
1647 292 1869 334 acquireretur
1898 293 1939 325 de

280 348 376 379 facili.
431 347 473 378 Et
510 348 594 378 circa
632 347 867 387 promotionem
906 346 991 387 regis
1029 345 1095 375 sive
1129 344 1334 385 imperatoris
1365 343 1500 375 multum
1540 343 1641 374 habet
1674 343 1821 375 dominus
1854 355 1940 386 papa

279 398 501 439 considerare,
530 398 605 439 quia
633 398 664 428 in
687 397 875 428 Alamannis
898 397 952 427 vix
975 395 1115 427 fidelitas
1137 395 1305 436 reperitur.
1351 394 1395 425 Et
1417 398 1467 426 est
1490 394 1773 433 considerandum,
1802 395 1940 437 qualiter

278 450 410 482 ultimus
440 450 629 490 imperator,
661 448 701 479 de
731 448 821 479 cuius
848 447 992 478 bonitate
1020 446 1113 477 multi
1139 445 1384 487 presumebant,
1412 446 1522 487 inique
1551 448 1662 477 contra
1685 471 1717 478 ..
1742 446 1940 478 feudatarius

282 501 417 533 ecclesie
445 500 659 541 procedebat,
690 499 828 540 qualiter
856 498 928 539 per¹
950 497 1054 529 malos
1076 507 1247 538 processus
1270 507 1345 528 suos
1368 496 1590 537 dubitabatur,
1618 497 1706 539 quod
1729 498 1940 540 impediretur
1969 510 1982 528 a

280 554 424 585 totaliter
454 552 622 592 negocium
652 549 752 580 Terre
781 549 908 580 Sancte.
956 548 1050 580 Circa
1080 548 1140 579 hec
1170 547 1353 579 consideret
1383 548 1531 579 dominus
1559 559 1659 590 papa,
1689 550 1765 591 quia
1791 560 1850 581 rex
1876 560 1940 580 non

278 604 383 635 solum
414 602 455 634 ad
487 602 547 632 hoc
582 601 742 631 inducitur
772 600 876 630 carnis
907 600 959 631 vel
992 599 1156 640 sanguinis
1190 599 1374 640 occasione,
1406 602 1456 630 set
1482 600 1536 641 pio
1566 600 1635 632 zelo
1667 604 1699 632 et
1730 604 1862 643 propter
1893 602 1939 632 rei

280 654 408 696 publice
432 653 614 691 utilitatem,
639 652 714 693 quia
737 651 820 682 adeo
843 651 944 682 filium
967 661 1030 682 uon
1054 650 1169 692 diligit,
1194 651 1269 692 quin
1292 651 1364 692 plus
1388 650 1502 693 diligat
1524 652 1664 683 animam
1689 652 1814 684 suam*

376 718 393 736 '¹‘
410 718 445 748 in
463 717 550 748 dorsi
558 719 654 755 parte
670 716 817 753 inferiori
833 715 922 755 siyno
930 715 1035 754 posito
1051 715 1158 746 eadem
1173 725 1272 746 manu
1287 715 1436 746 additur.-
1451 715 1597 748 Primum
1613 727 1689 748 vero
1707 727 1765 748 rex
1780 716 1940 749 habuerat

323 769 447 810 aliquas
471 767 721 798 deliberationes
743 767 776 797 in
799 767 931 798 consilio
955 777 1012 797 suo
1036 776 1134 808 super
1157 766 1315 798 electione
1331 767 1535 808 imperatoris
1553 770 1586 799 et
1602 768 1702 809 aliqui
1717 767 1938 810 consulebant,
1959 779 1984 798 ιο

322 819 408 861 quod
437 829 494 850 rex
523 822 654 859 rogaret
677 829 735 859 pro
760 818 889 850 domino
914 818 1052 859 Karolo,
1082 818 1136 849 alii
1159 829 1218 859 pro
1242 818 1371 849 domino
1395 818 1592 860 Ludovicok,
1622 820 1676 861 qui
1699 819 1817 851 multos
1839 819 1940 852 habet

321 873 474 912 parentes
501 870 533 900 in
556 869 764 910 Alamannia,
796 870 851 901 alii
878 881 936 911 pro
966 870 1095 901 domino
1123 869 1306 911 Phfflippo)
1334 870 1399 902 filio
1429 871 1530 912 regis,
1561 872 1615 913 qui
1642 871 1751 912 plures
1778 871 1880 903 habet
1907 875 1940 903 et

322 923 461 953 maiores
484 921 528 952 ibi
553 921 594 952 de
618 921 787 963 parentela
811 932 869 953 sua
893 925 926 953 et
951 922 1060 953 uxoris
1084 932 1151 963 sue,
1176 922 1221 952 sic
1245 922 1331 963 quod
1353 922 1450 953 nichil
1474 922 1534 954 fuit
1556 923 1586 954 in
1608 923 1740 955 consilio
1758 922 1938 955 diffinitum.

324 973 382 1004 Set
408 972 613 1014 postmodum
642 972 791 1004 dominus
814 983 873 1004 rex
897 973 983 1004 solus
1007 976 1040 1004 ct
1063 977 1187 1005 secrete
1212 973 1294 1005 dixit
1316 974 1412 1006 michi
1436 974 1582 1015 predicta
1606 978 1639 1005 et
1662 974 1750 1016 quod
1773 985 1870 1016 super
1893 975 1940 1006 eis

321 1024 472 1065 loquerer
495 1024 623 1055 domino
644 1027 752 1055 nostro
775 1035 871 1066 pape,
895 1025 1064 1067 presertim
1086 1026 1161 1067 quia
1181 1025 1416 1068 archiepiscopi
1433 1025 1634 1058 Coloniensis
1653 1029 1686 1058 et
1706 1026 1939 1068 Maguutin(us)
1960 1036 1984 1055 ιι

322 1077 518 1117 scripserunt
531 1075 661 1107 domino
674 1076 753 1117 regi,
767 1076 854 1118 quod
867 1077 1002 1108 multum
1016 1077 1214 1108 affectabant
1226 1077 1286 1109 sibi
1304 1078 1335 1109 in
1349 1078 1511 1110 eleccione
1524 1077 1708 1110 huiusmodi
1721 1078 1941 1121 conplacere.²

388 1173 420 1179 ..
445 1148 517 1180 Hec
548 1148 692 1189 significo
721 1149 828 1189 vobis,
861 1153 954 1191 pater
983 1150 1197 1190 sanctissime,
1231 1160 1273 1182 ex
1302 1154 1394 1192 parte
1424 1150 1561 1192 predicti
1591 1152 1676 1193 regis
1706 1162 1767 1193 ego
1794 1151 1939 1192 P(etrus)

278 1201 466 1241 Barrer(ie).
503 1199 546 1231 Et
569 1200 677 1231 omnia
701 1202 928 1243 suprascripta,
953 1212 1015 1243 que
1038 1204 1176 1243 tangunt
1199 1201 1319 1233 factum
1342 1203 1479 1243 imperii,
1502 1202 1599 1234 michi
1615 1202 1697 1234 dixit
1712 1206 1837 1235 secrete
1853 1203 1940 1235 solus

279 1253 348 1293 ipse
373 1251 521 1282 dominus
544 1262 617 1292 rex,
646 1252 711 1283 alia
734 1253 900 1294 tangentia
923 1253 1152 1284 subventiones
1174 1264 1232 1294 pro
1256 1252 1358 1284 Terra
1381 1252 1499 1285 Sancta
1521 1253 1618 1285 michi
1642 1253 1792 1286 dixerunt
1814 1257 1941 1286 secrete

280 1306 345 1334 tam
374 1303 462 1334 idem
491 1302 639 1334 dominus
662 1314 721 1334 rex
745 1314 842 1345 quam
867 1303 1014 1335 dominus
1037 1304 1254 1345 Ingerrannus
1277 1305 1404 1336 insimul
1426 1308 1595 1346 presentes
1618 1308 1652 1336 et
1674 1305 1744 1337 soli.
1787 1305 1831 1337 Et
1851 1305 1939 1338 idem
1959 1315 1988 1334 ὀ

280 1355 426 1386 dominus
456 1355 688 1396 Ingerrannus,
720 1355 775 1396 qui
807 1365 864 1397 pre
894 1356 1011 1386 ceteris
1040 1356 1130 1387 novit
1158 1359 1285 1387 secreta
1314 1356 1404 1397 regia
1433 1359 1467 1387 et
1494 1357 1550 1398 qui
1575 1356 1772 1389 voluntatem
1799 1360 1940 1390 vestram

280 1407 399 1447 exequi
423 1405 586 1437 desiderat
609 1409 677 1437 toto
698 1416 804 1447 posse,
828 1406 926 1437 michi
942 1407 1089 1447 iniunxit,
1114 1406 1200 1448 quod
1216 1407 1363 1448 predicta
1379 1417 1421 1438 ex
1437 1410 1529 1448 parte
1546 1417 1604 1439 sua
1619 1411 1724 1440 vestre
1742 1418 1939 1450 exponerem

279 1458 450 1489 sanctitati.

394 1599 445 1634 13.
480 1598 743 1635 EPISTOLA
767 1598 1216 1636 PROCURATORUM
1237 1599 1314 1635 AD
1338 1598 1825 1638 ARCHIEPISOOPUM

922 1650 1301 1688 MOGUNTINUM.
1679 1688 1683 1691 .
1957 1658 1983 1678 ’ὅ

932 1715 1078 1759 (1313.)
1121 1715 1207 1752 Dec.
1230 1715 1290 1752 21.

391 1797 552 1838 Originale
569 1797 691 1829 duobus
705 1797 820 1837 siyillis
837 1797 980 1830 clausum
997 1799 1062 1830 iam
1075 1799 1281 1838 deperditum..
1313 1799 1486 1838 Inscriptio
1500 1799 1534 1830 in
1545 1799 1637 1831 dorso
1648 1802 1732 1831 erat.-
1744 1799 1939 1832 Reverendo

279 1850 312 1880 in
328 1849 455 1881 Christo
479 1850 563 1891 patri
587 1859 624 1880 ac
648 1849 779 1880 domino
804 1860 861 1881 suo
887 1850 1017 1882 domino
1037 1850 1136 1882 Petro
1153 1850 1360 1892 vener(abili)
1375 1850 1564 1893 Maguntine
1587 1850 1673 1882 sedis
1695 1851 1939 1893 archiepiscopo

281 1902 362 1933 sacri
391 1902 517 1943 imperii
545 1911 605 1942 per
630 1898 827 1933 Alimaniam
851 1902 1134 1934 archicancellario
1159 1905 1219 1934 etc.
1243 1921 1286 1925 -
1309 1902 1372 1935 Ed.
1396 1902 1544 1935 Schunck
1567 1902 1684 1935 ‘Codex
1705 1902 1939 1942 diplomaticus’

280 1953 396 1993 (1797)
412 1963 487 1992 pay.
506 1954 568 1982 190
590 1963 640 1985 nr.
658 1954 709 1983 78.
756 1953 940 1993 Repetimus
961 1954 1128 1985 editionem
1152 1954 1187 1985 in
1209 1954 1356 1986 minutiis
1377 1957 1556 1986 correctam.
1959 1969 1985 1988 ³⁰

389 2004 536 2042 Bo'hmer,
561 2004 636 2044 ch.
661 2005 774 2036 Ludw.
794 2016 828 2046 p.
845 2005 908 2036 235
932 2005 1165 2037 Reichssachen
1186 2016 1236 2037 nr.
1254 2006 1282 2038 5,
1911 2018 1917 2023 ·

388 2081 524 2113 Unserm
559 2081 666 2113 lieben
701 2082 767 2114 und
801 2082 985 2125 genadigcn
1019 2083 1114 2115 herrn
1146 2084 1243 2115 herrn
1273 2083 1396 2115 Peter-n
1426 2084 1610 2116 erzbischof
1638 2095 1678 2116 zu
1704 2084 1845 2117 Maeintz
1875 2085 1939 2117 und

282 2133 443 2164 oberstem
469 2133 632 2165 chantzler
655 2134 713 2165 des
728 2134 926 2166 Romischen
949 2135 1075 2167 reiches
1098 2136 1130 2166 in
1147 2135 1331 2167 Tautschen
1355 2135 1473 2167 landen
1540 2136 1691 2168 enbieten
1708 2137 1766 2168 wir
1780 2136 1942 2169 Eberhart

281 2195 342 2215 von
368 2184 441 2216 dem
467 2184 567 2226 Steyn
592 2195 717 2226 saenger
739 2197 778 2217 zu
801 2186 932 2227 Maentz,
962 2186 1052 2218 Sifrit
1075 2187 1132 2219 der
1154 2187 1335 2229 Raeingref,
1364 2187 1517 2219 Chunrad
1540 2198 1602 2219 von
1626 2187 1846 2220 Rudensheim
1875 2188 1940 2220 und

282 2236 443 2277 Heylman
468 2236 526 2267 der
550 2236 727 2278 burchgraf
747 2248 810 2269 von
834 2237 1074 2269 Starkenberch
1099 2249 1185 2270 ewcr
1208 2239 1343 2280 dyener,
1373 2242 1517 2281 meyster
1539 2239 1655 2271 Arnolt
1677 2240 1797 2283 herzog
1819 2239 1946 2272 Rudolf
1959 2251 1984 2270 as

282 2287 429 2319 oberster
458 2288 618 2327 schriber,
649 2288 816 2320 Friderich
844 2300 906 2321 von
934 2290 1202 2332 Truhundingen,
1233 2290 1389 2332 Dyterich
1418 2301 1481 2322 von
1509 2291 1706 2333 Parsperch‚
1741 2291 1856 2323 Albert
1882 2291 1941 2324 der

281 2338 418 2370 Nothaft
441 2339 505 2370 und
522 2339 643 2371 Gotfrit
667 2340 724 2372 der
739 2341 861 2373 Pauler
884 2341 942 2373 des
959 2345 1141 2383 egenantcn
1158 2342 1319 2384 herzogen
1336 2342 1461 2374 Rudolf
1473 2342 1595 2384 dyencr
1659 2353 1776 2375 unsern
1793 2343 1938 2376 bereiten

281 2390 344 2421 und
368 2391 593 2432 untertenigen
618 2391 722 2423 dienst
744 2403 780 2423 ze
805 2403 923 2424 ewerm
947 2393 1057 2435 gebot.

390 2443 438 2482 (1)
465 2442 534 2473 Wir
562 2446 615 2473 tiin
641 2454 747 2475 ewern
771 2444 921 2486 genaden
946 2445 1059 2485 chunt,
1088 2444 1147 2476 daz
1170 2446 1228 2477 wir
1250 2456 1286 2477 ze
1310 2456 1417 2487 gagen
1439 2456 1557 2477 unscrn
1581 2450 1800 2488 vorgenanten
1823 2447 1941 2479 herren

282 2493 415 2534 hertzog
437 2493 563 2524 Rudolf
581 2505 616 2526 ze
641 2495 829 2527 Bacharach
858 2506 894 2527 ze
922 2496 1031 2528 hauffe
1055 2496 1193 2528 chomen
1216 2507 1258 2528 an
1279 2500 1351 2528 sant
1373 2497 1515 2528 Thomas
1538 2497 1638 2529 abent
1659 2497 1724 2529 und
1748 2498 1875 2530 trahten
1899 2498 1941 2530 da
1959 2508 1986 2528 ιο

282 2545 341 2576 mit
364 2548 511 2586 gantzem
535 2546 633 2577 vlizze
657 2546 721 2577 und
746 2551 863 2588 erenst,
888 2548 948 2579 wie
964 2549 1023 2579 wir
1045 2548 1137 2588 euch,
1162 2558 1249 2580 ewer
1271 2549 1391 2590 capitel
1414 2548 1479 2580 und
1503 2549 1657 2590 gotshaus
1679 2559 1715 2581 ze
1736 2550 1852 2582 Maentz
1874 2550 1939 2581 und

281 2607 377 2628 unser
408 2597 523 2628 herren
553 2598 686 2639 hertzog
714 2599 839 2631 Rudolf
868 2600 933 2631 und
962 2600 1083 2642 herzog
1110 2600 1249 2642 Ludwig
1279 2611 1315 2632 ze
1347 2602 1437 2632 einer
1464 2601 1588 2643 ewigen
1616 2601 1846 2633 vrientschafte
1874 2603 1940 2634 und

280 2648 532 2680 verbindeniisse
556 2649 720 2689 brachten,
745 2651 808 2682 und
832 2653 879 2682 sin
904 2651 967 2683 alle
991 2656 1099 2693 sampt
1121 2663 1157 2683 ze
1174 2663 1281 2694 gagen
1296 2653 1421 2684 unseris
1435 2656 1657 2695 vorgenanteu
1673 2653 1791 2685 herren
1807 2654 1940 2696 hertzog

282 2699 408 2731 Rudolf
427 2700 490 2731 und
515 2701 572 2731 mit
595 2702 680 2733 siner
702 2706 798 2743 gunst
820 2703 955 2735 iiberein
979 2704 1126 2744 chomen,
1150 2704 1198 2735 als
1221 2705 1363 2736 hernach
1388 2705 1557 2746 gescriben
1581 2708 1658 2737 stet:

387 2767 432 2795 12.
462 2768 480 2801 ¹)
499 2777 517 2802 p
537 2779 603 2796 corr.
618 2780 649 2795 ez·
666 2778 686 2803 p
705 2781 742 2797 or.
830 2771 856 2805 k)
875 2773 987 2805 sequitur
1006 2774 1080 2799 delet.
1099 2775 1123 2798 fr
1142 2783 1193 2801 or„-
1211 2783 1246 2799 an
1265 2773 1409 2799 fratribus?
1958 2778 1985 2798 ⁴³

388 2828 412 2861 1)
434 2827 508 2862 Quae
525 2829 628 2856 litterae
646 2838 678 2856 m.
697 2830 751 2857 Oct.
770 2831 809 2857 rel
826 2831 891 2858 Nov.
910 2832 1017 2859 emissae
1034 2833 1088 2858 iam
1106 2832 1256 2866 deperditae
1272 2835 1344 2860 sunt.
1383 2832 1424 2865 Cf.
1442 2833 1520 2859 aiam
1537 2833 1618 2867 infra
1635 2841 1677 2861 nr.
1692 2837 1722 2861 ιθ
1738 2836 1762 2861 ct
1780 2838 1817 2861 17.
