2184 3126
309 154 371 184 520
555 147 652 174 ACTA
671 145 784 173 REGNI
804 141 987 171 LUDEWICI
1005 140 1052 167 IV.
1071 139 1117 165 ΕΤ
1136 136 1321 164 FRIDERICI
1340 136 1389 163 111.
1427 135 1501 162 1322.
1537 134 1586 161 Nr.
1599 134 1657 161 654.
1676 134 1736 161 655.

309 247 369 268 nec
392 235 573 277 prefactam
597 244 653 265 seu
677 231 765 264 aliud
787 240 905 262 nomen
920 228 972 259 vel
996 225 1290 258 denominationem
1308 222 1517 264 deposuerint
1531 231 1637 262 neque
1653 220 1963 252 administrationem

310 287 488 319 dimiserint
511 285 725 327 supradictam
748 291 873 313 necnon
897 283 930 310 et
952 278 1042 317 alios,
1066 276 1121 318 qui
1143 278 1215 317 post
1230 275 1401 306 terminum
1423 274 1527 315 ipsum
1544 272 1622 304 talia
1637 272 1689 303 vel
1705 282 1817 304 eorum
1832 271 1965 314 aliquod

310 340 551 380 attemptarunt,
575 344 750 376 omnesque
766 333 856 372 alios,
881 331 935 372 qui
955 340 1011 361 cos
1027 329 1079 359 vel
1101 329 1244 369 ipsorum
1267 326 1408 368 aliquem
1431 325 1489 356 sub
1513 324 1773 356 denominatione
1796 324 1849 356 vel
1871 323 1964 355 titulo

310 389 493 422 huiusmodi
515 387 651 419 nominis
674 385 725 417 vel
749 383 881 415 alterius
904 381 1132 421 cuiuscumque
1153 379 1220 410 sive
1243 381 1479 420 procuratores,
1503 376 1748 417 commissarios,
1771 375 1895 407 iudices
1910 378 1966 407 aut

311 443 397 473 vices
421 450 531 471 eorum
555 440 703 480 gerentes
727 444 930 477 quocumque
955 433 1062 464 colore
1086 432 1212 473 quesito
1235 434 1428 471 receperunt
1442 429 1494 461 vel
1517 428 1715 460 admiserunt
1736 431 1773 459 ut
1794 428 1877 460 tales
1899 428 1966 460 sive
1996 435 2008 455 ⁵

310 496 345 524 ut
368 492 493 523 vicariis
517 501 574 521 seu
596 489 713 520 vicario
730 487 780 518 vel
805 485 995 517 officialibus
1018 494 1076 515 seu
1099 481 1410 515 administratoribus
1433 481 1559 523 imperii
1575 479 1781 511 intenderunt
1796 482 1853 511 aut
1868 480 1967 511 etiam

311 545 486 585 paruerunt
512 542 578 572 sive
608 540 714 581 pareri
744 541 799 569 aut
826 536 948 568 intendi
976 536 1122 567 fecerunt
1151 545 1208 566 seu
1238 533 1482 576 quomodolibet
1512 533 1727 574 permiserunt
1754 536 1810 563 aut
1838 532 1871 563 in
1905 532 1967 563 hiis

311 595 356 625 illi
394 594 446 624 vel
484 592 546 623 illis
581 591 790 632 prestiterunt
831 587 1076 629 quomodolibet
1118 585 1290 626 auxilium,
1336 585 1503 616 consilium
1541 584 1595 615 vel
1632 584 1793 624 favorem,
1840 583 1968 615 etiamsi

311 643 492 686 patriarche
522 643 573 673 vel
606 641 723 683 prelati
757 639 939 680 superiores
974 638 1025 670 vel
1059 637 1228 669 inferiores
1266 639 1322 668 aut
1354 646 1449 677 reges
1483 646 1541 667 seu
1574 639 1768 678 potestates,
1807 635 1968 676 capitanei

311 706 367 727 seu
405 698 558 733 rectores,
605 693 751 731 comites,
789 691 996 722 vicecomites
1032 689 1085 721 vel
1122 689 1260 720 barones
1299 691 1332 720 et
1369 688 1473 730 quivis
1510 688 1579 728 alii,
1624 688 1852 729 cuiuscumque
1891 697 1967 718 con·
1986 695 2012 716 ιο

311 747 438 777 ditionis
472 745 627 783 existant,
657 742 963 775 excomunicationis
991 742 1199 783 ipsorumque
1229 743 1327 779 terre,
1363 742 1481 781 castra,
1516 739 1601 777 loca,
1639 740 1800 777 civitates,
1833 738 1909 770 ville
1936 742 1969 769 et

310 797 534 828 universitates
557 806 615 827 seu
638 795 850 826 comunitates
873 793 937 825 alie
960 794 993 824 in
1015 793 1077 824 hiis
1100 792 1277 833 culpabiles
1300 790 1461 822 interdicti
1484 791 1659 822 sententias
1682 794 1878 822 memoratas
1904 800 1969 821 non

310 852 359 880 cst
382 848 514 879 dubium
538 848 722 887 incurrisse,
817 845 1011 877 fraternitati
1034 847 1140 876 vestre
1163 854 1222 885 per
1245 842 1424 884 apostolica
1447 842 1566 884 scripta
1587 842 1792 883 mandamus,
1821 842 1970 884 quatinus

310 911 367 931 vos
391 903 424 932 et
446 899 580 941 quilibet
602 902 743 930 vestrum
767 908 825 939 per
847 907 904 928 vos
928 897 979 928 vel
1008 907 1067 938 per
1090 895 1188 927 alium
1212 905 1270 926 seu
1292 895 1373 926 alios
1397 904 1508 926 omnes
1538 897 1571 926 et
1599 893 1741 936 singulos
1768 892 1970 935 supradictos

311 951 444 993 singulis
461 951 573 983 diebus
589 950 766 981 Dominicis
782 952 814 981 et
829 948 900 980 aliis
919 948 1051 988 festivis,
1069 947 1203 989 pulsatis
1220 948 1385 988 campanis
1402 950 1435 977 et
1451 945 1594 977 candelis
1611 946 1763 983 accensis,
1787 946 1820 976 in
1835 944 1969 986 singulis
1987 953 2012 973 ιε

313 1004 456 1035 ecclesiis
485 1005 518 1034 et
544 1002 622 1032 locis
652 1005 833 1032 vestrarum
861 1001 998 1031 civitatis
1026 1003 1059 1031 et
1086 999 1238 1038 diocesis,
1269 998 1309 1029 de
1333 997 1449 1039 quibus
1471 997 1617 1029 videritis
1640 997 1810 1039 expedire,
1843 996 1886 1028 ad
1908 996 1970 1027 hoc

311 1055 454 1087 fidelium
478 1054 605 1096 populis
628 1053 831 1094 congregatis
854 1051 1000 1094 predicta
1023 1051 1330 1083 excomunicationis
1352 1050 1512 1081 sententia
1534 1049 1604 1081 fore
1625 1049 1743 1090 ligatos
1762 1049 1971 1090 ipsorumque

313 1111 424 1147 terras,
449 1109 563 1145 castra,
586 1105 671 1146 loca,
696 1105 858 1144 civitates,
881 1104 989 1144 villas,
1017 1104 1242 1135 universitates
1269 1106 1302 1134 et
1325 1102 1538 1133 comunitates
1561 1100 1724 1142 predictas
1747 1100 1854 1132 eidem
1877 1100 1971 1132 inter-

314 1159 389 1190 dicti
419 1157 577 1189 sententie
607 1156 774 1188 subiacere
803 1156 996 1187 denunciare
1024 1155 1154 1196 publice
1186 1165 1223 1186 ac
1251 1154 1426 1185 solenniter
1453 1153 1620 1184 studeatis.
1666 1152 1709 1184 Et
1733 1152 1864 1193 insuper
1890 1151 1972 1183 alios

314 1219 424 1241 omnes
440 1212 472 1240 et
487 1208 629 1249 singulos
653 1212 719 1239 tam
743 1208 877 1239 clericos
893 1217 990 1249 quam
1005 1206 1116 1247 laicos,
1139 1207 1367 1247 cuiuscumque
1385 1204 1585 1246 conditionis,
1609 1204 1739 1244 ordinis,
1762 1206 1874 1244 status,
1897 1213 1971 1244 pre·
1991 1210 2018 1230 ¹⁰

313 1261 471 1293 minencie
494 1260 547 1292 vel
570 1260 735 1301 dignitatis
757 1260 907 1300 existant,
932 1259 1058 1290 etiamsi
1080 1257 1289 1300 patriarchali
1310 1257 1362 1288 vel
1377 1257 1493 1288 maiori
1515 1266 1572 1287 seu
1589 1256 1701 1298 quavis
1717 1255 1782 1287 alia
1797 1254 1974 1297 pontificali

314 1317 370 1344 aut
392 1311 493 1354 regali
516 1322 574 1343 seu
597 1321 799 1353 quacumque
823 1311 887 1342 alia
909 1310 1114 1352 premineant
1137 1309 1307 1351 dignitate,
1337 1309 1390 1350 qui
1414 1310 1527 1339 contra
1548 1308 1739 1349 premissam
1762 1307 1974 1338 monitionem

314 1366 455 1394 nostram
485 1362 608 1404 aliquid
634 1363 846 1403 imposterum
872 1371 971 1402 agere
999 1360 1050 1392 vel
1079 1363 1274 1402 attemptare
1301 1360 1570 1401 presumpserint,
1599 1358 1756 1390 similibus
1786 1358 1974 1390 excomuni-

315 1415 448 1447 cationis
472 1417 505 1446 et
528 1418 646 1454 terras,
676 1416 781 1445 castra
805 1415 838 1445 et
859 1413 932 1444 loca
960 1413 1102 1454 ipsorum
1131 1414 1164 1443 et
1187 1411 1348 1453 quaslibet
1376 1411 1457 1442 alias
1479 1411 1707 1451 comunitates,
1737 1410 1973 1451 universitates,

316 1468 461 1498 civitates
484 1469 540 1497 aut
562 1465 654 1496 villas
677 1466 709 1496 in
732 1465 793 1496 hiis
816 1465 1041 1506 delinquentes
1063 1462 1226 1494 interdicti
1248 1462 1416 1494 sententiis
1439 1462 1605 1494 subiacere
1627 1462 1661 1493 in
1684 1461 1829 1493 ecclesiis
1845 1465 1878 1493 et
1893 1461 1973 1492 locis
1991 1469 2016 1490 ιε

315 1518 467 1560 predictis
490 1517 587 1549 modo
612 1517 707 1548 simili
731 1516 924 1548 denunciare
948 1516 1076 1547 curetis.
1122 1515 1189 1547 Nos
1213 1515 1296 1546 enim
1322 1524 1434 1546 omnes
1449 1514 1625 1556 pactiones,
1650 1513 1873 1555 obligationes,
1898 1523 1973 1544 con-

316 1569 532 1603 federationes
556 1572 588 1600 et
611 1568 844 1610 colligationes,
869 1577 948 1609 quas
972 1578 992 1598 a
1014 1566 1270 1609 quibuscumque
1298 1576 1395 1608 super
1424 1566 1587 1608 premissis
1610 1565 1682 1596 iniri
1704 1565 1757 1597 vel
1779 1565 1849 1596 fieri
1872 1565 1974 1596 conti-

316 1622 399 1663 gerit
426 1622 459 1652 in
490 1621 647 1661 futurum,
683 1621 810 1652 etiamsi
840 1620 1022 1650 iuramento
1056 1621 1112 1650 aut
1141 1628 1345 1660 quacumque
1380 1618 1444 1650 alia
1471 1618 1637 1659 contingat
1667 1617 1820 1648 firmitate
1850 1616 1974 1657 vallari,

317 1674 444 1704 omnino
469 1672 687 1712 dissolvimus,
710 1682 885 1703 vacuamus
901 1670 1022 1702 viribus
1038 1674 1071 1703 et
1087 1671 1184 1702 etiam
1200 1670 1363 1702 irritamus
1379 1672 1412 1701 et
1428 1671 1586 1711 quatenus
1603 1668 1643 1700 de
1660 1668 1746 1700 facto
1762 1668 1985 1710 processerint,

318 1735 519 1765 revocamus,
543 1724 659 1755 similia
681 1725 862 1755 iuramenta
886 1733 949 1764 que
973 1733 1070 1764 super
1093 1722 1154 1753 hiis
1177 1722 1314 1763 prestari
1338 1722 1510 1762 contigerit
1531 1721 1725 1753 relaxantes.
1775 1719 1976 1762 Rescripturi
1994 1727 2020 1747 ⁸⁰

318 1777 409 1807 nobis
433 1786 491 1817 per
512 1776 637 1807 litteras
659 1779 783 1807 vestras
806 1775 858 1806 vel
881 1775 1126 1806 instrumentum
1149 1773 1314 1815 publicum
1337 1773 1450 1804 harum
1474 1772 1591 1804 seriem
1615 1772 1781 1804 continens
1805 1771 1976 1813 quiequid⁶

320 1829 350 1859 in
373 1829 536 1869 premissis
560 1828 715 1859 duxeritis
738 1826 947 1858 faciendum&

426 1880 489 1911 In*3
520 1880 681 1911 eundem
711 1878 862 1911 modum
895 1877 1135 1910 venerabilibus
1167 1876 1320 1908 fratribus
1352 1876 1595 1918 archiepiscopo
1622 1875 1805 1908 Coloniensi
1841 1875 1975 1916 eiusque

321 1931 540 1972 suffraganeis.
1399 1964 1401 1967 ι

426 1983 468 2014 Ιῐι
492 1993 519 2014 e.
533 1993 573 2014 m.
590 1982 827 2014 venerabilibus
850 1981 1003 2013 fratribus
1026 1980 1270 2022 archiepiscopo
1293 1980 1483 2022 Maguntino
1507 1979 1642 2021 eiusque
1665 1978 1888 2020 suffraganeis.
1994 1985 2020 2005 ω

426 2034 468 2065 In
491 2045 519 2066 e.
533 2045 574 2065 m.
591 2034 828 2066 venerabilibus
851 2033 1004 2065 fratribus
1027 2032 1270 2074 archiepiscopo
1293 2032 1486 2064 Treverensi
1509 2032 1642 2073 eiusque
1665 2029 1887 2071 suffraganeis.

429 2086 471 2116 ln
495 2097 521 2117 e.
538 2097 579 2117 m.
596 2085 833 2118 venerabilibus
856 2085 1008 2116 fratribus
1030 2084 1274 2126 archiepiscopo
1298 2084 1466 2115 Bremensi
1489 2083 1623 2124 eiusque
1647 2082 1868 2123 suffraganeis.

429 2137 470 2168 In
494 2148 520 2168 e.
538 2149 579 2169 m.
597 2137 834 2169 venerabilibus
849 2137 1002 2168 fratribus
1018 2136 1262 2177 archiepiscopo
1274 2134 1569 2178 Mag[d]eburgensi
1585 2134 1719 2176 eiusque
1735 2133 1980 2174 suffraganeis&

432 2196 551 2228 Datum
575 2198 743 2239 Avinione,
768 2197 842 2228 XV.
859 2198 933 2229 Kal.
957 2197 1051 2237 Iunii,
1075 2206 1158 2228 anno
1182 2199 1284 2228 sexto.

519 2328 605 2364 655.
646 2329 800 2365 Litterae
829 2331 876 2365 ad
903 2330 1070 2365 civitatem
1096 2329 1319 2364 Brixiensem
1345 2327 1501 2363 iteratae.
1609 2325 1700 2360 Mai.
1721 2326 1783 2360 20.
1997 2339 2024 2360 ιο

438 2392 485 2431 Cf.
507 2403 607 2431 supra
628 2404 678 2425 nr.
697 2395 768 2425 647.

440 2443 538 2482 Copia
553 2445 606 2485 (c.)
622 2445 657 2475 in
675 2446 877 2485 Reqestorum
893 2449 972 2478 tomo
987 2447 1083 2478 citato
1098 2446 1152 2486 fol.
1170 2446 1233 2476 186
1248 2455 1297 2476 nr.
1309 2440 1389 2476 780(
1409 2438 1653 2483 ‘Descrips‘tmus
1667 2452 1732 2474 nos.
1750 2460 1792 2464 —
1809 2441 1979 2472 Ineditum.

439 2495 487 2533 Cf.
511 2495 804 2535 Preqer-Reinlcens
826 2498 846 2529 Z.
862 2509 887 2530 e.
905 2509 940 2538 p.
957 2499 1021 2530 241
1043 2498 1088 2529 ad
1108 2507 1159 2529 nr.
1177 2497 1250 2528 103.

437 2567 607 2609 Potestati,
631 2570 810 2611 capitaneo,
835 2571 967 2603 consilio
992 2574 1025 2603 et
1047 2571 1175 2602 comuni
1198 2568 1396 2610 Brixien(si).

438 2618 511 2649 Non
526 2619 606 2650 latet
627 2621 658 2650 in
683 2621 798 2652 abditis
815 2622 993 2654 devotionis
1017 2622 1103 2654 clara
1127 2621 1302 2659 sinceritas,
1327 2630 1390 2662 qua
1414 2619 1466 2650 dil.
1481 2619 1524 2650 fil.
1541 2618 1656 2649 nobilis
1670 2618 1717 2649 vir
1733 2616 1892 2648 Hem-icus
1916 2615 1982 2647 dux
1999 2630 2028 2650 4⁵

331 2670 460 2701 Austrie
484 2670 524 2701 de
548 2672 701 2703 carissimi
723 2673 755 2703 in
771 2673 896 2705 Christo
919 2674 975 2705 filii
998 2675 1098 2706 nostri
1113 2673 1278 2705 Frederici
1301 2672 1390 2703 ducis
1406 2671 1536 2702 Austrie
1559 2671 1590 2702 in
1607 2679 1718 2711 regem
1734 2669 1980 2708 Roman(orum)

436 2758 502 2785 654.
531 2760 554 2792 θ)
576 2762 722 2787 feceritis
740 2763 802 2788 add.
816 2764 848 2790 B.
925 2764 944 2797 f)
964 2766 1123 2791 duxeritis
1142 2764 1328 2790 faciendum
1347 2762 1399 2788 dee.
1412 2762 1445 2787 B.
1516 2761 1541 2794 ε)
1560 2760 1866 2794 In—suffragansis
1883 2759 1937 2785 dec.
1949 2759 1983 2784 B.
