2190 3172
325 191 383 222 194
555 187 652 214 ACTA
670 185 784 213 REGNI
802 184 988 213 LUDEWICI
1007 184 1054 211 IV.
1072 183 1118 210 ΕΤ
1138 182 1322 210 FRIDERICI
1341 182 1389 209 111.
1427 182 1501 209 1315.
1538 181 1587 208 Nr.
1600 181 1658 209 219.
1677 181 1736 208 220.

320 276 385 308 Pro
409 285 473 317 qua
495 275 631 316 pecunie
656 283 780 305 summa
803 272 864 303 sibi
887 274 921 303 et
943 270 1179 303 successoribus
1202 270 1266 301 suis
1289 270 1342 302 vel
1365 270 1451 310 aliis,
1478 269 1595 311 quibus
1623 269 1693 311 ipse
1716 268 1970 310 duxerit'depu-

320 327 469 367 tandum,
498 326 679 368 obligamus
709 326 826 356 iterato
856 327 961 355 castra
990 326 1023 355 et
1051 323 1148 364 opida
1178 322 1409 365 Oppenheym,
1438 322 1660 363 Odernheym,
1689 320 1916 362 Swabestberg
1938 324 1972 352 et

320 379 416 411 villas
438 377 651 419 Ingelnheym
667 379 709 408 'et
730 376 761 407 N
764 379 892 417 ersteyn
915 385 987 406 cum
1011 373 1120 405 Iudeis
1143 376 1176 406 et
1198 374 1354 405 universis
1371 373 1566 405 districtibus
1582 376 1616 404 et
1630 372 1838 414 pertinenciis
1855 382 1970 404 eorun-

317 431 398 463 dem
433 430 491 461 sub
527 429 648 461 eisdem
682 427 923 460 condicionibus
956 429 989 457 et
1022 426 1138 468 pactis,
1167 425 1442 467 quemadmodum
1469 425 1531 456 sibi
1559 425 1648 467 prius
1677 424 1793 456 eadem
1820 434 1878 466 pro
1906 423 1971 455 alia

316 493 446 514 summa
468 481 603 523 pecunie
627 490 686 522 per
709 479 788 511 alias
814 482 938 510 nostras
961 478 1106 509 litteras¹
1134 477 1328 509 dinoscimur
1358 476 1528 518 obligasse.
1572 477 1614 508 Et
1642 477 1717 518 quia
1746 475 1892 507 redditus
1914 478 1973 507 seu

317 533 537 566 obvenciones
566 532 783 564 municionum
811 533 844 563 et
873 530 1017 561 locorum
1043 529 1262 571 predictorum
1288 539 1353 560 non
1383 528 1547 560 sufficiunt
1575 539 1632 570 pro
1662 528 1910 560 conservacione
1938 530 1972 560 et

317 585 506 618 custodibus
530 583 716 623 eorundem,
740 583 801 624 ipsi
824 582 1078 623 archiepiscopo,
1102 580 1338 612 successoribus
1361 581 1426 612 suis
1449 591 1507 612 seu
1529 580 1616 622 aliis,
1646 580 1761 622 quibus
1783 579 1845 611 hoc
1868 579 1970 621 depu-

321 637 450 678 taverit,
473 639 606 678 propter
629 635 692 666 hoc
715 634 908 676 deputamus
930 633 1075 665 redditus
1099 635 1314 664 trecentarum
1338 631 1493 664 librarum
1508 632 1723 672 Hallensium,
1745 630 1972 674 percipiendos

315 690 411 721 -annis
440 688 572 729 singulis
601 698 620 718 a
650 686 759 718 Iudeis
785 687 818 717 in
844 684 1046 717 Franckford
1075 694 1202 716 camere
1231 687 1340 715 nostre
1368 685 1478 715 servis.
1529 683 1602 716 Hoc
1629 684 1755 716 adiecto
1780 683 1867 725 quod
1889 682 1972 714 infra

322 741 466 782 spacium
500 740 575 770 anni
608 737 859 780 computandum
893 747 912 768 a
947 736 1023 768 data
1057 736 1259 778 presencium
1291 735 1435 768 redditus
1467 736 1599 768 eosdem
1625 746 1685 778 pro
1713 735 1816 766 tribus
1842 733 1972 766 milibus

319 792 476 823 librarum
499 790 703 822 Hallensium
726 789 936 830 assignemus.
983 787 1078 824 Quod
1102 788 1128 818 si
1151 787 1234 819 forte
1258 797 1322 818 non
1345 787 1532 828 fecerimus,
1556 791 1675 820 extunc
1696 788 1766 828 ipse
1790 789 1824 818 et
1846 796 1972 818 succes-

322 854 411 875 sores
442 843 491 874 sui
520 853 577 873 seu
604 841 663 882 hii,
694 841 808 882 quibus
835 841 896 872 hoc
925 839 1147 881 deputaverit,
1177 838 1323 871 redditus
1353 839 1491 877 eosdem,
1514 842 1731 871 trecentarum
1753 838 1908 870 librarum
1931 837 1973 869 ab

322 894 447 927 eisdem
471 893 513 925 ad
535 904 628 924 usum
650 892 832 935 predictum
855 895 921 923 tam
945 891 1000 922 diu
1022 891 1215 932 percipiant,
1244 890 1348 922 donec
1379 901 1437 932 per
1463 902 1522 922 nos
1544 891 1596 923 vel
1623 901 1825 922 successores
1846 892 1973 921 nostros

323 947 410 978 dicta
433 946 567 988 pignora
591 944 798 985 redimantur,
822 943 977 975 fructibus
1000 943 1162 984 perceptis
1185 953 1244 984 per
1260 942 1392 974 eosdem
1407 943 1538 974 minime
1555 942 1778 985 computandis
1794 943 1826 973 in
1842 945 1972 982 sortem,

318 1010 402 1041 -quos
431 998 491 1030 sibi
515 1000 648 1039 propter
670 1007 728 1028 sua
750 999 844 1038 grata
867 995 1002 1027 servicia
1025 994 1111 1026 facta
1134 998 1167 1026 et
1190 994 1338 1026 facienda
1361 994 1453 1026 nobis
1480 998 1512 1026 et
1535 995 1671 1036 imperio
1694 994 1874 1026 liberaliter
1896 1003 1971 1025 con-

320 1051 488 1082 donamus.
535 1048 693 1080 Volumus
716 1049 856 1089 insuper,
881 1046 967 1088 quod
991 1057 1088 1088 quam
1111 1045 1167 1077 diu
1189 1046 1294 1088 ipsum
1317 1046 1596 1088 archiepiscopum
1619 1049 1652 1078 et
1674 1056 1876 1078 successores
1898 1055 1972 1076 suos

1991 1007 2016 1027 15

321 1102 374 1135 vel
397 1113 463 1141 eos,
488 1112 566 1143 quos
590 1101 631 1132 ad
654 1100 715 1132 hoc
731 1099 945 1141 deputaverit,
962 1099 1130 1140 percipere
1154 1099 1326 1140 contigerit
1349 1108 1368 1129 a
1391 1098 1525 1140 prefatis
1547 1097 1657 1130 Iudeis
1679 1097 1824 1129 redditus
1845 1096 1973 1139 predic·
2002 1139 2003 1146 ἵ

321 1158 427 1186 tarum
457 1156 674 1184 trecentarum
701 1151 871 1192 librarum,
900 1160 960 1182 nec
988 1161 1046 1192 per
1073 1161 1131 1181 nos
1160 1160 1220 1181 nec
1248 1160 1307 1192 per
1337 1150 1417 1181 alios
1446 1145 1574 1182 interim
1601 1150 1663 1191 ipsi
1691 1148 1787 1181 Iudei
1815 1148 1975 1191 aliquibus

323 1205 572 1245 exaccionibus,
596 1205 709 1243 sturis,
733 1203 972 1245 gravaminibus
995 1202 1047 1233 vel
1071 1201 1246 1243 dispendiis
1269 1204 1428 1233 vexentur
1451 1201 1695 1243 quomodolibet
1717 1201 1768 1233 vel
1791 1194 1972 1243 graventur.

316 1257 426 1290 Salvis
454 1266 583 1298 semper
613 1255 719 1287 eidem
747 1255 990 1296 archiepiscopo
1019 1256 1052 1285 et
1078 1253 1314 1285 successoribus
1341 1254 1406 1284 suis
1434 1264 1492 1284 seu
1514 1253 1600 1293 aliis,
1623 1253 1739 1295 quibus
1762 1253 1823 1284 hoc
1846 1252 1974 1284 duxerit

322 1309 561 1351 deputandum,
586 1307 657 1339 aliis
680 1306 935 1348 obligacionibus
958 1304 1216 1347 competentibus
1243 1305 1367 1337 eisdem
1394 1305 1427 1336 in
1453 1305 1607 1347 predictis
1629 1304 1740 1336 Iudeis
1763 1303 1973 1346 quovismodo

324 1361 377 1393 vel
399 1371 506 1401 causa,
530 1361 561 1390 in
586 1359 700 1401 quibus
724 1359 770 1389 eis
793 1358 1005 1400 preiudicium
1029 1356 1163 1398 aliquod
1184 1356 1333 1388 nolumus
1355 1357 1500 1398 irrogari.
1583 1356 1823 1388 Renunciantes
1845 1356 1878 1387 in
1900 1365 1973 1398 pre-

322 1413 427 1445 missis
450 1423 508 1454 pro
531 1411 625 1443 nobis
649 1414 681 1442 et
703 1411 840 1452 imperio
864 1409 1075 1451 excepcioni¹²
1098 1419 1161 1439 non
1184 1412 1352 1440 numerate
1376 1409 1512 1450 pecunie
1535 1418 1594 1440 nec
1612 1408 1715 1440 solute
1731 1409 1817 1440 acin
1832 1411 1974 1440 nostram

316 1468 357 1499 ,et
379 1464 507 1506 imperii
534 1463 707 1495 utilitatem
734 1473 798 1493 non
821 1471 974 1493 converse
999 1463 1032 1492 et
1055 1460 1142 1492 omni
1165 1460 1220 1491 alii
1243 1460 1381 1501 auxilio,
1406 1470 1464 1502 per
1487 1460 1573 1502 quod
1594 1463 1705 1502 posset
1726 1460 1878 1492 contrairi
1900 1470 1973 1502 pre-

321 1517 425 1549 missis
455 1516 506 1547 vel
535 1515 630 1546 alicui
660 1514 899 1556 premissorum.
987 1513 1027 1544 In
1059 1522 1194 1554 quorum
1223 1512 1363 1543 omnium
1395 1512 1596 1544 evidenciam
1626 1515 1659 1544 et
1685 1512 1783 1544 robur
1805 1514 1973 1554 presentes

321 1569 445 1600 litteras
468 1567 574 1609 sigillo
598 1566 775 1598 maiestatis
797 1569 906 1596 nostre
930 1564 1085 1596 tradimus
1109 1564 1330 1595 communitas.

429 1619 550 1651 Datum
578 1619 610 1650 in
639 1618 751 1650 castris
780 1617 867 1659 apud
896 1616 1040 1659 Spiram,
1071 1626 1154 1647 anno
1184 1615 1315 1647 Domini
1342 1615 1513 1647 millesimo
1537 1614 1693 1656 COOXV,
1717 1592 1827 1646 Nonas
1849 1614 1971 1655 Marcii,

322 1673 413 1714 regni
436 1682 512 1703 vero
535 1671 635 1702 nostri
658 1680 741 1701 anno
765 1669 878 1711 primo.

459 1818 473 1831 ⁶
532 1824 616 1860 ⁰220.
659 1822 870 1857 Mandatum
900 1821 946 1855 ad
972 1820 1141 1856 civitatem
1168 1819 1500 1863 Francofurtanam.
1605 1819 1717 1854 Mart.
1738 1820 1770 1855 7.

435 1898 595 1940 originale
619 1898 696 1939 (or.)
734 1897 770 1928 in
809 1895 966 1927 tabulario
1001 1893 1141 1935 yenerali
1174 1893 1263 1934 reym'
1289 1893 1455 1925 Bawarici
1485 1893 1574 1925 KLS
1608 1905 1658 1925 nr.
1682 1895 1734 1925 36.
1795 1892 1973 1932 Descripsi-

323 1962 394 1984 mus
423 1962 489 1983 nos.
552 1949 659 1990 Sriyilli
693 1949 784 1980 dorso
818 1947 963 1988 impressi
995 1946 1125 1986 vestiqia
1159 1945 1288 1976 adsunt.
1326 1963 1367 1968 ——
1409 1945 1472 1978 Ed.
1503 1945 1743 1977 Bo'hmer-Lau
1777 1944 1796 1976 l.
1820 1956 1845 1976 c.
1873 1944 1928 1981 11,
1953 1944 1973 1974 9

324 2016 373 2036 nr.
391 2004 433 2035 13
455 2014 493 2034 ex
517 2013 561 2034 or.

432 2059 578 2097 B6hmer,
603 2057 677 2098 Rey.
694 2056 806 2088 Ludw.
828 2066 860 2096 p.
878 2057 898 2087 5
919 2057 968 2087 m.
987 2056 1038 2086 75.

433 2150 628 2182 Ludowicus
655 2149 718 2180 Dei
745 2148 854 2189 gracia
877 2141 1183 2177 Romanorum⁴rex
1213 2154 1342 2185 semper
1365 2147 1519 2185 augustus
1606 2143 1818 2186 prudentibus
1840 2144 1916 2175 viris
1940 2167 1947 2175 .
1965 2169 1972 2175 .

325 2203 472 2242 sculteto,
498 2226 504 2233 .
523 2226 529 2232 .
554 2200 736 2232 consulibus
761 2202 793 2230 et
816 2199 937 2230 civibus
959 2199 991 2229 in
1014 2196 1240 2235 Frankinford,
1264 2196 1412 2227 fidelibus
1435 2196 1500 2227 suis
1523 2195 1649 2227 dilectis
1725 2196 1867 2238 graciam
1883 2206 1974 2227 suam

326 2257 360 2286 et
383 2264 476 2285 omne
500 2254 629 2284 bonum.

434 2305 514 2337 Cum
545 2315 602 2335 nos
625 2303 801 2336 venerabili
824 2303 923 2334 Petro
953 2300 1195 2342 archiepiscopo
1219 2299 1408 2341 Maguntino
1438 2302 1470 2330 et
1497 2299 1733 2330 successoribus
1756 2300 1820 2330 suis
1842 2298 1895 2330 vel
1917 2299 1974 2340 eis,

327 2357 442 2399 quibus
464 2357 533 2398 ipse
557 2356 618 2387 hoc
642 2355 855 2397 deputaverit,
879 2353 1149 2395 assignaverimus
1172 2354 1390 2383 trecentarum
1417 2351 1569 2382 librarum
1593 2350 1797 2382 Hallensium
1820 2350 1974 2391 redditus,

326 2408 552 2451 percipiendos
575 2408 665 2439 annis
688 2407 820 2448 singulis
843 2417 862 2437 a
885 2405 995 2436 Iudeis
1018 2402 1365 2435 Frankinfordensibus
1389 2412 1516 2434 camere
1539 2406 1646 2434 nostre
1670 2403 1786 2443 servis,
1816 2413 1874 2444 pro
1899 2413 1974 2437 con.-

327 2461 513 2492 servacione
537 2463 713 2491 castrorum
738 2463 771 2490 et
794 2458 961 2499 opidorum
980 2455 1193 2497 Oppenheim,
1211 2454 1409 2486 Odernheim
1434 2457 1465 2486 et
1489 2453 1694 2496 Svabesberg
1718 2457 1752 2486 et
1775 2454 1975 2496 quorundam

327 2512 462 2543 aliorum
491 2512 649 2551 locorum,
678 2521 740 2552 que
767 2510 829 2541 sibi
856 2520 914 2551 pro
942 2509 1037 2540 certis
1067 2508 1170 2539 causis
1198 2506 1426 2548 obligavimus,
1449 2509 1545 2548 prout
1573 2507 1605 2537 in
1629 2506 1699 2537 aliis
1722 2507 1838 2538 litteris
1860 2507 1976 2538 nostris

327 2563 482 2595 confectis
513 2563 653 2604 desuper
683 2563 810 2604 plenius
840 2560 1050 2599 continetur²,
1073 2558 1264 2590 fidelitatem
1287 2561 1428 2589 vestram
1458 2559 1649 2600 requirimus
1673 2558 1863 2590 mandantes
1885 2558 1976 2590 vobis

328 2619 362 2647 et
389 2615 516 2646 omnino
544 2614 706 2654 volentes,
734 2614 883 2655 quatinus
905 2612 1049 2654 prefatos
1072 2610 1191 2641 Iudeos
1213 2609 1256 2640 ad
1279 2609 1355 2649 hoc,
1378 2612 1415 2641 ut
1437 2610 1618 2651 predictum
1641 2609 1918 2651 archiepiscopum
1944 2613 1976 2642 et

328 2677 529 2698 successores
563 2677 638 2697 suos
661 2665 713 2697 vel
747 2676 819 2705 eos,
850 2664 965 2707 quibus
998 2664 1067 2704 ipse
1098 2662 1302 2703 deputaverit
1329 2661 1405 2702 hoc,
1433 2662 1524 2693 annis
1551 2662 1683 2703 singulis
1707 2661 1885 2704 expediant
1907 2662 1975 2693 sine

433 2751 497 2779 219.
525 2753 548 2783 ²³)
567 2754 719 2785 excepcione
738 2762 757 2779 c.

435 2816 462 2850 1)
482 2816 575 2849 Supra
593 2825 634 2843 nr.
648 2820 699 2843 204
718 2819 740 2843 et
759 2820 817 2844 205.
905 2817 931 2850 2)
952 2816 1042 2849 Supra
1060 2825 1102 2843 nr.
1118 2820 1172 2844 219.

1992 1524 2016 1544 :25

1994 2209 2018 2228 ³5

1994 2468 2020 2487 4⁰

1993 2756 2018 2775 45
