2184 3126
233 304 291 323 1³24.

220 328 270 348 Ian.
281 330 301 348 ⁷.

325 213 387 245 618
603 208 700 236 ACTA
719 207 833 235 REGNI
851 205 1035 234 LUDEWICI
1055 204 1101 231 IV.
1120 203 1167 230 ET
1186 202 1371 230 FRIDERICI
1390 202 1439 230 ΙΙΙ.
1477 201 1552 229 1323.
1589 202 1638 229 Nr.
1651 201 1711 230 792,

323 299 509 340 iungentes,
540 299 576 328 ut
601 295 684 327 infra
712 295 808 326 trium
835 293 992 325 mensium
1020 291 1164 333 spacium
1196 300 1215 321 a
1239 289 1341 321 datar
1369 289 1566 331 presentium
1592 287 1855 331 computandum,
1879 295 1982 331 quos¹

326 351 374 381 ciy
390 349 431 380 de
448 347 625 380 eorundem
642 347 775 378 fratrum
793 345 925 376 consilio
941 354 998 385 pro
1014 341 1234 384 peremptorio
1250 341 1388 372 termino
1406 341 1617 382 assignamus,
1634 339 1675 371 ab
1691 338 1980 383 administratione,

325 400 463 432 fautoria
491 401 524 430 et
553 398 739 430 defensione
768 396 921 438 predictis
947 405 1077 436 prorsus
1105 393 1266 424 abstineat
1297 402 1335 423 ac
1363 391 1512 433 desistat,
1542 390 1854 424 administrationem
1875 392 1981 434 ipsam

324 462 383 494 per
406 461 440 482 se
464 450 516 481 vel
539 450 637 481 alium
666 458 723 479 seu
751 448 830 479 alios
854 457 917 478 non
940 447 1160 486 resumpturus
1183 444 1318 475 ulterius
1341 444 1401 474 nisi
1424 446 1500 475 tunc
1524 442 1665 484 demum,
1689 453 1763 474 cum
1786 446 1820 475 et
1842 443 1869 475 si
1893 443 1980 476 elec·-

325 505 445 536 tionem
469 512 559 533 suam
582 498 775 539 huiusmodi,
800 508 862 539 que
886 497 927 528 de
950 498 1020 538 ipso
1038 496 1154 527 dicitur
1169 495 1364 535 celebrata2,
1388 505 1427 526 ac
1442 504 1615 536 personam
1632 494 1778 527 eiusdem
1793 505 1854 536 per
1868 495 1980 527 sedem
2012 505 2026 525 t

325 554 535 596 apostolicam
563 551 735 593 approbari
759 549 930 590 contigerit
957 551 990 579 et
1012 547 1153 588 admitti,
1185 546 1337 588 quodque
1360 549 1454 587 gesta
1475 556 1535 588 per
1564 557 1638 578 eum
1660 549 1734 588 post
1757 549 1982 588 presumptum

326 606 366 638 ab
392 616 430 637 eo
455 605 581 635 titulum
604 604 818 634 memoratum
841 601 926 631 circa
949 599 1120 641 premissa,
1152 601 1311 640 quatenus
1333 608 1521 639 processere
1550 597 1591 630 de
1614 597 1716 639 facto,
1747 608 1819 630 cum
1843 597 1884 630 de
1910 598 1980 630 iure

324 667 388 688 non
404 658 536 687 teneant
550 655 638 686 velut
661 653 701 685 ab
718 654 788 694 ipso
812 653 862 683 cui
877 652 927 682 ius
944 650 1083 683 faciendi
1106 661 1170 681 non
1186 649 1393 691 competebat
1415 660 1475 681 nec
1492 649 1649 691 competit
1664 652 1868 691 attemptata,
1892 653 1983 682 curet

324 708 407 739 infra
429 706 610 748 predictum
633 705 804 736 terminum
835 705 990 745 quantum
1021 702 1163 743 patietur
1190 700 1387 742 possibilitas
1416 701 1549 733 realiter
1570 711 1724 733 revocare
1747 704 1871 743 aperte.
1915 701 1982 734 Per

324 759 520 801 presentium
544 758 661 790 seriem
675 756 880 798 *intimantes¹³
903 754 1020 794 eidem,
1045 753 1131 795 quod
1155 753 1181 783 si
1203 753 1236 783 in
1258 752 1422 794 premissis
1444 763 1504 794 per
1527 763 1601 784 eum
1623 753 1707 784 infra
1729 753 1892 794 prefatum
1914 755 1982 785 ter·
2001 762 2026 782 ιο

323 811 445 842 minum
474 808 673 850 exequendis
703 807 873 849 negligens
899 805 997 836 fuerit
1020 805 1071 836 vel
1095 805 1263 845 remissus,
1293 815 1352 835 nos
1383 806 1494 836 contra
1522 805 1629 846 ipsum
1659 804 1702 836 ad
1728 805 1982 846 publicationem

323 871 494 903 penarum,
524 861 557 891 in
581 869 660 901 quas
685 862 819 900 propter
846 858 1021 899 premissos
1049 866 1203 888 excessus
1229 856 1373 887 notorios
1395 855 1545 887 incidisse
1568 857 1710 888 noscitur
1731 856 1784 888 vel
1805 856 1928 888 incidet
1948 855 1982 888 in

324 913 476 952 futurum,
501 915 534 943 et
557 911 637 942 alias
661 914 816 952 quantum
840 908 991 940 suadebit
1013 908 1139 939 iusticia
1162 908 1317 939 eius'non
1340 907 1489 939 obstante
1512 907 1678 940 absentiab
1701 908 1924 950 procedemus.
1968 916 1970 918 ’

432 966 462 995 4.
479 963 643 995 Universis
655 963 786 1004 insuper
798 960 997 1002 patriarchis,
1015 959 1266 1001 archiepiscopis
1279 963 1312 991 et
1323 959 1484 1001 episcopis
1500 962 1534 991 et
1545 959 1616 991 aliis
1626 960 1773 1001 personis
1785 959 1981 991 ecclesiasti-

325 1016 370 1047 cis
386 1015 628 1057 quibuscunque
645 1013 703 1045 sub
718 1024 803 1055 pena
819 1012 1036 1054 suspensionis
1052 1011 1092 1043 ab
1110 1011 1217 1043 officio
1235 1014 1268 1042 et
1284 1010 1453 1052 beneficio,
1475 1021 1572 1052 quam
1588 1021 1645 1043 eos
1658 1011 1822 1043 incurrere
1835 1011 1983 1043 volumus
2001 1023 2025 1043 ιε

324 1068 394 1108 ipso
418 1067 518 1106 facto,
547 1066 608 1097 nisi
630 1066 713 1096 infra
741 1064 921 1106 predictum
950 1063 1121 1095 terminum
1149 1063 1352 1104 infrascripto
1380 1062 1563 1094 inhibitioni
1584 1066 1693 1095 nostre
1717 1062 1893 1095 efficaciter
1915 1066 1982 1095 stu-

326 1118 453 1150 duerint
476 1117 623 1158 obedire,
655 1119 688 1148 et
711 1119 777 1147 tam
800 1117 878 1157 ipsis
901 1126 998 1157 quam
1029 1114 1176 1146 omnibus
1207 1117 1239 1146 et
1265 1114 1400 1156 singulis
1425 1114 1623 1156 civitatibus,
1656 1114 1923 1146 comunitatibus⁰
1949 1117 1984 1147 et

325 1169 586 1201 universitatibus
613 1178 739 1199 necnon
766 1167 911 1209 personis
941 1166 1139 1199 secularibus
1169 1166 1428 1208 quibuscunque,
1463 1167 1682 1208 cuiuscunque
1709 1166 1902 1198 conditionis
1927 1169 1984 1198 aut

325 1224 426 1252 status
451 1221 600 1261 existant,
626 1220 752 1251 etiamsi
775 1219 879 1260 regali
902 1222 958 1250 aut
980 1219 1043 1250 alia
1060 1228 1250 1260 quacunque
1267 1217 1426 1259 dignitate
1445 1218 1662 1260 prefulgeant,
1685 1219 1717 1249 in
1732 1218 1850 1250 virtute
1872 1221 1983 1251 sancte

326 1272 510 1304 obedientie
540 1274 573 1302 et
604 1271 662 1302 sub
691 1271 782 1312 penis
810 1271 1153 1302 excommunicationis
1180 1271 1213 1301 in
1241 1280 1397 1311 personas
1427 1264 1466 1301 et‘
1487 1269 1650 1302 interdicti
1679 1271 1713 1302 in
1739 1273 1842 1302 terras
1871 1280 1983 1302 eorum
2001 1281 2028 1301 so

324 1335 450 1355 necnon
464 1323 651 1364 privationis
667 1323 909 1364 privilegiorum
926 1332 1189 1364 quorumcunque
1206 1322 1456 1363 apostolicorum
1473 1324 1506 1354 et
1520 1322 1724 1364 imperalium
1747 1332 1786 1354 ac
1802 1322 1984 1364 feudorum,

326 1386 388 1417 que
411 1375 452 1406 ab
477 1375 614 1407 ecclesia
637 1375 688 1406 vel
711 1374 847 1415 imperio
871 1374 1025 1414 obtinent,
1049 1373 1243 1405 districtiusd
1265 1373 1459 1415 inhibemus,
1536 1384 1577 1406 ne
1600 1373 1747 1415 predicto
1762 1373 1929 1406 Ludovico
1950 1373 1985 1406 in

326 1427 488 1469 premissis
515 1427 566 1458 vel
594 1427 665 1457 aliis
695 1426 787 1467 regni
814 1436 871 1457 seu
898 1427 1024 1468 imperii
1053 1425 1260 1468 tangentibus
1291 1426 1438 1467 regimen
1466 1428 1621 1467 tanquam
1643 1425 1716 1467 regi
1737 1435 1795 1458 seu
1816 1426 1850 1457 in
1871 1435 1985 1468 regem

325 1480 544 1512 Romanorum
569 1478 686 1518 electO,
715 1478 776 1509 nisi
804 1481 837 1509 et
861 1489 1027 1519 quousque
1052 1478 1172 1509 dictam
1197 1477 1391 1509 electionem
1418 1480 1451 1509 et
1473 1487 1644 1519 personam
1667 1478 1768 1519 ipsius
1790 1488 1850 1519 per
1871 1477 1984 1510 sedem

327 1530 464 1562 eandem
487 1529 659 1571 approbari
683 1530 884 1571 contingeret
906 1530 959 1561 vel
982 1529 1124 1570 admitti,
1154 1530 1186 1560 in
1209 1529 1318 1571 aliquo
1342 1532 1479 1571 pareant
1501 1540 1558 1561 seu
1580 1529 1748 1561 intendant
1769 1539 1852 1561 neve
1875 1528 1984 1562 eidem
2002 1539 2029 1559 ιι

326 1583 358 1613 in
382 1582 623 1624 quibuscunque
647 1581 690 1612 ad
712 1582 858 1623 regimen
881 1581 1077 1623 prelibatum
1100 1581 1322 1623 spectantibus
1350 1581 1510 1623 prebeant
1541 1581 1713 1621 auxilium,
1739 1581 1909 1612 consilium
1930 1580 1984 1612 vel
2028 1586 2030 1588 ’

326 1634 479 1665 favorem.
518 1633 592 1665 Non
615 1633 763 1664 obstante
786 1634 813 1664 si
835 1634 897 1674 ipsi
920 1633 971 1665 vel
995 1644 1107 1665 eorum
1131 1634 1231 1675 aliqui
1259 1633 1302 1664 ad
1328 1633 1390 1665 hoc
1417 1643 1452 1664 se
1477 1632 1563 1665 dicto
1586 1633 1752 1665 Ludovico
1774 1635 1812 1664 ut
1832 1633 1903 1675 regi
1925 1641 1985 1664 seu

326 1686 358 1717 in
381 1695 492 1726 regem
516 1685 620 1716 electo
644 1684 892 1716 adstrinxerint⁰
922 1695 980 1727 per
1009 1685 1176 1717 fidelitatis
1203 1686 1256 1717 vel
1282 1685 1416 1717 alterius
1447 1684 1617 1717 cuiuslibet
1642 1685 1771 1727 generis
1793 1685 1984 1726 iuramenta,

328 1747 390 1778 que
419 1736 563 1778 quidem,
591 1746 664 1768 cum
686 1737 821 1778 prestita
844 1736 964 1768 fuerint
993 1737 1038 1778 ei,
1066 1738 1117 1768 cui
1144 1737 1276 1769 minime
1300 1737 1438 1778 prestari
1468 1736 1649 1769 debuerant
1670 1747 1738 1775 ‚nec
1767 1736 1889 1768 servari
1915 1736 1984 1768 sine

328 1791 438 1820 eterne
462 1788 573 1819 salutis
595 1787 726 1819 valeant
753 1788 962 1829 detrimento,
990 1791 1173 1830 prestantes
1201 1788 1317 1820 eadem
1340 1799 1404 1820 non
1427 1789 1618 1830 astringunt.
1665 1788 1736 1825 Que
1759 1787 1986 1820 nichilominus
2003 1797 2030 1818 ω

328 1840 370 1871 ad
394 1839 554 1870 cautelam
578 1840 769 1872 auctoritate
793 1840 972 1882 apostolica
995 1840 1181 1872 relaxamus
1207 1840 1328 1882 illaque
1357 1851 1448 1872 cassa
1475 1843 1509 1872 et
1536 1841 1626 1872 irrita
1654 1840 1843 1872 nunciantes
1872 1839 1984 1871 decer-

327 1892 431 1922 nimus
455 1892 581 1932 penitus
603 1902 666 1922 non
689 1895 800 1923 tenere
824 1902 884 1923 nec
909 1892 977 1923 fore
1002 1892 1205 1934 aliquatenus
1235 1892 1448 1932 observanda,
1473 1902 1530 1924 seu
1553 1893 1581 1923 si
1602 1892 1730 1934 prefato
1744 1890 1911 1923 Ludovico
1933 1890 1987 1923 vel

329 1942 490 1984 quibusvis
520 1942 590 1973 aliis
619 1944 797 1974 comuniter
824 1943 875 1974 vel
909 1943 1035 1975 divisim
1059 1955 1117 1985 per
1144 1943 1269 1975 litteras
1299 1943 1385 1975 sedis
1420 1943 1567 1975 eiusdem
1600 1943 1687 1975 foret
1714 1942 1772 1974 sub
1796 1953 1986 1985 quacunque

328 1993 498 2025 verborum
522 1993 624 2025 forma
647 1994 700 2025 vel
723 1995 932 2036 expressione
956 2006 1144 2027 concessum
1167 1995 1220 2027 vel
1243 1995 1475 2028 concederetur
1497 1996 1720 2037 imposterum,
1744 1994 1831 2037 quod
1853 2004 1986 2026 excom-

328 2046 492 2086 municari,
516 2045 667 2087 suspendi
690 2045 742 2077 vel
765 2056 877 2077 eorum
893 2050 979 2078 terre
1003 2057 1060 2079 seu
1076 2047 1147 2078 loca
1163 2047 1312 2079 interdici
1332 2057 1397 2079 non
1420 2047 1555 2089 possint,
1578 2057 1658 2089 quas
1673 2049 1785 2079 contra
1800 2048 1986 2088 presentem
2005 2055 2031 2076 ns

329 2107 512 2137 processum
529 2100 672 2128 nostrum
695 2098 727 2128 in
742 2098 830 2129 nullo
848 2099 894 2129 eis
910 2098 1074 2130 volumusr
1096 2099 1275 2141 suffragari,
1300 2099 1358 2131 sed
1378 2100 1466 2141 ipsas
1481 2098 1590 2141 quoad
1604 2098 1687 2130 hoc!
1701 2098 1824 2130 viribus
1839 2097 1988 2131 volumus

331 2148 457 2178 omnino
482 2159 602 2180 carere.
647 2149 698 2180 Ex
720 2150 885 2190 premissis
914 2153 1023 2182 autem
1051 2161 1109 2182 nos
1133 2162 1338 2192 nequaquam
1361 2150 1558 2182 intendimus
1584 2160 1645 2182 nec
1667 2150 1816 2182 volumus
1839 2149 1987 2192 obligari,

330 2199 406 2239 quin
433 2199 475 2230 ad
502 2200 751 2240 publicationem
782 2201 940 2233 dictarum
963 2212 1119 2243 penarum
1148 2205 1182 2235 et
1211 2203 1292 2234 alias
1322 2205 1433 2234 contra
1461 2202 1581 2234 dictum
1603 2201 1806 2234 Ludovicum
1827 2201 1988 2243 possimus

331 2250 491 2290 pendente
507 2251 688 2283 huiusmodi
705 2253 858 2285 dilatione
875 2254 1064 2295 procedere,
1082 2257 1178 2296 prout
1192 2255 1312 2286 iustum
1328 2254 1426 2286 fuerit
1442 2258 1476 2286 et
1490 2254 1583 2286 nobis
1594 2255 1697 2286 visum
1709 2253 1808 2286 fuerit
1819 2252 1986 2295 expedire.

439 2304 468 2332 5.
502 2300 543 2332 Ut
566 2306 675 2334 autem
698 2304 883 2336 huiusmodi
905 2316 1076 2347 processus
1098 2305 1227 2338 nosterh
1250 2305 1293 2337 ad
1319 2306 1419 2348 ipsius
1441 2305 1612 2338 Ludovicii
1635 2308 1668 2338 et
1690 2304 1827 2346 aliorum
1850 2314 1988 2347 quorum
2004 2313 2032 2335 4ο

332 2352 464 2383 interest
477 2363 643 2385 comunem
655 2356 806 2387 noticiam
819 2356 1008 2397 deducatur,
1022 2361 1127 2389 cartas
1139 2358 1206 2389 sive
1218 2357 1425 2390 membranas
1436 2367 1623 2400 processum
1636 2357 1836 2389 continentes
1849 2355 1988 2388 eundem

333 2403 365 2433 in
382 2404 517 2434 ecclesia
532 2405 792 2448 Avinion(ensi)¹¹
807 2409 948 2450 appendi
964 2409 1016 2441 vel
1036 2409 1126 2451 affigi
1147 2409 1248 2441 ostiisl
1264 2420 1322 2442 seu
1341 2409 1667 2451 superliminaribusm
1684 2408 1832 2440 eiusdem
1848 2408 1987 2441 ecclesie

334 2454 497 2495 faciemus,
521 2466 582 2496 que
606 2468 787 2497 processum
811 2461 914 2501 ipsum
940 2471 997 2493 suo
1022 2462 1114 2503 quasi
1137 2471 1254 2493 sonoro
1270 2461 1424 2503 preconio
1448 2463 1482 2493 et
1496 2461 1607 2502 patulo
1630 2460 1749 2492 indicio
1764 2459 1986 2502 publicabunt,

334 2508 369 2536 ut
396 2505 484 2537 idem
507 2506 688 2539 Ludovicus
716 2513 749 2541 et
776 2511 830 2542 alii
861 2523 942 2553 quos
970 2523 1140 2554 processus
1168 2513 1238 2554 ipse
1267 2513 1424 2554 contingit
1450 2513 1574 2544 nullam
1596 2513 1720 2554 possint
1742 2512 1987 2544 excusationem

334 2557 536 2598 pretendere,
561 2559 646 2599 quod
669 2560 712 2591 ad
735 2571 790 2593 eos
813 2573 876 2594 non
898 2565 1081 2605 pervenerit
1103 2565 1157 2596 vel
1180 2564 1267 2606 quod
1282 2564 1460 2606 ignorarint
1483 2563 1634 2604 eundem,
1657 2573 1730 2596 cum
1753 2574 1818 2595 non
1840 2564 1881 2595 sit
1902 2563 1987 2596 veri—
2004 2575 2031 2597 ιι

335 2608 438 2639 simile
466 2609 592 2649 quoad¹1
619 2610 706 2651 ipsos
733 2620 922 2646 remanere0
950 2615 1148 2657 incognitum
1177 2616 1229 2648 vel
1259 2615 1430 2656 occultum,
1462 2615 1549 2658 quod
1578 2619 1644 2647 tam
1667 2617 1818 2657 patenter
1841 2613 1988 2647 omnibus

440 2692 503 2719 792·
530 2694 560 2726 w)
578 2696 630 2722 dat.
651 2696 673 2722 1.
742 2697 768 2729 ¹)
787 2699 855 2730 quod
872 2699 896 2725 3.
966 2701 991 2733 7)
1010 2703 1046 2727 eis
1067 2702 1089 2727 1.
1159 2702 1183 2734 Β)
1201 2703 1355 2728 celebratam
1371 2702 1394 2728 1.
1465 2701 1489 2734 Ι)
1507 2702 1662 2727 nunciantes
1679 2701 1704 2728 3.
1774 2701 1800 2735 b)
1818 2701 1951 2728 obsecutis
1963 2700 1987 2727 1.

336 2734 360 2767 ⁰)
376 2744 503 2761 commun.
521 2736 544 2763 2.
627 2737 652 2770 d)
671 2739 803 2765 distrixius
824 2741 846 2767 1.
928 2743 952 2775 θ)
970 2745 1141 2771 extrinxerint
1160 2745 1185 2771 1.
1265 2744 1287 2777 ¹')
1305 2746 1428 2771 nolumus
1447 2745 1470 2771 1.
1561 2743 1588 2777 Β)
1605 2745 1653 2770 heo
1670 2743 1698 2777 ἢ
1717 2753 1749 2771 ea
1767 2744 1792 2771 3.
1873 2743 1900 2777 h)
1918 2751 1986 2777 nequ

335 2786 470 2812 processus
489 2779 563 2805 delet.
584 2780 606 2806 1.
686 2781 704 2813 i)
722 2791 789 2815 sequ.
808 2785 927 2810 noticiam
946 2787 1019 2812 delet.
1040 2787 1062 2813 1.
1147 2787 1175 2820 ¹¹)
1194 2789 1271 2814 Avin.
1284 2789 1345 2814 eccl.
1365 2787 1390 2814 2·
1473 2786 1493 2820 l)
1512 2788 1602 2813 hostiis
1620 2787 1645 2814 3·
1723 2786 1757 2821 m)
1774 2787 1943 2822 flulffil'lnmin·
1964 2786 1987 2813 Ι·

336 2819 362 2852 ¹²)
381 2822 447 2853 quod
466 2822 499 2846 ad
517 2821 540 2848 2.
629 2826 653 2855 0)
673 2830 813 2851 remaneret
831 2826 855 2852 2.
2004 2835 2032 2856 ω
