2184 3126
403 126 500 155 ACTA
519 125 634 154 REGM
653 124 836 155 LUDEWICI
856 124 903 153 IV.
922 124 969 152 m*
988 124 1174 154 munemel
1193 125 1240 154 111.
1278 125 1353 154 1324.
1390 124 1438 152 Nr.
1451 125 1510 153 860.
1529 125 1589 154 861.
1606 126 1667 154 862.
1801 129 1867 159 (379

209 213 468 256 Tremonen(sis)
492 213 648 256 predicte,
672 213 874 255 pronuncies,
898 212 1038 244 diffinias
1060 215 1094 245 et
1115 212 1298 245 sentencies
1321 212 1405 244 inter
1427 221 1484 244 eos
1511 215 1545 244 et
1574 213 1600 244 si
1624 222 1720 254 quem
1749 222 1791 244 ex
1821 213 1870 244 eis

210 266 259 298 ius
282 265 403 298 habere
425 266 459 298 in
482 265 647 308 premissis
669 264 866 297 sufficienter
888 264 1059 306 inveneris,
1082 264 1171 296 illum
1195 267 1250 296 tua
1266 264 1463 296 exeencione
1485 263 1517 295 in
1541 264 1609 297 iure
1632 274 1690 296 suo
1707 266 1869 306 potestate

210 320 320 350 nostra
342 319 554 350 manuteneas
578 320 612 349 et
633 315 801 357 defendas,
825 315 956 359 reliquis
983 315 1109 348 duobus
1135 318 1329 358 perpetuum
1352 315 1518 348 silencium
1545 314 1763 357 imponendo*
1786 318 1820 346 et
1849 325 1869 346 a

171 369 181 379 '
210 369 415 412 quibuslibet,
439 369 466 400 si
489 378 570 411 quas
591 367 748 400 inferrent
769 370 884 410 postea
906 368 983 410 ipsis
1005 366 1137 408 civibus,
1161 367 1423 400 infestacionibus
1445 366 1678 409 conpescendo.
1724 365 1819 403 Quod
1842 366 1869 397 si

178 435 191 454 s
211 420 294 454 forte
318 431 376 463 pro
399 420 505 452 nullo⁰
527 420 669 462 ipsorum
693 420 742 451 ius
766 419 889 452 fatered
912 420 1081 461 inveneris,
1102 420 1242 462 inposito
1265 418 1414 451 omnibns
1433 418 1511 461 ipsis
1527 418 1669 459 silencio,
1693 428 1713 450 a
1736 417 1867 460 quibus-

210 472 290 506 libet
311 471 468 504 molestiis
490 470 584 503 dictis
606 470 729 503 civibus
753 469 904 503 ammodo
927 470 1102 504 inferendis
1125 481 1181 503 eos
1196 470 1370 503 coherceas
1392 475 1426 503 et
1447 480 1633 513 conpescas‚
1657 471 1805 502 invocato
1826 468 1869 500 ad

209 524 285 565 hoc,
313 524 340 555 si
363 533 444 566 opus
473 522 585 564 fuerit,
613 522 735 555 auxilio
758 521 875 554 nobilis
898 522 956 554 viri
980 547 988 554 .
1005 546 1013 555 .
1047 522 1174 555 comitis
1204 522 1245 554 de
1274 521 1419 554 Mai-chia
1453 525 1487 554 et
1516 521 1653 554 aliorum
1686 524 1869 553 nostrorum

209 574 353 608 fidelium
376 574 562 606 vicinorum.
610 573 774 616 Quidquid
798 577 906 606 autem
930 573 1046 607 feceris
1069 574 1101 606 in
1124 574 1297 616 premissis,
1320 583 1398 605 mox
1420 573 1483 605 tuis
1505 573 1620 605 litteris
1641 572 1734 605 nobis
1756 573 1869 605 rescri-

210 627 287 659 bere
321 636 384 659 non
422 625 585 658 obmittas.
653 625 826 659 Presentes
864 636 993 668 quoque
1031 625 1167 668 registro
1205 628 1314 657 nostro
1352 624 1394 657 ad
1430 624 1612 657 habendam
1650 623 1868 667 predictorum

167 689 193 710 ιο
210 678 401 711 memoriam
425 676 465 711 de
488 676 587 710 verbo
610 677 652 709 ad
676 677 810 709 verbum
833 677 967 710 fecimus
989 678 1136 710 annotari
1149 677 1168 709 ¹.

318 737 395 770 Dat.
417 738 450 770 in
474 737 619 779 Colonia,
643 737 722 771 1111.
739 738 855 770 Kalen.
871 737 994 779 Marcii,
1017 748 1101 770 anno
1116 737 1247 770 Domini
1270 737 1441 770 millesimo
1465 737 1692 769 trecentesimo
1716 736 1869 768 vicesimo

209 793 335 832 quarto,
359 790 451 832 regni
472 799 549 822 vero
573 790 671 822 nostri
695 800 778 822 anno
802 789 938 822 decimo.

507 955 594 992 861.
637 954 859 1001 anileyium
881 965 952 1001 pro
979 954 1114 990 civitate
1142 953 1306 990 varensi.
1412 952 1524 988 Mart.
1544 954 1576 987 1.

318 1038 512 1070 Extractum
533 1037 570 1069 in
592 1037 689 1070 Libro
711 1037 925 1070 cancellariae
947 1037 1044 1069 citato
1063 1035 1122 1079 sol.
1139 1037 1212 1068 108.
1260 1035 1402 1069 Contulit
1423 1035 1467 1068 H.
1484 1035 1596 1068 Herrc.

170 1109 194 1130 u
320 1097 468 1136 Biihmer,
490 1097 566 1139 Req.
589 1097 701 1130 Ludw.
719 1108 756 1138 p.
771 1099 814 1129 40
836 1107 886 1130 nr.
904 1097 977 1130 694.

319 1192 404 1225 Item
428 1192 575 1224 dominus
597 1202 656 1224 rex
679 1191 879 1224 confirmavit
908 1202 950 1224 ex
979 1194 1068 1224 certa
1090 1190 1229 1224 sciencia
1251 1191 1359 1223 omnia
1382 1189 1551 1232 privilegia
1573 1188 1694 1221 civibus
1716 1191 1750 1220 et
1773 1187 1870 1230 opido

210 1244 383 1278 Durinensi
399 1243 600 1276 Coloniensis
617 1243 764 1286 dyocesis
780 1244 846 1276 sive
870 1242 911 1276 ab
935 1253 974 1275 eo
998 1243 1065 1275 sive
1086 1242 1128 1275 ab
1143 1242 1215 1275 aliis
1230 1241 1362 1284 regibus
1376 1242 1429 1274 vel
1443 1239 1692 1284 imperatoribus
1707 1249 1871 1272 concessa.

211 1296 296 1328 Item
323 1296 447 1338 recepit
476 1305 533 1328 eos
560 1295 592 1327 in
620 1295 795 1338 specialem
822 1295 1058 1338 protectionem
1087 1305 1188 1327 suam.
1234 1293 1317 1326 Item
1340 1293 1558 1335 incorporavit
1584 1302 1641 1324 eos
1663 1301 1792 1324 camere
1813 1301 1871 1323 sue

211 1351 246 1381 et
268 1347 359 1380 dedit
382 1347 429 1379 eis
451 1347 521 1379 iura
544 1349 578 1379 et
599 1346 768 1390 privilegia
791 1347 928 1379 civitatis
943 1346 1106 1390 Aquensis
1128 1349 1162 1378 et
1183 1345 1270 1389 quod
1293 1346 1362 1378 sine
1386 1344 1529 1381 thelonio
1553 1354 1612 1387 per
1634 1353 1746 1376 omnes
1769 1346 1871 1375 terras

165 1405 193 1426 ³⁰
211 1399 338 1441 imperii
360 1399 483 1441 possint
504 1399 561 1431 ire.

318 1458 395 1492 Dat.
418 1459 450 1490 in
474 1458 628 1499 Colonia,
657 1458 796 1491 Kalend.
820 1458 947 1499 Marcii,
977 1468 1061 1490 anno
1091 1457 1222 1490 Domini
1244 1456 1518 1498 Mcocxxnn,
1549 1456 1640 1498 regni
1668 1464 1744 1487 vero
1773 1453 1873 1486 nostri

211 1521 295 1544 anno
319 1510 456 1544 decimo.

451 1640 538 1678 862.
578 1641 751 1688 Scriptum
779 1642 826 1678 ad
855 1641 1002 1678 Ericum
1031 1641 1150 1677 ducem
1177 1639 1362 1675 Saxoniae.
1468 1637 1580 1674 Mart.
1596 1640 1633 1673 2.

323 1723 483 1764 Orffinale
510 1724 547 1756 in
572 1723 730 1757 tabulario
757 1725 841 1766 reyio
867 1723 1075 1757 Sleswicensi.
1124 1721 1322 1756 contulimus
1343 1730 1410 1753 nos.
1458 1720 1629 1760 Inscriptio
1651 1722 1718 1752 est:
1752 1719 1874 1751 Illustri

167 1781 194 1802 ,ὁ
211 1774 308 1808 Erico
332 1774 405 1809 duci
429 1774 569 1808 Saxonie
592 1776 728 1819 principi
755 1780 865 1809 nostro
897 1775 1025 1808 dilecto.
1083 1773 1188 1815 Siculi
1214 1773 1324 1805 secreti
1352 1782 1441 1805 cerae
1471 1771 1585 1804 rubeae
1612 1771 1704 1804 dorso
1726 1771 1873 1812 impressi

209 1827 340 1868 vestiyia
362 1827 490 1860 adsunt.

316 1886 464 1926 Bo'hmer,
489 1887 565 1928 Rey.
587 1887 700 1919 Ludw.
722 1898 754 1928 p.
768 1887 831 1919 355
854 1898 904 1919 nr.
922 1887 1007 1918 3214
1021 1886 1149 1927 (Addit.
1169 1885 1254 1926 III).

320 1981 544 2024 Lud(owicus)
568 1981 631 2014 Dei
655 1983 764 2024 gracia
786 1981 1006 2014 Romanorum
1034 1991 1093 2013 rex
1121 1990 1251 2023 semper
1279 1981 1434 2022 augustus
1533 1977 1649 2010 illustri
1670 1976 1766 2009 Erico
1798 1976 1873 2009 duci

207 2033 357 2067 ‘Saxonie
380 2034 515 2077 principi
538 2044 595 2066 suo
619 2033 739 2066 dilecto
827 2034 966 2076 gratiam
989 2043 1079 2065 suam
1103 2036 1136 2066 et
1158 2042 1253 2065 omne
1276 2031 1406 2064 bonum.

165 2092 196 2114 ω
322 2085 579 2118 Excusacionem
603 2088 692 2118 tuam
709 2095 767 2128 per
782 2085 967 2128 religiosum
984 2085 1087 2117 virum
1106 2109 1112 2117 .
1131 2109 1138 2116 .
1156 2083 1371 2116 exhibitorem
1387 2082 1595 2125 presentium,
1619 2083 1708 2113 tuum
1724 2080 1874 2112 nuncium

211 2136 304 2170 nobis
326 2137 447 2170 factam
471 2137 662 2179 recepimus,
686 2141 774 2169 tuam
797 2136 983 2169 absenciam
1007 2147 1065 2179 pro
1094 2146 1177 2168 nunc
1200 2134 1426 2168 tollerabiliter
1447 2133 1650 2165 sustinentes.
1698 2131 1876 2164 Hortamur

211 2188 321 2232 itaque
344 2189 563 2222 sinceritatem
587 2191 676 2221 tuam
699 2191 853 2230 attente,¹
867 2189 1017 2231 quatinus
1039 2188 1195 2220 illustrem
1218 2186 1429 2219 Ludowicum
1451 2184 1671 2217 marchionem
1693 2183 1874 2216 Brandem·

211 2239 406 2283 burgensem
428 2240 530 2272 filium
547 2243 691 2272 nostrum
707 2240 906 2273 carissimum
923 2240 981 2272 tibi
997 2239 1258 2272 commendatum
1273 2237 1406 2279 habeas,
1429 2236 1490 2268 sibi
1504 2237 1596 2269 iuxta
1611 2235 1698 2279 quod
1713 2234 1876 2268 nobilibus

211 2291 288 2323 viris
309 2290 526 2334 Burch(ardo)
550 2291 663 2324 comiti
692 2291 733 2324 de
756 2291 960 2324 Mannesvelt
990 2294 1024 2323 et
1046 2290 1211 2323 Friderico
1235 2289 1408 2332 burgravio
1432 2287 1472 2321 de
1494 2287 1700 2330 Nuremberg
1725 2286 1875 2319 fidelibus

171 2349 199 2370 δῦ
218 2342 335 2375 nostris
350 2342 476 2375 dilectis
490 2345 600 2375 nostro
616 2343 746 2375 nomine
763 2342 948 2385 promisisti,
964 2343 996 2374 in
1011 2341 1157 2374 Marchia
1173 2340 1392 2384 obsequendo.
1437 2340 1516 2372 Tuis
1531 2341 1634 2372 eciam
1649 2338 1875 2382 peticionibus,

214 2403 311 2437 quam
334 2394 471 2436 primum
495 2397 528 2427 te
552 2393 594 2426 ad
615 2404 676 2426 nos
697 2394 807 2427 venire
830 2394 1005 2436 continget,
1030 2392 1252 2425 favorabiliter
1273 2402 1461 2425 annuemus.

318 2452 395 2486 Dat.
417 2454 451 2486 in
473 2453 618 2496 Colonia,
642 2453 700 2487 VI.
717 2453 800 2487 Non.
824 2454 948 2496 Marcii,
971 2454 1062 2496 regni
1086 2453 1185 2485 nostri
1213 2463 1297 2485 anno
1321 2452 1458 2485 decimo.

312 2598 380 2638 βω.
407 2599 432 2632 b)
452 2601 487 2626 im
505 2609 574 2627 eor-r.
591 2608 623 2626 a
641 2600 680 2627 int
697 2609 736 2627 or.
824 2601 847 2632 c)
866 2609 881 2626 o
899 2609 967 2627 corr.
986 2608 1018 2626 ex
1036 2599 1075 2626 n?
1095 2609 1133 2627 or.
1222 2598 1248 2632 d)
1267 2600 1303 2626 sic
1320 2608 1359 2625 or.

315 2702 340 2736 1)
359 2701 395 2728 In
412 2701 496 2729 Libro
512 2701 700 2735 cancellariae,
721 2709 797 2736 quern
814 2701 923 2735 saepius
941 2700 1103 2735 adhibemus,
1122 2709 1177 2728 non
1194 2701 1336 2728 int-enitar.
