2184 3126
242 1361 291 1382 Iun.
301 1362 332 1382 2³.

347 195 410 226 696
621 190 718 218 ACTA
735 189 848 217 REGNI
866 189 1053 217 LUDEWICI
1072 188 1119 215 IV.
1138 187 1184 214 ΕΤ
1204 187 1389 215 FRIDERICI
1408 187 1456 213 111.
1495 187 1570 214 1324.
1605 187 1655 213 Νι.
1668 187 1728 214 881.

348 278 500 309 dilatione
524 287 708 308 concessum
732 276 947 326 comparendo
972 285 1080 307 coram
1102 274 1196 306 nobis
1218 284 1278 315 per
1301 283 1335 305 se
1358 274 1410 305 vel
1436 276 1678 314 procuratorem
1701 273 1912 316 legitimum1,
1941 285 2002 307 nec

349 329 446 360 etiam
480 331 595 370 postea
628 327 669 360 de
706 327 905 369 benignitate
925 315 1025 358 sedis
1057 325 1234 367 apostolice
1268 324 1382 356 diebus
1417 324 1563 366 pluribus
1598 325 1763 366 expectati
1797 328 2002 368 contemptus

349 380 502 412 evidensd
536 381 681 421 exigant,
713 378 898 410 scandalum
933 388 1076 419 quoque,
1116 376 1260 419 pericula
1283 377 1451 418 ·plurima‚
1489 386 1552 417 que
1586 375 1733 418 profecto
1770 377 2000 419 premissorum

349 432 558 463 dissimulatio
588 434 621 462 et
648 431 820 471 impunitas
843 429 894 461 vel
918 429 1018 461 dilata
1040 429 1166 460 iusticia
1193 427 1407 470 probabiliter
1429 427 1673 468 comminatur-⁰,
1697 427 1884 461 desiderent
1904 438 2001 471 super

348 483 510 524 premissis
533 485 643 513 contra
666 481 784 513 dictum
808 481 946 513 electum
970 480 1010 512 de
1026 479 1171 512 remedio
1188 479 1285 511 celeri
1302 489 1360 520 per
1376 477 1585 519 oportunamf
1600 482 1634 510 et
1648 479 1827 520 rigorosam
1842 480 2002 512 iusticiam

347 533 518 575 provideri,
542 543 599 564 nos
622 536 730 564 tamen
757 532 861 564 adhuc
885 532 1030 563 volentes
1053 541 1125 563 cum
1149 530 1266 562 eodem
1295 530 1399 562 electo
1423 529 1470 561 uti
1497 530 1606 571 potius
1627 530 1874 562 mansuetudine
1902 541 2000 574 quam

347 586 452 626 rigore
475 595 512 616 ac
535 584 682 625 probare,
706 586 812 616 utrum
835 582 1089 615 mansuetudinis
1111 585 1219 614 nostre
1242 582 1425 624 benignitas
1447 581 1552 623 ipsum
1575 591 1596 613 a
1618 584 1685 614 tam
1708 581 1889 624 periculoso
1906 582 2001 615 devio

347 636 466 676 valeat,
502 635 586 677 quod
623 634 790 666 desideriis
824 635 956 666 intensis
990 634 1188 676 appetimus,
1222 642 1392 672 revocare,
1428 631 1469 664 de
1507 632 1665 665 dictorum
1699 633 1834 666 fratrum
1867 634 2002 666 consilio

347 687 536 718 auctoritate
559 686 736 728 apostolica
759 696 817 727 per
839 686 1077 727 infrascriptum
1100 685 1231 717 modum
1256 684 1405 716 duximus
1428 683 1651 723 ordinandum,
1674 685 1827 717 videlicet
1849 685 1936 728 quod
1959 685 2002 718 ad

345 738 595 780 publicationem
618 739 777 769 sententie
800 737 1140 769 excommunicationis
1162 747 1222 778 per
1243 746 1302 767 nos
1324 739 1359 767 ut
1381 735 1578 777 premittitur
1599 737 1814 779 promulgate,
1844 738 1877 769 in
1901 748 1998 780 quam

347 790 433 821 idem
466 790 587 821 electus
617 792 749 831 propter
777 800 868 821 suam
902 790 934 820 in
969 789 1133 831 premissis
1167 789 1371 819 commissam
1405 787 1683 820 inobedientiame
1713 792 1747 820 et
1779 792 1998 831 contemptum

345 840 494 872 incidisse
524 840 711 881 dinoscitur,
746 841 958 883 procedentes
988 840 1028 872 ab
1062 840 1197 872 aliarum
1225 849 1382 881 penarum
1414 838 1652 880 publicatione,
1686 841 1719 872 in
1746 851 1826 883 quas
1853 841 2001 874 similiter

345 892 465 930 incidit,
493 892 760 933 supersedeamus
790 892 831 924 ad
860 902 1001 934 presens.
1061 891 1206 933 Ideoque
1240 890 1402 932 prefatum
1438 891 1578 922 electum
1613 891 1654 923 de
1688 892 1831 934 ipsorum
1865 892 2000 925 fratrum

346 944 477 975 consilio
512 944 702 975 auctoritate
737 944 919 985 apostolica>
947 944 979 975 in
1013 943 1192 985 predictam
1224 942 1566 974 excommunicationis
1599 944 1793 976 sententiam
1827 944 2000 977 incidisse⁸¹

346 1000 495 1038 presente
522 996 583 1027 hac
612 995 815 1026 multitudine
846 996 975 1037 copiosa
1003 994 1147 1026 fidelium
1175 994 1377 1026 declaramus
1403 994 1575 1036 ipsumque
1604 995 1749 1037 predicta
1777 997 1998 1028 excommuni-

346 1048 480 1079 cationis
502 1048 660 1078 sententia
683 1047 868 1078 innodatum
892 1050 924 1078 et
939 1046 1028 1078 velut
1051 1047 1363 1078 excommunicatum
1388 1049 1497 1087 preter
1520 1056 1612 1077 casus
1635 1050 1790 1089 exceptos
1813 1047 1999 1080 evitandum

346 1099 387 1130 ab
411 1098 558 1130 omnibus
580 1099 766 1129 nunciamus
783 1109 920 1140 eumque
944 1098 1169 1129 nichilominus
1185 1100 1311 1129 astante
1327 1097 1474 1138 predicta
1489 1097 1694 1129 multitudine
1710 1099 1840 1140 copiosa
1856 1099 2000 1131 fidelium

345 1161 403 1192 per
424 1149 485 1181 hoc
508 1160 640 1190 presens
664 1149 803 1181 edictum
826 1149 989 1191 publicum
1013 1150 1188 1181 solenniter
1209 1149 1403 1180 auctoritate
1419 1148 1566 1190 predicta
1582 1159 1760 1190 monemus,
1783 1149 1844 1181 sibi
1860 1150 1999 1182 auctori-

346 1205 412 1233 tate
435 1201 613 1243 apostolica
635 1201 693 1232 sub
718 1211 801 1243 pena
817 1202 1004 1242 privationis
1027 1202 1129 1232 omnis
1152 1201 1239 1242 iuris,
1269 1201 1295 1232 si
1319 1200 1406 1242 quod
1429 1200 1491 1232 sibi
1513 1211 1555 1233 ex
1578 1211 1637 1233 sua
1660 1200 1820 1234 electione
1844 1202 2001 1244 predicta,

347 1262 408 1293 que
432 1252 472 1283 de
495 1253 565 1293 ipso
595 1252 710 1284 dicitur
738 1252 916 1292 celebrata,
945 1253 1009 1285 veli
1036 1253 1078 1285 ad
1106 1264 1239 1296 regnum
1273 1256 1312 1295 et
1333 1253 1504 1294 imperium
1532 1252 1739 1285 Romanum¹¹
1769 1254 1999 1297 quoquomodo

346 1305 500 1345 competit
522 1307 556 1335 et
578 1308 688 1345 posset
711 1307 906 1346 competere,
934 1316 1030 1347 quam
1053 1306 1078 1336 si
1102 1305 1269 1337 monitioni
1292 1308 1326 1336 et
1347 1304 1502 1336 mandato
1526 1304 1709 1337 huiusmodi
1732 1304 1909 1338 efficaciter
1936 1317 2002 1338 non

345 1355 482 1397 parebit,
498 1366 571 1387 eum
588 1356 749 1387 incurrere
766 1357 914 1388 volumus
930 1357 1000 1398 ipso
1017 1357 1112 1397 facto,
1137 1356 1310 1388 districtius
1325 1357 1539 1398 iniungentes,
1563 1359 1598 1388 ut
1612 1356 1713 1388 infra¹
1729 1357 1825 1389 trium
1842 1358 2001 1390 mensium

2018 1010 2044 1030 15

347 1408 485 1448 spatium
509 1418 528 1438 a
551 1406 626 1438 data
649 1408 845 1449 presentium
869 1409 998 1440 inantea
1021 1408 1272 1450 computandum
1296 1418 1330 1440 se
1354 1418 1466 1450 regem
1489 1408 1739 1450 Roman(orum)
1762 1419 1826 1441 non
1848 1409 2000 1451 intitulet,
2042 1436 2044 1438 ,

346 1469 408 1489 non
436 1458 622 1489 denominet
651 1469 710 1491 nec
737 1459 925 1490 describat¹¹¹
949 1470 1008 1491 nec
1035 1470 1094 1501 per
1123 1460 1204 1491 alios
1227 1459 1326 1491 faciat
1348 1464 1505 1502 quantum
1527 1460 1559 1491 in
1583 1470 1622 1492 eo
1646 1459 1744 1492 fuerit
1766 1461 1822 1492 tali
1845 1461 2001 1495 intitulari

347 1509 438 1541 titulo
462 1510 512 1541 vel
537 1511 632 1542 etiam
657 1511 824 1550 nominari,
848 1511 889 1542 ab
912 1511 1128 1544 intitulatione
1151 1514 1184 1543 et
1207 1511 1470 1544 denominatione
1493 1512 1597 1554 regali
1624 1511 1808 1544 huiusmodi
1836 1524 1896 1555 per
1923 1523 1998 1548 eum

345 1561 488 1593 indebite
510 1565 663 1603 usurpata
686 1572 723 1594 ac
746 1562 1023 1594 administratione
1047 1564 1139 1605 regni
1163 1566 1196 1594 et
1218 1563 1345 1605 imperii
1367 1563 1587 1605 predictorum
1611 1566 1664 1595 et¹¹
1687 1574 1794 1596 rerum
1821 1575 1860 1597 ac
1882 1566 1998 1599 iux-ium

347 1613 541 1644 eorundemn
564 1613 783 1654 abstinend00,
812 1613 1118 1655 denominationem,
1142 1614 1393 1647 intitulationem
1417 1618 1470 1647 et„
1500 1615 1812 1648 administrationem
1837 1617 2001 1658 predictas

345 1676 409 1696 non
436 1668 655 1706 resumpturus
683 1666 834 1706 ulterius,
861 1667 921 1697 nisi
949 1667 974 1697 si
1003 1670 1036 1698 et
1063 1666 1191 1708 quando
1219 1677 1391 1708 personam
1420 1668 1520 1709 ipsius
1552 1671 1586 1699 et
1617 1668 1828 1708 electionem,
1863 1679 1926 1711 que
1958 1669 2000 1703 de

346 1717 414 1758 ipso
439 1717 600 1748 celebrata
623 1717 720 1749 fuisse
745 1717 869 1758 dicitur,
893 1728 952 1760 per
975 1718 1087 1750 sedem
1111 1718 1249 1750 eandem
1272 1719 1445 1761 approbari
1468 1719 1663 1762 contigeritq
1687 1723 1720 1752 et
1741 1719 1879 1753 admitti.

455 1771 484 1799 5.
518 1769 548 1800 A
578 1769 715 1800 fautoria
739 1779 866 1811 quoque
890 1773 923 1802 et
952 1769 1157 1802 defensioner
1179 1774 1246 1802 tam
1270 1770 1427 1803 dictorum
1450 1771 1666 1803 hereticorum
1689 1770 2000 1806 Mediolanensium·

347 1819 514 1851 rebellium
537 1820 599 1851 Dei
627 1823 658 1851 et
683 1821 818 1852 ecclesie
842 1832 939 1863 quam
962 1821 1244 1863 Ferrarien(sium)
1267 1822 1420 1854 videlicet
1442 1822 1603 1864 Raynaldi
1627 1826 1662 1855 et
1684 1823 1837 1865 opizonis
1859 1823 1999 1858 filiorum

347 1870 455 1902 dilecti
470 1871 525 1902 filii
541 1872 655 1903 nobilis
671 1873 729 1904 viri
745 1872 965 1905 Ildebrandini
981 1874 1175 1906 marchionis
1190 1874 1345 1914 Estensis,
1369 1875 1422 1916 qui
1441 1874 1573 1916 quidem
1595 1874 1654 1906 filii
1676 1878 1750 1906 sunt
1772 1876 1937 1908 similiter*
1958 1876 2000 1909 de

346 1922 419 1954 labe
436 1924 600 1964 pravitatis
617 1924 757 1956 heretice
774 1924 1002 1967 condempnati
1025 1936 1062 1957 ac
1086 1926 1227 1958 rebelles
1243 1926 1381 1958 ecclesie
1405 1929 1597 1966 memorate,
1622 1936 1801 1969 eorumque
1825 1927 1999 1970 fautorum,

345 1974 514 2006 valitorum
538 1978 570 2006 et
593 1976 794 2017 sequatiumu
818 1987 946 2019 prorsus
969 1977 1130 2009 abstinere
1154 1982 1314 2019 procuret.
1366 1977 1534 2010 Fidelitati
1558 1978 1657 2009 etiam
1681 1981 1715 2010 et
1737 1978 1901 2020 homagio,
1934 1990 1998 2022 que

345 2026 468 2057 ratione
499 2027 634 2058 civitatis
660 2027 887 2069 FerrariensiS,
918 2040 979 2070 que
1010 2030 1110 2071 ipsius
1138 2029 1285 2062 Romane
1319 2030 1456 2062 ecclesie
1490 2029 1577 2071 pleni
1611 2030 1688 2061 iuris
1722 2033 1756 2062 et
1789 2031 1998 2072 proprietatis

347 2077 463 2117 existit,
487 2080 680 2120 presumpsit
702 2080 846 2121 recipere
870 2080 912 2112 ab
944 2080 1068 2112 eisdem
1097 2081 1130 2112 in
1156 2084 1301 2112 nostrum
1332 2085 1367 2112 et
1395 2081 1542 2113 eiusdem
1575 2081 1712 2112 ecclesie
1740 2091 1894 2123 magnum
1922 2093 1999 2115 con—

347 2130 502 2169 temptum
531 2132 626 2171 atque
657 2130 858 2172 dispendium
889 2134 922 2164 et
948 2132 1160 2173 preiudicium
1188 2132 1410 2173 manifestum,
1440 2132 1570 2174 publice
1602 2136 1636 2164 et
1670 2133 1799 2164 omnino
1833 2136 2001 2168 renunciet

346 2179 464 2220 illaque
488 2191 506 2211 a
522 2190 556 2211 se
573 2187 721 2222 prorsusv
736 2182 864 2224 abiciat,
889 2184 979 2225 quasi
995 2195 1170 2226 numquam
1186 2184 1246 2215 sibi
1262 2185 1398 2226 prestita
1414 2185 1606 2225 extitissent,
1629 2194 1690 2216 nec
1706 2185 1830 2216 ratione
1845 2185 2000 2218 illorum*

347 2229 465 2270 aliquid
489 2231 615 2271 penitus
637 2232 714 2263 iuris
735 2237 868 2276 usurpet
890 2235 922 2265 in
946 2235 1075 2267 civitate
1091 2235 1291 2267 Ferrariensi
1313 2235 1459 2278 predicta
1482 2236 1616 2278 eiusque
1639 2235 1786 2267 districtu
1809 2237 1862 2268 vel
1878 2237 2000 2270 civibus

348 2285 406 2310 acx
441 2280 688 2314 districtualibus
723 2285 909 2318 eorundem.
975 2286 1041 2318 Sed
1075 2288 1182 2328 potius
1215 2287 1361 2329 predicta
1396 2287 1504 2328 omnia
1540 2290 1708 2329 usurpata,
1743 2291 1933 2330 presumpta
1967 2292 2000 2321 et

348 2334 539 2373 attemptata
572 2344 630 2374 per
662 2335 765 2376 ipsum
799 2337 856 2369 sub
890 2337 1151 2370 denominatione
1190 2341 1224 2370 et
1258 2338 1475 2370 intitulatione
1516 2338 1671 2380 predictis
1703 2349 1760 2370 seu
1799 2339 1907 2371 colore
1947 2340 2000 2372 vel

348 2383 513 2414 occasione
536 2384 695 2425 ipsorumy
711 2390 800 2418 curet
824 2387 1038 2422 effectualiter
1059 2390 1142 2422 infra
1166 2390 1284 2422 dictum
1302 2391 1486 2430 terminum,
1510 2393 1605 2432 prout
1627 2390 1688 2422 sibi
1711 2390 1866 2432 possibile
1890 2391 1998 2434 fuerit,

450 2502 516 2529 881.
548 2503 572 2537 c¹)
591 2506 702 2531 eiusdem
723 2507 745 2533 1.
845 2509 868 2541 θ)
887 2511 1075 2536 comminantur
1094 2510 1118 2537 2.
1217 2510 1238 2543 s)
1256 2511 1378 2544 optimam
1396 2510 1421 2536 2.
1521 2510 1546 2543 Β)
1565 2511 1654 2536 inhob.
1674 2511 1698 2537 1.
1791 2510 1818 2543 11)
1836 2511 1956 2538 insidiate
1974 2510 1998 2538 1.

348 2544 366 2577 i)
385 2546 452 2571 deest
470 2545 494 2571 3.
580 2546 606 2580 k)
624 2549 796 2575 Romanorum
817 2551 846 2582 l‚·
863 2553 934 2578 Rom.
953 2552 978 2578 3.
1065 2552 1085 2585 ¹)
1104 2558 1161 2587 post
1178 2553 1203 2579 3.
1290 2553 1323 2586 ιιι)
1342 2554 1469 2580 describet
1486 2553 1511 2579 3.
1599 2553 1626 2586 ¹¹)
1645 2554 1701 2579 loco
1718 2558 1745 2580 et
1763 2573 1769 2580 .
1783 2572 1789 2579 .
1808 2555 1949 2580 eorundem
1967 2553 1999 2580 3:

346 2596 493 2621 eorumque.
591 2589 615 2622 o)
635 2591 701 2616 deest
721 2592 743 2617 1.
755 2592 779 2617 2.
877 2594 902 2627 1))
920 2604 950 2621 ac
967 2595 991 2621 3.
1091 2596 1117 2628 ⁴1)
1136 2597 1290 2630 contingerit
1308 2595 1332 2622 3.
1436 2596 1462 2628 Ι)
1481 2597 1539 2622 deff.
1559 2597 1583 2622 1.
1683 2597 1704 2630 ιι)
1722 2597 1953 2623 Mediolanentinm
1971 2596 1996 2623 3.

348 2629 368 2661 t)
387 2631 454 2656 deest
472 2630 496 2656 2.
583 2632 609 2665 ¹¹)
627 2635 786 2666 sequassium
806 2636 828 2662 l.
916 2638 940 2670 v)
959 2647 1062 2671 prorsus
1079 2647 1096 2664 a
1114 2648 1141 2665 se
1160 2638 1183 2666 3.
1271 2639 1303 2672 W)
1322 2640 1427 2665 illarum
1447 2641 1470 2666 l
1551 2638 1578 2672 x)
1595 2644 1642 2665 8¹¹ss
1659 2638 1684 2666 2·
1765 2639 1792 2672 5)
1809 2640 1925 2674 imm
1938 2639 1963 2666 Ῑ·
1974 2639 2000 2666 3·

454 2715 479 2748 1)
499 2715 540 2750 C'f.
561 2717 695 2750 epistolam
718 2718 751 2746 P.
770 2719 801 2746 dc
818 2720 937 2747 Abbacia
959 2723 1014 2756 reqi
1032 2724 1190 2759 Araymn‘aae
1211 2733 1236 2751 a.
1251 2728 1326 2752 1324.
1346 2725 1430 2752 Mart.
1445 2728 1476 2751 12
1493 2725 1616 2758 missam,
1641 2724 1689 2751 aba·
1710 2724 1786 2751 hacc:
1813 2724 1865 2752 Die
1883 2724 2000 2752 veneris

241 2763 303 2784 Mart
315 2766 334 2786 9.
350 2757 474 2791 proxime
494 2759 629 2792 preterita
647 2761 751 2788 electus
769 2762 798 2788 in
815 2762 1011 2798 imperatorem
1034 2766 1091 2794 fuit
1112 2769 1156 2794 ter
1173 2768 1363 2802 proclamatus
1387 2770 1417 2795 et
1440 2767 1533 2795 nullus
1558 2776 1609 2802 pro
1632 2776 1666 2795 eo
1687 2766 1852 2802 comparuit.
1889 2766 2002 2795 Dicitur

347 2800 421 2833 quod
441 2809 585 2834 processus
603 2804 812 2836 agravabuntur
830 2808 926 2834 eontra
945 2816 1007 2834 eum
1026 2828 1032 2835 .
1047 2829 1052 2835 .
1066 2829 1072 2835 .

606 2949 613 2965 Κ
