2190 3172
311 224 374 254 418
584 221 680 248 ACTA
700 221 813 249 REGNI
831 221 1016 251 LUDEWICI
1035 221 1082 249 IV.
1100 221 1145 248 ET
1163 221 1348 251 FRlDERICI
1367 221 1416 249 111.
1453 222 1527 249 1319.
1564 222 1611 250 Nr.
1624 222 1682 250 520.

370 368 372 370 ’
400 398 646 443 520—529.
689 397 870 444 ACTA
901 398 994 443 AD
1023 398 1401 445 CIVITATEM
1434 398 1863 445 TARVISINAM

913 461 1357 509 SPECTANTIA.

862 543 970 579 1319.
1010 544 1086 580 Ian.
1108 544 1326 581 6.-Febr.
1353 545 1408 581 18.

391 674 476 709 5920.
518 673 733 708 Provisiones
760 684 863 718 super
889 673 1081 708 iuramento
1109 672 1292 709 Friderico
1319 675 1391 718 reyi
1413 674 1635 718 praestando.
1739 673 1819 708 Ian.
1839 675 1871 708 6.

419 751 517 793 Copia
540 751 595 793 (e.)
619 752 653 782 in
680 751 782 782 codice
805 749 1005 783 ‘Documenti
1030 751 1220 792 Triviyiani’
1245 752 1367 783 comitis
1390 751 1488 784 Scotti
1509 763 1559 783 nr.
1577 753 1596 782 6
1625 751 1823 783 bibliothecae
1848 751 1953 783 Tem‘i-
1989 767 2001 785 5

302 805 404 836 sime.
429 821 471 825 —
494 803 556 834 Ed.
580 802 672 834 Verci
694 803 813 835 ‘Storia
835 802 917 834 della
940 813 1049 835 marca
1066 803 1266 843 Triviyiana’
1290 802 1387 841 VIII,
1412 805 1474 834 160
1496 814 1545 835 nr.
1563 803 1626 834 915
1650 813 1688 834 ex
1711 813 1739 834 c.
1774 803 1955 836 Editionem

305 856 356 887 hic
378 855 443 887 illic
466 857 636 886 correctam
658 855 836 894 repetimus.

412 949 509 981 Curia
532 949 733 980 antianorum
758 952 791 980 et
814 949 980 979 consulum
1009 951 1042 980 et
1065 949 1246 989 sapientum
1277 958 1349 979 cum
1379 947 1466 980 dicta
1491 949 1579 980 curia
1604 949 1830 990 deputatorum
1858 960 1955 991 super

304 1005 390 1033 statu
416 1001 552 1032 civitatis
577 1000 771 1041 Ter(visine)
801 1000 935 1042 pacifico
959 1000 1179 1032 conservando
1209 1010 1316 1031 coram
1344 999 1452 1032 nobile
1480 1003 1513 1031 et
1539 1003 1672 1042 potente
1699 1001 1801 1033 milite
1825 1001 1954 1033 domino

304 1054 446 1085 Armano
470 1052 510 1084 de
535 1051 748 1083 Guelfonibus
776 1051 816 1083 de
844 1051 994 1094 Eugubio
1024 1054 1186 1093 potestate
1211 1051 1375 1093 Ter(visii)
1405 1052 1437 1082 in
1466 1052 1590 1083 camino
1618 1053 1818 1084 antianorum
1842 1053 1954 1095 palatii
1974 1062 1999 1081 ιο

303 1106 447 1137 comunis
471 1105 512 1136 ad
530 1114 642 1135 sonum
659 1114 815 1145 campane
838 1107 874 1135 ut
888 1104 987 1134 moris
1011 1106 1060 1134 est
1080 1103 1268 1135 solemniter
1284 1106 1492 1145 congregata,
1515 1104 1683 1145 proposuit
1703 1103 1791 1136 idem
1809 1103 1955 1136 dominus

304 1159 448 1198 potestas
471 1160 504 1188 et
526 1155 586 1187 sibi
608 1156 701 1197 petiit
725 1155 890 1186 consilium
916 1155 1054 1195 exiberi,
1079 1154 1156 1196 quid
1179 1154 1341 1196 agendum
1365 1155 1406 1185 sit
1428 1165 1525 1196 super
1547 1165 1586 1187 eo
1610 1155 1697 1197 quod
1718 1156 1891 1197 requiritur
1914 1166 1955 1188 ex

304 1212 395 1250 parte
430 1207 625 1239 serenissimi
659 1207 811 1248 principis
846 1206 966 1238 domini
994 1206 1151 1237 Friderici
1179 1205 1242 1237 Dei
1270 1206 1375 1248 gratia
1401 1205 1620 1238 Romanorum
1650 1206 1736 1249 regis
1765 1210 1798 1239 et
1826 1217 1956 1249 semper

304 1260 432 1302 augusti
454 1270 512 1301 per
534 1259 755 1300 infrascriptos
779 1259 847 1289 eius
869 1258 996 1299 legatos
1018 1258 1143 1289 litteras
1167 1257 1311 1289 eiusdem
1335 1257 1456 1289 domini
1476 1259 1562 1300 regis
1583 1258 1687 1300 sigillo
1707 1269 1781 1291 cere
1802 1259 1955 1300 simplicis

300 1312 514 1343 communitas
552 1310 644 1342 dictis
679 1310 815 1341 dominis
850 1310 1003 1351 potestati
1044 1313 1077 1341 et
1114 1310 1268 1350 antianis,
1307 1309 1490 1341 consulibus
1524 1313 1558 1342 et
1590 1310 1722 1342 consilio
1759 1314 1793 1342 et
1827 1311 1956 1342 comuni
1975 1320 1998 1341 η

302 1363 533 1405 Ter(visinum)
558 1362 752 1401 deferentes,
778 1372 913 1403 quarum
936 1364 1029 1393 tenor
1049 1361 1182 1393 inferius
1199 1361 1383 1393 declaratur
1392 1361 1414 1402 ¹,
1439 1361 1524 1403 quod
1548 1363 1618 1403 ipse
1642 1361 1788 1394 dominus
1809 1365 1955 1404 potestas

301 1419 467 1457 tamquam
497 1415 632 1446 vicarius
667 1413 788 1445 electus
823 1413 863 1444 ab
898 1414 968 1455 ipso
1003 1413 1132 1445 domino
1167 1423 1245 1455 rege
1276 1413 1480 1445 confirmatus
1513 1413 1546 1444 in
1580 1414 1710 1445 civitate
1744 1417 1778 1446 et
1809 1413 1955 1446 districtu

301 1467 496 1509 Ter(visino)
526 1467 631 1498 iurare
666 1465 785 1497 debeat
814 1465 954 1496 officium
988 1466 1036 1496 sui
1065 1465 1236 1496 vicariatus
1268 1469 1301 1496 et
1331 1464 1521 1496 fidelitatem
1549 1465 1610 1507 ipsi
1640 1465 1769 1498 domino
1798 1466 1867 1508 regi
1895 1475 1954 1508 per

302 1523 430 1561 tempus
453 1519 502 1550 sui
525 1518 690 1560 regiminis
706 1517 882 1548 secundum
900 1517 1037 1548 formam
1060 1520 1216 1548 tractatus
1240 1517 1318 1549 facti
1341 1520 1374 1549 et
1394 1517 1573 1549 confirmati
1594 1527 1654 1559 per
1668 1518 1773 1559 ipsum
1789 1517 1953 1550 dominum

301 1580 422 1612 regem.
467 1570 510 1602 Et
533 1569 619 1612 quod
642 1568 790 1600 similiter
813 1579 925 1600 omnes
950 1572 982 1600 et
1005 1569 1122 1611 singuli
1146 1569 1186 1600 de
1211 1569 1342 1601 consilio
1367 1568 1577 1601 CCC-iurare
1602 1569 1742 1601 debeant
1762 1569 1954 1601 fidelitatem
1972 1582 1998 1602 ω

302 1622 431 1654 domino
454 1621 524 1663 regi
548 1620 704 1663 predicto.

408 1673 548 1705 Demum
572 1673 603 1703 in
629 1671 859 1704 reformatione
884 1672 969 1704 dicte
994 1673 1082 1704 curie
1102 1673 1207 1714 posito
1223 1673 1342 1714 partito
1365 1682 1425 1714 per
1440 1671 1560 1704 dictum
1578 1672 1741 1704 dominum
1756 1675 1953 1716 potestatem

300 1726 343 1757 ad
367 1724 531 1766 bux(ulas)
554 1726 580 1755 &
605 1723 782 1765 ballot(tas)
806 1723 973 1755 obtentum
998 1727 1031 1756 et
1053 1724 1215 1756 firmatum
1238 1724 1298 1756 fuit
1320 1735 1379 1766 per
1393 1724 1510 1756 XVIII
1533 1724 1729 1756 consiliarios
1752 1725 1954 1763 concorditer

302 1778 428 1809 nemine
453 1777 670 1818 discrepante,
694 1775 779 1817 quod
802 1775 860 1807 fiat
883 1779 916 1807 et
938 1776 1147 1817 procedatur,
1171 1780 1266 1818 prout
1288 1776 1420 1808 inferius
1443 1775 1602 1808 consuluit
1624 1776 1771 1808 dominus
1793 1776 1954 1808 Iohannes

302 1829 344 1861 de
366 1829 527 1861 Lavazola
555 1828 663 1859 iudex.
710 1827 772 1863 Qui
799 1828 959 1859 consuluit
987 1829 1018 1859 in
1050 1829 1134 1860 hunc
1162 1827 1307 1860 modum:
1338 1827 1490 1860 videlicet
1518 1828 1604 1870 quod
1633 1827 1780 1860 dominus
1809 1831 1960 1870 potestas·
1971 1839 1996 1859 25

303 1885 467 1922 tamquam
491 1881 629 1912 vicarius
653 1879 858 1911 confirmatus
890 1890 949 1922 per
970 1880 1096 1912 dictum
1126 1880 1290 1912 dominum
1317 1889 1428 1922 regem
1457 1880 1564 1911 iurare
1588 1879 1708 1911 debeat
1730 1889 1839 1912 coram
1862 1879 1954 1912 dictis

304 1932 569 1964 ambaxatoribus
607 1932 706 1973 ipsius
741 1931 860 1962 domini
900 1932 986 1973 regis
1025 1931 1164 1963 officium
1206 1932 1256 1963 sui
1290 1932 1461 1963 vicariatus
1500 1935 1533 1963 et
1571 1941 1685 1972 regere
1720 1932 1884 1963 civitatem
1922 1936 1959 1964 et

303 1985 479 2016 districtum
504 1983 734 2025 Ter(visinum)
759 1983 934 2015 secundum
963 1986 1084 2015 statuta
1113 1988 1147 2015 et
1167 1983 1415 2015 reformationes
1439 1983 1581 2015 comunis
1604 1983 1789 2025 Ter(visini)
1813 1983 1897 2015 facta
1921 1987 1955 2015 et

302 2035 422 2076 fienda,
453 2035 632 2077 approbata
662 2046 720 2076 per
753 2035 871 2067 dietum
903 2035 1066 2067 dominum
1098 2046 1210 2077 regem
1238 2035 1415 2067 secundum
1440 2034 1576 2067 formam
1605 2038 1761 2067 tractatus
1793 2035 1863 2067 initi
1895 2046 1954 2077 per

303 2088 515 2120 reverendum
538 2088 640 2118 virum
669 2087 833 2119 dominum
857 2087 1012 2119 Mathiam
1042 2087 1215 2129 plebanum
1246 2088 1278 2118 in
1306 2086 1462 2118 Stilifride
1491 2086 1695 2128 capellanum
1727 2087 1804 2119 dicti
1833 2086 1954 2119 domini
1972 2099 1998 2118 πο

303 2140 389 2181 regis
419 2144 452 2170 et
479 2139 657 2170 confirmati
692 2150 751 2180 per
783 2139 947 2170 dominum
976 2149 1087 2181 regem
1118 2139 1316 2181 predictum,
1351 2138 1392 2170 de
1427 2139 1543 2180 quibus
1577 2138 1723 2170 omnibus
1757 2142 1790 2170 et
1822 2138 1954 2180 singulis

304 2194 430 2222 constat
457 2201 515 2232 per
538 2191 667 2232 publica
691 2191 885 2222 documenta
909 2192 1027 2232 scripta
1054 2201 1114 2232 per
1137 2190 1290 2222 Ottonem
1319 2190 1359 2221 de
1382 2190 1484 2221 Portu
1513 2191 1699 2230 not(arium)
1730 2189 1806 2222 dieti
1833 2189 1953 2222 domini

304 2243 484 2284 potestatis,
509 2247 542 2274 et
565 2242 650 2284 quod
675 2253 785 2274 omnes
809 2247 842 2274 et
864 2243 981 2285 singuli
1004 2243 1045 2274 de
1069 2242 1202 2274 consilio
1223 2241 1306 2274 000
1329 2242 1540 2284 corporaliter
1567 2245 1602 2273 et
1623 2242 1826 2284 singulariter
1847 2242 1953 2274 iurare

305 2295 445 2326 debeant
477 2294 571 2325 tactis
601 2295 764 2335 scripturis
792 2295 983 2327 fidelitatem
1010 2295 1071 2336 ipsi
1101 2294 1231 2326 domino
1264 2294 1334 2336 regi
1367 2304 1424 2325 seu
1453 2293 1630 2325 venerabili
1659 2294 1690 2324 in
1714 2293 1842 2325 Christo
1869 2295 1954 2335 patri

305 2346 433 2377 domino
458 2346 610 2387 episcopo
634 2346 812 2378 Laventino
836 2348 1001 2388 utriusque
1024 2347 1101 2378 iuris
1125 2346 1249 2377 doctori
1278 2349 1311 2377 et
1331 2345 1462 2387 egregio
1485 2346 1553 2376 viro
1577 2344 1706 2377 domino
1729 2345 1888 2377 Hertnido
1913 2346 1953 2378 de
1973 2358 1998 2377 ³5

305 2397 477 2429 Vildonia³²
500 2397 695 2428 marescalco
720 2398 751 2429 in
776 2398 871 2430 Stiria
894 2403 927 2430 et
950 2398 1130 2430 honorabili
1153 2399 1220 2429 viro
1245 2397 1374 2429 domino
1391 2397 1544 2438 magistro
1561 2396 1710 2428 Conrado
1733 2398 1952 2438 protonotario

305 2449 480 2491 imperialis
503 2449 587 2488 aule,
610 2450 733 2480 nunciis
757 2454 790 2481 et
812 2451 928 2492 legatis
952 2450 1096 2482 eiusdem
1121 2449 1247 2487 domini,
1263 2449 1368 2491 regis²
1391 2448 1619 2490 recipientibus
1647 2459 1705 2490 pro
1729 2449 1798 2490 ipso
1823 2448 1952 2480 domino

305 2511 383 2542 rege
407 2501 447 2532 de
472 2500 670 2532 observando
695 2504 727 2532 et
750 2502 946 2534 attendendo
971 2502 1078 2533 omnia
1101 2505 1134 2534 et
1156 2501 1280 2543 singula
1301 2500 1380 2532 alias
1395 2501 1552 2542 promissa
1576 2503 1609 2532 et
1624 2503 1761 2532 tractata
1783 2501 1856 2532 hine
1879 2501 1953 2533 inde

306 2552 459 2593 vicissim,
494 2562 575 2582 nune
606 2555 773 2593 acceptata
801 2557 833 2584 et
861 2554 1047 2585 confirmata
1081 2563 1141 2595 per
1174 2553 1293 2585 dictum
1323 2552 1487 2584 dominum
1518 2562 1629 2594 regem
1662 2552 1837 2584 secundum
1867 2551 1952 2594 quod

305 2607 395 2645 patet
417 2615 475 2646 per
498 2603 627 2644 publiea
650 2604 819 2646 privilegia
843 2606 932 2646 regie
955 2605 1143 2637 maiestatis.
1970 2617 1997 2636 ιο

409 2718 478 2746 520.
506 2719 529 2752 ⁸)
548 2720 673 2745 Valdonia
692 2729 712 2746 c.

411 2806 436 2837 1)
456 2804 579 2831 Seri-atae
597 2813 653 2831 mm
672 2808 742 2832 sunt.
830 2805 856 2838 2)
879 2805 919 2837 Cf.
933 2814 1015 2839 supra
1034 2813 1074 2833 nr.
1090 2810 1144 2833 467.
