2184 3126
456 205 552 234 ACTA
571 206 684 234 amm
701 205 886 235 LUDEWICI
905 207 953 235 1v.
972 207 1020 235 ΕΤ
1039 207 1223 236 FRIDERIOI
1242 209 1292 236 111.
1330 209 1405 238 1328.
1441 210 1489 238 Νι.
1502 211 1562 239 795.
1581 211 1640 240 796.
1788 215 1848 247 621

305 291 480 332 Exemplar
509 292 741 334 archiepiscopo
770 294 934 327 Bremensi
963 294 1118 328 directum
1143 295 1250 328 adhuc
1275 299 1422 329 servatur
1449 297 1487 329 in
1514 296 1674 330 tabulario
1698 297 1852 332 Vaticano

196 342 298 375 ‘Arm
325 343 351 376 Ο
370 342 449 383 fasc.
467 344 507 375 61
532 354 580 376 nr.
599 344 641 376 θ’.
687 344 729 378 In
743 355 829 378 verso
846 345 1008 387 loquutur:
1032 346 1159 380 litterae
1182 347 1238 380 dm
1253 347 1302 380 Io.
1320 358 1405 391 pape
1421 349 1531 381 XXII.
1548 349 1671 382 directe
1694 350 1851 391 archiffi)

195 393 364 427 Bremensi
388 395 522 437 eiusque
545 395 756 439 suffraganeis
779 399 848 436 etc„
879 400 917 430 ut
946 397 982 430 in
1008 397 1156 439 Cataloyo
1181 409 1212 431 a.
1230 399 1325 431 1366.
1349 399 1488 442 confecto
1498 401 1519 440 ¹,
1548 401 1586 433 de
1615 411 1677 442 quo
1699 412 1727 435 v.
1750 411 1852 442 supra

187 455 264 486 pay.
280 445 345 477 251
367 449 431 478 not.
449 447 484 485 1‚·
516 447 558 486 cf.
582 448 676 479 etiam
699 446 816 480 Mollat
841 448 937 481 ‘Jean
957 448 1071 482 XXII
1095 449 1219 483 Lemes
1245 451 1437 484 communes'
1465 462 1516 484 nr.
1532 452 1644 484 20581
1673 455 1703 485 et
1727 453 1850 485 23392.

163 509 175 529 ο
196 495 315 528 Tamen
337 496 436 529 huius
456 497 644 538 exemplaris
666 501 786 531 taz-tum
807 510 870 532 non
892 500 1090 534 contulimus.

306 556 356 599 Cf.
373 557 520 596 Biihmer,
544 557 620 598 Rey.
636 558 750 592 Ludw.
761 570 796 600 p.
812 560 876 592 215
900 560 1015 594 deste
1035 572 1087 596 nr.
1106 562 1155 595 16.

299 633 461 667 Iohannes
477 636 648 677 episcopus
664 646 773 668 servus
789 647 954 670 servorum
970 637 1033 670 Dei
1108 638 1283 671 venerabili
1299 639 1389 671 fratri
1406 640 1558 682 episcopo
1574 640 1848 684 Constan(ciensi)

191 684 330 718 salutem
355 689 388 718 et
411 687 623 729 apostolicam
647 687 917 722 benedictionem.

298 736 411 779 Nuper
427 741 538 770 contra
561 738 614 771 dil.
630 738 674 770 fil.
690 740 894 782 magnificum
917 741 1022 773 virum
1037 740 1237 773 Ludovicum
1255 741 1370 774 ducem
1386 742 1554 783 Bavarie⁸‚
1578 753 1676 785 super
1698 754 1738 776 eo
1761 744 1849 787 quod

149 793 175 823 lb
193 788 352 821 electione
376 799 434 821 sua
457 790 489 821 in
511 800 622 832 regem
646 790 867 824 Romanorum
890 792 1032 825 futurum
1055 793 1285 835 imperatorem
1316 804 1375 836 per
1398 794 1570 836 quosdam,
1601 796 1656 838 qui
1680 805 1792 828 vocem
1816 796 1849 828 in

193 839 351 873 electione
375 840 559 873 huiusmodi
582 841 704 874 habere
729 843 886 884 dicuntur,
917 845 949 876 in
972 844 1133 877 discordia
1155 844 1321 877 celebrata
1343 855 1403 888 per
1425 845 1535 878 sedem
1560 847 1783 888 apostolicam,
1807 847 1850 880 ad

189 901 286 934 quam
304 891 471 924 electionis
490 893 674 926 huiusmodi
690 898 723 926 et
738 905 876 936 persone
893 895 1029 936 electe&
1053 897 1261 938 examinatio,
1285 897 1489 939 approbatio,
1513 897 1667 930 admissio
1690 909 1727 931 ac
1744 900 1848 931 eciam

189 942 380 985 reprobacio
405 947 438 976 et
461 945 601 986 repulsio
622 946 764 977 noscitur
779 947 942 988 pertinere
965 958 1029 979 non
1051 947 1192 979 admissa
1214 958 1274 980 nec
1298 949 1402 980 eciam
1425 949 1618 991 approbata,
1641 950 1847 983 administra-

190 995 274 1027 cioni
297 996 463 1038 regiminis
485 995 652 1039 Roman(i)
676 998 766 1039 regni
789 1008 847 1030 seu
869 998 997 1040 imperii
1020 1009 1055 1031 se
1081 999 1297 1032 irreverenter
1319 1010 1357 1032 ac
1379 999 1523 1033 indebite
1554 1011 1614 1043 per
1641 1012 1676 1034 se
1705 1005 1738 1033 et
1765 1002 1847 1034 alios

147 1057 171 1078 u
189 1046 373 1089 ingerebat,
405 1047 445 1080 de
469 1047 603 1080 fratrum
626 1052 806 1081 nostrorum
830 1049 962 1082 consilio
993 1053 1028 1082 et
1054 1050 1232 1092 apostolice
1256 1051 1456 1093 plenitudine
1478 1053 1663 1094 potestatis,
1694 1057 1847 1095 presente

189 1097 395 1131 multitudine
427 1100 559 1141 copiosa
590 1100 752 1140 fidelium,
788 1101 940 1133 videlicet
969 1101 1061 1134 VIII.
1086 1102 1163 1134 Idus
1193 1102 1324 1135 Octobr.
1356 1114 1543 1145 processum
1579 1104 1715 1137 fecimus
1744 1106 1846 1137 conti-

156 1187 159 1189 ,
188 1151 302 1182 nencie
326 1151 540 1194 infrascripte:

296 1210 470 1243 ‘Iohannes
493 1212 662 1254 episcopus
685 1222 796 1244 servus
819 1223 983 1245 servorum
1007 1212 1080 1246 Dei.
1126 1213 1179 1246 Ad
1202 1218 1395 1257 perpetuam
1418 1215 1465 1247 rei
1487 1217 1689 1248 memoriam.

296 1262 512 1295 Attendentes
536 1263 623 1306 quod
649 1282 687 1287 —
710 1274 745 1296 se
767 1265 893 1296 noverit
914 1264 1123 1297 incursurum.

144 1327 171 1348 so
297 1313 418 1346 Datum
441 1315 590 1347 Avinion.
615 1316 648 1347 in
670 1315 795 1357 palacio
819 1316 1007 1359 episcopali,
1030 1316 1124 1350 VIII.
1140 1316 1218 1349 Idus
1242 1316 1386 1358 Octobr.,
1412 1318 1617 1360 pontificatus
1639 1320 1739 1351 nostri
1761 1330 1845 1352 anno

189 1364 347 1397 octavo.’2

295 1430 455 1467 Quocirca
486 1430 680 1463 fraternitati
712 1433 788 1462 tue⁰
823 1441 882 1473 per
917 1431 1096 1473 apostolica
1133 1432 1253 1474 scripta
1282 1433 1314 1464 in
1343 1434 1460 1466 virtute
1490 1433 1674 1466 obedientie
1701 1434 1845 1468 districte

187 1481 395 1523 precipiendo
419 1481 623 1523 mandamus,
654 1482 803 1524 quatinus
831 1481 888 1514 tu‘¹
911 1484 1068 1525 premissa
1098 1484 1129 1515 in
1153 1484 1319 1526 predicto⁰
1348 1495 1502 1527 processu
1531 1489 1684 1518 contenta
1711 1486 1846 1519 firmiter

187 1532 340 1565 observes
368 1533 422 1565 ac‘
450 1533 574 1566 faciasss
606 1544 664 1576 per
692 1533 772 1566 alios
801 1535 1029 1568 inviolabiliter
1060 1535 1226 1568 observari
1255 1547 1294 1568 ac
1322 1536 1547 1569 nichilominus
1578 1537 1631 1568 in¹¹
1657 1538 1787 1570 civitate
1811 1542 1846 1571 et

142 1594 169 1615 ιι
187 1583 319 1626 dyocesi
349 1584 423 1616 tuis¹
447 1595 507 1630 per
536 1584 591 1618 tek
623 1585 688 1617 vel¹
711 1585 810 1618 alium
833 1596 891 1618 seu
914 1586 995 1618 alios
1018 1587 1200 1629 predictum
1216 1598 1402 1630 processum
1418 1588 1640 1631 sollempniter
1662 1589 1844 1631 publices’,

187 1635 229 1668 ad
251 1635 285 1668 id
308 1636 394 1668 clero
419 1639 453 1668 et
474 1637 595 1679 populo
619 1636 682 1669 loci
705 1637 884 1679 cuiuslibet,
907 1637 963 1670 ubi
979 1638 1164 1671 huiusmodi
1179 1639 1355 1681 publicatio
1370 1639 1438 1680 fiet,
1461 1640 1644 1672 convocatis
1659 1641 1846 1683 specialiter

185 1690 241 1720 et¹²
273 1688 372 1719 etiam
402 1689 623 1747 congregatis,
653 1688 797 1720 faciens⁰
825 1689 866 1722 de
896 1689 1115 1732 publicatione
1149 1690 1334 1723 huiusmodi
1362 1691 1432 1723 fieri
1460 1691 1591 1734 publica
1621 1692 1844 1734 instrumenta,

185 1738 241 1771 illa
265 1739 357 1771 nobis
380 1750 476 1781 quam
492 1740 591 1772 cicius
607 1740 778 1772 commode
795 1741 866 1773 fieri
888 1742 1008 1783 poterit
1023 1742 1286 1775 transmissurus·³
1310 1753 1348 1775 ac
1364 1743 1619 1786 significaturus«
1641 1743 1733 1776 nobis
1756 1743 1842 1776 diem

185 1791 384 1832 recepcionis
408 1792 611 1833 presencium
635 1795 668 1824 et
691 1802 882 1834 quecunque
906 1803 1003 1835 super
1026 1793 1087 1825 hiis
1111 1793 1261 1825 duxeris¹
1283 1794 1495 1827 faciendum⁸.

140 1853 168 1872 so
293 1842 412 1874 Datum
436 1842 635 1886 Avinion(e),
659 1843 845 1875 vn.1dus·
869 1844 1012 1885 Octobr„
1036 1845 1240 1887 pontificatus
1263 1847 1362 1878 nostri
1385 1856 1469 1878 anno
1493 1849 1618 1878 octavo.

374 1966 460 2002 796.
502 1966 660 2002 Litterae
687 1966 776 2002 aliae
803 1967 850 2002 ad
877 1967 1072 2013 episcopum
1099 1967 1400 2004 constantiensem.
1507 1969 1578 2006 oct.
1596 1971 1653 2006 10.

292 2039 342 2079 Cf.
365 2050 466 2081 supra
487 2051 537 2073 nr.
554 2040 616 2072 795
639 2040 697 2073 sub
724 2043 751 2073 1.

294 2099 393 2140 Copia
416 2100 474 2144 (c.)
497 2101 611 2134 ibidem
634 2104 705 2134 tom.
724 2096 837 2133 112‘11
855 2101 914 2143 fol.
933 2103 974 2133 67
995 2112 1042 2142 ep.
1058 2103 1132 2134 860,
1158 2120 1196 2126 —
1220 2102 1282 2134 Ed.
1300 2102 1419 2135 Rieder
1441 2102 1617 2135 ‘Remische
1634 2102 1763 2144 Qucllen
1781 2114 1843 2136 tur

181 2151 383 2184 Konstamer
394 2151 724 2194 Bistumsqesckichte’
737 2154 853 2195 (1908)
864 2163 938 2195 pay.
953 2154 1015 2186 174
1031 2164 1081 2186 nr.
1095 2155 1158 2186 640
1173 2164 1212 2186 ea:
1227 2165 1254 2187 c.
1289 2153 1472 2187 Editionem
1483 2155 1661 2196 regnumne.
1743 2156 1837 2188 Eaetr.

137 2213 164 2234 ss
184 2202 311 2236 Riezler
333 2202 352 2235 l.
369 2213 395 2235 c.
412 2213 449 2243 p.
468 2204 531 2236 168
552 2214 602 2237 nr.
619 2205 683 2236 334
705 2215 744 2237 ex
770 2215 796 2236 c.

291 2262 367 2304 Rey.
383 2263 487 2296 Lb’her
508 2263 572 2297 loco
593 2275 694 2305 supra
712 2265 757 2297 ad
776 2261 825 2297 nr.
838 2266 904 2297 289
919 2265 1015 2297 citato
1032 2275 1067 2306 p.
1083 2266 1148 2298 253
1169 2276 1221 2298 nr.
1237 2267 1318 2305 187;
1340 2265 1416 2307 Rey.
1433 2276 1479 2307 ep.
1499 2267 1662 2300 Constant.
1678 2278 1728 2300 nr.
1740 2269 1837 2301 3973.

287 2356 352 2385 ⁷⁹5.
379 2357 402 2391 ⁸)
420 2359 536 2386 Bawarie
553 2358 578 2385 2.
665 2358 691 2392 b)
710 2360 801 2386 electio
819 2359 882 2386 add.
896 2359 919 2386 1.
999 2359 1023 2393 0)
1042 2364 1146 2386 venre
1164 2359 1189 2386 2.
1266 2359 1292 2393 d)
1310 2361 1379 2387 desa
1395 2360 1428 2392 3,·
1445 2370 1492 2388 vos
1509 2367 1535 2389 st
1552 2363 1661 2396 quilibet
1678 2369 1793 2390 vestrum
1811 2364 1836 2391 2.

182 2399 205 2432 ο)
223 2400 290 2427 dioto
307 2400 333 2427 8.
421 2399 441 2434 ἶ)
458 2405 484 2428 et
501 2401 527 2429 3.
615 2402 641 2435 Β)
659 2403 813 2429 observetis
836 2406 868 2429 et
885 2403 1000 2428 faciatis
1017 2401 1042 2429 2.
1130 2401 1156 2435 ¹¹)
1178 2404 1229 2429 tuis
1247 2403 1288 2429 Iu‘c
1305 2403 1369 2430 add.
1386 2402 1412 2431 3.
1500 2403 1519 2438 ¹)
1537 2406 1705 2432 civitatibus
1729 2412 1755 2433 et
1775 2407 1839 2441 dyo-

181 2441 324 2475 c(esibus)
342 2444 461 2470 vestris
478 2443 503 2470 2.
573 2443 600 2477 ιι)
618 2454 673 2471 vos
690 2444 715 2471 2.
785 2444 805 2476 ι)
824 2454 878 2480 per
897 2445 956 2471 add.
974 2445 1000 2472 2.
1012 2444 1037 2471 3.
1108 2444 1140 2478 ¹¹²)
1159 2446 1319 2480 publicetis
1335 2445 1361 2472 2.
1425 2446 1451 2479 Β)
1469 2455 1501 2474 ao
1518 2446 1543 2474 2.
1613 2448 1638 2482 ⁰)
1656 2450 1794 2477 facientes
1812 2450 1838 2477 2.

135 2490 164 2510 aa
181 2483 207 2518 ι’)
225 2485 409 2512 transmissuri
426 2485 452 2513 2.
539 2486 566 2521 q)
584 2488 766 2522 significaturi
783 2487 808 2515 2.
895 2489 918 2520 ι’)
936 2489 1078 2515 duxeritis
1095 2487 1121 2514 2.
1208 2488 1231 2520 Ι)
1250 2490 1368 2516 finienda
1385 2488 1410 2516 2.
1497 2490 1519 2523 α)
1537 2491 1574 2517 Id.
1593 2489 1618 2518 8.

287 2554 312 2586 1)
335 2553 389 2581 Ubi
405 2557 538 2582 notam
554 2554 572 2582 l.
584 2563 606 2583 c.
618 2556 668 2584 σοι.
680 2560 729 2584 189
748 2556 818 2584 VII:
838 2556 909 2583 Item
927 2555 981 2583 due
1000 2555 1096 2583 littere
1114 2555 1238 2584 eiusdem
1256 2557 1360 2584 tenoris
1379 2557 1486 2585 domini
1505 2558 1636 2587 Iohannis
1654 2568 1729 2595 pape
1749 2560 1837 2588 XXII.

183 2595 288 2623 directe
305 2595 518 2632 archiepiscopo
531 2597 672 2626 ‘Bi-emensi
691 2598 806 2634 eiusque
825 2598 1017 2634 suffraganeis,
1036 2598 1111 2633 quod
1123 2598 1325 2628 denunciarent
1342 2601 1372 2628 et
1390 2600 1568 2636 publicarent
1587 2611 1730 2637 processus
1746 2603 1837 2631 factos

180 2647 231 2673 per
248 2638 339 2673 ipsum
359 2638 501 2667 dominum
525 2648 629 2676 papam
648 2643 745 2669 contra
768 2641 940 2669 Ludovicum
959 2641 993 2669 de
1012 2641 1141 2673 Bavaria.
1167 2641 1216 2676 qui
1234 2644 1296 2670 erat
1313 2643 1420 2671 electus
1438 2644 1467 2671 in
1485 2644 1624 2673 discordis
1642 2647 1672 2673 et
1690 2647 1756 2673 ante
1775 2654 1838 2674 con-

179 2680 364 2709 firmationem
383 2690 443 2710 sese
462 2682 638 2718 ingesserat·
655 2684 894 2712 administrationi
913 2683 1031 2719 imperii.

133 2731 163 2750 ⁴⁵
285 2724 349 2752 Dat.
368 2725 514 2759 Avinione,
533 2726 674 2754 V11.1du2
692 2726 830 2759 Octobris,
850 2726 1030 2762 pontificatus
1047 2727 1091 2754 sui
1109 2736 1182 2755 anno
1201 2727 1276 2756 Vm.

182 2766 208 2799 2)
227 2766 319 2800 Supra
337 2775 379 2795 nr.
394 2771 448 2795 792.

285 2829 308 2861 ⁸)
328 2829 464 2856 iniesserat
481 2838 502 2856 e.
