<?xml version="1.0" encoding="UTF-8"?>
<!DOCTYPE html PUBLIC "-//W3C//DTD XHTML 1.0 Transitional//EN"
    "http://www.w3.org/TR/xhtml1/DTD/xhtml1-transitional.dtd">
<html xmlns="http://www.w3.org/1999/xhtml" xml:lang="en" lang="en">
 <head>
  <title>
</title>
<meta http-equiv="Content-Type" content="text/html;charset=utf-8" />
  <meta name='ocr-system' content='tesseract 3.04.00' />
  <meta name='ocr-capabilities' content='ocr_page ocr_carea ocr_par ocr_line ocrx_word'/>
</head>
<body>
  <div class='ocr_page' id='page_1' title='image "./monumentagerma05geseuoft_0611.png"; bbox 0 0 2184 3126; ppageno 0'>
   <div class='ocr_carea' id='block_1_1' title="bbox 403 185 1855 220">
    <p class='ocr_par' dir='ltr' id='par_1_1' title="bbox 403 185 1855 220">
     <span class='ocr_line' id='line_1_1' title="bbox 403 185 1855 220; baseline -0.003 -3"><span class='ocrx_word' id='word_1_1' title='bbox 403 188 500 218; x_wconf 73' lang='lat' dir='ltr'>ACTA</span> <span class='ocrx_word' id='word_1_2' title='bbox 517 188 632 217; x_wconf 70' lang='lat' dir='ltr'><strong>amm</strong></span> <span class='ocrx_word' id='word_1_3' title='bbox 649 187 836 216; x_wconf 77' lang='lat' dir='ltr'>LUDEWICI</span> <span class='ocrx_word' id='word_1_4' title='bbox 855 186 902 214; x_wconf 77' lang='lat' dir='ltr'><strong>IV.</strong></span> <span class='ocrx_word' id='word_1_5' title='bbox 920 187 967 214; x_wconf 77' lang='lat' dir='ltr'><strong>ET</strong></span> <span class='ocrx_word' id='word_1_6' title='bbox 984 185 1170 215; x_wconf 81' lang='lat' dir='ltr'>FRIDERICI</span> <span class='ocrx_word' id='word_1_7' title='bbox 1188 185 1238 214; x_wconf 88' lang='lat'>111.</span> <span class='ocrx_word' id='word_1_8' title='bbox 1275 185 1352 214; x_wconf 78' lang='lat'><strong>1823.</strong></span> <span class='ocrx_word' id='word_1_9' title='bbox 1390 185 1439 213; x_wconf 82' lang='lat' dir='ltr'><strong>Nr.</strong></span> <span class='ocrx_word' id='word_1_10' title='bbox 1452 186 1512 214; x_wconf 77' lang='lat'>781.</span> <span class='ocrx_word' id='word_1_11' title='bbox 1530 187 1590 214; x_wconf 80' lang='lat'><strong>732.</strong></span> <span class='ocrx_word' id='word_1_12' title='bbox 1609 186 1668 214; x_wconf 79' lang='lat'>733.</span> <span class='ocrx_word' id='word_1_13' title='bbox 1798 191 1855 220; x_wconf 75' lang='lat'><strong>571</strong></span> 
     </span>
    </p>
   </div>
   <div class='ocr_carea' id='block_1_2' title="bbox 200 272 1863 368">
    <p class='ocr_par' dir='ltr' id='par_1_2' title="bbox 200 272 1863 368">
     <span class='ocr_line' id='line_1_2' title="bbox 309 272 1862 320; baseline -0.001 -11"><span class='ocrx_word' id='word_1_14' title='bbox 309 276 503 310; x_wconf 81' lang='lat' dir='ltr'><strong>Ludowicus</strong></span> <span class='ocrx_word' id='word_1_15' title='bbox 525 275 590 309; x_wconf 84' lang='lat' dir='ltr'><strong>Dei</strong></span> <span class='ocrx_word' id='word_1_16' title='bbox 612 276 722 318; x_wconf 78' lang='lat' dir='ltr'>gracia</span> <span class='ocrx_word' id='word_1_17' title='bbox 736 275 957 308; x_wconf 84' lang='lat' dir='ltr'><strong>Romanorum</strong></span> <span class='ocrx_word' id='word_1_18' title='bbox 980 284 1039 307; x_wconf 88' lang='lat' dir='ltr'><strong>rex</strong></span> <span class='ocrx_word' id='word_1_19' title='bbox 1062 283 1192 316; x_wconf 87' lang='lat' dir='ltr'><strong>semper</strong></span> <span class='ocrx_word' id='word_1_20' title='bbox 1213 276 1368 320; x_wconf 71' lang='lat' dir='ltr'><strong>augustus</strong></span> <span class='ocrx_word' id='word_1_21' title='bbox 1448 272 1663 315; x_wconf 76' lang='lat' dir='ltr'><strong>prudentibus</strong></span> <span class='ocrx_word' id='word_1_22' title='bbox 1686 275 1762 306; x_wconf 80' lang='lat' dir='ltr'><strong>viris</strong></span> <span class='ocrx_word' id='word_1_23' title='bbox 1785 285 1862 307; x_wconf 88' lang='lat' dir='ltr'><strong>con-</strong></span> 
     </span>
     <span class='ocr_line' id='line_1_3' title="bbox 200 324 1863 368; baseline 0 -9"><span class='ocrx_word' id='word_1_24' title='bbox 200 327 324 360; x_wconf 89' lang='lat' dir='ltr'><strong>sulibus</strong></span> <span class='ocrx_word' id='word_1_25' title='bbox 346 330 380 361; x_wconf 89' lang='lat' dir='ltr'><strong>et</strong></span> <span class='ocrx_word' id='word_1_26' title='bbox 401 328 603 360; x_wconf 76' lang='lat' dir='ltr'>universitati</span> <span class='ocrx_word' id='word_1_27' title='bbox 625 327 742 360; x_wconf 83' lang='lat' dir='ltr'><strong>civium</strong></span> <span class='ocrx_word' id='word_1_28' title='bbox 763 326 1088 368; x_wconf 82' lang='lat' dir='ltr'><strong>Tremon(iensium)‚</strong></span> <span class='ocrx_word' id='word_1_29' title='bbox 1117 324 1268 358; x_wconf 80' lang='lat' dir='ltr'><strong>fidelibus</strong></span> <span class='ocrx_word' id='word_1_30' title='bbox 1294 326 1360 358; x_wconf 84' lang='lat' dir='ltr'><strong>suis</strong></span> <span class='ocrx_word' id='word_1_31' title='bbox 1387 324 1515 358; x_wconf 85' lang='lat' dir='ltr'><strong>dilectis</strong></span> <span class='ocrx_word' id='word_1_32' title='bbox 1602 327 1746 367; x_wconf 78' lang='lat' dir='ltr'><strong>graciam</strong></span> <span class='ocrx_word' id='word_1_33' title='bbox 1770 337 1863 360; x_wconf 85' lang='lat' dir='ltr'><strong>suam</strong></span> 
     </span>
    </p>
   </div>
   <div class='ocr_carea' id='block_1_3' title="bbox 201 379 1864 473">
    <p class='ocr_par' dir='ltr' id='par_1_3' title="bbox 201 379 1864 473">
     <span class='ocr_line' id='line_1_4' title="bbox 201 379 506 412; baseline -0.003 0"><span class='ocrx_word' id='word_1_34' title='bbox 201 382 235 412; x_wconf 88' lang='lat' dir='ltr'><strong>et</strong></span> <span class='ocrx_word' id='word_1_35' title='bbox 258 389 353 412; x_wconf 90' lang='lat' dir='ltr'><strong>omne</strong></span> <span class='ocrx_word' id='word_1_36' title='bbox 376 379 506 412; x_wconf 87' lang='lat' dir='ltr'><strong>bonum.</strong></span> 
     </span>
     <span class='ocr_line' id='line_1_5' title="bbox 308 429 1864 473; baseline -0.002 -9"><span class='ocrx_word' id='word_1_37' title='bbox 308 430 530 464; x_wconf 83' lang='lat' dir='ltr'><strong>Decernentes</strong></span> <span class='ocrx_word' id='word_1_38' title='bbox 546 430 745 473; x_wconf 79' lang='lat' dir='ltr'><strong>profectibus</strong></span> <span class='ocrx_word' id='word_1_39' title='bbox 768 433 802 463; x_wconf 91' lang='lat' dir='ltr'><strong>et</strong></span> <span class='ocrx_word' id='word_1_40' title='bbox 817 429 1100 463; x_wconf 77' lang='lat' dir='ltr'><strong>commoditatibus</strong></span> <span class='ocrx_word' id='word_1_41' title='bbox 1115 429 1239 470; x_wconf 84' lang='lat' dir='ltr'><strong>vestris,</strong></span> <span class='ocrx_word' id='word_1_42' title='bbox 1263 432 1360 471; x_wconf 89' lang='lat' dir='ltr'><strong>prout</strong></span> <span class='ocrx_word' id='word_1_43' title='bbox 1382 439 1424 462; x_wconf 87' lang='lat' dir='ltr'><strong>ex</strong></span> <span class='ocrx_word' id='word_1_44' title='bbox 1447 429 1590 461; x_wconf 83' lang='lat' dir='ltr'><strong>iniuncto</strong></span> <span class='ocrx_word' id='word_1_45' title='bbox 1606 429 1700 461; x_wconf 91' lang='lat' dir='ltr'><strong>nobis</strong></span> <span class='ocrx_word' id='word_1_46' title='bbox 1715 433 1864 462; x_wconf 86' lang='lat' dir='ltr'><strong>tenemur</strong></span> 
     </span>
    </p>
   </div>
   <div class='ocr_carea' id='block_1_4' title="bbox 157 480 1864 989">
    <p class='ocr_par' dir='ltr' id='par_1_4' title="bbox 170 480 1864 731">
     <span class='ocr_line' id='line_1_6' title="bbox 170 480 1863 524; baseline 0.001 -12"><span class='ocrx_word' id='word_1_47' title='bbox 170 492 183 512; x_wconf 73' lang='lat' dir='ltr'><strong>s</strong></span> <span class='ocrx_word' id='word_1_48' title='bbox 201 481 323 523; x_wconf 85' lang='lat' dir='ltr'><strong>officio,</strong></span> <span class='ocrx_word' id='word_1_49' title='bbox 357 481 498 514; x_wconf 87' lang='lat' dir='ltr'><strong>fideliter</strong></span> <span class='ocrx_word' id='word_1_50' title='bbox 525 482 711 524; x_wconf 85' lang='lat' dir='ltr'><strong>providere,</strong></span> <span class='ocrx_word' id='word_1_51' title='bbox 746 481 846 514; x_wconf 90' lang='lat' dir='ltr'><strong>nobili</strong></span> <span class='ocrx_word' id='word_1_52' title='bbox 878 481 946 514; x_wconf 86' lang='lat' dir='ltr'><strong>viro</strong></span> <span class='ocrx_word' id='word_1_53' title='bbox 973 480 1128 513; x_wconf 84' lang='lat' dir='ltr'><strong>Heinrico</strong></span> <span class='ocrx_word' id='word_1_54' title='bbox 1156 481 1265 513; x_wconf 89' lang='lat' dir='ltr'><strong>comiti</strong></span> <span class='ocrx_word' id='word_1_55' title='bbox 1297 480 1338 514; x_wconf 87' lang='lat' dir='ltr'><strong>de</strong></span> <span class='ocrx_word' id='word_1_56' title='bbox 1356 480 1525 513; x_wconf 86' lang='lat' dir='ltr'><strong>Waldekk</strong></span> <span class='ocrx_word' id='word_1_57' title='bbox 1559 491 1616 513; x_wconf 87' lang='lat' dir='ltr'><strong>vos</strong></span> <span class='ocrx_word' id='word_1_58' title='bbox 1644 482 1863 514; x_wconf 77' lang='lat' dir='ltr'><strong>commisimus</strong></span> 
     </span>
     <span class='ocr_line' id='line_1_7' title="bbox 202 532 1862 575; baseline -0.001 -9"><span class='ocrx_word' id='word_1_59' title='bbox 202 536 236 566; x_wconf 91' lang='lat' dir='ltr'><strong>et</strong></span> <span class='ocrx_word' id='word_1_60' title='bbox 250 534 481 567; x_wconf 86' lang='lat' dir='ltr'><strong>committimus</strong></span> <span class='ocrx_word' id='word_1_61' title='bbox 501 533 727 567; x_wconf 77' lang='lat' dir='ltr'><strong>defensandos.</strong></span> <span class='ocrx_word' id='word_1_62' title='bbox 765 533 924 566; x_wconf 87' lang='lat' dir='ltr'><strong>Volentes</strong></span> <span class='ocrx_word' id='word_1_63' title='bbox 938 533 1073 565; x_wconf 85' lang='lat' dir='ltr'><strong>firmiter</strong></span> <span class='ocrx_word' id='word_1_64' title='bbox 1095 535 1129 565; x_wconf 87' lang='lat' dir='ltr'><strong>et</strong></span> <span class='ocrx_word' id='word_1_65' title='bbox 1150 532 1352 573; x_wconf 76' lang='lat' dir='ltr'><strong>mandantes,</strong></span> <span class='ocrx_word' id='word_1_66' title='bbox 1375 533 1527 575; x_wconf 82' lang='lat' dir='ltr'><strong>quatinus</strong></span> <span class='ocrx_word' id='word_1_67' title='bbox 1550 532 1658 565; x_wconf 89' lang='lat' dir='ltr'><strong>eidem</strong></span> <span class='ocrx_word' id='word_1_68' title='bbox 1682 533 1714 565; x_wconf 90' lang='lat' dir='ltr'><strong>in</strong></span> <span class='ocrx_word' id='word_1_69' title='bbox 1729 533 1862 574; x_wconf 87' lang='lat' dir='ltr'><strong>iuribus,</strong></span> 
     </span>
     <span class='ocr_line' id='line_1_8' title="bbox 201 584 1861 628; baseline 0.001 -10"><span class='ocrx_word' id='word_1_70' title='bbox 201 585 494 618; x_wconf 83' lang='lat' dir='ltr'><strong>conswetudinibus</strong></span> <span class='ocrx_word' id='word_1_71' title='bbox 524 586 567 617; x_wconf 83' lang='lat' dir='ltr'><strong>et&#39;</strong></span> <span class='ocrx_word' id='word_1_72' title='bbox 581 585 810 628; x_wconf 85' lang='lat' dir='ltr'><strong>obsequiorum</strong></span> <span class='ocrx_word' id='word_1_73' title='bbox 834 584 1088 628; x_wconf 86' lang='lat' dir='ltr'><strong>prestacionibus</strong></span> <span class='ocrx_word' id='word_1_74' title='bbox 1111 584 1213 616; x_wconf 86' lang='lat' dir='ltr'><strong>solitis</strong></span> <span class='ocrx_word' id='word_1_75' title='bbox 1241 587 1274 617; x_wconf 91' lang='lat' dir='ltr'><strong>et</strong></span> <span class='ocrx_word' id='word_1_76' title='bbox 1297 585 1466 617; x_wconf 87' lang='lat' dir='ltr'><strong>conswetis</strong></span> <span class='ocrx_word' id='word_1_77' title='bbox 1488 585 1619 618; x_wconf 89' lang='lat' dir='ltr'><strong>nomine</strong></span> <span class='ocrx_word' id='word_1_78' title='bbox 1642 586 1733 628; x_wconf 88' lang='lat' dir='ltr'><strong>regio</strong></span> <span class='ocrx_word' id='word_1_79' title='bbox 1756 586 1861 619; x_wconf 86' lang='lat' dir='ltr'><strong>inten-</strong></span> 
     </span>
     <span class='ocr_line' id='line_1_9' title="bbox 202 635 1863 679; baseline 0.001 -9"><span class='ocrx_word' id='word_1_80' title='bbox 202 636 286 670; x_wconf 82' lang='lat' dir='ltr'><strong>datis</strong></span> <span class='ocrx_word' id='word_1_81' title='bbox 312 639 346 670; x_wconf 89' lang='lat' dir='ltr'><strong>et</strong></span> <span class='ocrx_word' id='word_1_82' title='bbox 375 647 448 669; x_wconf 84' lang='lat' dir='ltr'><strong>oum</strong></span> <span class='ocrx_word' id='word_1_83' title='bbox 475 635 668 669; x_wconf 87' lang='lat' dir='ltr'><strong>obediencia</strong></span> <span class='ocrx_word' id='word_1_84' title='bbox 697 636 810 669; x_wconf 87' lang='lat' dir='ltr'><strong>debita</strong></span> <span class='ocrx_word' id='word_1_85' title='bbox 836 636 978 679; x_wconf 86' lang='lat' dir='ltr'><strong>pareatis</strong></span> <span class='ocrx_word' id='word_1_86' title='bbox 1009 636 1178 679; x_wconf 91' lang='lat' dir='ltr'><strong>ipsumque</strong></span> <span class='ocrx_word' id='word_1_87' title='bbox 1208 635 1250 668; x_wconf 89' lang='lat' dir='ltr'><strong>de</strong></span> <span class='ocrx_word' id='word_1_88' title='bbox 1272 637 1430 668; x_wconf 83' lang='lat' dir='ltr'><strong>universis</strong></span> <span class='ocrx_word' id='word_1_89' title='bbox 1452 636 1574 668; x_wconf 92' lang='lat' dir='ltr'><strong>iuribus</strong></span> <span class='ocrx_word' id='word_1_90' title='bbox 1598 639 1632 669; x_wconf 89' lang='lat' dir='ltr'><strong>et</strong></span> <span class='ocrx_word' id='word_1_91' title='bbox 1654 638 1863 679; x_wconf 84' lang='lat' dir='ltr'><strong>pensionibus</strong></span> 
     </span>
     <span class='ocr_line' id='line_1_10' title="bbox 200 687 1864 731; baseline 0.001 -10"><span class='ocrx_word' id='word_1_92' title='bbox 200 688 294 721; x_wconf 78' lang='lat' dir='ltr'><strong>nobis</strong></span> <span class='ocrx_word' id='word_1_93' title='bbox 317 691 351 721; x_wconf 89' lang='lat' dir='ltr'><strong>et</strong></span> <span class='ocrx_word' id='word_1_94' title='bbox 366 689 502 731; x_wconf 89' lang='lat' dir='ltr'><strong>imperio</strong></span> <span class='ocrx_word' id='word_1_95' title='bbox 526 691 594 720; x_wconf 90' lang='lat' dir='ltr'><strong>tum</strong></span> <span class='ocrx_word' id='word_1_96' title='bbox 617 689 649 719; x_wconf 93' lang='lat' dir='ltr'><strong>in</strong></span> <span class='ocrx_word' id='word_1_97' title='bbox 671 688 800 720; x_wconf 85' lang='lat' dir='ltr'><strong>civitate</strong></span> <span class='ocrx_word' id='word_1_98' title='bbox 817 687 1071 730; x_wconf 65' lang='lat' dir='ltr'><strong>Tremonfiensi)</strong></span> <span class='ocrx_word' id='word_1_99' title='bbox 1094 690 1163 719; x_wconf 84' lang='lat' dir='ltr'><strong>tum</strong></span> <span class='ocrx_word' id='word_1_100' title='bbox 1187 690 1280 720; x_wconf 79' lang='lat' dir='ltr'><strong>extra</strong></span> <span class='ocrx_word' id='word_1_101' title='bbox 1302 688 1334 720; x_wconf 90' lang='lat' dir='ltr'><strong>in</strong></span> <span class='ocrx_word' id='word_1_102' title='bbox 1358 687 1504 720; x_wconf 88' lang='lat' dir='ltr'><strong>districtu</strong></span> <span class='ocrx_word' id='word_1_103' title='bbox 1520 688 1665 730; x_wconf 85' lang='lat' dir='ltr'><strong>plenarie</strong></span> <span class='ocrx_word' id='word_1_104' title='bbox 1681 690 1864 722; x_wconf 79' lang='lat' dir='ltr'><strong>informetis</strong></span> 
     </span>
    </p>

    <p class='ocr_par' dir='ltr' id='par_1_5' title="bbox 157 739 1863 989">
     <span class='ocr_line' id='line_1_11' title="bbox 157 739 1862 785; baseline 0.002 -14"><span class='ocrx_word' id='word_1_105' title='bbox 157 750 183 771; x_wconf 82' lang='grc' dir='ltr'><strong>ιο</strong></span> <span class='ocrx_word' id='word_1_106' title='bbox 200 740 326 783; x_wconf 84' lang='lat' dir='ltr'><strong>sibique</strong></span> <span class='ocrx_word' id='word_1_107' title='bbox 342 741 511 783; x_wconf 90' lang='lat' dir='ltr'><strong>cooperari</strong></span> <span class='ocrx_word' id='word_1_108' title='bbox 527 740 643 781; x_wconf 85' lang='lat' dir='ltr'><strong>velitis,</strong></span> <span class='ocrx_word' id='word_1_109' title='bbox 666 743 702 772; x_wconf 91' lang='lat' dir='ltr'><strong>ut</strong></span> <span class='ocrx_word' id='word_1_110' title='bbox 725 739 889 780; x_wconf 87' lang='lat' dir='ltr'><strong>distracta,</strong></span> <span class='ocrx_word' id='word_1_111' title='bbox 912 739 998 772; x_wconf 85' lang='lat' dir='ltr'><strong>male</strong></span> <span class='ocrx_word' id='word_1_112' title='bbox 1015 739 1157 771; x_wconf 85' lang='lat' dir='ltr'><strong>alienata</strong></span> <span class='ocrx_word' id='word_1_113' title='bbox 1172 749 1230 771; x_wconf 87' lang='lat' dir='ltr'><strong>seu</strong></span> <span class='ocrx_word' id='word_1_114' title='bbox 1253 750 1312 781; x_wconf 89' lang='lat' dir='ltr'><strong>per</strong></span> <span class='ocrx_word' id='word_1_115' title='bbox 1326 740 1564 783; x_wconf 82' lang='lat' dir='ltr'><strong>negligenciam</strong></span> <span class='ocrx_word' id='word_1_116' title='bbox 1580 744 1729 784; x_wconf 90' lang='lat' dir='ltr'><strong>tempore</strong></span> <span class='ocrx_word' id='word_1_117' title='bbox 1752 742 1862 785; x_wconf 91' lang='lat' dir='ltr'><strong>aliquo</strong></span> 
     </span>
     <span class='ocr_line' id='line_1_12' title="bbox 200 790 1863 836; baseline 0.001 -12"><span class='ocrx_word' id='word_1_118' title='bbox 200 793 409 835; x_wconf 86' lang='lat' dir='ltr'><strong>pretermissa</strong></span> <span class='ocrx_word' id='word_1_119' title='bbox 431 792 534 835; x_wconf 82' lang='lat' dir='ltr'><strong>possit</strong></span> <span class='ocrx_word' id='word_1_120' title='bbox 555 791 598 824; x_wconf 86' lang='lat' dir='ltr'><strong>ad</strong></span> <span class='ocrx_word' id='word_1_121' title='bbox 620 794 740 823; x_wconf 84' lang='lat' dir='ltr'><strong>statum</strong></span> <span class='ocrx_word' id='word_1_122' title='bbox 763 792 932 834; x_wconf 89' lang='lat' dir='ltr'><strong>pristinum</strong></span> <span class='ocrx_word' id='word_1_123' title='bbox 954 793 988 823; x_wconf 87' lang='lat' dir='ltr'><strong>et</strong></span> <span class='ocrx_word' id='word_1_124' title='bbox 1010 790 1154 823; x_wconf 88' lang='lat' dir='ltr'><strong>debitum</strong></span> <span class='ocrx_word' id='word_1_125' title='bbox 1170 800 1334 824; x_wconf 86' lang='lat' dir='ltr'><strong>revocare.</strong></span> <span class='ocrx_word' id='word_1_126' title='bbox 1374 791 1533 824; x_wconf 87' lang='lat' dir='ltr'><strong>Volumus</strong></span> <span class='ocrx_word' id='word_1_127' title='bbox 1556 793 1666 833; x_wconf 84' lang='lat' dir='ltr'><strong>etiam,</strong></span> <span class='ocrx_word' id='word_1_128' title='bbox 1689 797 1725 824; x_wconf 87' lang='lat' dir='ltr'><strong>ut</strong></span> <span class='ocrx_word' id='word_1_129' title='bbox 1747 794 1774 825; x_wconf 88' lang='lat' dir='ltr'><strong>si</strong></span> <span class='ocrx_word' id='word_1_130' title='bbox 1798 804 1863 836; x_wconf 82' lang='lat' dir='ltr'><strong>qua</strong></span> 
     </span>
     <span class='ocr_line' id='line_1_13' title="bbox 201 842 1863 887; baseline 0.001 -10"><span class='ocrx_word' id='word_1_131' title='bbox 201 844 243 878; x_wconf 85' lang='lat' dir='ltr'><strong>de</strong></span> <span class='ocrx_word' id='word_1_132' title='bbox 265 843 362 877; x_wconf 87' lang='lat' dir='ltr'><strong>rebus</strong></span> <span class='ocrx_word' id='word_1_133' title='bbox 383 844 512 887; x_wconf 89' lang='lat' dir='ltr'><strong>imperii</strong></span> <span class='ocrx_word' id='word_1_134' title='bbox 534 854 594 886; x_wconf 89' lang='lat' dir='ltr'><strong>per</strong></span> <span class='ocrx_word' id='word_1_135' title='bbox 616 847 764 886; x_wconf 86' lang='lat' dir='ltr'><strong>tempora</strong></span> <span class='ocrx_word' id='word_1_136' title='bbox 787 843 895 885; x_wconf 87' lang='lat' dir='ltr'><strong>aliqua</strong></span> <span class='ocrx_word' id='word_1_137' title='bbox 918 842 1104 885; x_wconf 85' lang='lat' dir='ltr'><strong>collegistis,</strong></span> <span class='ocrx_word' id='word_1_138' title='bbox 1127 843 1190 885; x_wconf 81' lang='lat' dir='ltr'><strong>ipsi</strong></span> <span class='ocrx_word' id='word_1_139' title='bbox 1204 842 1359 875; x_wconf 85' lang='lat' dir='ltr'><strong>Heinrico</strong></span> <span class='ocrx_word' id='word_1_140' title='bbox 1383 844 1451 876; x_wconf 88' lang='lat' dir='ltr'><strong>sine</strong></span> <span class='ocrx_word' id='word_1_141' title='bbox 1476 843 1692 876; x_wconf 88' lang='lat' dir='ltr'><strong>diminucione</strong></span> <span class='ocrx_word' id='word_1_142' title='bbox 1716 845 1863 887; x_wconf 88' lang='lat' dir='ltr'><strong>qualibet</strong></span> 
     </span>
     <span class='ocr_line' id='line_1_14' title="bbox 200 893 1862 938; baseline 0.001 -10"><span class='ocrx_word' id='word_1_143' title='bbox 200 896 402 938; x_wconf 83' lang='lat' dir='ltr'><strong>assingnetis.</strong></span> <span class='ocrx_word' id='word_1_144' title='bbox 447 896 605 928; x_wconf 87' lang='lat' dir='ltr'><strong>Preterea</strong></span> <span class='ocrx_word' id='word_1_145' title='bbox 620 895 815 937; x_wconf 86' lang='lat' dir='ltr'><strong>precipimus</strong></span> <span class='ocrx_word' id='word_1_146' title='bbox 831 898 864 927; x_wconf 89' lang='lat' dir='ltr'><strong>et</strong></span> <span class='ocrx_word' id='word_1_147' title='bbox 886 894 1086 935; x_wconf 84' lang='lat' dir='ltr'><strong>mandamus,</strong></span> <span class='ocrx_word' id='word_1_148' title='bbox 1110 897 1146 925; x_wconf 87' lang='lat' dir='ltr'><strong>ut</strong></span> <span class='ocrx_word' id='word_1_149' title='bbox 1160 893 1281 926; x_wconf 87' lang='lat' dir='ltr'><strong>Iudeos</strong></span> <span class='ocrx_word' id='word_1_150' title='bbox 1304 894 1442 926; x_wconf 85' lang='lat' dir='ltr'><strong>civitatis</strong></span> <span class='ocrx_word' id='word_1_151' title='bbox 1459 899 1576 936; x_wconf 84' lang='lat' dir='ltr'><strong>vestre,</strong></span> <span class='ocrx_word' id='word_1_152' title='bbox 1600 905 1729 928; x_wconf 84' lang='lat' dir='ltr'><strong>camere</strong></span> <span class='ocrx_word' id='word_1_153' title='bbox 1753 902 1862 930; x_wconf 91' lang='lat' dir='ltr'><strong>nostre</strong></span> 
     </span>
     <span class='ocr_line' id='line_1_15' title="bbox 201 945 1862 989; baseline 0.001 -9"><span class='ocrx_word' id='word_1_154' title='bbox 201 957 311 980; x_wconf 82' lang='lat' dir='ltr'><strong>servos</strong></span> <span class='ocrx_word' id='word_1_155' title='bbox 334 947 417 979; x_wconf 83' lang='lat' dir='ltr'><strong>tales</strong></span> <span class='ocrx_word' id='word_1_156' title='bbox 439 947 598 989; x_wconf 85' lang='lat' dir='ltr'><strong>habeatis,</strong></span> <span class='ocrx_word' id='word_1_157' title='bbox 622 951 658 979; x_wconf 92' lang='lat' dir='ltr'><strong>ut</strong></span> <span class='ocrx_word' id='word_1_158' title='bbox 680 946 847 989; x_wconf 88' lang='lat' dir='ltr'><strong>sepedicto</strong></span> <span class='ocrx_word' id='word_1_159' title='bbox 863 946 1018 978; x_wconf 83' lang='lat' dir='ltr'><strong>Heinrieo</strong></span> <span class='ocrx_word' id='word_1_160' title='bbox 1039 945 1317 988; x_wconf 79' lang='lat' dir='ltr'><strong>contemplacione</strong></span> <span class='ocrx_word' id='word_1_161' title='bbox 1341 946 1442 988; x_wconf 83' lang='lat' dir='ltr'><strong>regia,</strong></span> <span class='ocrx_word' id='word_1_162' title='bbox 1466 947 1548 979; x_wconf 88' lang='lat' dir='ltr'><strong>sicut</strong></span> <span class='ocrx_word' id='word_1_163' title='bbox 1570 947 1611 979; x_wconf 90' lang='lat' dir='ltr'><strong>de</strong></span> <span class='ocrx_word' id='word_1_164' title='bbox 1635 948 1704 980; x_wconf 88' lang='lat' dir='ltr'><strong>iure</strong></span> <span class='ocrx_word' id='word_1_165' title='bbox 1728 952 1762 980; x_wconf 92' lang='lat' dir='ltr'><strong>et</strong></span> <span class='ocrx_word' id='word_1_166' title='bbox 1785 959 1862 981; x_wconf 90' lang='lat' dir='ltr'><strong>con·</strong></span> 
     </span>
    </p>
   </div>
   <div class='ocr_carea' id='block_1_5' title="bbox 157 997 1862 1092">
    <p class='ocr_par' dir='ltr' id='par_1_6' title="bbox 157 997 1862 1092">
     <span class='ocr_line' id='line_1_16' title="bbox 157 997 998 1039; baseline -0.001 -9"><span class='ocrx_word' id='word_1_167' title='bbox 157 1009 183 1030; x_wconf 72' lang='grc' dir='ltr'><strong>ιι</strong></span> <span class='ocrx_word' id='word_1_168' title='bbox 201 999 379 1032; x_wconf 86' lang='lat' dir='ltr'><strong>swetudine</strong></span> <span class='ocrx_word' id='word_1_169' title='bbox 404 1002 563 1039; x_wconf 89' lang='lat' dir='ltr'><strong>tenentur,</strong></span> <span class='ocrx_word' id='word_1_170' title='bbox 587 998 741 1031; x_wconf 83' lang='lat' dir='ltr'><strong>obediant</strong></span> <span class='ocrx_word' id='word_1_171' title='bbox 764 1001 798 1030; x_wconf 88' lang='lat' dir='ltr'><strong>et</strong></span> <span class='ocrx_word' id='word_1_172' title='bbox 819 997 998 1030; x_wconf 81' lang='lat' dir='ltr'><strong>intendant.</strong></span> 
     </span>
     <span class='ocr_line' id='line_1_17' title="bbox 309 1048 1862 1092; baseline 0.001 -9"><span class='ocrx_word' id='word_1_173' title='bbox 309 1050 430 1083; x_wconf 85' lang='lat' dir='ltr'><strong>Datum</strong></span> <span class='ocrx_word' id='word_1_174' title='bbox 454 1050 486 1082; x_wconf 92' lang='lat' dir='ltr'><strong>in</strong></span> <span class='ocrx_word' id='word_1_175' title='bbox 508 1050 716 1092; x_wconf 87' lang='lat' dir='ltr'><strong>Nurenberg,</strong></span> <span class='ocrx_word' id='word_1_176' title='bbox 749 1049 827 1082; x_wconf 86' lang='lat' dir='ltr'>XII.</span> <span class='ocrx_word' id='word_1_177' title='bbox 844 1048 984 1081; x_wconf 86' lang='lat' dir='ltr'><strong>Kalend.</strong></span> <span class='ocrx_word' id='word_1_178' title='bbox 1006 1048 1128 1091; x_wconf 68' lang='lat' dir='ltr'><strong>April,</strong></span> <span class='ocrx_word' id='word_1_179' title='bbox 1161 1059 1244 1080; x_wconf 88' lang='lat' dir='ltr'><strong>anno</strong></span> <span class='ocrx_word' id='word_1_180' title='bbox 1272 1048 1403 1081; x_wconf 90' lang='lat' dir='ltr'><strong>Domini</strong></span> <span class='ocrx_word' id='word_1_181' title='bbox 1431 1049 1603 1082; x_wconf 88' lang='lat' dir='ltr'><strong>millesimo</strong></span> <span class='ocrx_word' id='word_1_182' title='bbox 1634 1053 1862 1084; x_wconf 86' lang='lat' dir='ltr'><strong>trecentesimo</strong></span> 
     </span>
    </p>
   </div>
   <div class='ocr_carea' id='block_1_6' title="bbox 200 1101 1052 1144">
    <p class='ocr_par' dir='ltr' id='par_1_7' title="bbox 200 1101 1052 1144">
     <span class='ocr_line' id='line_1_18' title="bbox 200 1101 1052 1144; baseline -0.004 -9"><span class='ocrx_word' id='word_1_183' title='bbox 200 1103 353 1135; x_wconf 85' lang='lat' dir='ltr'><strong>vicesimo</strong></span> <span class='ocrx_word' id='word_1_184' title='bbox 376 1103 488 1143; x_wconf 87' lang='lat' dir='ltr'><strong>tercio,</strong></span> <span class='ocrx_word' id='word_1_185' title='bbox 511 1103 603 1144; x_wconf 86' lang='lat' dir='ltr'><strong>regni</strong></span> <span class='ocrx_word' id='word_1_186' title='bbox 626 1112 704 1134; x_wconf 87' lang='lat' dir='ltr'><strong>vero</strong></span> <span class='ocrx_word' id='word_1_187' title='bbox 727 1101 827 1134; x_wconf 87' lang='lat' dir='ltr'><strong>nostri</strong></span> <span class='ocrx_word' id='word_1_188' title='bbox 850 1111 933 1133; x_wconf 87' lang='lat' dir='ltr'><strong>anno</strong></span> <span class='ocrx_word' id='word_1_189' title='bbox 956 1111 1052 1133; x_wconf 91' lang='lat' dir='ltr'><strong>nono.</strong></span> 
     </span>
    </p>
   </div>
   <div class='ocr_carea' id='block_1_7' title="bbox 449 1232 1609 1271">
    <p class='ocr_par' dir='ltr' id='par_1_8' title="bbox 449 1232 1609 1271">
     <span class='ocr_line' id='line_1_19' title="bbox 449 1232 1609 1271; baseline -0.002 0"><span class='ocrx_word' id='word_1_190' title='bbox 449 1234 535 1271; x_wconf 73' lang='lat'><strong>732.</strong></span> <span class='ocrx_word' id='word_1_191' title='bbox 577 1234 790 1270; x_wconf 76' lang='lat' dir='ltr'><strong>Mandatum</strong></span> <span class='ocrx_word' id='word_1_192' title='bbox 817 1234 866 1269; x_wconf 88' lang='lat' dir='ltr'><strong>ad</strong></span> <span class='ocrx_word' id='word_1_193' title='bbox 892 1233 1064 1270; x_wconf 76' lang='lat' dir='ltr'><strong>civitatem</strong></span> <span class='ocrx_word' id='word_1_194' title='bbox 1090 1232 1312 1270; x_wconf 79' lang='lat' dir='ltr'><strong>Bernensem.</strong></span> <span class='ocrx_word' id='word_1_195' title='bbox 1417 1233 1529 1270; x_wconf 65' lang='lat' dir='ltr'><strong>Mart.</strong></span> <span class='ocrx_word' id='word_1_196' title='bbox 1549 1236 1609 1269; x_wconf 76' lang='lat'><strong>21.</strong></span> 
     </span>
    </p>
   </div>
   <div class='ocr_carea' id='block_1_8' title="bbox 157 1306 1862 1450">
    <p class='ocr_par' dir='ltr' id='par_1_9' title="bbox 157 1306 1862 1450">
     <span class='ocr_line' id='line_1_20' title="bbox 313 1306 1861 1352; baseline 0.002 -11"><span class='ocrx_word' id='word_1_197' title='bbox 313 1308 475 1350; x_wconf 76' lang='lat' dir='ltr'><strong>Oriqinaze</strong></span> <span class='ocrx_word' id='word_1_198' title='bbox 489 1308 565 1352; x_wconf 85' lang='lat' dir='ltr'><strong>(or.)</strong></span> <span class='ocrx_word' id='word_1_199' title='bbox 588 1309 624 1341; x_wconf 80' lang='lat' dir='ltr'><strong>in</strong></span> <span class='ocrx_word' id='word_1_200' title='bbox 639 1307 798 1340; x_wconf 79' lang='lat' dir='ltr'><strong>tabulario</strong></span> <span class='ocrx_word' id='word_1_201' title='bbox 812 1307 981 1340; x_wconf 74' lang='lat' dir='ltr'><strong>Bernensi.</strong></span> <span class='ocrx_word' id='word_1_202' title='bbox 1018 1306 1198 1347; x_wconf 75' lang='lat' dir='ltr'><strong>Descripsit</strong></span> <span class='ocrx_word' id='word_1_203' title='bbox 1219 1306 1246 1339; x_wconf 80' lang='lat' dir='ltr'><strong>b.</strong></span> <span class='ocrx_word' id='word_1_204' title='bbox 1263 1317 1302 1339; x_wconf 91' lang='lat' dir='ltr'><strong>m.</strong></span> <span class='ocrx_word' id='word_1_205' title='bbox 1320 1307 1414 1346; x_wconf 68' lang='lat' dir='ltr'><strong>Iaffe.</strong></span> <span class='ocrx_word' id='word_1_206' title='bbox 1452 1307 1573 1340; x_wconf 76' lang='lat' dir='ltr'><strong>Pendet</strong></span> <span class='ocrx_word' id='word_1_207' title='bbox 1587 1309 1726 1350; x_wconf 69' lang='lat' dir='ltr'><strong>siyillum</strong></span> <span class='ocrx_word' id='word_1_208' title='bbox 1742 1309 1861 1344; x_wconf 81' lang='lat' dir='ltr'><strong>laesum</strong></span> 
     </span>
     <span class='ocr_line' id='line_1_21' title="bbox 157 1358 1862 1402; baseline 0.002 -11"><span class='ocrx_word' id='word_1_209' title='bbox 157 1371 184 1391; x_wconf 71' lang='lat' dir='ltr'><strong>so</strong></span> <span class='ocrx_word' id='word_1_210' title='bbox 201 1359 266 1394; x_wconf 74' lang='lat' dir='ltr'><strong>loro</strong></span> <span class='ocrx_word' id='word_1_211' title='bbox 291 1361 533 1394; x_wconf 79' lang='lat' dir='ltr'><strong>membranaceo.</strong></span> <span class='ocrx_word' id='word_1_212' title='bbox 556 1379 599 1384; x_wconf 98' lang='lat'>—</span> <span class='ocrx_word' id='word_1_213' title='bbox 630 1360 693 1392; x_wconf 80' lang='lat' dir='ltr'><strong>Ed.</strong></span> <span class='ocrx_word' id='word_1_214' title='bbox 714 1359 938 1393; x_wconf 79' lang='lat' dir='ltr'><strong>Winkelmann</strong></span> <span class='ocrx_word' id='word_1_215' title='bbox 965 1359 1059 1391; x_wconf 79' lang='lat' dir='ltr'><strong>‘Acta</strong></span> <span class='ocrx_word' id='word_1_216' title='bbox 1087 1358 1214 1400; x_wconf 75' lang='lat' dir='ltr'><strong>imperii</strong></span> <span class='ocrx_word' id='word_1_217' title='bbox 1236 1358 1372 1391; x_wconf 79' lang='lat' dir='ltr'><strong>inedita‘</strong></span> <span class='ocrx_word' id='word_1_218' title='bbox 1396 1359 1450 1398; x_wconf 86' lang='grc' dir='ltr'><strong>ΙΙ,</strong></span> <span class='ocrx_word' id='word_1_219' title='bbox 1474 1360 1540 1391; x_wconf 83' lang='lat'><strong>302</strong></span> <span class='ocrx_word' id='word_1_220' title='bbox 1568 1370 1618 1392; x_wconf 80' lang='lat' dir='ltr'><strong>nr.</strong></span> <span class='ocrx_word' id='word_1_221' title='bbox 1639 1362 1704 1393; x_wconf 75' lang='lat'><strong>482</strong></span> <span class='ocrx_word' id='word_1_222' title='bbox 1730 1372 1769 1394; x_wconf 80' lang='lat' dir='ltr'><strong>ex</strong></span> <span class='ocrx_word' id='word_1_223' title='bbox 1795 1374 1862 1402; x_wconf 86' lang='lat' dir='ltr'><strong>or.‚·</strong></span> 
     </span>
     <span class='ocr_line' id='line_1_22' title="bbox 201 1410 1132 1450; baseline -0.002 -6"><span class='ocrx_word' id='word_1_224' title='bbox 201 1412 329 1445; x_wconf 79' lang='lat' dir='ltr'><strong>‘Fontes</strong></span> <span class='ocrx_word' id='word_1_225' title='bbox 349 1423 456 1445; x_wconf 80' lang='lat' dir='ltr'><strong>rerum</strong></span> <span class='ocrx_word' id='word_1_226' title='bbox 478 1411 706 1445; x_wconf 81' lang='lat' dir='ltr'><strong>Bernensiwm’</strong></span> <span class='ocrx_word' id='word_1_227' title='bbox 736 1410 770 1450; x_wconf 84' lang='lat' dir='ltr'><strong>V,</strong></span> <span class='ocrx_word' id='word_1_228' title='bbox 785 1411 850 1443; x_wconf 84' lang='lat'><strong>329</strong></span> <span class='ocrx_word' id='word_1_229' title='bbox 871 1411 1003 1443; x_wconf 59' lang='lat' dir='ltr'><strong>nra-284</strong></span> <span class='ocrx_word' id='word_1_230' title='bbox 1025 1420 1064 1443; x_wconf 70' lang='lat' dir='ltr'><strong>ea:</strong></span> <span class='ocrx_word' id='word_1_231' title='bbox 1086 1420 1132 1442; x_wconf 83' lang='lat' dir='ltr'><strong>or.</strong></span> 
     </span>
    </p>
   </div>
   <div class='ocr_carea' id='block_1_9' title="bbox 157 1495 1861 2109">
    <p class='ocr_par' dir='ltr' id='par_1_10' title="bbox 200 1495 1861 1645">
     <span class='ocr_line' id='line_1_23' title="bbox 308 1495 1861 1540; baseline 0.001 -9"><span class='ocrx_word' id='word_1_232' title='bbox 308 1498 382 1531; x_wconf 90' lang='lat' dir='ltr'><strong>Wir</strong></span> <span class='ocrx_word' id='word_1_233' title='bbox 404 1498 581 1531; x_wconf 88' lang='lat' dir='ltr'><strong>Ludowich</strong></span> <span class='ocrx_word' id='word_1_234' title='bbox 609 1508 671 1530; x_wconf 90' lang='lat' dir='ltr'><strong>von</strong></span> <span class='ocrx_word' id='word_1_235' title='bbox 695 1496 797 1530; x_wconf 88' lang='lat' dir='ltr'><strong>Gotes</strong></span> <span class='ocrx_word' id='word_1_236' title='bbox 825 1496 954 1540; x_wconf 88' lang='lat' dir='ltr'><strong>gnaden</strong></span> <span class='ocrx_word' id='word_1_237' title='bbox 977 1496 1169 1529; x_wconf 86' lang='lat' dir='ltr'><strong>Romischer</strong></span> <span class='ocrx_word' id='word_1_238' title='bbox 1197 1495 1316 1538; x_wconf 71' lang='lat' dir='ltr'><strong>chunig</strong></span> <span class='ocrx_word' id='word_1_239' title='bbox 1347 1507 1383 1529; x_wconf 91' lang='lat' dir='ltr'><strong>ze</strong></span> <span class='ocrx_word' id='word_1_240' title='bbox 1414 1496 1500 1529; x_wconf 89' lang='lat' dir='ltr'><strong>allen</strong></span> <span class='ocrx_word' id='word_1_241' title='bbox 1528 1498 1632 1531; x_wconf 89' lang='lat' dir='ltr'><strong>zeiten</strong></span> <span class='ocrx_word' id='word_1_242' title='bbox 1663 1509 1771 1532; x_wconf 79' lang='lat' dir='ltr'><strong>mei-er</strong></span> <span class='ocrx_word' id='word_1_243' title='bbox 1801 1500 1861 1533; x_wconf 87' lang='lat' dir='ltr'><strong>des</strong></span> 
     </span>
     <span class='ocr_line' id='line_1_24' title="bbox 201 1547 1861 1589; baseline 0.001 -6"><span class='ocrx_word' id='word_1_244' title='bbox 201 1550 306 1583; x_wconf 85' lang='lat' dir='ltr'><strong>riehes</strong></span> <span class='ocrx_word' id='word_1_245' title='bbox 395 1549 525 1582; x_wconf 89' lang='lat' dir='ltr'><strong>enbiten</strong></span> <span class='ocrx_word' id='word_1_246' title='bbox 553 1549 616 1582; x_wconf 87' lang='lat' dir='ltr'><strong>den</strong></span> <span class='ocrx_word' id='word_1_247' title='bbox 646 1548 845 1582; x_wconf 87' lang='lat' dir='ltr'><strong>bescheiden</strong></span> <span class='ocrx_word' id='word_1_248' title='bbox 867 1549 987 1581; x_wconf 81' lang='lat' dir='ltr'><strong>laeuten</strong></span> <span class='ocrx_word' id='word_1_249' title='bbox 1011 1572 1018 1580; x_wconf 88' lang='lat'>.</span> <span class='ocrx_word' id='word_1_250' title='bbox 1036 1573 1043 1580; x_wconf 89' lang='lat'><strong>.</strong></span> <span class='ocrx_word' id='word_1_251' title='bbox 1067 1548 1142 1580; x_wconf 89' lang='lat' dir='ltr'><strong>dem</strong></span> <span class='ocrx_word' id='word_1_252' title='bbox 1166 1547 1419 1589; x_wconf 85' lang='lat' dir='ltr'><strong>schultheizzen,</strong></span> <span class='ocrx_word' id='word_1_253' title='bbox 1448 1574 1455 1581; x_wconf 91' lang='lat'>.</span> <span class='ocrx_word' id='word_1_254' title='bbox 1474 1573 1481 1580; x_wconf 93' lang='lat'><em>.</em></span> <span class='ocrx_word' id='word_1_255' title='bbox 1505 1549 1580 1582; x_wconf 90' lang='lat' dir='ltr'><strong>dem</strong></span> <span class='ocrx_word' id='word_1_256' title='bbox 1611 1554 1680 1582; x_wconf 81' lang='lat' dir='ltr'><strong>rat·</strong></span> <span class='ocrx_word' id='word_1_257' title='bbox 1708 1551 1774 1584; x_wconf 89' lang='lat' dir='ltr'><strong>und</strong></span> <span class='ocrx_word' id='word_1_258' title='bbox 1802 1552 1861 1585; x_wconf 90' lang='lat' dir='ltr'><strong>der</strong></span> 
     </span>
     <span class='ocr_line' id='line_1_25' title="bbox 200 1599 1779 1645; baseline 0 -10"><span class='ocrx_word' id='word_1_259' title='bbox 200 1602 331 1645; x_wconf 85' lang='lat' dir='ltr'><strong>gemain</strong></span> <span class='ocrx_word' id='word_1_260' title='bbox 354 1601 412 1634; x_wconf 86' lang='lat' dir='ltr'><strong>der</strong></span> <span class='ocrx_word' id='word_1_261' title='bbox 434 1601 554 1644; x_wconf 75' lang='lat' dir='ltr'><strong>burget·</strong></span> <span class='ocrx_word' id='word_1_262' title='bbox 575 1611 611 1633; x_wconf 85' lang='lat' dir='ltr'><strong>ze</strong></span> <span class='ocrx_word' id='word_1_263' title='bbox 634 1601 732 1642; x_wconf 85' lang='lat' dir='ltr'><strong>Bern,</strong></span> <span class='ocrx_word' id='word_1_264' title='bbox 755 1610 871 1632; x_wconf 88' lang='lat' dir='ltr'><strong>unsern</strong></span> <span class='ocrx_word' id='word_1_265' title='bbox 895 1599 1004 1633; x_wconf 89' lang='lat' dir='ltr'><strong>lieben</strong></span> <span class='ocrx_word' id='word_1_266' title='bbox 1026 1603 1191 1642; x_wconf 87' lang='lat' dir='ltr'><strong>getrewen</strong></span> <span class='ocrx_word' id='word_1_267' title='bbox 1278 1609 1375 1631; x_wconf 86' lang='lat' dir='ltr'><strong>unser</strong></span> <span class='ocrx_word' id='word_1_268' title='bbox 1397 1599 1497 1632; x_wconf 88' lang='lat' dir='ltr'><strong>hulde</strong></span> <span class='ocrx_word' id='word_1_269' title='bbox 1520 1600 1585 1632; x_wconf 90' lang='lat' dir='ltr'><strong>und</strong></span> <span class='ocrx_word' id='word_1_270' title='bbox 1608 1601 1689 1634; x_wconf 87' lang='lat' dir='ltr'><strong>alles</strong></span> <span class='ocrx_word' id='word_1_271' title='bbox 1711 1601 1779 1644; x_wconf 78' lang='lat' dir='ltr'><strong>gfit.</strong></span> 
     </span>
    </p>

    <p class='ocr_par' dir='ltr' id='par_1_11' title="bbox 157 1651 1861 1903">
     <span class='ocr_line' id='line_1_26' title="bbox 157 1651 1860 1695; baseline 0.001 -10"><span class='ocrx_word' id='word_1_272' title='bbox 157 1659 182 1680; x_wconf 64' lang='grc' dir='ltr'><strong>’θ</strong></span> <span class='ocrx_word' id='word_1_273' title='bbox 308 1653 383 1686; x_wconf 88' lang='lat' dir='ltr'><strong>Wir</strong></span> <span class='ocrx_word' id='word_1_274' title='bbox 409 1652 465 1685; x_wconf 83' lang='lat' dir='ltr'><strong>tfin</strong></span> <span class='ocrx_word' id='word_1_275' title='bbox 493 1653 526 1685; x_wconf 93' lang='lat' dir='ltr'><strong>iu</strong></span> <span class='ocrx_word' id='word_1_276' title='bbox 553 1653 665 1694; x_wconf 87' lang='lat' dir='ltr'><strong>chunt,</strong></span> <span class='ocrx_word' id='word_1_277' title='bbox 693 1652 753 1684; x_wconf 82' lang='lat' dir='ltr'><strong>daz</strong></span> <span class='ocrx_word' id='word_1_278' title='bbox 776 1653 834 1684; x_wconf 86' lang='lat' dir='ltr'><strong>wir</strong></span> <span class='ocrx_word' id='word_1_279' title='bbox 861 1651 944 1684; x_wconf 85' lang='lat' dir='ltr'><strong>nach</strong></span> <span class='ocrx_word' id='word_1_280' title='bbox 972 1652 1060 1684; x_wconf 88' lang='lat' dir='ltr'><strong>iurer</strong></span> <span class='ocrx_word' id='word_1_281' title='bbox 1088 1651 1159 1691; x_wconf 85' lang='lat' dir='ltr'><strong>bet,</strong></span> <span class='ocrx_word' id='word_1_282' title='bbox 1188 1651 1236 1683; x_wconf 89' lang='lat' dir='ltr'><strong>als</strong></span> <span class='ocrx_word' id='word_1_283' title='bbox 1259 1651 1287 1682; x_wconf 87' lang='lat' dir='ltr'><strong>ir</strong></span> <span class='ocrx_word' id='word_1_284' title='bbox 1308 1661 1367 1683; x_wconf 92' lang='lat' dir='ltr'><strong>uns</strong></span> <span class='ocrx_word' id='word_1_285' title='bbox 1390 1651 1531 1694; x_wconf 89' lang='lat' dir='ltr'><strong>gebeten</strong></span> <span class='ocrx_word' id='word_1_286' title='bbox 1555 1652 1648 1695; x_wconf 83' lang='lat' dir='ltr'><strong>habt,</strong></span> <span class='ocrx_word' id='word_1_287' title='bbox 1676 1653 1740 1686; x_wconf 87' lang='lat' dir='ltr'><strong>den</strong></span> <span class='ocrx_word' id='word_1_288' title='bbox 1763 1654 1860 1687; x_wconf 91' lang='lat' dir='ltr'><strong>edeln</strong></span> 
     </span>
     <span class='ocr_line' id='line_1_27' title="bbox 200 1702 1861 1748; baseline 0.001 -10"><span class='ocrx_word' id='word_1_289' title='bbox 200 1715 275 1738; x_wconf 89' lang='lat' dir='ltr'><strong>man</strong></span> <span class='ocrx_word' id='word_1_290' title='bbox 297 1705 374 1748; x_wconf 79' lang='lat' dir='ltr'><strong>graf</strong></span> <span class='ocrx_word' id='word_1_291' title='bbox 385 1705 588 1738; x_wconf 85' lang='lat' dir='ltr'><strong>Eberharten</strong></span> <span class='ocrx_word' id='word_1_292' title='bbox 605 1715 666 1736; x_wconf 90' lang='lat' dir='ltr'><strong>von</strong></span> <span class='ocrx_word' id='word_1_293' title='bbox 681 1703 837 1747; x_wconf 84' lang='lat' dir='ltr'><strong>Kyburch</strong></span> <span class='ocrx_word' id='word_1_294' title='bbox 861 1703 919 1736; x_wconf 81' lang='lat' dir='ltr'><strong>auf</strong></span> <span class='ocrx_word' id='word_1_295' title='bbox 939 1703 998 1735; x_wconf 89' lang='lat' dir='ltr'><strong>daz</strong></span> <span class='ocrx_word' id='word_1_296' title='bbox 1022 1703 1094 1735; x_wconf 91' lang='lat' dir='ltr'><strong>reht</strong></span> <span class='ocrx_word' id='word_1_297' title='bbox 1116 1703 1148 1735; x_wconf 92' lang='lat' dir='ltr'><strong>in</strong></span> <span class='ocrx_word' id='word_1_298' title='bbox 1163 1713 1282 1735; x_wconf 88' lang='lat' dir='ltr'><strong>unsern</strong></span> <span class='ocrx_word' id='word_1_299' title='bbox 1299 1702 1447 1736; x_wconf 77' lang='lat' dir='ltr'><strong>scheme</strong></span> <span class='ocrx_word' id='word_1_300' title='bbox 1470 1714 1588 1737; x_wconf 91' lang='lat' dir='ltr'><strong>nemen</strong></span> <span class='ocrx_word' id='word_1_301' title='bbox 1610 1705 1677 1737; x_wconf 89' lang='lat' dir='ltr'><strong>und</strong></span> <span class='ocrx_word' id='word_1_302' title='bbox 1699 1716 1861 1748; x_wconf 88' lang='lat' dir='ltr'><strong>genomen</strong></span> 
     </span>
     <span class='ocr_line' id='line_1_28' title="bbox 199 1753 1860 1800; baseline 0 -10"><span class='ocrx_word' id='word_1_303' title='bbox 199 1756 318 1799; x_wconf 86' lang='lat' dir='ltr'><strong>haben,</strong></span> <span class='ocrx_word' id='word_1_304' title='bbox 340 1756 406 1789; x_wconf 88' lang='lat' dir='ltr'><strong>und</strong></span> <span class='ocrx_word' id='word_1_305' title='bbox 427 1757 518 1789; x_wconf 89' lang='lat' dir='ltr'><strong>biten</strong></span> <span class='ocrx_word' id='word_1_306' title='bbox 540 1755 625 1797; x_wconf 87' lang='lat' dir='ltr'><strong>iuch,</strong></span> <span class='ocrx_word' id='word_1_307' title='bbox 650 1755 708 1788; x_wconf 81' lang='lat' dir='ltr'><strong>daz</strong></span> <span class='ocrx_word' id='word_1_308' title='bbox 731 1755 759 1787; x_wconf 90' lang='lat' dir='ltr'><strong>ir</strong></span> <span class='ocrx_word' id='word_1_309' title='bbox 780 1756 824 1787; x_wconf 91' lang='lat' dir='ltr'><strong>im</strong></span> <span class='ocrx_word' id='word_1_310' title='bbox 841 1754 900 1786; x_wconf 87' lang='lat' dir='ltr'><strong>dar</strong></span> <span class='ocrx_word' id='word_1_311' title='bbox 922 1755 981 1787; x_wconf 84' lang='lat' dir='ltr'><strong>auf</strong></span> <span class='ocrx_word' id='word_1_312' title='bbox 993 1754 1170 1787; x_wconf 82' lang='lat' dir='ltr'><strong>diensthast</strong></span> <span class='ocrx_word' id='word_1_313' title='bbox 1192 1754 1257 1786; x_wconf 91' lang='lat' dir='ltr'><strong>und</strong></span> <span class='ocrx_word' id='word_1_314' title='bbox 1273 1753 1427 1787; x_wconf 82' lang='lat' dir='ltr'><strong>beholfen</strong></span> <span class='ocrx_word' id='word_1_315' title='bbox 1450 1756 1512 1788; x_wconf 84' lang='lat' dir='ltr'><strong>seit</strong></span> <span class='ocrx_word' id='word_1_316' title='bbox 1534 1766 1597 1788; x_wconf 84' lang='lat' dir='ltr'><strong>von</strong></span> <span class='ocrx_word' id='word_1_317' title='bbox 1612 1767 1729 1789; x_wconf 88' lang='lat' dir='ltr'><strong>unsern</strong></span> <span class='ocrx_word' id='word_1_318' title='bbox 1745 1768 1860 1800; x_wconf 86' lang='lat' dir='ltr'><strong>wegen</strong></span> 
     </span>
     <span class='ocr_line' id='line_1_29' title="bbox 200 1805 1861 1851; baseline 0.001 -11"><span class='ocrx_word' id='word_1_319' title='bbox 200 1808 248 1840; x_wconf 85' lang='lat' dir='ltr'><strong>als</strong></span> <span class='ocrx_word' id='word_1_320' title='bbox 276 1818 370 1842; x_wconf 84' lang='lat' dir='ltr'><strong>verre</strong></span> <span class='ocrx_word' id='word_1_321' title='bbox 397 1809 426 1841; x_wconf 91' lang='lat' dir='ltr'><strong>ir</strong></span> <span class='ocrx_word' id='word_1_322' title='bbox 450 1808 558 1851; x_wconf 77' lang='lat' dir='ltr'><strong>mfigt,</strong></span> <span class='ocrx_word' id='word_1_323' title='bbox 587 1810 662 1839; x_wconf 86' lang='lat' dir='ltr'><strong>untz</strong></span> <span class='ocrx_word' id='word_1_324' title='bbox 685 1807 743 1839; x_wconf 83' lang='lat' dir='ltr'><strong>wir</strong></span> <span class='ocrx_word' id='word_1_325' title='bbox 769 1805 808 1838; x_wconf 78' lang='lat' dir='ltr'><strong>zfi</strong></span> <span class='ocrx_word' id='word_1_326' title='bbox 834 1807 867 1838; x_wconf 91' lang='lat' dir='ltr'><strong>iu</strong></span> <span class='ocrx_word' id='word_1_327' title='bbox 895 1817 935 1838; x_wconf 88' lang='lat' dir='ltr'><strong>an</strong></span> <span class='ocrx_word' id='word_1_328' title='bbox 966 1806 1025 1838; x_wconf 85' lang='lat' dir='ltr'><strong>daz</strong></span> <span class='ocrx_word' id='word_1_329' title='bbox 1048 1806 1117 1838; x_wconf 83' lang='lat' dir='ltr'><strong>lant</strong></span> <span class='ocrx_word' id='word_1_330' title='bbox 1139 1805 1276 1838; x_wconf 81' lang='lat' dir='ltr'><strong>chomen</strong></span> <span class='ocrx_word' id='word_1_331' title='bbox 1299 1805 1365 1838; x_wconf 86' lang='lat' dir='ltr'><strong>und</strong></span> <span class='ocrx_word' id='word_1_332' title='bbox 1395 1817 1432 1839; x_wconf 88' lang='lat' dir='ltr'><strong>ze</strong></span> <span class='ocrx_word' id='word_1_333' title='bbox 1455 1810 1506 1839; x_wconf 86' lang='lat' dir='ltr'><strong>rat</strong></span> <span class='ocrx_word' id='word_1_334' title='bbox 1534 1807 1675 1850; x_wconf 85' lang='lat' dir='ltr'><strong>werden,</strong></span> <span class='ocrx_word' id='word_1_335' title='bbox 1705 1820 1773 1842; x_wconf 83' lang='lat' dir='ltr'><strong>waz</strong></span> <span class='ocrx_word' id='word_1_336' title='bbox 1802 1811 1861 1842; x_wconf 81' lang='lat' dir='ltr'><strong>wir</strong></span> 
     </span>
     <span class='ocr_line' id='line_1_30' title="bbox 200 1857 1860 1903; baseline 0.001 -11"><span class='ocrx_word' id='word_1_337' title='bbox 200 1859 299 1893; x_wconf 80' lang='lat' dir='ltr'><strong>darzfi</strong></span> <span class='ocrx_word' id='word_1_338' title='bbox 329 1859 400 1902; x_wconf 78' lang='lat' dir='ltr'><strong>tfin,</strong></span> <span class='ocrx_word' id='word_1_339' title='bbox 431 1860 490 1892; x_wconf 88' lang='lat' dir='ltr'><strong>daz</strong></span> <span class='ocrx_word' id='word_1_340' title='bbox 519 1860 591 1892; x_wconf 88' lang='lat' dir='ltr'><strong>reht</strong></span> <span class='ocrx_word' id='word_1_341' title='bbox 620 1859 686 1891; x_wconf 90' lang='lat' dir='ltr'><strong>und</strong></span> <span class='ocrx_word' id='word_1_342' title='bbox 714 1858 837 1891; x_wconf 88' lang='lat' dir='ltr'><strong>redlich</strong></span> <span class='ocrx_word' id='word_1_343' title='bbox 867 1858 923 1891; x_wconf 91' lang='lat' dir='ltr'><strong>sei.</strong></span> <span class='ocrx_word' id='word_1_344' title='bbox 969 1858 1043 1890; x_wconf 90' lang='lat' dir='ltr'><strong>Wir</strong></span> <span class='ocrx_word' id='word_1_345' title='bbox 1070 1857 1178 1890; x_wconf 88' lang='lat' dir='ltr'><strong>haben</strong></span> <span class='ocrx_word' id='word_1_346' title='bbox 1206 1857 1288 1890; x_wconf 89' lang='lat' dir='ltr'><strong>auch</strong></span> <span class='ocrx_word' id='word_1_347' title='bbox 1317 1857 1377 1890; x_wconf 90' lang='lat' dir='ltr'><strong>daz</strong></span> <span class='ocrx_word' id='word_1_348' title='bbox 1404 1858 1474 1891; x_wconf 89' lang='lat' dir='ltr'><strong>selb</strong></span> <span class='ocrx_word' id='word_1_349' title='bbox 1506 1869 1624 1892; x_wconf 88' lang='lat' dir='ltr'><strong>unsern</strong></span> <span class='ocrx_word' id='word_1_350' title='bbox 1652 1859 1793 1903; x_wconf 86' lang='lat' dir='ltr'><strong>burgern</strong></span> <span class='ocrx_word' id='word_1_351' title='bbox 1823 1872 1860 1893; x_wconf 91' lang='lat' dir='ltr'><strong>ze</strong></span> 
     </span>
    </p>

    <p class='ocr_par' dir='ltr' id='par_1_12' title="bbox 157 1909 1861 1996">
     <span class='ocr_line' id='line_1_31' title="bbox 157 1909 1861 1954; baseline 0.001 -10"><span class='ocrx_word' id='word_1_352' title='bbox 157 1917 183 1938; x_wconf 76' lang='lat'><strong>⁸0</strong></span> <span class='ocrx_word' id='word_1_353' title='bbox 201 1911 351 1945; x_wconf 82' lang='lat' dir='ltr'><strong>Solotern</strong></span> <span class='ocrx_word' id='word_1_354' title='bbox 372 1911 438 1944; x_wconf 89' lang='lat' dir='ltr'><strong>und</strong></span> <span class='ocrx_word' id='word_1_355' title='bbox 461 1922 498 1944; x_wconf 93' lang='lat' dir='ltr'><strong>ze</strong></span> <span class='ocrx_word' id='word_1_356' title='bbox 522 1911 628 1943; x_wconf 68' lang='lat' dir='ltr'><strong>Marte</strong></span> <span class='ocrx_word' id='word_1_357' title='bbox 652 1910 808 1951; x_wconf 88' lang='lat' dir='ltr'><strong>enboten,</strong></span> <span class='ocrx_word' id='word_1_358' title='bbox 836 1909 895 1942; x_wconf 88' lang='lat' dir='ltr'><strong>daz</strong></span> <span class='ocrx_word' id='word_1_359' title='bbox 923 1910 950 1941; x_wconf 91' lang='lat' dir='ltr'><strong>si</strong></span> <span class='ocrx_word' id='word_1_360' title='bbox 973 1909 1083 1942; x_wconf 88' lang='lat' dir='ltr'><strong>beidiu</strong></span> <span class='ocrx_word' id='word_1_361' title='bbox 1115 1910 1158 1941; x_wconf 92' lang='lat' dir='ltr'><strong>im</strong></span> <span class='ocrx_word' id='word_1_362' title='bbox 1186 1909 1252 1941; x_wconf 88' lang='lat' dir='ltr'><strong>und</strong></span> <span class='ocrx_word' id='word_1_363' title='bbox 1274 1910 1357 1942; x_wconf 88' lang='lat' dir='ltr'><strong>auch</strong></span> <span class='ocrx_word' id='word_1_364' title='bbox 1379 1911 1413 1942; x_wconf 91' lang='lat' dir='ltr'><strong>iu</strong></span> <span class='ocrx_word' id='word_1_365' title='bbox 1437 1921 1499 1942; x_wconf 88' lang='lat' dir='ltr'><strong>von</strong></span> <span class='ocrx_word' id='word_1_366' title='bbox 1522 1921 1641 1944; x_wconf 85' lang='lat' dir='ltr'><strong>unsern</strong></span> <span class='ocrx_word' id='word_1_367' title='bbox 1663 1922 1778 1954; x_wconf 84' lang='lat' dir='ltr'><strong>wegen</strong></span> <span class='ocrx_word' id='word_1_368' title='bbox 1801 1913 1861 1945; x_wconf 87' lang='lat' dir='ltr'><strong>dar</strong></span> 
     </span>
     <span class='ocr_line' id='line_1_32' title="bbox 200 1963 773 1996; baseline -0.002 0"><span class='ocrx_word' id='word_1_369' title='bbox 200 1963 239 1996; x_wconf 67' lang='grc' dir='ltr'><strong>ιθ</strong></span> <span class='ocrx_word' id='word_1_370' title='bbox 262 1964 321 1996; x_wconf 74' lang='lat' dir='ltr'><strong>auf</strong></span> <span class='ocrx_word' id='word_1_371' title='bbox 340 1963 399 1996; x_wconf 87' lang='lat' dir='ltr'><strong>daz</strong></span> <span class='ocrx_word' id='word_1_372' title='bbox 422 1964 496 1996; x_wconf 87' lang='lat' dir='ltr'><strong>reht</strong></span> <span class='ocrx_word' id='word_1_373' title='bbox 519 1963 671 1996; x_wconf 87' lang='lat' dir='ltr'><strong>beholfen</strong></span> <span class='ocrx_word' id='word_1_374' title='bbox 694 1964 773 1996; x_wconf 90' lang='lat' dir='ltr'><strong>sein.</strong></span> 
     </span>
    </p>

    <p class='ocr_par' dir='ltr' id='par_1_13' title="bbox 200 2013 1859 2109">
     <span class='ocr_line' id='line_1_33' title="bbox 307 2013 1859 2058; baseline 0 -10"><span class='ocrx_word' id='word_1_375' title='bbox 307 2015 377 2048; x_wconf 88' lang='lat' dir='ltr'><strong>Der</strong></span> <span class='ocrx_word' id='word_1_376' title='bbox 402 2015 492 2047; x_wconf 79' lang='lat' dir='ltr'><strong>brief</strong></span> <span class='ocrx_word' id='word_1_377' title='bbox 514 2015 555 2047; x_wconf 89' lang='lat' dir='ltr'><strong>ist</strong></span> <span class='ocrx_word' id='word_1_378' title='bbox 581 2015 688 2058; x_wconf 88' lang='lat' dir='ltr'><strong>geben</strong></span> <span class='ocrx_word' id='word_1_379' title='bbox 719 2025 756 2047; x_wconf 89' lang='lat' dir='ltr'><strong>ze</strong></span> <span class='ocrx_word' id='word_1_380' title='bbox 779 2014 987 2057; x_wconf 71' lang='lat' dir='ltr'><strong>Nfirenberg,</strong></span> <span class='ocrx_word' id='word_1_381' title='bbox 1018 2025 1058 2046; x_wconf 87' lang='lat' dir='ltr'><strong>an</strong></span> <span class='ocrx_word' id='word_1_382' title='bbox 1083 2014 1157 2046; x_wconf 89' lang='lat' dir='ltr'><strong>dem</strong></span> <span class='ocrx_word' id='word_1_383' title='bbox 1180 2013 1315 2056; x_wconf 84' lang='lat' dir='ltr'><strong>Montag</strong></span> <span class='ocrx_word' id='word_1_384' title='bbox 1337 2014 1419 2046; x_wconf 84' lang='lat' dir='ltr'><strong>nach</strong></span> <span class='ocrx_word' id='word_1_385' title='bbox 1444 2014 1519 2046; x_wconf 89' lang='lat' dir='ltr'><strong>dem</strong></span> <span class='ocrx_word' id='word_1_386' title='bbox 1543 2014 1705 2058; x_wconf 80' lang='lat' dir='ltr'><strong>Palmtag,</strong></span> <span class='ocrx_word' id='word_1_387' title='bbox 1729 2016 1761 2047; x_wconf 85' lang='lat' dir='ltr'><strong>in</strong></span> <span class='ocrx_word' id='word_1_388' title='bbox 1784 2016 1859 2048; x_wconf 86' lang='lat' dir='ltr'><strong>dem</strong></span> 
     </span>
     <span class='ocr_line' id='line_1_34' title="bbox 200 2067 694 2109; baseline -0.002 -10"><span class='ocrx_word' id='word_1_389' title='bbox 200 2067 349 2099; x_wconf 85' lang='lat' dir='ltr'><strong>neunden</strong></span> <span class='ocrx_word' id='word_1_390' title='bbox 369 2068 422 2109; x_wconf 87' lang='lat' dir='ltr'><strong>jar</strong></span> <span class='ocrx_word' id='word_1_391' title='bbox 443 2078 555 2100; x_wconf 87' lang='lat' dir='ltr'><strong>unsers</strong></span> <span class='ocrx_word' id='word_1_392' title='bbox 579 2067 694 2099; x_wconf 88' lang='lat' dir='ltr'><strong>riches.</strong></span> 
     </span>
    </p>
   </div>
   <div class='ocr_carea' id='block_1_10' title="bbox 536 2189 1529 2235">
    <p class='ocr_par' dir='ltr' id='par_1_14' title="bbox 536 2189 1529 2235">
     <span class='ocr_line' id='line_1_35' title="bbox 536 2189 1529 2235; baseline -0.005 -8"><span class='ocrx_word' id='word_1_393' title='bbox 536 2191 621 2227; x_wconf 86' lang='lat'><strong>733.</strong></span> <span class='ocrx_word' id='word_1_394' title='bbox 665 2190 867 2235; x_wconf 68' lang='lat' dir='ltr'><strong>Infeudate&#39;o</strong></span> <span class='ocrx_word' id='word_1_395' title='bbox 894 2189 1083 2235; x_wconf 61' lang='lat' dir='ltr'><strong>lantgravii</strong></span> <span class='ocrx_word' id='word_1_396' title='bbox 1110 2189 1273 2225; x_wconf 79' lang='lat' dir='ltr'><strong>Hassiae.</strong></span> <span class='ocrx_word' id='word_1_397' title='bbox 1382 2189 1473 2234; x_wconf 74' lang='lat' dir='ltr'><strong>Apr.</strong></span> <span class='ocrx_word' id='word_1_398' title='bbox 1494 2190 1529 2225; x_wconf 87' lang='lat'><strong>7.</strong></span> 
     </span>
    </p>
   </div>
   <div class='ocr_carea' id='block_1_11' title="bbox 158 2263 1854 2358">
    <p class='ocr_par' dir='ltr' id='par_1_15' title="bbox 158 2263 1854 2358">
     <span class='ocr_line' id='line_1_36' title="bbox 158 2263 1854 2306; baseline -0.001 -8"><span class='ocrx_word' id='word_1_399' title='bbox 158 2277 182 2298; x_wconf 65' lang='lat' dir='ltr'><strong>aa</strong></span> <span class='ocrx_word' id='word_1_400' title='bbox 311 2263 473 2306; x_wconf 71' lang='lat' dir='ltr'><strong>Om‘yinale</strong></span> <span class='ocrx_word' id='word_1_401' title='bbox 495 2265 569 2306; x_wconf 91' lang='lat' dir='ltr'><strong>(or.)</strong></span> <span class='ocrx_word' id='word_1_402' title='bbox 592 2264 681 2297; x_wconf 78' lang='lat' dir='ltr'><strong>valde</strong></span> <span class='ocrx_word' id='word_1_403' title='bbox 696 2275 856 2297; x_wconf 83' lang='lat' dir='ltr'><strong>corrosum</strong></span> <span class='ocrx_word' id='word_1_404' title='bbox 879 2264 915 2296; x_wconf 72' lang='lat' dir='ltr'><strong>in</strong></span> <span class='ocrx_word' id='word_1_405' title='bbox 930 2263 1088 2296; x_wconf 80' lang='lat' dir='ltr'><strong>tabulario</strong></span> <span class='ocrx_word' id='word_1_406' title='bbox 1105 2263 1341 2303; x_wconf 74' lang='lat' dir='ltr'><strong>Marburqensi.</strong></span> <span class='ocrx_word' id='word_1_407' title='bbox 1379 2263 1510 2295; x_wconf 75' lang='lat' dir='ltr'><strong>lubente</strong></span> <span class='ocrx_word' id='word_1_408' title='bbox 1524 2264 1688 2304; x_wconf 77' lang='lat' dir='ltr'><strong>praesecto</strong></span> <span class='ocrx_word' id='word_1_409' title='bbox 1706 2263 1854 2297; x_wconf 77' lang='lat' dir='ltr'><strong>collatum</strong></span> 
     </span>
     <span class='ocr_line' id='line_1_37' title="bbox 201 2315 1064 2358; baseline 0 -10"><span class='ocrx_word' id='word_1_410' title='bbox 201 2318 255 2349; x_wconf 82' lang='lat' dir='ltr'><strong>est.</strong></span> <span class='ocrx_word' id='word_1_411' title='bbox 294 2316 414 2349; x_wconf 77' lang='lat' dir='ltr'><strong>Pendet</strong></span> <span class='ocrx_word' id='word_1_412' title='bbox 428 2316 567 2358; x_wconf 67' lang='lat' dir='ltr'><strong>sigillum</strong></span> <span class='ocrx_word' id='word_1_413' title='bbox 590 2317 711 2349; x_wconf 81' lang='lat' dir='ltr'><strong>laesum</strong></span> <span class='ocrx_word' id='word_1_414' title='bbox 734 2315 799 2349; x_wconf 80' lang='lat' dir='ltr'><strong>loro</strong></span> <span class='ocrx_word' id='word_1_415' title='bbox 821 2316 1064 2349; x_wconf 79' lang='lat' dir='ltr'><strong>membranaceo.</strong></span> 
     </span>
    </p>
   </div>
   <div class='ocr_carea' id='block_1_12' title="bbox 309 2375 954 2418">
    <p class='ocr_par' dir='ltr' id='par_1_16' title="bbox 309 2375 954 2418">
     <span class='ocr_line' id='line_1_38' title="bbox 309 2375 954 2418; baseline -0.002 -10"><span class='ocrx_word' id='word_1_416' title='bbox 309 2375 456 2415; x_wconf 61' lang='lat' dir='ltr'><strong>Bahmer,</strong></span> <span class='ocrx_word' id='word_1_417' title='bbox 479 2376 556 2418; x_wconf 64' lang='lat' dir='ltr'><strong>Ray.</strong></span> <span class='ocrx_word' id='word_1_418' title='bbox 573 2375 685 2409; x_wconf 73' lang='lat' dir='ltr'><strong><em>Ludw.</em></strong></span> <span class='ocrx_word' id='word_1_419' title='bbox 697 2387 733 2417; x_wconf 80' lang='lat' dir='ltr'><strong>p.</strong></span> <span class='ocrx_word' id='word_1_420' title='bbox 749 2378 792 2408; x_wconf 85' lang='lat'><strong>33</strong></span> <span class='ocrx_word' id='word_1_421' title='bbox 814 2387 864 2408; x_wconf 81' lang='lat' dir='ltr'><strong>nr.</strong></span> <span class='ocrx_word' id='word_1_422' title='bbox 881 2376 954 2408; x_wconf 80' lang='lat'><strong><em>557.</em></strong></span> 
     </span>
    </p>
   </div>
   <div class='ocr_carea' id='block_1_13' title="bbox 157 2459 1857 2711">
    <p class='ocr_par' dir='ltr' id='par_1_17' title="bbox 309 2459 1857 2505">
     <span class='ocr_line' id='line_1_39' title="bbox 309 2459 1857 2505; baseline 0 -11"><span class='ocrx_word' id='word_1_423' title='bbox 309 2460 526 2504; x_wconf 79' lang='lat' dir='ltr'><strong>L[o]dowi0us</strong></span> <span class='ocrx_word' id='word_1_424' title='bbox 541 2461 604 2494; x_wconf 88' lang='lat' dir='ltr'><strong>Dei</strong></span> <span class='ocrx_word' id='word_1_425' title='bbox 619 2459 747 2505; x_wconf 88' lang='lat' dir='ltr'><strong>[gratia]</strong></span> <span class='ocrx_word' id='word_1_426' title='bbox 762 2461 983 2493; x_wconf 84' lang='lat' dir='ltr'><strong>Romanorum</strong></span> <span class='ocrx_word' id='word_1_427' title='bbox 999 2471 1058 2493; x_wconf 83' lang='lat' dir='ltr'><strong>rex</strong></span> <span class='ocrx_word' id='word_1_428' title='bbox 1074 2470 1204 2502; x_wconf 83' lang='lat' dir='ltr'><strong>semper</strong></span> <span class='ocrx_word' id='word_1_429' title='bbox 1218 2463 1374 2502; x_wconf 84' lang='lat' dir='ltr'><strong>augustus</strong></span> <span class='ocrx_word' id='word_1_430' title='bbox 1450 2461 1608 2493; x_wconf 83' lang='lat' dir='ltr'><strong>universis</strong></span> <span class='ocrx_word' id='word_1_431' title='bbox 1623 2462 1705 2493; x_wconf 84' lang='lat' dir='ltr'><strong>sacri</strong></span> <span class='ocrx_word' id='word_1_432' title='bbox 1717 2461 1857 2494; x_wconf 83' lang='lat' dir='ltr'><strong>Romani</strong></span> 
     </span>
    </p>

    <p class='ocr_par' dir='ltr' id='par_1_18' title="bbox 157 2511 1857 2711">
     <span class='ocr_line' id='line_1_40' title="bbox 201 2511 1746 2555; baseline 0.001 -11"><span class='ocrx_word' id='word_1_433' title='bbox 201 2513 330 2555; x_wconf 88' lang='lat' dir='ltr'><strong>imperii</strong></span> <span class='ocrx_word' id='word_1_434' title='bbox 351 2512 501 2545; x_wconf 86' lang='lat' dir='ltr'><strong>fidelibus</strong></span> <span class='ocrx_word' id='word_1_435' title='bbox 523 2516 691 2555; x_wconf 82' lang='lat' dir='ltr'><strong>presentes</strong></span> <span class='ocrx_word' id='word_1_436' title='bbox 713 2512 838 2544; x_wconf 82' lang='lat' dir='ltr'><strong>litteras</strong></span> <span class='ocrx_word' id='word_1_437' title='bbox 860 2512 1051 2554; x_wconf 84' lang='lat' dir='ltr'><strong>inspecturis</strong></span> <span class='ocrx_word' id='word_1_438' title='bbox 1137 2513 1276 2553; x_wconf 79' lang='lat' dir='ltr'><strong>gratiam</strong></span> <span class='ocrx_word' id='word_1_439' title='bbox 1298 2521 1389 2543; x_wconf 81' lang='lat' dir='ltr'><strong>suam</strong></span> <span class='ocrx_word' id='word_1_440' title='bbox 1413 2515 1447 2544; x_wconf 87' lang='lat' dir='ltr'><strong>et</strong></span> <span class='ocrx_word' id='word_1_441' title='bbox 1469 2523 1564 2544; x_wconf 88' lang='lat' dir='ltr'><strong>omne</strong></span> <span class='ocrx_word' id='word_1_442' title='bbox 1587 2511 1746 2555; x_wconf 74' lang='lat' dir='ltr'><strong>[bonJum.</strong></span> 
     </span>
     <span class='ocr_line' id='line_1_41' title="bbox 157 2559 1857 2607; baseline -0.001 -10"><span class='ocrx_word' id='word_1_443' title='bbox 157 2572 184 2592; x_wconf 78' lang='lat'><strong>⁴⁰</strong></span> <span class='ocrx_word' id='word_1_444' title='bbox 310 2559 480 2597; x_wconf 63' lang='lat' dir='ltr'><strong>Accedens</strong></span> <span class='ocrx_word' id='word_1_445' title='bbox 502 2564 544 2597; x_wconf 86' lang='lat' dir='ltr'><strong>ad</strong></span> <span class='ocrx_word' id='word_1_446' title='bbox 567 2567 674 2596; x_wconf 83' lang='lat' dir='ltr'><strong>nostre</strong></span> <span class='ocrx_word' id='word_1_447' title='bbox 694 2564 872 2596; x_wconf 85' lang='lat' dir='ltr'><strong>maiestatis</strong></span> <span class='ocrx_word' id='word_1_448' title='bbox 887 2564 1085 2606; x_wconf 84' lang='lat' dir='ltr'><strong>presentiam</strong></span> <span class='ocrx_word' id='word_1_449' title='bbox 1105 2563 1236 2596; x_wconf 81' lang='lat' dir='ltr'><strong>illustris</strong></span> <span class='ocrx_word' id='word_1_450' title='bbox 1252 2564 1330 2596; x_wconf 86' lang='lat' dir='ltr'><strong>Otto</strong></span> <span class='ocrx_word' id='word_1_451' title='bbox 1353 2563 1551 2607; x_wconf 83' lang='lat' dir='ltr'><strong>lantgravius</strong></span> <span class='ocrx_word' id='word_1_452' title='bbox 1565 2564 1684 2597; x_wconf 82' lang='lat' dir='ltr'><strong>Hassis</strong></span> <span class='ocrx_word' id='word_1_453' title='bbox 1707 2566 1857 2607; x_wconf 81' lang='lat' dir='ltr'><strong>princeps</strong></span> 
     </span>
     <span class='ocr_line' id='line_1_42' title="bbox 203 2614 1856 2658; baseline 0.001 -10"><span class='ocrx_word' id='word_1_454' title='bbox 203 2619 313 2648; x_wconf 89' lang='lat' dir='ltr'><strong>noster</strong></span> <span class='ocrx_word' id='word_1_455' title='bbox 328 2615 464 2648; x_wconf 83' lang='lat' dir='ltr'><strong>dilectus</strong></span> <span class='ocrx_word' id='word_1_456' title='bbox 478 2615 570 2648; x_wconf 84' lang='lat' dir='ltr'><strong>nobie</strong></span> <span class='ocrx_word' id='word_1_457' title='bbox 585 2615 750 2648; x_wconf 83' lang='lat' dir='ltr'><strong>humiliter</strong></span> <span class='ocrx_word' id='word_1_458' title='bbox 765 2615 967 2657; x_wconf 86' lang='lat' dir='ltr'><strong>supplicavit,</strong></span> <span class='ocrx_word' id='word_1_459' title='bbox 990 2614 1165 2658; x_wconf 91' lang='lat' dir='ltr'><strong>[quatinus]</strong></span> <span class='ocrx_word' id='word_1_460' title='bbox 1189 2615 1249 2647; x_wconf 86' lang='lat' dir='ltr'><strong>sibi</strong></span> <span class='ocrx_word' id='word_1_461' title='bbox 1273 2619 1306 2649; x_wconf 88' lang='lat' dir='ltr'><strong>et</strong></span> <span class='ocrx_word' id='word_1_462' title='bbox 1321 2616 1497 2648; x_wconf 86' lang='lat' dir='ltr'><strong>heredibus</strong></span> <span class='ocrx_word' id='word_1_463' title='bbox 1519 2617 1585 2648; x_wconf 90' lang='lat' dir='ltr'><strong>suis</strong></span> <span class='ocrx_word' id='word_1_464' title='bbox 1608 2616 1706 2649; x_wconf 81' lang='lat' dir='ltr'><strong>feoda</strong></span> <span class='ocrx_word' id='word_1_465' title='bbox 1722 2617 1856 2658; x_wconf 85' lang='lat' dir='ltr'><strong>regalia,</strong></span> 
     </span>
     <span class='ocr_line' id='line_1_43' title="bbox 203 2666 1857 2711; baseline 0.001 -11"><span class='ocrx_word' id='word_1_466' title='bbox 203 2678 266 2710; x_wconf 91' lang='lat' dir='ltr'><strong>que</strong></span> <span class='ocrx_word' id='word_1_467' title='bbox 290 2667 452 2710; x_wconf 87' lang='lat' dir='ltr'><strong>quondam</strong></span> <span class='ocrx_word' id='word_1_468' title='bbox 474 2670 568 2709; x_wconf 79' lang='lat' dir='ltr'><strong>pater</strong></span> <span class='ocrx_word' id='word_1_469' title='bbox 591 2670 625 2699; x_wconf 86' lang='lat' dir='ltr'><strong>et</strong></span> <span class='ocrx_word' id='word_1_470' title='bbox 647 2666 808 2699; x_wconf 84' lang='lat' dir='ltr'><strong>Iohannes</strong></span> <span class='ocrx_word' id='word_1_471' title='bbox 831 2667 930 2699; x_wconf 84' lang='lat' dir='ltr'><strong>frater</strong></span> <span class='ocrx_word' id='word_1_472' title='bbox 952 2677 1028 2699; x_wconf 85' lang='lat' dir='ltr'><strong>suus</strong></span> <span class='ocrx_word' id='word_1_473' title='bbox 1051 2666 1093 2699; x_wconf 86' lang='lat' dir='ltr'><strong>ab</strong></span> <span class='ocrx_word' id='word_1_474' title='bbox 1116 2667 1251 2709; x_wconf 88' lang='lat' dir='ltr'><strong>imperio</strong></span> <span class='ocrx_word' id='word_1_475' title='bbox 1275 2666 1482 2711; x_wconf 86' lang='lat' dir='ltr'><strong>[tenuerunt],</strong></span> <span class='ocrx_word' id='word_1_476' title='bbox 1505 2668 1653 2700; x_wconf 83' lang='lat' dir='ltr'><strong>conferre</strong></span> <span class='ocrx_word' id='word_1_477' title='bbox 1677 2668 1718 2701; x_wconf 87' lang='lat' dir='ltr'><strong>de</strong></span> <span class='ocrx_word' id='word_1_478' title='bbox 1743 2669 1857 2711; x_wconf 85' lang='lat' dir='ltr'><strong>benig-</strong></span> 
     </span>
    </p>
   </div>
   <div class='ocr_carea' id='block_1_14' title="bbox 306 2752 607 2786">
    <p class='ocr_par' dir='ltr' id='par_1_19' title="bbox 306 2752 607 2786">
     <span class='ocr_line' id='line_1_44' title="bbox 306 2752 607 2786; baseline -0.003 -6"><span class='ocrx_word' id='word_1_479' title='bbox 306 2752 370 2780; x_wconf 72' lang='lat'><strong>782.</strong></span> <span class='ocrx_word' id='word_1_480' title='bbox 397 2753 422 2786; x_wconf 75' lang='lat'><strong>⁸)</strong></span> <span class='ocrx_word' id='word_1_481' title='bbox 441 2772 447 2779; x_wconf 90' lang='lat'>.</span> <span class='ocrx_word' id='word_1_482' title='bbox 461 2772 468 2779; x_wconf 90' lang='lat'>.</span> <span class='ocrx_word' id='word_1_483' title='bbox 487 2753 549 2779; x_wconf 71' lang='lat' dir='ltr'><strong>aaa.</strong></span> <span class='ocrx_word' id='word_1_484' title='bbox 569 2762 607 2780; x_wconf 84' lang='lat' dir='ltr'><strong>or.</strong></span> 
     </span>
    </p>
   </div>
   <div class='ocr_carea' id='block_1_15' title="bbox 307 2812 888 2845">
    <p class='ocr_par' dir='ltr' id='par_1_20' title="bbox 307 2812 888 2845">
     <span class='ocr_line' id='line_1_45' title="bbox 307 2812 888 2845; baseline -0.002 -5"><span class='ocrx_word' id='word_1_485' title='bbox 307 2812 371 2840; x_wconf 74' lang='lat'><em>788.</em></span> <span class='ocrx_word' id='word_1_486' title='bbox 398 2813 422 2845; x_wconf 85' lang='lat'><strong>¹)</strong></span> <span class='ocrx_word' id='word_1_487' title='bbox 441 2813 513 2839; x_wconf 69' lang='grc' dir='ltr'><strong><em>ιηισίε</em></strong></span> <span class='ocrx_word' id='word_1_488' title='bbox 530 2813 631 2840; x_wconf 67' lang='lat' dir='ltr'><strong>inclusa</strong></span> <span class='ocrx_word' id='word_1_489' title='bbox 649 2822 755 2840; x_wconf 66' lang='lat' dir='ltr'><strong>corrosa</strong></span> <span class='ocrx_word' id='word_1_490' title='bbox 774 2819 832 2839; x_wconf 78' lang='lat' dir='ltr'><strong>aunt</strong></span> <span class='ocrx_word' id='word_1_491' title='bbox 851 2823 888 2839; x_wconf 82' lang='lat' dir='ltr'><strong>or.</strong></span> 
     </span>
    </p>
   </div>
  </div>
 </body>
</html>
