2190 3172
345 190 408 220 206
541 187 642 215 ACTA*
658 187 771 214 REGNI
790 186 974 214 LUDEWICI
993 186 1039 214 lv.
1058 186 1104 213 ΕΤ
1124 185 1310 214 FRIDEBIOI
1328 186 1376 213 111.
1414 186 1489 213 1315.
1526 185 1574 213 ΝΥ.
1587 185 1647 214 285.
1665 185 1725 214 2362
1742 185 1802 214 287.

452 274 645 306 Ludowicus
667 274 730 306 Dei
753 274 862 316 gracia
885 273 1104 304 Romanorum
1128 283 1188 304 rex
1210 283 1340 315 semper
1362 275 1517 315 augustus
1583 273 1741 305 universis
1764 274 1848 305 sacri
1869 274 1997 316 imperii

345 326 495 358 fidelibus
517 330 684 368 presentes
706 326 830 358 litteras
853 324 1044 366 inspecturis
1132 325 1274 366 graciam
1298 335 1388 356 suam
1413 327 1446 356 et
1468 335 1565 356 omne
1586 324 1717 357 bonum.

454 377 534 409 Cum
567 379 608 408 sit
641 377 772 419 dignum
808 380 840 408 et
872 376 992 408 racioni
1022 382 1214 417 consonum,
1245 376 1331 418 quod
1364 376 1646 408 benemerentibus
1677 377 1797 408 debeat
1830 376 1997 419 condignis

346 430 526 471 graciarum
556 429 735 460 actionibus
758 428 960 470 responderi,
983 438 1041 459 nos
1064 427 1269 460 attendentes
1291 431 1385 470 grata
1409 431 1442 459 et
1464 427 1573 460 fidelia
1597 428 1771 470 obsequia,
1795 439 1857 471 que
1880 428 1997 461 nobilis

346 482 393 512 vir
419 481 654 520 Eberh(ardus)
683 480 723 511 de
751 480 901 521 Bruberg
927 479 1104 511 advocatus
1133 483 1243 512 noster
1268 480 1486 522 provincialis·
1502 480 1595 512 nobis
1622 483 1656 512 et
1677 481 1814 522 imperio
1837 481 1996 522 impendit
2027 493 2039 513 ε.

346 537 379 564 et
401 532 589 575 impendere
612 533 731 573 poterit
752 532 785 563 in
808 531 959 572 futurum,
985 535 1018 563 et
1039 531 1186 563 volentes
1210 531 1271 563 sibi
1293 535 1426 574 propter
1448 532 1510 563 hoc
1527 532 1634 564 facere
1650 533 1792 574 graciam
1809 533 1996 575 specialem,

345 585 406 626 ipsi
430 584 470 615 de
495 583 692 615 liberalitate
715 587 826 615 nostra
848 583 1051 625 presencium
1074 584 1267 615 auctoritate
1289 583 1420 626 plenam
1444 587 1478 615 et
1499 583 1635 616 liberam
1653 583 1767 616 damus
1791 587 1824 615 et
1846 584 1997 616 concedi·
2029 623 2032 627 .

345 647 415 667 mus
439 636 626 667 facultatem
650 634 845 677 assignandi,
869 634 1046 676 deputandi
1071 638 1104 667 et
1126 635 1341 667 constituendi
1363 635 1462 667 nobili
1485 638 1631 668 matrone
1654 635 1823 668 Mechtildi
1846 635 1887 667 de
1904 635 1996 667 Wal-

346 687 430 719 deke
458 688 551 718 uxori
581 697 638 718 sue
667 687 827 728 legittime
851 689 884 718 et
907 711 914 718 .
932 710 940 718 .
963 686 1091 718 filiabus
1125 688 1206 727 suis,
1235 697 1315 728 quas
1349 698 1390 719 ex
1425 687 1542 719 eadem
1576 688 1609 719 in
1643 688 1786 730 presenti
1816 687 1918 722 habet
1943 687 2003 719 vel·

344 739 479 770 habebit
502 739 723 780 imposterum,
746 738 834 770 mille
858 749 983 770 marcas
1005 738 1133 780 argenti
1155 739 1283 770 nomine
1307 738 1391 770 dotis
1415 749 1512 780 super
1535 739 1777 781 quibuscunque
1807 739 1899 771 bonis
1921 740 1997 780 suis,
2016 754 2042 774 ιο

347 800 537 832 quocunque
560 790 690 822 nomine
713 794 917 831 censeantur,
942 801 1004 832 que
1033 801 1053 822 a
1075 790 1169 822 nobis
1199 794 1232 822 et
1253 791 1389 833 imperio
1413 794 1504 823 tenet
1527 794 1560 823 et
1581 791 1726 833 possidet
1749 791 1840 824 titulo
1865 791 1995 824 feodali.

344 843 382 875 In
406 843 495 874 euius
517 843 565 874 rei
588 842 806 874 testimonium
830 846 997 884 presentes
1018 842 1143 874 litteras
1164 843 1343 874 maiestatis
1365 846 1473 875 nostre
1497 843 1602 885 sigillo
1624 843 1774 876 iussimus
1797 844 1996 876 communiri.

451 898 527 930 Dat.
551 899 583 929 in
606 898 800 929 monasterio
825 898 933 930 Sancti
958 898 1103 940 Sepulcri
1127 902 1220 930 extra
1242 909 1351 930 muros
1373 898 1579 940 Spiren(ses),
1603 899 1716 931 XIIII.
1732 899 1848 931 Kalen.
1864 900 1997 942 Aprilis,

344 961 427 982 anno
450 950 581 981 Domini
603 949 775 981 millesimo
800 951 1028 981 trecentesimo
1052 949 1302 991 quintodecimo,
1325 951 1416 992 regni
1438 960 1516 982 vero
1539 951 1638 982 nostri
1662 961 1745 983 anno
1768 951 1883 993 primo.

599 1125 685 1162 236.
726 1125 899 1171 Scriptum
921 1137 987 1171 pro
1014 1126 1119 1161 nobili
1147 1127 1188 1162 de
1215 1125 1452 1172 Liehtenberq.
1556 1126 1668 1162 Mart.
1687 1127 1743 1162 19.
2014 1140 2039 1160 ω

455 1199 617 1239 Oriyinale
640 1199 715 1242 (or.)
738 1200 774 1231 in
796 1199 954 1231 tabulario
974 1199 1244 1232 Darmstadiensi.
1294 1199 1493 1232 Contulimus
1514 1211 1580 1232 nos.
1627 1199 1776 1242 Sigillum
1797 1200 1893 1239 deest,
1921 1200 1999 1235 loris
2039 1180 2042 1194 ³

343 1252 588 1284 membranaceis
609 1251 736 1284 relictis.
761 1271 799 1275 -
824 1252 887 1284 Ed.
912 1251 1138 1284 Winkelmann
1160 1252 1254 1284 ‘Acta
1276 1252 1402 1293 imperii
1424 1252 1559 1284 inedita’
1582 1251 1631 1295 ΙΙ,
1647 1252 1712 1286 ,290
1733 1263 1784 1284 nr.
1801 1252 1864 1285 459
1887 1262 1926 1284 ex
1950 1262 1996 1285 or.

450 1312 598 1351 Biihmer,
621 1312 697 1353 Ray.
713 1312 827 1344 Ludw.
844 1323 881 1353 p.
897 1314 962 1344 317
982 1323 1033 1345 nr.
1049 1313 1136 1344 2937
1159 1313 1286 1353 (Addit.
1303 1313 1368 1355 II).

452 1389 520 1421 Nos
543 1389 737 1421 Ludowicus
759 1389 823 1421 Dei
847 1391 956 1432 gracia
978 1389 1200 1422 Romanorum
1226 1401 1285 1422 rex
1313 1400 1443 1432 semper
1469 1394 1624 1433 augustus
1711 1390 1753 1422 ad
1775 1391 1998 1423 universorum

343 1442 496 1474 noticiam
528 1442 676 1473 volumus
707 1442 894 1484 pervenire,
930 1441 1017 1484 quod
1049 1443 1201 1484 inspectis
1235 1445 1269 1474 et
1298 1442 1507 1474 consideratis
1541 1442 1733 1474 sinceritatis
1767 1446 1800 1475 et
1832 1442 1997 1475 fidelitatis
2015 1455 2041 1475 so

344 1494 507 1536 obsequiis
533 1493 626 1524 nobis
656 1497 689 1525 et
717 1494 854 1535 imperio
885 1504 944 1536 per
975 1493 1117 1526 nobilem
1140 1495 1244 1527 virum
1266 1494 1444 1526 Iohannem
1475 1494 1575 1526 filium
1598 1494 1752 1526 Iohannis
1779 1494 1820 1527 de
1842 1494 1997 1527 Liehten-

345 1546 443 1587 berg,
473 1545 604 1577 fidelem
632 1548 775 1576 nostrum
805 1546 958 1578 dilectum
983 1545 1135 1578 exhibitis
1164 1550 1197 1578 et
1222 1547 1353 1578 inantea
1383 1545 1589 1587 exhibendis,
1613 1545 1677 1578 duo
1704 1546 1793 1578 milia
1816 1557 1996 1579 marcarum

232 1603 327 1625 Mai-11·
343 1597 470 1640 argenti
503 1608 600 1638 super
635 1597 753 1628 festum
787 1597 1022 1629 Penthecostes
1060 1599 1207 1640 proxime
1249 1598 1423 1630 affuturum
1462 1598 1666 1640 promisimus
1709 1602 1744 1629 et
1781 1599 1997 1640 promittimus

343 1660 401 1681 nos
425 1649 565 1681 daturos.
610 1649 808 1681 Profitemur
835 1650 954 1691 eciam,
985 1650 1072 1691 quod
1106 1651 1132 1681 si
1164 1650 1290 1682 remissi
1318 1649 1371 1681 vel
1399 1649 1580 1691 neglientes
1605 1649 1639 1680 in
1662 1649 1826 1681 solucione
1851 1650 2001 1682 eiusdem

344 1701 446 1733 debiti
482 1711 578 1742 super
612 1701 804 1742 premissum
841 1702 1013 1733 terminum
1048 1702 1218 1743 fuerimus,
1254 1705 1371 1734 extunc
1405 1701 1493 1733 idem
1533 1701 1693 1733 Iohannes
1726 1702 1752 1733 si
1783 1701 1922 1734 voluerit
1954 1702 1996 1734 ab
2014 1713 2039 1732 π

347 1753 510 1795 obsequiis
542 1753 658 1783 nostris
692 1752 776 1784 liber
807 1763 878 1784 esse
911 1754 1032 1795 poterit
1068 1757 1101 1785 et
1134 1754 1257 1786 solutus
1291 1758 1324 1785 et
1355 1753 1581 1785 nichilominus
1611 1764 1669 1795 pro
1698 1753 1808 1785 debito
1839 1755 1995 1795 premisso

344 1811 453 1836 nostra
485 1805 607 1846 poterit
640 1805 672 1835 in
707 1804 804 1836 rebus
834 1805 962 1848 imperii
984 1805 1038 1837 vel
1064 1806 1202 1847 propriis
1231 1806 1366 1848 pignora
1395 1815 1574 1849 occupare,
1597 1808 1736 1846 excepta
1765 1805 1888 1838 familia
1910 1805 1996 1838 curie

347 1859 454 1887 nostre
480 1859 513 1887 et
536 1855 685 1887 omnibus
708 1856 790 1897 aliis,
815 1857 868 1898 qui
892 1860 1000 1889 nostro
1025 1857 1185 1888 conductu
1208 1856 1358 1900 specifico
1381 1857 1599 1899 perfruuntur.
1670 1856 1708 1888 In
1731 1857 1821 1888 cuius
1843 1857 1891 1889 rei
1906 1858 1998 1890 testi-

344 1908 487 1939 monium
511 1910 678 1948 presentes
701 1907 761 1939 sibi
786 1908 933 1939 dedimus
956 1909 1134 1940 maiestatis
1156 1911 1265 1940 nostre
1289 1908 1387 1951 sigilli
1409 1909 1584 1940 munimine
1608 1907 1785 1940 roboratas.

452 1963 572 1995 Datum
596 1963 706 2005 Spire,
740 1964 852 1996 XIIII.
875 1964 990 1996 Kalen.
1018 1964 1154 2006 Aprilis,
1189 1975 1272 1996 anno
1302 1959 1434 1996 Domini
1464 1964 1581 1997 MOOC
1610 1964 1867 2006 quintodecimo,
1904 1965 2042 2007 regniac

345 2027 421 2048 vero
445 2016 545 2047 nostri
569 2025 652 2046 anno
676 2016 789 2056 primo.

574 2138 660 2174 237.
701 2138 877 2184 Scriptum
897 2150 965 2184 pro
990 2138 1144 2174 Iohanne
1172 2139 1213 2174 de
1239 2139 1466 2185 Rapozcstein.
1573 2139 1685 2176 Mart.
1704 2141 1761 2175 19.

456 2212 615 2253 originale
638 2214 710 2254 (or.)
733 2213 769 2245 in
791 2213 950 2246 tabulario
971 2216 1090 2245 secreto
1112 2213 1303 2253 reipublicae
1317 2213 1517 2246 Bawaricae.
1559 2214 1758 2247 Contulimus
1772 2225 1838 2247 nOS.
1877 2215 1998 2248 Pendet

344 2264 441 2305 siyilli
466 2265 679 2305 fraymentum
706 2264 770 2297 loro
793 2265 1034 2298 membranaceo.
1066 2284 1108 2290 —
1141 2265 1204 2297 Ed.
1227 2265 1558 2306 ‘Rappoltsteinisches
1583 2266 1850 2300 Urkundenbuch'
1874 2267 1898 2299 I
1901 2291 1910 2306 ,
1932 2267 1998 2299 226

345 2327 395 2349 nr.
412 2316 475 2347 316
498 2327 535 2348 ex
558 2327 603 2348 or.
2016 2331 2042 2351 ss

452 2394 521 2425 Nos
554 2393 746 2426 Ludowicus
780 2394 843 2426 Dei
877 2395 982 2436 gratia
1013 2394 1233 2427 Romanorum
1265 2405 1325 2427 rex
1358 2405 1487 2437 semper
1520 2400 1675 2438 augustus
1703 2396 1746 2428 ad
1775 2397 1997 2429 universorum

343 2446 496 2477 noticiam
531 2446 678 2477 volumus
710 2447 895 2487 pervenire,
931 2446 1018 2488 quod
1051 2447 1204 2488 inspectis
1238 2450 1272 2478 et
1299 2446 1510 2478 consideratis
1542 2448 1735 2479 sinceritatis
1772 2451 1806 2480 et
1832 2448 1998 2481 fidelitatis

345 2497 507 2539 obsequiis
538 2497 630 2529 nobis
665 2500 698 2529 et
731 2498 867 2539 imperio
898 2508 958 2539 per
989 2498 1167 2530 Iohannem
1202 2498 1302 2530 filium
1333 2499 1504 2530 Anshelmi
1533 2499 1573 2531 de
1601 2499 1841 2542 Rapoltzstein,
1865 2499 1998 2532 fidelem

344 2552 487 2581 nostrum
517 2548 671 2581 dilectum
701 2549 852 2581 exhibitis
882 2553 915 2581 et
936 2551 1068 2581 inantea
1092 2550 1298 2592 exhibendis,
1321 2550 1414 2582 mille
1433 2561 1559 2582 marcas
1581 2552 1707 2593 argenti
1736 2563 1777 2584 ex
1799 2551 1996 2584 liberalitate

236 2611 329 2633 Mai.1s.
345 2601 436 2642 regia
464 2601 669 2642 promisimus
697 2605 730 2634 et
756 2602 973 2643 promittimus
1000 2612 1058 2633 nos
1086 2602 1233 2641 daturos,
1262 2613 1398 2644 quarum
1426 2603 1617 2645 quingentas
1643 2603 1676 2635 in
1704 2606 1820 2636 octava
1851 2603 1997 2636 Penthe-
2014 2617 2042 2637 ιο

346 2655 450 2684 costes
479 2654 625 2694 proxime
654 2653 793 2685 affutura
825 2654 931 2685 eidem
961 2653 1108 2685 dabimus
1131 2657 1164 2685 et
1187 2655 1363 2695 solvemus,
1386 2653 1527 2696 reliquas
1550 2665 1628 2686 vero
1654 2655 1847 2697 quingentas
1871 2666 1998 2687 marcas

225 2716 287 2743 Sept.
298 2717 331 2737 2⁹.
346 2715 442 2746 super
466 2704 550 2736 diem
574 2705 663 2736 beati
686 2705 877 2737 Michahelis
900 2706 1048 2747 proxime
1072 2705 1332 2747 subsequentem.
1379 2705 1546 2738 Adicimus
1569 2707 1695 2748 etiam,
1709 2706 1796 2748 quod
1825 2707 1852 2738 si
1874 2708 1999 2739 remissi

345 2757 397 2787 vel
427 2757 630 2798 negligentes
657 2758 689 2788 in
718 2757 876 2789 solutione
904 2758 1073 2800 prescripti
1105 2757 1206 2789 debiti
1233 2768 1330 2799 super
1358 2758 1585 2799 premissorum
1615 2759 1825 2790 terminorum
1856 2759 1998 2802 aliquem

346 2808 516 2849 fuerimus,
546 2812 663 2841 extunc
689 2809 776 2841 idem
804 2809 966 2841 Iohannes
994 2810 1019 2841 si
1050 2810 1188 2841 voluerit
1215 2809 1257 2841 ab
1286 2809 1448 2851 obsequiis
1475 2810 1604 2841 nostris>
1621 2810 1705 2842 liber
1727 2821 1799 2842 esse
1822 2812 1943 2852 poterit
1966 2814 1999 2842 et
