2184 3126
329 199 391 229 580
601 194 698 222 ACTA
717 193 831 220 REGNI
850 190 1036 219 LUDEWICI
1054 190 1101 217 IV.
1120 189 1166 216 ΕΤ
1184 187 1370 216 FRIDERICI
1389 187 1437 215 ΙΙΙ.
1476 187 1550 214 1323.
1587 187 1635 214 Nr.
1649 187 1708 214 741.

329 282 451 314 obitum
475 282 558 313 dicte
582 283 690 312 nostre
718 277 910 311 conthoralis
940 276 1099 318 parebunt
1126 274 1219 306 nobis
1245 273 1384 305 fideliter
1411 276 1444 305 et
1470 273 1648 305 intendant.
1699 273 1844 305 Primum
1871 276 1982 306 tamen

328 337 403 365 ante
438 333 543 364 omnia
578 330 760 373 supradicto
795 329 972 361 marchioni
999 327 1190 359 fidelitatem
1217 325 1338 357 facient
1365 327 1399 356 et
1424 325 1591 366 iurabunt,
1627 324 1715 367 quod
1741 328 1816 367 post
1843 328 1982 358 mortem

328 387 470 416 nostram
495 387 528 415 et
542 383 678 424 Agnetis
695 380 888 414 conthoralis
905 383 1012 411 nostre
1036 379 1215 410 memorate
1239 376 1301 408 sibi
1316 379 1482 418 tamquam
1505 386 1581 408 vero
1607 376 1737 408 domino
1754 386 1812 408 suo
1829 376 1983 409 obedient

328 437 361 467 in
384 435 531 467 omnibus
554 445 591 466 ac
614 432 790 465 intendant.
835 431 878 462 Et
900 432 1024 462 interea
1046 430 1079 460 in
1098 427 1281 460 huiusmodi
1305 427 1409 469 opidis
1432 431 1465 459 et
1487 429 1599 460 castris
1622 427 1770 459 dominus
1792 431 1902 460 noster
1923 439 1982 460 rex

329 490 361 519 et
384 486 526 518 marchio
551 483 724 526 supradicti
751 493 808 514 nos
837 481 1070 514 warandabunt
1102 483 1135 512 et
1158 482 1269 511 contra
1293 478 1472 521 quemlibet
1493 479 1658 511 volentem
1680 480 1838 521 impetere
1863 479 1983 512 debent

329 538 504 570 defendere
525 547 599 568 cum
624 535 751 566 effectu.

436 595 464 623 4.
489 591 541 623 Ad
564 591 624 622 hoc
647 593 682 622 ut
705 590 769 621 suis
793 588 955 630 obsequiis
978 587 1151 619 reddamur
1169 587 1384 629 promptiores
1407 589 1440 618 et
1463 597 1504 618 ex
1519 586 1614 618 factis
1628 586 1721 618 nobis
1736 586 1984 619 liberalitatibus

328 644 388 675 sibi
411 644 527 674 forcius
550 645 727 681 teneamur,
752 643 856 672 castra
872 639 1088 681 Betzendorp,
1113 637 1321 680 Gardeleghe
1346 641 1379 670 et
1393 637 1565 670 Borchstal
1588 649 1662 670 cum
1685 649 1798 670 eorum
1818 639 1983 680 pertinen-

327 696 393 735 ciis,
419 704 480 736 que
504 695 612 724 nostra
635 695 667 724 et
691 691 824 723 fratrum
847 694 1027 723 nostrorum
1044 690 1182 732 pecunia
1199 690 1459 732 conquisivimus,
1483 690 1577 722 nobis
1599 690 1688 723 idem
1705 690 1852 722 dominus
1874 693 1984 723 noster

327 758 384 778 rex
409 745 566 777 concessit
589 743 785 785 possidenda
813 743 947 784 pacifice
977 742 1018 774 ad
1048 745 1196 783 tempora
1217 742 1283 773 vite
1311 745 1433 783 nostre,
1460 742 1506 773 ita
1538 752 1616 774 sane
1639 742 1726 784 quod
1749 745 1823 784 post
1844 744 1983 774 mortem

326 800 467 829 nostram
496 796 537 827 ab
560 794 733 827 heredibus
755 795 886 834 nostris,
917 795 944 825 si
972 804 1052 835 quos
1080 793 1304 834 habuerimus,
1327 793 1380 824 vel
1407 803 1426 825 a
1454 793 1606 825 fratribus
1628 794 1746 826 nostris
1773 804 1813 826 ea
1835 793 1984 826 dominus

326 852 435 880 noster
463 858 521 879 rex
550 850 583 878 et
610 846 754 878 marchio
777 846 895 887 prefati
923 856 982 887 pro
1011 855 1136 876 summa
1160 845 1301 887 quinque
1325 844 1449 876 milium
1477 848 1511 877 et
1532 846 1780 888 quingentarum
1803 855 1984 878 marcarum

327 901 453 942 argenti
476 898 696 931 Stendalensis
718 897 870 939 ponderis
893 897 1054 928 redimere
1085 900 1118 928 et
1141 896 1311 928 absolvere
1334 896 1438 928 libere
1461 896 1601 938 valeant,
1625 897 1883 939 quandocunque
1906 897 1984 939 ipsis

327 952 423 983 fuerit
447 953 647 992 oportunum.
693 950 805 991 Agnes
832 959 908 981 vero
938 948 1135 980 conthoralis
1162 952 1272 980 nostra
1295 948 1442 990 predicta
1471 958 1596 980 exnunc
1623 948 1800 990 resignabit
1826 948 1924 990 opida
1951 952 1986 981 et

327 1005 431 1034 castra
446 1002 577 1034 inferius
593 1003 756 1041 annotata,
773 1000 924 1032 videlicet
939 1000 1060 1039 Berlin,
1082 999 1275 1041 Spandowe,
1291 999 1542 1040 Middenwalde,
1557 999 1784 1041 Levenwalde,
1802 999 1984 1042 Kopenick,

327 1053 547 1094 Laudesberg,
573 1052 766 1084 territorium
790 1052 935 1084 Teltowe
959 1054 992 1084 et
1014 1051 1215 1083 Rathenowe
1240 1062 1313 1083 cum
1335 1051 1532 1092 hominibus,
1555 1051 1658 1092 bonis,
1684 1051 1806 1083 iuribus
1829 1054 1863 1084 et
1884 1053 1984 1094 perti-

327 1106 448 1137 nenciis
471 1105 535 1136 suis
558 1104 659 1135 libere
684 1106 717 1135 et
740 1106 918 1145 spontanea
940 1103 1122 1143 voluntate,
1152 1113 1215 1145 que
1243 1103 1376 1134 illustris
1398 1104 1547 1145 princeps
1569 1102 1730 1135 Rodolfus
1754 1103 1820 1135 dux
1843 1102 1984 1135 Saxonie

330 1160 363 1189 et
387 1157 533 1188 dominus
555 1156 706 1187 Hinricus
721 1155 984 1198 Magnopolensis
1008 1155 1157 1187 dominus
1180 1159 1339 1197 occupant
1363 1158 1396 1187 et
1418 1155 1565 1187 detinent
1579 1157 1746 1197 occupata.
1785 1155 1984 1198 Quocunque

327 1219 404 1239 vero
420 1208 599 1250 opidorum,
623 1210 799 1239 castrorum
822 1208 889 1238 sive
912 1207 1070 1239 bonorum
1085 1208 1336 1249 prescriptorum
1359 1210 1414 1238 aut
1436 1206 1550 1238 vasalli
1572 1206 1624 1238 vel
1643 1206 1790 1239 homines
1807 1206 1985 1239 eorundem

329 1260 414 1291 facta
444 1259 660 1301 resignatione
690 1259 905 1290 reniterentur
927 1259 980 1290 vel
1008 1269 1042 1290 se
1073 1261 1275 1301 opponerent
1297 1258 1490 1299 marchioni,
1521 1261 1633 1290 contra
1659 1258 1720 1290 hec
1749 1258 1802 1290 vel
1828 1258 1901 1290 illos
1926 1269 1986 1290 nos

328 1311 434 1343 eidem
464 1311 641 1342 marchioni
671 1310 799 1342 adiutor
828 1311 946 1342 erimus
973 1321 1075 1352 usque
1108 1311 1140 1341 in
1175 1310 1272 1342 finem
1302 1321 1375 1342 cum
1406 1310 1493 1341 omni
1520 1320 1618 1352 posse
1655 1313 1689 1342 et
1715 1311 1834 1342 virtute
1864 1313 1985 1352 nostra,

329 1363 462 1403 auxilio,
497 1362 629 1394 consilio
653 1365 685 1393 et
707 1362 833 1403 favore,
866 1365 899 1394 et
928 1362 971 1394 ad
1000 1361 1034 1394 id
1057 1362 1206 1394 dominus
1234 1365 1343 1394 noster
1372 1372 1431 1394 rex
1463 1364 1495 1394 et
1517 1361 1661 1393 marchio
1691 1362 1844 1394 antedicti
1874 1371 1986 1394 eorum

329 1414 484 1446 auxilium
518 1414 655 1445 afferent
689 1424 761 1445 cum
796 1413 914 1446 effectu
949 1417 982 1445 et
1016 1414 1230 1456 quodcunque
1264 1414 1393 1445 illorum
1426 1412 1596 1455 opidorum
1629 1413 1682 1445 vel
1716 1416 1894 1445 castrorum
1928 1423 1986 1445 nos

328 1466 548 1506 maluerimus,
573 1465 683 1497 Berlin
706 1468 864 1507 excepto,
896 1465 988 1498 nobis
1017 1465 1162 1498 marchio
1194 1476 1266 1497 cum
1295 1466 1359 1497 suis
1389 1465 1592 1507 pertinentiis
1619 1475 1678 1507 pro
1706 1464 1831 1497 duobus
1857 1464 1987 1497 milibus

329 1527 508 1549 marcarum
531 1517 657 1558 argenti
681 1516 902 1548 Stendalensis
924 1517 1076 1559 ponderis
1100 1516 1273 1559 obligabit,
1306 1516 1410 1549 donec
1432 1517 1538 1559 ipsum
1565 1527 1585 1548 a
1611 1516 1704 1548 nobis
1733 1519 1790 1548 aut
1811 1515 1986 1548 heredibus

328 1569 444 1600 nostris
471 1568 524 1599 vel
554 1568 706 1600 fratribus
734 1579 792 1610 pro
823 1568 940 1600 eadem
970 1579 1095 1600 summa
1123 1569 1250 1611 argenti
1278 1568 1416 1601 redimat
1449 1571 1482 1600 et
1509 1568 1655 1600 absolvat
1684 1571 1716 1600 et
1742 1569 1774 1599 in
1803 1567 1987 1600 huiusmodi

330 1620 530 1662 obligacione
554 1631 612 1652 nos
636 1619 783 1651 dominus
806 1630 865 1652 rex
895 1623 928 1652 et
950 1620 1094 1652 marchio
1118 1620 1236 1662 prefati
1258 1620 1516 1652 manutenebunt
1546 1623 1580 1652 et
1606 1619 1715 1652 medio
1740 1623 1888 1662 tempore
1911 1630 1987 1662 pro-

330 1674 442 1713 tegant
466 1674 498 1702 et
522 1671 707 1703 defendant.

438 1731 466 1759 5.
497 1727 585 1759 Inter
609 1727 772 1759 dominum
796 1731 940 1759 nostrum
963 1738 1074 1770 regem
1100 1731 1133 1759 et
1148 1728 1368 1760 marchionem
1385 1728 1549 1770 predictos
1573 1730 1606 1760 et
1627 1738 1685 1759 nos
1708 1728 1817 1759 taliter
1840 1730 1890 1758 001
1912 1737 1988 1759 con-

330 1782 475 1818 ventum,
510 1779 597 1820 quod
626 1779 653 1810 si
680 1790 738 1810 nos
768 1779 800 1810 in
824 1790 1016 1822 quocunque
1046 1779 1132 1811 bello
1161 1779 1248 1811 facto
1279 1779 1321 1811 ad
1344 1779 1535 1821 obsequium
1562 1782 1596 1812 et
1621 1779 1771 1811 intuitum
1794 1778 1988 1811 marchionis

330 1831 530 1871 contingeret
552 1830 751 1871 triumphare
775 1834 887 1862 contra
910 1831 1020 1863 hostes
1043 1834 1076 1863 et
1099 1831 1244 1873 captivos
1266 1831 1404 1872 habere,
1433 1830 1580 1873 quitquid
1602 1841 1662 1873 per
1685 1831 1988 1873 depecuniationem

331 1882 560 1913 extorserimus
576 1881 617 1913 ab
634 1882 767 1922 eisdem,
790 1882 833 1914 ad
857 1885 980 1914 tantum
1002 1883 1094 1915 nobis
1114 1883 1338 1914 tantummodo
1360 1883 1580 1924 retinebimus,
1603 1883 1646 1914 ad
1669 1885 1824 1925 quantum
1848 1882 1989 1924 dampna

330 1934 362 1964 in
392 1932 478 1964 bello
502 1933 691 1974 pertulimus
719 1934 771 1965 vel
802 1935 904 1966 eciam
936 1938 1082 1976 sumptus
1105 1934 1255 1975 fecimus,
1285 1934 1449 1966 residuum
1471 1945 1548 1967 vero
1571 1935 1777 1966 restituemus
1799 1933 1988 1966 marchioni.

331 1984 477 2016 Castrum
505 1995 633 2026 quoque
668 1986 832 2026 pertinens
858 1985 1002 2018 Marchie
1032 1987 1084 2018 vel
1111 1987 1212 2028 ipsius
1239 1986 1434 2018 marchionis
1465 1986 1621 2029 obsequio
1649 1986 1814 2018 constituti
1843 1986 1871 2016 si
1901 1984 1989 2027 quod

330 2046 388 2066 nos
412 2046 598 2077 expugnare
623 2037 824 2079 contingerit,
848 2048 925 2069 mox
947 2038 1009 2079 ipsi
1030 2037 1195 2069 trademus
1209 2037 1397 2078 marchioni,
1422 2038 1476 2080 qui
1497 2038 1591 2070 nobis
1615 2037 1656 2069 de
1679 2037 1838 2079 dampnis,
1861 2047 1925 2079 que
1947 2046 1988 2068 ea

332 2088 499 2118 occasione
523 2088 737 2129 sustinuimus,
762 2089 940 2120 satisfaciet
963 2092 996 2120 et
1019 2090 1179 2131 expensis.

439 2145 469 2174 6.
505 2143 656 2175 Ceterum
681 2145 832 2186 quociens
860 2155 918 2176 nos
941 2156 999 2187 per
1023 2145 1163 2177 eundem
1186 2146 1405 2177 marchionem
1433 2144 1476 2177 ad
1498 2144 1677 2177 Marchiam
1705 2144 1746 2176 de
1769 2146 1880 2175 nostra
1901 2146 1989 2175 terra

333 2195 523 2236 contingerit
546 2197 687 2236 evocari,
719 2197 862 2228 marchio
886 2207 1046 2239 expensas
1068 2198 1162 2229 nobis
1185 2197 1347 2230 tenebitur
1368 2197 1561 2229 ministrare.
1605 2195 1702 2232 Quod
1730 2196 1757 2227 si
1778 2206 1842 2227 non
1865 2195 1989 2236 fecerit,

333 2245 554 2277 nichilominus
589 2247 631 2278 ad
665 2247 745 2290 ea[s]
777 2248 949 2280 solvendas
986 2253 1020 2281 et
1051 2249 1289 2281 refundendum
1319 2249 1478 2290 dampna,
1516 2248 1543 2279 si
1577 2258 1640 2290 que
1671 2247 1754 2279 forte
1781 2248 1988 2287 incurremus,

335 2295 465 2327 obnoxii
484 2298 747 2330 remanebimusc.
789 2299 832 2331 Et
855 2301 887 2331 in
911 2311 987 2332 casu
1010 2301 1154 2343 presenti
1177 2304 1210 2332 et
1232 2301 1265 2332 in
1288 2301 1360 2332 aliis
1384 2300 1510 2332 casibus
1533 2300 1767 2341 suprascriptis,
1790 2299 1846 2330 ubi
1867 2299 1988 2331 refusio

336 2346 547 2388 dampnorum
571 2352 603 2379 et
626 2349 740 2382 solutio
765 2350 865 2383 debet
886 2352 958 2383 fieri
981 2363 1210 2394 expensarum,
1241 2352 1298 2383 illa
1320 2352 1399 2383 fient
1421 2350 1634 2383 effectualiter
1657 2361 1676 2382 a
1699 2351 1752 2383 die
1776 2350 1988 2392 dampnorum

335 2401 539 2439 receptorum
562 2403 594 2431 et
618 2410 831 2442 expensarum
855 2402 1012 2435 factarum
1034 2404 1118 2436 infra
1141 2414 1259 2435 annum
1283 2404 1431 2435 continue
1455 2402 1710 2444 conputandum,
1740 2403 1807 2434 sive
1835 2403 1868 2433 in
1898 2402 1989 2444 equis

336 2450 402 2480 sive
427 2450 458 2480 in
482 2451 615 2491 captivis
638 2453 689 2483 vel
712 2454 745 2484 in
767 2453 837 2485 aliis
861 2455 1104 2497 quibuscunque
1128 2458 1254 2487 constat
1277 2455 1418 2496 dampna
1441 2453 1624 2486 huiusmodi
1647 2454 1843 2495 provenisse.

446 2508 474 2536 7.
507 2505 549 2537 Et
572 2507 598 2537 si
622 2509 708 2548 quod
731 2509 814 2540 absit
835 2521 893 2541 nos
916 2511 967 2542 vel
991 2511 1132 2553 aliquem
1157 2511 1197 2543 de
1221 2511 1337 2543 nostris
1360 2509 1522 2542 nobilibus
1545 2510 1577 2541 in
1601 2510 1736 2541 servicio
1753 2509 1874 2541 domini
1889 2508 1990 2541 nostri

2003 751 2028 772 1⁰

2002 1010 2028 1030 15

337 2557 422 2598 regis
445 2557 495 2588 vel
523 2558 622 2598 ipsius
645 2560 837 2592 marchionis
860 2562 911 2593 vel
935 2563 1099 2594 civitatem
1128 2563 1270 2605 aliquam
1300 2572 1359 2594 seu
1386 2563 1596 2593 munitionem
1625 2565 1681 2593 aut
1702 2561 1810 2593 locum
1833 2560 1990 2602 captivari
2006 2565 2033 2586 4³

338 2608 529 2649 contingerit
552 2610 602 2640 vel
625 2611 744 2650 amitti,
777 2613 897 2644 nullam
924 2625 1054 2655 prorsus
1076 2615 1344 2656 compositionem
1367 2613 1493 2645 inibunt
1521 2613 1669 2645 dominus
1697 2624 1756 2645 rex
1785 2616 1819 2644 et
1844 2612 1989 2645 marchio

337 2658 510 2700 sepedicti,
540 2661 599 2691 nisi
622 2662 708 2702 prius
731 2673 788 2694 nos
811 2667 844 2695 et
866 2665 991 2697 nobiles
1014 2667 1114 2698 nostri
1138 2666 1292 2708 captivati
1315 2667 1414 2697 simus
1437 2665 1532 2697 liberi
1555 2668 1588 2696 et
1611 2666 1785 2705 civitatem,
1810 2667 1915 2696 castra
1937 2663 1990 2695 vel

338 2709 410 2741 loca
432 2711 549 2742 amissa
573 2712 785 2745 rehabeamus
809 2725 881 2747 cum
905 2716 1031 2749 effectu.

444 2803 506 2832 741.
535 2807 557 2838 c)
577 2807 611 2832 cic
625 2817 676 2840 pro
695 2809 822 2834 obnoxius
840 2812 983 2837 remanebit
1001 2821 1038 2837 or.
