2190 3172
157 847 183 867 10

157 1170 183 1190 1³

165 2370 191 2391 u

393 193 490 223 ACTA
507 193 622 222 amm
638 191 824 221 LUDEWICI
842 191 890 220 lvi
908 191 955 219 ΕΤ
973 190 1159 219 FRIDERICI
1178 191 1227 219 111.
1264 191 1339 219 1815.
1375 190 1424 219 Nr.
1437 190 1496 219 243.
1515 191 1574 219 244.
1592 193 1651 219 245.
1784 195 1845 224 21}

198 282 334 325 kunige,
363 281 406 315 da
432 282 459 314 si
486 280 583 313 beide
610 289 841 322 sammenunge
869 278 980 311 hatten
1008 278 1073 311 und
1100 289 1137 312 ze
1159 278 1254 312 velde
1277 278 1392 322 lagen,
1416 290 1475 311 uns
1498 278 1725 319 underredten,
1749 281 1852 314 welre

198 333 301 366 under
321 334 354 366 in
377 333 436 366 daz
459 333 525 366 velt
546 331 685 372 bombo,
709 330 768 364 daz
790 331 848 363 wir
870 330 933 362 den
957 330 1075 363 wolton
1098 330 1203 363 haben
1230 341 1267 363 ze
1294 341 1444 363 unserem
1471 330 1597 363 herren.
1642 331 1710 364 Des
1732 337 1847 375 zogete

199 395 295 418 unser
316 385 411 418 berre
435 385 535 427 kunig
557 383 723 416 Friderich
746 393 851 426 gagen
877 381 984 424 Spire,
1008 393 1121 415 wanno
1145 382 1213 415 sich
1240 382 1394 426 hertzoge
1419 382 1557 425 Ludwig
1579 393 1642 415 von
1665 383 1791 426 Peyern
1815 386 1847 416 in

201 437 252 469 die
275 440 397 470 voi-stat
417 447 454 469 ze
477 435 570 478 Spire
593 435 683 468 hatte
706 435 816 478 geleit,
839 434 904 466 und
927 434 1023 467 wolte
1046 435 1203 476 gestriten
1225 434 1289 466 han
1311 435 1371 467 mit
1386 435 1495 475 imme,
1512 435 1554 467 ob
1571 446 1607 467 er
1625 446 1661 467 ze
1677 437 1721 467 im
1736 436 1849 469 mohte

200 489 319 521 komen
347 489 404 521 sin.
455 487 531 521 Und
553 487 595 519 ds
618 497 654 519 er
675 486 745 519 niht
766 486 876 519 mohte
900 496 936 518 ze
958 487 1056 518 imme
1080 486 1214 526 komen,
1238 486 1279 518 da
1302 486 1354 518 sur
1376 497 1411 519 er
1433 497 1470 518 ze
1493 497 1551 519 uns
1573 487 1639 519 und
1663 488 1848 531 enphingen

199 540 257 572 wir
283 541 316 572 in
338 550 375 572 ze
399 540 463 572 eim
486 539 623 581 kunige‚
653 547 766 571 wanno
790 548 826 570 er
848 537 908 570 daz
931 538 998 570 velt
1020 537 1143 578 behflb,
1166 538 1231 570 und
1254 538 1332 570 hant
1359 538 1456 570 imme
1484 538 1640 580 gehuldet
1662 540 1727 572 und
1749 545 1848 583 getan

199 591 280 624 alles
303 591 362 623 daz
385 591 442 623 wir
466 591 549 623 eime
573 589 768 623 Romischen
792 589 912 632 kunige
936 589 993 621 tun
1015 590 1130 629 sulent,
1154 599 1266 622 wanno
1287 600 1347 621 uns
1370 589 1502 629 dunket,
1527 590 1586 622 daz
1610 602 1646 623 er
1661 591 1736 624 dem
1752 592 1848 625 lande

199 643 291 676 rehte
314 643 444 675 komme
468 641 533 674 und
557 652 592 674 es
614 642 676 673 wol
700 640 846 674 befriden
869 647 1018 683 mugen·.
1063 640 1138 674 Und
1161 641 1277 673 bittent
1300 641 1360 674 uch
1385 641 1570 683 ernestlich,
1600 642 1659 675 daz
1683 643 1742 675 och
1766 645 1794 676 ir
1816 645 1851 676 in

200 694 386 737 enphahent
407 704 444 726 ze
467 694 530 726 eim
553 693 674 735 kunige
699 692 798 725 durch
822 694 925 726 iemer
946 703 1065 725 unsern
1088 692 1202 725 dienst.

443 829 529 867 244.
570 829 798 875 Privileyimn
818 840 889 875 pro
916 830 1049 865 civitate
1076 828 1311 865 Colmariensi.
1417 830 1527 866 Mart.
1546 833 1607 866 20.

311 904 472 946 Oriqinale
502 905 538 936 in
565 903 725 936 tabulario
753 903 891 936 civitatis
921 903 1154 936 Colmariensis.
1215 903 1414 936 Contulimus
1439 915 1505 937 nos.
1563 904 1683 938 Pendet
1709 906 1854 947 sigillum

201 957 322 991 hesum
344 956 408 990 loro
431 957 672 989 membranaceo.

308 1017 452 1056 Bo‘hmer,
475 1016 550 1058 Rey.
567 1017 680 1049 Iasdw.
697 1027 733 1058 p.
747 1016 810 1048 165
832 1015 1002 1048 Friedrich
1023 1026 1073 1048 m.
1092 1016 1144 1050 15.

309 1108 376 1141 Nos
404 1107 586 1140 Fridericus
619 1107 682 1140 Dei
717 1108 822 1150 gratia
856 1106 1075 1139 Romanorum
1110 1117 1168 1138 rex
1203 1116 1333 1148 semper
1364 1110 1519 1148 augustus
1553 1107 1595 1140 ad
1628 1110 1853 1142 universorum

201 1161 284 1194 sacri
312 1160 439 1203 imperii
467 1159 612 1193 fidelium
638 1159 790 1191 noticiam
822 1158 983 1201 publicam
1007 1159 1152 1200 cupimus
1174 1159 1358 1200 pervenire,
1387 1158 1473 1201 quod
1497 1160 1572 1202 quia
1594 1161 1652 1192 viri
1676 1161 1852 1203 prudentes

202 1237 210 1245 .
227 1237 235 1245 .
259 1212 427 1254 scultetus,
456 1236 488 1244 ..
511 1211 659 1244 consules
693 1214 726 1243 et
757 1211 946 1242 universitas
980 1210 1096 1242 civium
1131 1209 1470 1253 Columbarien(sium)
1505 1222 1583 1254 erga
1616 1223 1675 1244 nos
1709 1217 1742 1245 et
1777 1213 1853 1246 dive

202 1264 432 1296 recordationis
458 1264 672 1305 imperatores
701 1265 734 1295 et
760 1272 855 1304 reges
877 1260 1043 1294 Romanos
1070 1261 1317 1303 predecessores
1347 1265 1472 1294 nostros
1500 1264 1625 1295 servicii
1657 1266 1849 1307 promptitu-

203 1315 276 1348 dine
301 1318 334 1348 et
355 1315 431 1347 fidei
454 1315 593 1356 puritate
620 1314 776 1346 hactenus
799 1312 1064 1345 comendabiliter
1086 1313 1280 1355 claruerunt,
1309 1313 1387 1356 ipsis
1410 1314 1517 1346 omnia
1540 1315 1725 1358 privilegia,
1752 1316 1850 1348 liber-

203 1371 304 1409 tates,
330 1368 414 1408 iura,
445 1367 565 1408 gratias
592 1369 625 1398 et
655 1365 758 1398 bonas
780 1364 1027 1397 consuetudines
1049 1364 1090 1397 ab
1113 1365 1363 1407 imperatoribus
1387 1370 1420 1398 et
1442 1366 1572 1408 regibus
1595 1369 1710 1400 nostris
1732 1368 1850 1411 prede-

204 1419 382 1452 cessoribus
404 1418 466 1450 sibi
489 1418 580 1450 datas
602 1417 728 1460 scriptis
743 1416 946 1460 presentibus
963 1416 1196 1449 confirmamus.
1241 1417 1284 1449 Et
1302 1421 1338 1449 ut
1352 1417 1451 1449 iidem
1467 1418 1553 1450 cives
1570 1418 1853 1452 columbarienses

203 1470 245 1503 ab
273 1481 370 1503 onere
398 1469 579 1502 debitorum
607 1479 703 1501 causa
731 1469 855 1501 servicii
887 1469 986 1500 nostri
1018 1472 1051 1501 et
1079 1469 1207 1511 imperii
1238 1473 1474 1502 contractorum
1508 1471 1623 1502 melius
1658 1471 1852 1514 releventur,

203 1522 371 1564 ungeltum
400 1521 537 1554 civitatis
564 1531 621 1552 sue
648 1521 726 1563 ipsis
755 1523 913 1563 perpetuo
943 1519 1148 1552 concedimus
1179 1521 1211 1552 in
1234 1531 1310 1552 usus
1332 1531 1389 1553 sue
1413 1521 1550 1553 civitatis
1573 1522 1694 1555 utiliter
1716 1534 1852 1556 conver-

204 1573 337 1606 tendum
365 1576 398 1605 et
420 1573 507 1615 ipsos
530 1572 570 1605 ab
594 1573 679 1604 omni
704 1573 873 1604 exactione
897 1572 1104 1604 collectarum
1129 1575 1162 1604 et
1183 1574 1343 1604 sturm-um
1365 1583 1466 1615 usque
1494 1573 1536 1605 ad
1567 1573 1728 1606 biennium
1751 1577 1852 1608 conti-

204 1635 301 1657 nuum
330 1624 476 1656 volumus
505 1635 576 1656 esse
606 1624 725 1656 liberos
752 1627 785 1655 et
812 1623 943 1655 solutos.
994 1623 1151 1655 Nolentes
1177 1623 1259 1656 hanc
1286 1625 1424 1667 gratiam
1453 1624 1513 1656 sibi
1537 1625 1655 1657 factam
1679 1625 1720 1658 de
1743 1631 1855 1659 cetero

206 1676 408 1720 dispendium
430 1675 567 1718 'aliquod
595 1686 766 1717 generare,
796 1675 854 1708 sed
876 1675 967 1717 lapso
995 1674 1124 1707 biennio
1152 1675 1297 1718 predicto
1320 1677 1498 1708 contentari
1522 1676 1677 1709 debemus
1700 1679 1853 1719 serviciis,

206 1738 267 1771 que
294 1729 411 1761 nostris
437 1727 719 1770 predecessoribus
745 1726 900 1759 haetenus
923 1726 1030 1758 facere
1054 1730 1296 1759 consueverunt.
1384 1727 1521 1770 Insuper
1548 1729 1574 1759 si
1597 1730 1755 1761 strennuis
1779 1730 1856 1761 viris

203 1780 340 1814 Iohanni
362 1779 498 1812 sculteto
522 1778 777 1812 Columbariensi
808 1781 842 1810 et
864 1777 1013 1810 Gfinrado
1037 1778 1078 1811 de
1092 1778 1293 1811 Wittenhnin
1323 1779 1557 1815 rationabiliter
1584 1780 1744 1812 videbitur
1767 1781 1855 1813 dicte

205 1832 326 1866 civitati
353 1831 530 1874 quidquam
561 1831 698 1873 amplius
727 1831 943 1862 necessarium
972 1830 1040 1862 fore
1063 1831 1132 1862 fieri
1156 1841 1214 1872 pro
1237 1830 1374 1871 eisdem,
1398 1831 1459 1863 hoc
1482 1831 1524 1863 ad
1547 1832 1713 1864 consilium
1738 1843 1853 1865 eorun-

207 1883 281 1916 dem
303 1883 517 1927 promittimus
539 1883 706 1925 ampliare.
747 1882 874 1918 Harum
897 1883 1079 1915 testimonio
1102 1883 1282 1914 litterarum
1305 1883 1424 1925 regalis
1446 1884 1546 1915 nostri
1569 1884 1665 1926 sigilli
1688 1884 1853 1927 signaculo

207 1937 412 1979 signatarum.

313 1986 433 2020 Datum
460 1987 493 2018 in
516 1985 737 2026 Stakmatton,
760 1985 854 2018 XIII.
872 1985 987 2017 Kalen.
1004 1986 1139 2027 Aprilis,
1168 1995 1251 2017 anno
1274 1985 1405 2018 Domini
1429 1986 1600 2019 millesimo
1625 1989 1854 2020 trecentesimo

207 2039 457 2082 quintodecimo,
478 2039 570 2081 regni
592 2048 670 2070 vero
691 2039 791 2070 nostri
814 2048 898 2069 anno
922 2038 1036 2079 primo.

239 2187 312 2218 245.
336 2187 410 2218 246.
443 2183 768 2217 PROMISSIONES
793 2183 936 2216 SUPER
959 2182 1167 2216 SERVITIO
1191 2182 1435 2216 FRIDERICO
1458 2184 1566 2217 REGI
1589 2184 1827 2218 FACIENDO.

893 2249 985 2281 1315.
1013 2247 1109 2280 Mart.
1126 2249 1177 2279 24.

449 2354 535 2392 245.
576 2354 750 2401 Scriptum
779 2355 913 2391 Ottcmis
940 2354 1129 2399 lantqravii
1156 2354 1317 2390 Hassiae.
1423 2353 1533 2390 Mart.
1555 2357 1616 2391 24.

319 2427 479 2470 Oriqinale
501 2428 578 2472 (or.)
609 2429 643 2461 in
670 2428 829 2461 tabulario
858 2438 1002 2460 caesareo
1022 2426 1262 2460 Vindobonensi.
1311 2427 1489 2469 Descripsit
1517 2429 1559 2462 K.
1577 2428 1689 2462 Ηὸηεί.
1738 2429 1856 2461 Pendet

207 2479 305 2522 sigilli
326 2480 537 2521 sraqmentum
561 2479 626 2512 loro
648 2491 687 2512 ex
709 2481 780 2521 ipsa
802 2480 982 2512 membrana
1004 2482 1130 2511 meato.
1156 2497 1197 2503 -—
1221 2479 1391 2512 Ineditum.

317 2540 392 2582 Ray.
409 2539 617 2582 Lichnowsky
639 2540 762 2574 vesola.
785 2541 839 2573 des
861 2540 987 2572 Hauses
1010 2539 1190 2580 Habsburq’
1214 2540 1277 2572 III
1291 2551 1326 2580 p.
1346 2539 1494 2573 CCCLV
1510 2551 1561 2574 nr.
1577 2542 1650 2573 313.

315 2625 389 2658 Wir
415 2625 493 2658 Otto
524 2624 608 2670 [von]
636 2626 729 2658 Gotis
756 2626 875 2669 gnadin
905 2626 1071 2668 lantgravo
1100 2625 1165 2658 und
1195 2625 1287 2657 herro
1316 2624 1434 2658 Hessin
1460 2623 1565 2658 landis
1593 2626 1748 2668 kundigin
1777 2626 1853 2658 allin

167 2685 194 2706 ω
208 2676 291 2710 lutin
314 2688 353 2710 sn
377 2676 479 2709 disme
502 2678 759 2720 geginwortigim
783 2677 884 2719 brive,
909 2677 967 2709 daz
991 2677 1047 2709 wir
1069 2687 1180 2709 unsme
1204 2676 1310 2709 herrin
1333 2677 1434 2719 kunig
1456 2676 1641 2709 Fridoriche
1665 2688 1725 2709 von
1750 2678 1853 2709 Rome

211 2729 295 2762 unde
323 2728 398 2761 alliu
426 2729 515 2761 sinen
539 2752 570 2760 ..
593 2728 719 2761 helfern
745 2728 815 2761 suln
843 2728 1008 2762 truwelieh
1035 2728 1176 2760 beholfin
1206 2729 1253 2760 sin
1280 2729 1338 2761 mit
1365 2729 1455 2760 unsin
1486 2729 1564 2760 lutin
1588 2729 1672 2761 unde
1697 2730 1754 2761 mit
1776 2729 1850 2761 allii·

315 2817 381 2846 248.
407 2820 433 2851 ί)
450 2821 487 2845 eie
505 2828 543 2846 or.

1594 2871 1643 2896 27‘
