2190 3172
228 1790 318 1811 Ian.15.

333 246 393 277 182
525 242 623 271 ACTA
641 242 755 270 REGNI
774 240 958 269 LUDEWICI
978 239 1024 267 IV.
1042 239 1089 266 ET
1108 239 1292 267 FRIDERICI
1311 239 1359 267 111.
1395 239 1471 266 1315.
1507 238 1556 266 Nr.
1568 239 1628 267 200.
1646 238 1705 266 201.
1724 238 1783 266 202.

329 330 407 362 umb
421 331 470 362 irn
486 329 579 371 dinst,
605 329 667 361 den
690 330 717 360 si
738 339 798 360 uns
821 326 876 358 tfin
895 326 976 367 suln,
998 326 1065 357 und
1087 325 1139 357 fur
1160 326 1188 358 ir
1202 325 1354 367 schaden,
1377 325 1442 357 den
1464 326 1491 357 si
1512 326 1545 356 in
1560 335 1689 357 unserm
1705 325 1791 356 diust
1806 325 1978 367 enphahen

330 382 476 423 mohten‚
499 392 595 413 unser
617 380 682 412 und
706 380 763 411 des
785 379 872 410 rihes
895 380 959 409 stat
981 388 1018 409 ze
1042 377 1212 409 Sunsheim
1234 377 1300 409 und
1324 377 1383 409 daz
1407 377 1547 409 chloster
1570 376 1645 408 dabi
1667 376 1726 408 mit
1747 376 1812 408 alle
1835 375 1891 408 diu
1913 375 1980 409 und

332 432 429 465 darzfi
444 434 561 475 gehort
573 435 758 464 versetzen³
773 431 838 462 und
850 432 1010 461 versatzet
1024 429 1131 461 haben
1145 429 1223 461 umb
1239 432 1348 461 tusent
1363 429 1473 461 march
1489 428 1604 461 silbers
1616 428 1796 460 Costnitzer
1810 428 1978 470 gewihtes.

331 486 410 517 Also
433 483 694 516 bescheidenlich
718 483 776 514 daz
799 483 826 513 si
849 481 995 513 diselbeu
1017 484 1082 512 stat
1103 481 1169 513 und
1191 492 1274 513 swaz
1299 481 1397 513 darzu
1419 481 1537 523 gehort
1565 479 1625 511 mit
1654 479 1727 511 dem
1751 479 1892 512 chloster
1913 479 1980 513 und

329 538 357 568 ir
380 537 478 568 erben
501 537 569 568 also
592 535 667 577 lang
683 534 752 566 suln
768 534 842 565 inne
859 532 975 572 haben,
998 535 1072 563 untz
1092 533 1151 564 wir
1172 532 1252 564 oder
1273 542 1370 564 unser
1391 532 1593 564 nahehomen
1617 541 1658 563 an
1680 531 1755 563 dem
1779 531 1848 562 rihe
1871 531 1899 562 si
1922 531 1980 565 des
2010 540 2022 563 ι

330 591 549 630 vorgenanten
572 586 665 628 giites
688 584 867 628 gentzelieh
890 584 1054 615 verrihten
1076 594 1117 615 an
1139 584 1225 616 allen
1247 584 1370 616 irresal.
1462 583 1537 616 Und
1560 582 1700 615 daruber
1730 593 1766 614 so
1793 582 1901 625 geben
1922 583 1981 616 vvir

330 641 362 671 in
386 640 476 671 disen
499 637 586 671 brief
606 637 760 679 versigelt
781 637 840 668 mit
862 645 992 667 unserm
1014 635 1222 677 hangundem
1244 635 1369 677 insigel.

437 691 505 722 Der
531 689 616 721 brief
639 690 682 720 ist
710 688 817 730 geben
845 698 881 719 ze
910 686 995 727 Sels,
1022 686 1064 718 do
1091 697 1154 718 von
1178 686 1322 719 Ohristes
1353 685 1480 729 gebfird
1507 687 1570 718 sint
1602 696 1766 729 ergangen
1790 685 1981 719 driuzeheu-

330 742 470 774 hundert
489 743 541 783 jar
563 741 628 773 und
652 739 774 772 darnah
797 740 829 771 in
848 739 923 771 dem
939 738 1206 771 fumftzehentem
1225 739 1287 780 jar,
1310 749 1352 770 an
1377 738 1452 770 dem
1468 738 1628 770 zweliften
1645 741 1702 780 tag
1717 738 1780 770 nah
1793 737 1980 780 Winahten,

331 795 363 826 in
387 794 461 827 dem
485 796 591 825 ersten
611 793 664 834 jar
685 802 797 823 unsers
820 791 916 823 rihes.
2000 799 2026 821 ιο

660 967 734 1003 201.
767 966 1083 1004 MANDATUM
1105 966 1383 1004 LUDEWICI
1406 965 1652 1004 CIVITATI

826 1022 1238 1059 ARGENTINENSI
1259 1021 1484 1059 MISSUM.

1009 1091 1118 1128 1315.
1158 1091 1235 1127 Ian.
1260 1092 1318 1128 10.

442 1183 602 1225 Oriyimle
625 1182 699 1225 (or.)
722 1182 758 1214 in
781 1181 940 1214 tabulario
963 1182 1101 1214 civitatis
1115 1182 1366 1222 Anqentinensis.
1414 1181 1560 1223 Sigillum
1582 1181 1673 1214 dorso
1695 1182 1881 1222 impressum
1903 1184 1981 1215 erat.

330 1238 374 1269 In
388 1246 492 1269 verso:
514 1234 732 1267 Prudentibus
747 1235 823 1266 viris
839 1258 846 1266 .
861 1259 868 1267 .
885 1235 1034 1274 sculteto,
1051 1233 1233 1266 consulibus
1250 1236 1283 1265 et
1297 1234 1454 1266 universis
1474 1233 1596 1265 civibus
1615 1233 1648 1265 in
1663 1234 1855 1276 Argentffia,
1877 1234 1983 1268 fideli-
2000 1245 2026 1265 ιι

331 1289 391 1321 bus
412 1288 528 1320 nostris
551 1286 685 1319 dilectis.
711 1305 749 1310 —
778 1286 840 1318 Ed.
861 1285 1130 1319 ‘Urkundenbuch
1152 1285 1208 1317 der
1229 1285 1323 1317 Stadt
1346 1285 1541 1326 Strassbury'
1565 1285 1614 1323 ΙΙ,
1635 1285 1700 1316 271
1722 1295 1771 1317 nr.
1788 1285 1853 1318 323
1875 1297 1914 1319 ex
1936 1297 1982 1320 or.

437 1340 584 1378 Bb'hmer,
608 1338 684 1379 Ray.
708 1338 822 1370 Ludw.
839 1348 875 1378 p.
892 1339 914 1369 4
936 1348 986 1370 nr.
1004 1339 1055 1370 61.

442 1391 492 1434 Cf.
507 1401 606 1431 supra
627 1400 676 1422 nr.
695 1390 760 1422 173
780 1393 809 1422 et
830 1389 923 1432 infra
945 1390 989 1422 ad
1010 1400 1040 1422 a.
1059 1389 1156 1423 1315.
1182 1389 1276 1422 Febr.
1292 1389 1345 1422 25.

437 1469 629 1501 Ludowicus
652 1467 715 1499 Dei
737 1467 847 1509 gracia
868 1467 1088 1500 Romanorum
1118 1476 1178 1498 rex
1207 1477 1338 1508 semper
1363 1470 1518 1508 augustus
1604 1466 1815 1509 prudentibus
1839 1467 1913 1499 viris
1941 1491 1949 1500 .
1974 1492 1981 1500 .

331 1520 483 1562 sculteto,
508 1545 516 1552 .
533 1545 541 1552 .
565 1519 748 1552 consulibus
780 1522 814 1551 et
837 1520 994 1551 universis
1019 1543 1051 1551 ..
1075 1518 1197 1551 civibus
1225 1519 1258 1550 in
1286 1518 1483 1561 Argentina,
1514 1518 1663 1550 fidelibus
1685 1520 1750 1551 suis
1837 1520 1982 1561 graciam
1999 1526 2027 1547 ²⁰

331 1583 421 1604 suam
446 1576 479 1604 et
501 1582 596 1604 omne
618 1572 748 1604 bonum.

439 1624 520 1657 Cum
549 1627 619 1656 tota
644 1627 753 1655 nostra
784 1623 923 1654 intencio
951 1633 1010 1665 pre
1034 1622 1151 1654 ceteris
1173 1622 1289 1653 nostris
1313 1625 1346 1654 et
1368 1622 1496 1664 imperii
1523 1623 1667 1664 negociis
1688 1626 1834 1656 versetur
1856 1622 1900 1654 ad
1921 1623 1983 1655 hoc

330 1676 572 1717 vehemencius,
602 1678 638 1707 ut
669 1685 785 1717 pacem
812 1675 916 1717 patrie
946 1678 980 1706 et
1005 1673 1271 1716 tranquillitatem
1303 1684 1363 1716 per
1393 1674 1556 1706 districtus
1583 1674 1711 1716 imperii
1743 1674 1983 1708 transeuntibus

330 1738 592 1770 prepararemus,
622 1727 769 1759 fidelitati
801 1730 908 1759 vestre
943 1727 1172 1758 committimus
1199 1728 1233 1757 et
1259 1725 1464 1767 mandamus,
1493 1726 1642 1767 quatinus
1665 1729 1804 1769 quatuor
1827 1736 1869 1758 ex
1890 1726 1983 1759 vobis

331 1780 427 1821 pleno
451 1779 603 1811 mandato
627 1778 774 1810 suffultos
797 1779 829 1809 in
852 1781 1000 1821 quartam
1024 1778 1139 1810 feriam
1155 1781 1230 1820 post
1246 1781 1376 1809 octavas
1392 1777 1565 1819 epiphanie
1582 1778 1711 1811 Domini
1731 1778 1818 1820 apud
1830 1778 1982 1810 Worma—
2000 1784 2026 1804 ²⁶

331 1833 412 1863 ciam
437 1832 479 1863 ad
502 1835 610 1863 nostre
633 1831 812 1863 maiestatis
833 1831 1037 1872 presenciam
1061 1829 1239 1870 destinetis,
1261 1832 1299 1861 ut
1321 1829 1485 1861 mediante
1503 1840 1614 1861 eorum
1629 1829 1760 1862 consilio
1776 1830 1984 1865 instauranda

332 1883 489 1915 salubrius
523 1884 607 1915 circa
639 1883 796 1925 premissa
829 1882 1013 1914 huiusmodi
1047 1883 1274 1914 instaurentur.
1334 1880 1488 1913 Ceterum
1517 1881 1790 1924 quemadmodum
1817 1882 1897 1914 alias
1926 1893 1984 1915 vos

331 1936 534 1967 meminimus
561 1935 724 1976 rogavisse
736 1935 758 1976 ¹,
787 1935 832 1966 sic
858 1935 976 1966 iterum
1008 1945 1065 1966 vos
1091 1933 1268 1966 affectuose
1296 1933 1492 1975 requirimus
1515 1936 1548 1965 et
1570 1943 1736 1976 rogamus,
1759 1936 1796 1965 ut
1817 1932 1983 1966 Friderico

332 1987 405 2019 duci
427 1987 558 2019 Austrie
581 1989 689 2018 nostro
714 1990 746 2018 et
768 1987 895 2028 imperii
918 1986 1049 2028 publico
1072 1986 1201 2018 inimico
1225 1985 1378 2018 victualia
1398 1985 1581 2017 nullatenus
1595 1984 1792 2026 ministretis,
1810 1985 1983 2018 exhibituri

332 2039 424 2071 nobis
446 2040 479 2070 in
500 2038 562 2070 hoc
586 2038 775 2080 obsequium
799 2038 883 2070 bene
906 2040 1044 2079 gratum.
2001 2042 2028 2062 ³⁰

438 2090 513 2122 Dat.
530 2090 727 2131 Wormacie,
751 2089 830 2122 IIII.
846 2089 924 2121 Idus
947 2090 1099 2130 Ianuarii,
1122 2089 1215 2132 regni
1236 2089 1337 2121 nostri
1360 2099 1444 2120 anno
1466 2089 1581 2131 primo.

388 2282 463 2318 202.
497 2281 766 2319 SCRIPTUM
788 2282 1026 2320 EIUSDEM
1051 2283 1222 2321 SUPER
1243 2278 1616 2320 ABSOLUTIONE
1639 2281 1711 2319 AB
1734 2281 1930 2319 USURIS.

1005 2352 1114 2388 1315.
1153 2351 1232 2389 Ian.
1256 2352 1313 2388 10.

445 2440 604 2481 Oriyinale
636 2441 840 2481 deperditum.
900 2442 1000 2484 Copia
1033 2442 1090 2486 (c.)
1124 2443 1160 2475 in
1197 2442 1344 2483 Copiario
1378 2441 1565 2473 Eistetensis
1598 2441 1742 2473 ecclesiae
1775 2451 1856 2473 saec.
1885 2440 1981 2473 XIV.

333 2492 487 2524 tabularii
512 2493 666 2532 yeneralis
691 2494 781 2534 reyni
805 2494 980 2527 Bawarici.
1017 2514 1056 2519 —-
1090 2494 1152 2528 Ed.
1179 2494 1228 2528 W.
1248 2493 1399 2526 Fasslein
1425 2493 1544 2525 ‘Neues
1565 2493 1698 2525 Archiv’
1732 2492 1893 2532 XXXII,
1917 2492 1982 2524 639
1999 2499 2026 2520 ³⁵

333 2555 382 2577 nr.
400 2545 442 2576 12
463 2555 502 2575 ex
525 2555 550 2576 c.
595 2544 777 2577 Edit-ionem
798 2546 977 2585 repetimus.

445 2595 492 2636 Of.
502 2596 703 2636 privileyium
722 2597 865 2637 yenerale
887 2598 993 2630 eodem
1016 2598 1066 2630 die
1088 2608 1266 2630 eoncessum
1289 2596 1433 2635 Bahmer,
1457 2596 1532 2638 Rey.
1555 2596 1668 2629 Dudw.
1690 2608 1722 2637 p.
1738 2597 1759 2628 4
1781 2606 1830 2629 nr.
1849 2596 1902 2628 62.

439 2673 631 2706 Ludewicus
653 2674 717 2706 Dei
738 2675 841 2717 gratia
864 2675 1085 2708 Romanorum
1107 2686 1167 2707 rex
1189 2685 1318 2717 semper
1340 2677 1495 2716 augustus
1560 2674 1716 2707 universis
1738 2675 1821 2706 sacri
1842 2673 1983 2706 Romani

332 2726 458 2768 imperii
476 2725 628 2758 -fidelibus
650 2730 818 2768 presentes
839 2727 965 2759 litteras
987 2727 1180 2771 inspecturis
1265 2727 1404 2769 gratiam
1428 2735 1520 2758 suam
1544 2729 1577 2758 et
1599 2736 1694 2758 omne
1717 2725 1846 2758 bonum.

437 2803 504 2830 200·
532 2803 555 2835 Β)
575 2808 699 2830 versetzet
717 2813 755 2831 or.
1864 2808 1866 2811 '
1999 2808 2028 2828 ⁴0

438 2863 463 2896 1)
486 2863 559 2897 Quae
577 2863 680 2889 litterae
698 2863 852 2897 deperditae
870 2867 940 2892 sunt.
