<?xml version="1.0" encoding="UTF-8"?>
<!DOCTYPE html PUBLIC "-//W3C//DTD XHTML 1.0 Transitional//EN"
    "http://www.w3.org/TR/xhtml1/DTD/xhtml1-transitional.dtd">
<html xmlns="http://www.w3.org/1999/xhtml" xml:lang="en" lang="en">
 <head>
  <title>
</title>
<meta http-equiv="Content-Type" content="text/html;charset=utf-8" />
  <meta name='ocr-system' content='tesseract 3.04.00' />
  <meta name='ocr-capabilities' content='ocr_page ocr_carea ocr_par ocr_line ocrx_word'/>
</head>
<body>
  <div class='ocr_page' id='page_1' title='image "./monumentagerma05geseuoft_0562.png"; bbox 0 0 2184 3126; ppageno 0'>
   <div class='ocr_carea' id='block_1_1' title="bbox 308 164 1752 203">
    <p class='ocr_par' dir='ltr' id='par_1_1' title="bbox 308 164 1752 203">
     <span class='ocr_line' id='line_1_1' title="bbox 308 164 1752 203; baseline -0.004 -5"><span class='ocrx_word' id='word_1_1' title='bbox 308 174 372 203; x_wconf 85' lang='lat'><strong>522</strong></span> <span class='ocrx_word' id='word_1_2' title='bbox 562 169 660 197; x_wconf 83' lang='lat' dir='ltr'>ACTA</span> <span class='ocrx_word' id='word_1_3' title='bbox 678 169 792 197; x_wconf 87' lang='lat' dir='ltr'><strong>REGNI</strong></span> <span class='ocrx_word' id='word_1_4' title='bbox 811 168 998 196; x_wconf 80' lang='lat' dir='ltr'>LUDEWICI</span> <span class='ocrx_word' id='word_1_5' title='bbox 1017 168 1063 196; x_wconf 85' lang='lat' dir='ltr'><strong>IV.</strong></span> <span class='ocrx_word' id='word_1_6' title='bbox 1082 167 1129 194; x_wconf 88' lang='grc' dir='ltr'><strong>ΕΤ</strong></span> <span class='ocrx_word' id='word_1_7' title='bbox 1150 165 1335 194; x_wconf 84' lang='lat' dir='ltr'><strong>FRIDERICI</strong></span> <span class='ocrx_word' id='word_1_8' title='bbox 1355 166 1404 193; x_wconf 91' lang='lat'>111.</span> <span class='ocrx_word' id='word_1_9' title='bbox 1441 165 1516 192; x_wconf 79' lang='lat'>1322.</span> <span class='ocrx_word' id='word_1_10' title='bbox 1553 164 1601 191; x_wconf 86' lang='lat' dir='ltr'><strong>Nr.</strong></span> <span class='ocrx_word' id='word_1_11' title='bbox 1614 165 1673 191; x_wconf 78' lang='lat'>657.</span> <span class='ocrx_word' id='word_1_12' title='bbox 1692 164 1752 192; x_wconf 80' lang='lat'>658.</span> 
     </span>
    </p>
   </div>
   <div class='ocr_carea' id='block_1_2' title="bbox 526 313 1751 355">
    <p class='ocr_par' dir='ltr' id='par_1_2' title="bbox 526 313 1751 355">
     <span class='ocr_line' id='line_1_2' title="bbox 526 313 1751 355; baseline -0.006 -1"><span class='ocrx_word' id='word_1_13' title='bbox 526 319 612 355; x_wconf 86' lang='lat'>657.</span> <span class='ocrx_word' id='word_1_14' title='bbox 653 318 809 353; x_wconf 73' lang='lat' dir='ltr'><em>Litterae</em></span> <span class='ocrx_word' id='word_1_15' title='bbox 836 318 883 353; x_wconf 81' lang='lat' dir='ltr'><strong>ad</strong></span> <span class='ocrx_word' id='word_1_16' title='bbox 908 317 1118 352; x_wconf 78' lang='lat' dir='ltr'><strong>Heinricum</strong></span> <span class='ocrx_word' id='word_1_17' title='bbox 1145 317 1265 351; x_wconf 78' lang='lat' dir='ltr'><strong>ducem</strong></span> <span class='ocrx_word' id='word_1_18' title='bbox 1293 314 1467 350; x_wconf 78' lang='lat' dir='ltr'><strong>Austriae.</strong></span> <span class='ocrx_word' id='word_1_19' title='bbox 1574 313 1668 350; x_wconf 71' lang='lat' dir='ltr'><strong>Mai.</strong></span> <span class='ocrx_word' id='word_1_20' title='bbox 1687 314 1751 349; x_wconf 76' lang='lat'><strong>24.</strong></span> 
     </span>
    </p>
   </div>
   <div class='ocr_carea' id='block_1_3' title="bbox 415 397 1709 562">
    <p class='ocr_par' dir='ltr' id='par_1_3' title="bbox 415 397 1709 562">
     <span class='ocr_line' id='line_1_3' title="bbox 420 397 1701 444; baseline -0.005 -10"><span class='ocrx_word' id='word_1_21' title='bbox 420 402 520 444; x_wconf 79' lang='lat' dir='ltr'><strong>Copia</strong></span> <span class='ocrx_word' id='word_1_22' title='bbox 543 401 597 444; x_wconf 87' lang='lat' dir='ltr'><strong>(c.)</strong></span> <span class='ocrx_word' id='word_1_23' title='bbox 621 400 734 432; x_wconf 81' lang='lat' dir='ltr'><strong><em>ibidem</em></strong></span> <span class='ocrx_word' id='word_1_24' title='bbox 755 399 809 438; x_wconf 81' lang='lat' dir='ltr'><strong>fol.</strong></span> <span class='ocrx_word' id='word_1_25' title='bbox 827 400 890 430; x_wconf 81' lang='lat'><strong>186</strong></span> <span class='ocrx_word' id='word_1_26' title='bbox 912 409 962 431; x_wconf 78' lang='lat' dir='ltr'><strong>nr.</strong></span> <span class='ocrx_word' id='word_1_27' title='bbox 981 400 1054 430; x_wconf 88' lang='lat'><em>777.</em></span> <span class='ocrx_word' id='word_1_28' title='bbox 1103 397 1300 430; x_wconf 74' lang='lat' dir='ltr'><strong>Contulimus</strong></span> <span class='ocrx_word' id='word_1_29' title='bbox 1321 397 1368 428; x_wconf 79' lang='lat' dir='ltr'><strong>vel</strong></span> <span class='ocrx_word' id='word_1_30' title='bbox 1390 397 1613 437; x_wconf 76' lang='lat' dir='ltr'><em>descripsimus</em></span> <span class='ocrx_word' id='word_1_31' title='bbox 1634 406 1701 428; x_wconf 79' lang='lat' dir='ltr'><strong>nos.</strong></span> 
     </span>
     <span class='ocr_line' id='line_1_4' title="bbox 415 456 1709 500; baseline -0.005 -7"><span class='ocrx_word' id='word_1_32' title='bbox 415 462 562 499; x_wconf 66' lang='lat' dir='ltr'><strong>Bfflzmer,</strong></span> <span class='ocrx_word' id='word_1_33' title='bbox 586 460 661 500; x_wconf 62' lang='lat' dir='ltr'><strong>Rea.</strong></span> <span class='ocrx_word' id='word_1_34' title='bbox 686 459 798 491; x_wconf 81' lang='lat' dir='ltr'><strong>Ludw.</strong></span> <span class='ocrx_word' id='word_1_35' title='bbox 818 469 851 499; x_wconf 76' lang='lat' dir='ltr'><strong>p.</strong></span> <span class='ocrx_word' id='word_1_36' title='bbox 867 458 931 490; x_wconf 77' lang='lat'><strong>215</strong></span> <span class='ocrx_word' id='word_1_37' title='bbox 955 458 1071 490; x_wconf 75' lang='lat' dir='ltr'><strong>deste</strong></span> <span class='ocrx_word' id='word_1_38' title='bbox 1093 468 1142 490; x_wconf 76' lang='lat' dir='ltr'><strong>nr.</strong></span> <span class='ocrx_word' id='word_1_39' title='bbox 1158 457 1218 496; x_wconf 79' lang='lat'><strong>22,·</strong></span> <span class='ocrx_word' id='word_1_40' title='bbox 1240 457 1344 488; x_wconf 75' lang='lat' dir='ltr'><strong>Lo&#39;her</strong></span> <span class='ocrx_word' id='word_1_41' title='bbox 1365 456 1384 488; x_wconf 82' lang='lat' dir='ltr'><strong>l.</strong></span> <span class='ocrx_word' id='word_1_42' title='bbox 1402 468 1427 489; x_wconf 88' lang='lat' dir='ltr'><strong>c.</strong></span> <span class='ocrx_word' id='word_1_43' title='bbox 1438 467 1474 496; x_wconf 78' lang='lat' dir='ltr'><strong>p.</strong></span> <span class='ocrx_word' id='word_1_44' title='bbox 1490 457 1555 488; x_wconf 76' lang='lat'><strong>248</strong></span> <span class='ocrx_word' id='word_1_45' title='bbox 1569 466 1619 488; x_wconf 78' lang='lat' dir='ltr'><strong>nr.</strong></span> <span class='ocrx_word' id='word_1_46' title='bbox 1637 456 1709 487; x_wconf 88' lang='lat'><strong><em>119.</em></strong></span> 
     </span>
     <span class='ocr_line' id='line_1_5' title="bbox 420 520 638 562; baseline -0.014 -9"><span class='ocrx_word' id='word_1_47' title='bbox 420 521 472 562; x_wconf 82' lang='lat' dir='ltr'><strong>Cf.</strong></span> <span class='ocrx_word' id='word_1_48' title='bbox 496 531 546 552; x_wconf 77' lang='lat' dir='ltr'><strong>nr.</strong></span> <span class='ocrx_word' id='word_1_49' title='bbox 564 520 638 551; x_wconf 89' lang='lat'><strong><em>659.</em></strong></span> 
     </span>
    </p>
   </div>
   <div class='ocr_carea' id='block_1_4' title="bbox 305 603 2018 1517">
    <p class='ocr_par' dir='ltr' id='par_1_4' title="bbox 417 603 2012 637">
     <span class='ocr_line' id='line_1_6' title="bbox 417 603 2012 637; baseline -0.001 -1"><span class='ocrx_word' id='word_1_50' title='bbox 417 605 562 637; x_wconf 88' lang='lat' dir='ltr'><strong>Henrico</strong></span> <span class='ocrx_word' id='word_1_51' title='bbox 585 604 658 635; x_wconf 89' lang='lat' dir='ltr'><strong>duci</strong></span> <span class='ocrx_word' id='word_1_52' title='bbox 680 603 820 634; x_wconf 87' lang='lat' dir='ltr'><strong>Austrie.</strong></span> <span class='ocrx_word' id='word_1_53' title='bbox 1999 615 2012 634; x_wconf 71' lang='lat' dir='ltr'><strong>s</strong></span> 
     </span>
    </p>

    <p class='ocr_par' dir='ltr' id='par_1_5' title="bbox 305 652 2018 1517">
     <span class='ocr_line' id='line_1_7' title="bbox 415 652 1970 696; baseline -0.003 -9"><span class='ocrx_word' id='word_1_54' title='bbox 415 655 467 687; x_wconf 89' lang='lat' dir='ltr'><strong>De</strong></span> <span class='ocrx_word' id='word_1_55' title='bbox 493 655 697 696; x_wconf 84' lang='lat' dir='ltr'><strong>beneplacito</strong></span> <span class='ocrx_word' id='word_1_56' title='bbox 721 657 754 685; x_wconf 93' lang='lat' dir='ltr'><strong>et</strong></span> <span class='ocrx_word' id='word_1_57' title='bbox 775 653 929 685; x_wconf 87' lang='lat' dir='ltr'><strong>mandato</strong></span> <span class='ocrx_word' id='word_1_58' title='bbox 953 654 1108 686; x_wconf 78' lang='lat' dir='ltr'><strong>carissimi</strong></span> <span class='ocrx_word' id='word_1_59' title='bbox 1131 655 1163 685; x_wconf 92' lang='lat' dir='ltr'><strong>in</strong></span> <span class='ocrx_word' id='word_1_60' title='bbox 1186 653 1313 685; x_wconf 84' lang='lat' dir='ltr'><strong>Christo</strong></span> <span class='ocrx_word' id='word_1_61' title='bbox 1337 654 1394 685; x_wconf 89' lang='lat' dir='ltr'><strong>filii</strong></span> <span class='ocrx_word' id='word_1_62' title='bbox 1415 653 1516 685; x_wconf 97' lang='lat' dir='ltr'><strong>nostri</strong></span> <span class='ocrx_word' id='word_1_63' title='bbox 1537 653 1704 685; x_wconf 86' lang='lat' dir='ltr'><strong>Frederici</strong></span> <span class='ocrx_word' id='word_1_64' title='bbox 1727 652 1817 684; x_wconf 89' lang='lat' dir='ltr'><strong>ducis</strong></span> <span class='ocrx_word' id='word_1_65' title='bbox 1839 652 1970 683; x_wconf 86' lang='lat' dir='ltr'><strong>Austrie</strong></span> 
     </span>
     <span class='ocr_line' id='line_1_8' title="bbox 307 702 1970 748; baseline -0.002 -10"><span class='ocrx_word' id='word_1_66' title='bbox 307 708 339 739; x_wconf 89' lang='lat' dir='ltr'><strong>in</strong></span> <span class='ocrx_word' id='word_1_67' title='bbox 355 717 468 748; x_wconf 87' lang='lat' dir='ltr'><strong>regem</strong></span> <span class='ocrx_word' id='word_1_68' title='bbox 483 706 733 745; x_wconf 87' lang='lat' dir='ltr'><strong>Roman(orum)</strong></span> <span class='ocrx_word' id='word_1_69' title='bbox 750 705 845 736; x_wconf 87' lang='lat' dir='ltr'><strong>electi</strong></span> <span class='ocrx_word' id='word_1_70' title='bbox 861 707 894 736; x_wconf 86' lang='lat' dir='ltr'><strong>te</strong></span> <span class='ocrx_word' id='word_1_71' title='bbox 918 716 989 737; x_wconf 90' lang='lat' dir='ltr'><strong>cum</strong></span> <span class='ocrx_word' id='word_1_72' title='bbox 1013 705 1141 737; x_wconf 87' lang='lat' dir='ltr'><strong>decenti</strong></span> <span class='ocrx_word' id='word_1_73' title='bbox 1165 705 1309 747; x_wconf 88' lang='lat' dir='ltr'><strong>equitum</strong></span> <span class='ocrx_word' id='word_1_74' title='bbox 1332 705 1483 736; x_wconf 77' lang='lat' dir='ltr'><strong>comitiva</strong></span> <span class='ocrx_word' id='word_1_75' title='bbox 1506 704 1548 736; x_wconf 85' lang='lat' dir='ltr'><strong>ad</strong></span> <span class='ocrx_word' id='word_1_76' title='bbox 1562 704 1684 736; x_wconf 77' lang='lat' dir='ltr'><strong>Mathai</strong></span> <span class='ocrx_word' id='word_1_77' title='bbox 1701 703 1741 735; x_wconf 89' lang='lat' dir='ltr'><strong>de</strong></span> <span class='ocrx_word' id='word_1_78' title='bbox 1758 702 1970 744; x_wconf 87' lang='lat' dir='ltr'><strong>Mediolan(0)</strong></span> 
     </span>
     <span class='ocr_line' id='line_1_9' title="bbox 308 754 1970 798; baseline -0.001 -10"><span class='ocrx_word' id='word_1_79' title='bbox 308 757 445 789; x_wconf 88' lang='lat' dir='ltr'><strong>heretici</strong></span> <span class='ocrx_word' id='word_1_80' title='bbox 467 757 583 798; x_wconf 88' lang='lat' dir='ltr'><strong>perfidi</strong></span> <span class='ocrx_word' id='word_1_81' title='bbox 606 757 669 788; x_wconf 89' lang='lat' dir='ltr'><strong>Dei</strong></span> <span class='ocrx_word' id='word_1_82' title='bbox 692 759 726 788; x_wconf 88' lang='lat' dir='ltr'><strong>et</strong></span> <span class='ocrx_word' id='word_1_83' title='bbox 748 756 884 787; x_wconf 79' lang='lat' dir='ltr'><strong>ecclesie</strong></span> <span class='ocrx_word' id='word_1_84' title='bbox 908 757 1028 788; x_wconf 89' lang='lat' dir='ltr'><strong>inimici</strong></span> <span class='ocrx_word' id='word_1_85' title='bbox 1052 757 1184 798; x_wconf 90' lang='lat' dir='ltr'><strong>eiusque</strong></span> <span class='ocrx_word' id='word_1_86' title='bbox 1206 756 1345 787; x_wconf 87' lang='lat' dir='ltr'><strong>filiorum</strong></span> <span class='ocrx_word' id='word_1_87' title='bbox 1369 758 1402 787; x_wconf 85' lang='lat' dir='ltr'><strong>et</strong></span> <span class='ocrx_word' id='word_1_88' title='bbox 1425 756 1587 787; x_wconf 80' lang='lat' dir='ltr'><strong>fautorum</strong></span> <span class='ocrx_word' id='word_1_89' title='bbox 1611 755 1837 787; x_wconf 79' lang='lat' dir='ltr'><strong>exterminium</strong></span> <span class='ocrx_word' id='word_1_90' title='bbox 1860 755 1892 786; x_wconf 90' lang='lat' dir='ltr'><strong>in</strong></span> <span class='ocrx_word' id='word_1_91' title='bbox 1906 754 1970 786; x_wconf 91' lang='lat' dir='ltr'><strong>Dei</strong></span> 
     </span>
     <span class='ocr_line' id='line_1_10' title="bbox 308 797 1971 849; baseline -0.001 -10"><span class='ocrx_word' id='word_1_92' title='bbox 308 811 342 839; x_wconf 89' lang='lat' dir='ltr'><strong>et</strong></span> <span class='ocrx_word' id='word_1_93' title='bbox 364 808 464 839; x_wconf 80' lang='lat' dir='ltr'><strong>nostri</strong></span> <span class='ocrx_word' id='word_1_94' title='bbox 477 811 511 839; x_wconf 88' lang='lat' dir='ltr'><strong>et</strong></span> <span class='ocrx_word' id='word_1_95' title='bbox 534 808 670 840; x_wconf 83' lang='lat' dir='ltr'><strong>ecclesie</strong></span> <span class='ocrx_word' id='word_1_96' title='bbox 690 797 878 849; x_wconf 79' lang='lat' dir='ltr'><strong>obsequiuin</strong></span> <span class='ocrx_word' id='word_1_97' title='bbox 894 807 1034 839; x_wconf 78' lang='lat' dir='ltr'><strong>letanter</strong></span> <span class='ocrx_word' id='word_1_98' title='bbox 1050 811 1082 839; x_wconf 92' lang='lat' dir='ltr'><strong>te</strong></span> <span class='ocrx_word' id='word_1_99' title='bbox 1099 807 1244 839; x_wconf 83' lang='lat' dir='ltr'><strong>Brixiam</strong></span> <span class='ocrx_word' id='word_1_100' title='bbox 1267 806 1448 838; x_wconf 87' lang='lat' dir='ltr'><strong>audivimus</strong></span> <span class='ocrx_word' id='word_1_101' title='bbox 1463 807 1658 848; x_wconf 85' lang='lat' dir='ltr'><strong>pervenisse.</strong></span> <span class='ocrx_word' id='word_1_102' title='bbox 1703 806 1799 846; x_wconf 85' lang='lat' dir='ltr'><strong>Sane,</strong></span> <span class='ocrx_word' id='word_1_103' title='bbox 1822 806 1883 847; x_wconf 84' lang='lat' dir='ltr'><strong>fili,</strong></span> <span class='ocrx_word' id='word_1_104' title='bbox 1906 816 1971 837; x_wconf 93' lang='lat' dir='ltr'><strong>non</strong></span> 
     </span>
     <span class='ocr_line' id='line_1_11' title="bbox 308 857 2016 900; baseline -0.003 -10"><span class='ocrx_word' id='word_1_105' title='bbox 308 859 431 900; x_wconf 80' lang='lat' dir='ltr'><strong>absque</strong></span> <span class='ocrx_word' id='word_1_106' title='bbox 455 859 668 890; x_wconf 83' lang='lat' dir='ltr'><strong>admiratione</strong></span> <span class='ocrx_word' id='word_1_107' title='bbox 692 858 734 890; x_wconf 86' lang='lat' dir='ltr'><strong>ad</strong></span> <span class='ocrx_word' id='word_1_108' title='bbox 756 861 900 889; x_wconf 87' lang='lat' dir='ltr'><strong>nostram</strong></span> <span class='ocrx_word' id='word_1_109' title='bbox 923 858 1126 890; x_wconf 84' lang='lat' dir='ltr'><strong>audienciam</strong></span> <span class='ocrx_word' id='word_1_110' title='bbox 1151 857 1384 899; x_wconf 82' lang='lat' dir='ltr'><strong>subsequenter</strong></span> <span class='ocrx_word' id='word_1_111' title='bbox 1399 857 1535 889; x_wconf 83' lang='lat' dir='ltr'><strong>deduxit</strong></span> <span class='ocrx_word' id='word_1_112' title='bbox 1556 857 1671 890; x_wconf 85' lang='lat' dir='ltr'><strong>relatio</strong></span> <span class='ocrx_word' id='word_1_113' title='bbox 1687 857 1861 899; x_wconf 78' lang='lat' dir='ltr'><strong>fidedjgna,</strong></span> <span class='ocrx_word' id='word_1_114' title='bbox 1884 857 1970 899; x_wconf 90' lang='lat' dir='ltr'><strong>quod</strong></span> <span class='ocrx_word' id='word_1_115' title='bbox 1990 865 2016 885; x_wconf 85' lang='grc' dir='ltr'><strong>ιο</strong></span> 
     </span>
     <span class='ocr_line' id='line_1_12' title="bbox 308 909 1971 951; baseline 0 -10"><span class='ocrx_word' id='word_1_116' title='bbox 308 913 343 942; x_wconf 89' lang='lat' dir='ltr'><strong>tu</strong></span> <span class='ocrx_word' id='word_1_117' title='bbox 366 910 408 941; x_wconf 85' lang='lat' dir='ltr'><strong>ad</strong></span> <span class='ocrx_word' id='word_1_118' title='bbox 430 910 598 942; x_wconf 89' lang='lat' dir='ltr'><strong>Matheum</strong></span> <span class='ocrx_word' id='word_1_119' title='bbox 621 909 801 951; x_wconf 89' lang='lat' dir='ltr'><strong>predictum</strong></span> <span class='ocrx_word' id='word_1_120' title='bbox 826 913 898 942; x_wconf 87' lang='lat' dir='ltr'><strong>tuos</strong></span> <span class='ocrx_word' id='word_1_121' title='bbox 928 913 962 941; x_wconf 90' lang='lat' dir='ltr'><strong>et</strong></span> <span class='ocrx_word' id='word_1_122' title='bbox 988 909 1030 942; x_wconf 87' lang='lat' dir='ltr'><strong>ad</strong></span> <span class='ocrx_word' id='word_1_123' title='bbox 1054 914 1086 942; x_wconf 92' lang='lat' dir='ltr'><strong>te</strong></span> <span class='ocrx_word' id='word_1_124' title='bbox 1116 911 1185 951; x_wconf 88' lang='lat' dir='ltr'><strong>ipse</strong></span> <span class='ocrx_word' id='word_1_125' title='bbox 1209 920 1284 940; x_wconf 90' lang='lat' dir='ltr'><strong>suos</strong></span> <span class='ocrx_word' id='word_1_126' title='bbox 1307 911 1341 940; x_wconf 89' lang='lat' dir='ltr'><strong>et</strong></span> <span class='ocrx_word' id='word_1_127' title='bbox 1364 909 1495 941; x_wconf 90' lang='lat' dir='ltr'><strong>demum</strong></span> <span class='ocrx_word' id='word_1_128' title='bbox 1518 912 1590 941; x_wconf 90' lang='lat' dir='ltr'><strong>tuos</strong></span> <span class='ocrx_word' id='word_1_129' title='bbox 1614 912 1647 941; x_wconf 88' lang='lat' dir='ltr'><strong>et</strong></span> <span class='ocrx_word' id='word_1_130' title='bbox 1669 920 1744 941; x_wconf 91' lang='lat' dir='ltr'><strong>suos</strong></span> <span class='ocrx_word' id='word_1_131' title='bbox 1767 909 1808 941; x_wconf 86' lang='lat' dir='ltr'><strong>ad</strong></span> <span class='ocrx_word' id='word_1_132' title='bbox 1832 909 1971 942; x_wconf 86' lang='lat' dir='ltr'><strong>electum</strong></span> 
     </span>
     <span class='ocr_line' id='line_1_13' title="bbox 307 960 1972 1003; baseline -0.001 -10"><span class='ocrx_word' id='word_1_133' title='bbox 307 961 488 1003; x_wconf 84' lang='lat' dir='ltr'><strong>predictum</strong></span> <span class='ocrx_word' id='word_1_134' title='bbox 513 961 677 992; x_wconf 85' lang='lat' dir='ltr'><strong>duxeratis</strong></span> <span class='ocrx_word' id='word_1_135' title='bbox 699 962 826 992; x_wconf 88' lang='lat' dir='ltr'><strong>nuntios</strong></span> <span class='ocrx_word' id='word_1_136' title='bbox 849 961 1067 993; x_wconf 88' lang='lat' dir='ltr'><strong>destinandos.</strong></span> <span class='ocrx_word' id='word_1_137' title='bbox 1113 961 1156 992; x_wconf 89' lang='lat' dir='ltr'><strong>Et</strong></span> <span class='ocrx_word' id='word_1_138' title='bbox 1179 961 1265 1002; x_wconf 88' lang='lat' dir='ltr'><strong>quia,</strong></span> <span class='ocrx_word' id='word_1_139' title='bbox 1288 960 1344 1001; x_wconf 84' lang='lat' dir='ltr'><strong>fili,</strong></span> <span class='ocrx_word' id='word_1_140' title='bbox 1367 960 1513 992; x_wconf 75' lang='lat' dir='ltr'><strong>malitia·</strong></span> <span class='ocrx_word' id='word_1_141' title='bbox 1529 963 1562 992; x_wconf 88' lang='lat' dir='ltr'><strong>et</strong></span> <span class='ocrx_word' id='word_1_142' title='bbox 1585 960 1715 992; x_wconf 81' lang='lat' dir='ltr'><strong>fraudes</strong></span> <span class='ocrx_word' id='word_1_143' title='bbox 1736 960 1821 992; x_wconf 89' lang='lat' dir='ltr'><strong>illius</strong></span> <span class='ocrx_word' id='word_1_144' title='bbox 1836 961 1972 993; x_wconf 88' lang='lat' dir='ltr'><strong>heretici</strong></span> 
     </span>
     <span class='ocr_line' id='line_1_14' title="bbox 307 1011 1971 1054; baseline 0.001 -11"><span class='ocrx_word' id='word_1_145' title='bbox 307 1023 366 1044; x_wconf 83' lang='lat' dir='ltr'><strong>nos</strong></span> <span class='ocrx_word' id='word_1_146' title='bbox 389 1023 453 1044; x_wconf 90' lang='lat' dir='ltr'><strong>non</strong></span> <span class='ocrx_word' id='word_1_147' title='bbox 475 1012 587 1052; x_wconf 87' lang='lat' dir='ltr'><strong>latent,</strong></span> <span class='ocrx_word' id='word_1_148' title='bbox 610 1022 761 1043; x_wconf 86' lang='lat' dir='ltr'><strong>veremur</strong></span> <span class='ocrx_word' id='word_1_149' title='bbox 785 1012 870 1053; x_wconf 90' lang='lat' dir='ltr'><strong>quod</strong></span> <span class='ocrx_word' id='word_1_150' title='bbox 894 1022 966 1044; x_wconf 91' lang='lat' dir='ltr'><strong>cum</strong></span> <span class='ocrx_word' id='word_1_151' title='bbox 982 1013 1059 1044; x_wconf 81' lang='lat' dir='ltr'><strong>suab</strong></span> <span class='ocrx_word' id='word_1_152' title='bbox 1075 1013 1198 1044; x_wconf 82' lang='lat' dir='ltr'><strong>astucia</strong></span> <span class='ocrx_word' id='word_1_153' title='bbox 1221 1015 1254 1043; x_wconf 90' lang='lat' dir='ltr'><strong>te</strong></span> <span class='ocrx_word' id='word_1_154' title='bbox 1278 1011 1420 1053; x_wconf 86' lang='lat' dir='ltr'><strong>decipiat</strong></span> <span class='ocrx_word' id='word_1_155' title='bbox 1442 1015 1540 1053; x_wconf 85' lang='lat' dir='ltr'><strong>teque</strong></span> <span class='ocrx_word' id='word_1_156' title='bbox 1563 1022 1583 1043; x_wconf 91' lang='lat' dir='ltr'><strong>a</strong></span> <span class='ocrx_word' id='word_1_157' title='bbox 1598 1015 1652 1043; x_wconf 90' lang='lat' dir='ltr'><strong>tuo</strong></span> <span class='ocrx_word' id='word_1_158' title='bbox 1667 1012 1832 1054; x_wconf 89' lang='lat' dir='ltr'><strong>proposito</strong></span> <span class='ocrx_word' id='word_1_159' title='bbox 1851 1012 1971 1054; x_wconf 85' lang='lat' dir='ltr'><strong>deviet,</strong></span> 
     </span>
     <span class='ocr_line' id='line_1_15' title="bbox 306 1062 1971 1104; baseline 0 -9"><span class='ocrx_word' id='word_1_160' title='bbox 306 1066 343 1095; x_wconf 87' lang='lat' dir='ltr'><strong>ut</strong></span> <span class='ocrx_word' id='word_1_161' title='bbox 365 1063 416 1095; x_wconf 85' lang='lat' dir='ltr'><strong>vel</strong></span> <span class='ocrx_word' id='word_1_162' title='bbox 447 1067 577 1104; x_wconf 86' lang='lat' dir='ltr'><strong>tempus</strong></span> <span class='ocrx_word' id='word_1_163' title='bbox 604 1063 733 1094; x_wconf 87' lang='lat' dir='ltr'><strong>labatur</strong></span> <span class='ocrx_word' id='word_1_164' title='bbox 759 1063 916 1094; x_wconf 83' lang='lat' dir='ltr'><strong>inutiliter</strong></span> <span class='ocrx_word' id='word_1_165' title='bbox 938 1063 991 1094; x_wconf 87' lang='lat' dir='ltr'><strong>vel</strong></span> <span class='ocrx_word' id='word_1_166' title='bbox 1020 1063 1061 1095; x_wconf 87' lang='lat' dir='ltr'><strong>ad</strong></span> <span class='ocrx_word' id='word_1_167' title='bbox 1089 1073 1179 1095; x_wconf 89' lang='lat' dir='ltr'><strong>suam</strong></span> <span class='ocrx_word' id='word_1_168' title='bbox 1208 1062 1379 1095; x_wconf 87' lang='lat' dir='ltr'><strong>fovendam</strong></span> <span class='ocrx_word' id='word_1_169' title='bbox 1409 1063 1572 1094; x_wconf 82' lang='lat' dir='ltr'><strong>maliciam</strong></span> <span class='ocrx_word' id='word_1_170' title='bbox 1601 1066 1633 1095; x_wconf 88' lang='lat' dir='ltr'><strong>te</strong></span> <span class='ocrx_word' id='word_1_171' title='bbox 1656 1065 1783 1104; x_wconf 79' lang='lat' dir='ltr'><strong>satagat</strong></span> <span class='ocrx_word' id='word_1_172' title='bbox 1805 1063 1971 1096; x_wconf 83' lang='lat' dir='ltr'><strong>inclinare.</strong></span> 
     </span>
     <span class='ocr_line' id='line_1_16' title="bbox 306 1113 2015 1156; baseline 0.001 -10"><span class='ocrx_word' id='word_1_173' title='bbox 306 1115 429 1146; x_wconf 88' lang='lat' dir='ltr'><strong>Verum</strong></span> <span class='ocrx_word' id='word_1_174' title='bbox 455 1115 528 1155; x_wconf 87' lang='lat' dir='ltr'><strong>quia</strong></span> <span class='ocrx_word' id='word_1_175' title='bbox 553 1118 619 1145; x_wconf 86' lang='lat' dir='ltr'><strong>tam</strong></span> <span class='ocrx_word' id='word_1_176' title='bbox 643 1114 783 1146; x_wconf 86' lang='lat' dir='ltr'><strong>electum</strong></span> <span class='ocrx_word' id='word_1_177' title='bbox 799 1114 980 1155; x_wconf 88' lang='lat' dir='ltr'><strong>predictum</strong></span> <span class='ocrx_word' id='word_1_178' title='bbox 998 1125 1094 1156; x_wconf 89' lang='lat' dir='ltr'><strong>quam</strong></span> <span class='ocrx_word' id='word_1_179' title='bbox 1117 1117 1150 1147; x_wconf 89' lang='lat' dir='ltr'><strong>te</strong></span> <span class='ocrx_word' id='word_1_180' title='bbox 1173 1114 1313 1146; x_wconf 85' lang='lat' dir='ltr'><strong>brachiis</strong></span> <span class='ocrx_word' id='word_1_181' title='bbox 1328 1113 1554 1155; x_wconf 81' lang='lat' dir='ltr'><strong>amplectimur</strong></span> <span class='ocrx_word' id='word_1_182' title='bbox 1570 1114 1713 1145; x_wconf 85' lang='lat' dir='ltr'><strong>caritatis</strong></span> <span class='ocrx_word' id='word_1_183' title='bbox 1729 1117 1764 1146; x_wconf 86' lang='lat' dir='ltr'><strong>et</strong></span> <span class='ocrx_word' id='word_1_184' title='bbox 1777 1114 1973 1146; x_wconf 79' lang='lat' dir='ltr'><strong>intendimus</strong></span> <span class='ocrx_word' id='word_1_185' title='bbox 1991 1127 2015 1148; x_wconf 73' lang='lat' dir='ltr'><strong>u</strong></span> 
     </span>
     <span class='ocr_line' id='line_1_17' title="bbox 305 1163 1972 1207; baseline 0 -11"><span class='ocrx_word' id='word_1_186' title='bbox 305 1166 459 1207; x_wconf 87' lang='lat' dir='ltr'><strong>prosequi</strong></span> <span class='ocrx_word' id='word_1_187' title='bbox 476 1168 633 1206; x_wconf 88' lang='lat' dir='ltr'><strong>quantum</strong></span> <span class='ocrx_word' id='word_1_188' title='bbox 650 1175 722 1196; x_wconf 91' lang='lat' dir='ltr'><strong>cum</strong></span> <span class='ocrx_word' id='word_1_189' title='bbox 739 1165 812 1196; x_wconf 92' lang='lat' dir='ltr'><strong>Deo</strong></span> <span class='ocrx_word' id='word_1_190' title='bbox 829 1165 1007 1207; x_wconf 88' lang='lat' dir='ltr'><strong>poterimus</strong></span> <span class='ocrx_word' id='word_1_191' title='bbox 1025 1166 1177 1206; x_wconf 81' lang='lat' dir='ltr'><strong>gratiose,</strong></span> <span class='ocrx_word' id='word_1_192' title='bbox 1194 1165 1398 1196; x_wconf 83' lang='lat' dir='ltr'><strong>nobilitatem</strong></span> <span class='ocrx_word' id='word_1_193' title='bbox 1414 1163 1545 1207; x_wconf 76' lang='lat' dir='ltr'><strong>[tuam]c</strong></span> <span class='ocrx_word' id='word_1_194' title='bbox 1561 1164 1711 1196; x_wconf 82' lang='lat' dir='ltr'><strong>duximus</strong></span> <span class='ocrx_word' id='word_1_195' title='bbox 1726 1164 1972 1205; x_wconf 83' lang='lat' dir='ltr'><strong>exhortandam,</strong></span> 
     </span>
     <span class='ocr_line' id='line_1_18' title="bbox 305 1215 1973 1259; baseline -0.001 -11"><span class='ocrx_word' id='word_1_196' title='bbox 305 1222 342 1248; x_wconf 86' lang='lat' dir='ltr'><strong>ut</strong></span> <span class='ocrx_word' id='word_1_197' title='bbox 372 1217 405 1247; x_wconf 91' lang='lat' dir='ltr'><strong>in</strong></span> <span class='ocrx_word' id='word_1_198' title='bbox 434 1217 586 1247; x_wconf 86' lang='lat' dir='ltr'><strong>scrutinio</strong></span> <span class='ocrx_word' id='word_1_199' title='bbox 615 1219 704 1248; x_wconf 88' lang='lat' dir='ltr'><strong>recte</strong></span> <span class='ocrx_word' id='word_1_200' title='bbox 734 1216 1003 1259; x_wconf 77' lang='lat' dir='ltr'><strong>considerationis</strong></span> <span class='ocrx_word' id='word_1_201' title='bbox 1027 1215 1181 1256; x_wconf 87' lang='lat' dir='ltr'><strong>adducto,</strong></span> <span class='ocrx_word' id='word_1_202' title='bbox 1205 1219 1376 1258; x_wconf 89' lang='lat' dir='ltr'><strong>quantum,</strong></span> <span class='ocrx_word' id='word_1_203' title='bbox 1405 1217 1431 1247; x_wconf 93' lang='lat' dir='ltr'><strong>si</strong></span> <span class='ocrx_word' id='word_1_204' title='bbox 1455 1215 1543 1258; x_wconf 86' lang='lat' dir='ltr'><strong>quod</strong></span> <span class='ocrx_word' id='word_1_205' title='bbox 1565 1215 1650 1248; x_wconf 84' lang='lat' dir='ltr'><strong>absit</strong></span> <span class='ocrx_word' id='word_1_206' title='bbox 1671 1215 1803 1247; x_wconf 82' lang='lat' dir='ltr'><strong>Matheo</strong></span> <span class='ocrx_word' id='word_1_207' title='bbox 1826 1215 1973 1258; x_wconf 86' lang='lat' dir='ltr'><strong>predicto</strong></span> 
     </span>
     <span class='ocr_line' id='line_1_19' title="bbox 305 1267 1973 1310; baseline 0 -11"><span class='ocrx_word' id='word_1_208' title='bbox 305 1278 476 1309; x_wconf 86' lang='lat' dir='ltr'><strong>annueres,</strong></span> <span class='ocrx_word' id='word_1_209' title='bbox 499 1267 639 1299; x_wconf 86' lang='lat' dir='ltr'><strong>divinam</strong></span> <span class='ocrx_word' id='word_1_210' title='bbox 664 1267 847 1299; x_wconf 87' lang='lat' dir='ltr'><strong>offenderes</strong></span> <span class='ocrx_word' id='word_1_211' title='bbox 870 1269 1086 1307; x_wconf 90' lang='lat' dir='ltr'><strong>maiestatem,</strong></span> <span class='ocrx_word' id='word_1_212' title='bbox 1111 1270 1267 1310; x_wconf 90' lang='lat' dir='ltr'><strong>quantum</strong></span> <span class='ocrx_word' id='word_1_213' title='bbox 1290 1278 1346 1299; x_wconf 89' lang='lat' dir='ltr'><strong>cor</strong></span> <span class='ocrx_word' id='word_1_214' title='bbox 1367 1269 1511 1298; x_wconf 87' lang='lat' dir='ltr'><strong>nostrum</strong></span> <span class='ocrx_word' id='word_1_215' title='bbox 1527 1267 1669 1309; x_wconf 85' lang='lat' dir='ltr'><strong>graviter</strong></span> <span class='ocrx_word' id='word_1_216' title='bbox 1691 1267 1852 1299; x_wconf 84' lang='lat' dir='ltr'><strong>sauciares</strong></span> <span class='ocrx_word' id='word_1_217' title='bbox 1871 1278 1973 1310; x_wconf 89' lang='lat' dir='ltr'><strong>quan—</strong></span> 
     </span>
     <span class='ocr_line' id='line_1_20' title="bbox 306 1319 1972 1361; baseline 0.001 -11"><span class='ocrx_word' id='word_1_218' title='bbox 306 1322 439 1361; x_wconf 89' lang='lat' dir='ltr'><strong>tumque</strong></span> <span class='ocrx_word' id='word_1_219' title='bbox 463 1321 600 1351; x_wconf 88' lang='lat' dir='ltr'><strong>matrem</strong></span> <span class='ocrx_word' id='word_1_220' title='bbox 626 1323 716 1351; x_wconf 85' lang='lat' dir='ltr'><strong>tuam</strong></span> <span class='ocrx_word' id='word_1_221' title='bbox 740 1323 978 1351; x_wconf 84' lang='lat' dir='ltr'><strong>sacrosanctam</strong></span> <span class='ocrx_word' id='word_1_222' title='bbox 1001 1320 1173 1351; x_wconf 87' lang='lat' dir='ltr'><strong>ecclesiam</strong></span> <span class='ocrx_word' id='word_1_223' title='bbox 1190 1322 1302 1351; x_wconf 88' lang='lat' dir='ltr'><strong>contra</strong></span> <span class='ocrx_word' id='word_1_224' title='bbox 1326 1322 1358 1350; x_wconf 88' lang='lat' dir='ltr'><strong>te</strong></span> <span class='ocrx_word' id='word_1_225' title='bbox 1382 1319 1497 1350; x_wconf 86' lang='lat' dir='ltr'><strong>merito</strong></span> <span class='ocrx_word' id='word_1_226' title='bbox 1521 1319 1678 1359; x_wconf 86' lang='lat' dir='ltr'><strong>irritares,</strong></span> <span class='ocrx_word' id='word_1_227' title='bbox 1700 1321 1856 1351; x_wconf 84' lang='lat' dir='ltr'><strong>tractatus</strong></span> <span class='ocrx_word' id='word_1_228' title='bbox 1878 1319 1972 1351; x_wconf 88' lang='lat' dir='ltr'><strong>here-</strong></span> 
     </span>
     <span class='ocr_line' id='line_1_21' title="bbox 307 1369 2018 1413; baseline 0.001 -11"><span class='ocrx_word' id='word_1_229' title='bbox 307 1371 362 1402; x_wconf 91' lang='lat' dir='ltr'><strong>tici</strong></span> <span class='ocrx_word' id='word_1_230' title='bbox 386 1370 524 1412; x_wconf 86' lang='lat' dir='ltr'><strong>predicti</strong></span> <span class='ocrx_word' id='word_1_231' title='bbox 547 1381 713 1412; x_wconf 73' lang='lat' dir='ltr'><strong>respuens,</strong></span> <span class='ocrx_word' id='word_1_232' title='bbox 738 1381 800 1413; x_wconf 90' lang='lat' dir='ltr'><strong>que</strong></span> <span class='ocrx_word' id='word_1_233' title='bbox 819 1371 966 1412; x_wconf 79' lang='lat' dir='ltr'><strong>profecto</strong></span> <span class='ocrx_word' id='word_1_234' title='bbox 990 1381 1116 1403; x_wconf 86' lang='lat' dir='ltr'><strong>veneno</strong></span> <span class='ocrx_word' id='word_1_235' title='bbox 1139 1381 1203 1402; x_wconf 92' lang='lat' dir='ltr'><strong>non</strong></span> <span class='ocrx_word' id='word_1_236' title='bbox 1226 1373 1346 1411; x_wconf 87' lang='lat' dir='ltr'><strong>carent,</strong></span> <span class='ocrx_word' id='word_1_237' title='bbox 1369 1381 1500 1402; x_wconf 90' lang='lat' dir='ltr'><strong>manum</strong></span> <span class='ocrx_word' id='word_1_238' title='bbox 1523 1371 1632 1402; x_wconf 84' lang='lat' dir='ltr'><strong>mittas</strong></span> <span class='ocrx_word' id='word_1_239' title='bbox 1654 1369 1697 1402; x_wconf 86' lang='lat' dir='ltr'><strong>ad</strong></span> <span class='ocrx_word' id='word_1_240' title='bbox 1720 1370 1830 1411; x_wconf 81' lang='lat' dir='ltr'><strong>forcia,</strong></span> <span class='ocrx_word' id='word_1_241' title='bbox 1855 1381 1894 1402; x_wconf 89' lang='lat' dir='ltr'><strong>ea</strong></span> <span class='ocrx_word' id='word_1_242' title='bbox 1910 1380 1973 1412; x_wconf 87' lang='lat' dir='ltr'><strong>que</strong></span> <span class='ocrx_word' id='word_1_243' title='bbox 1991 1383 2018 1404; x_wconf 70' lang='lat' dir='ltr'><strong>ao</strong></span> 
     </span>
     <span class='ocr_line' id='line_1_22' title="bbox 309 1421 1972 1464; baseline 0.001 -11"><span class='ocrx_word' id='word_1_244' title='bbox 309 1423 425 1464; x_wconf 87' lang='lat' dir='ltr'><strong>cepisti</strong></span> <span class='ocrx_word' id='word_1_245' title='bbox 441 1422 650 1454; x_wconf 87' lang='lat' dir='ltr'><strong>laudabiliter</strong></span> <span class='ocrx_word' id='word_1_246' title='bbox 666 1426 699 1454; x_wconf 91' lang='lat' dir='ltr'><strong>et</strong></span> <span class='ocrx_word' id='word_1_247' title='bbox 714 1422 849 1454; x_wconf 81' lang='lat' dir='ltr'><strong>viriliter</strong></span> <span class='ocrx_word' id='word_1_248' title='bbox 864 1422 1101 1464; x_wconf 88' lang='lat' dir='ltr'><strong>prosequendo,</strong></span> <span class='ocrx_word' id='word_1_249' title='bbox 1124 1425 1162 1454; x_wconf 92' lang='lat' dir='ltr'><strong>ut</strong></span> <span class='ocrx_word' id='word_1_250' title='bbox 1176 1422 1311 1464; x_wconf 79' lang='lat' dir='ltr'><strong>proinde</strong></span> <span class='ocrx_word' id='word_1_251' title='bbox 1327 1425 1438 1464; x_wconf 89' lang='lat' dir='ltr'><strong>preter</strong></span> <span class='ocrx_word' id='word_1_252' title='bbox 1453 1425 1564 1453; x_wconf 89' lang='lat' dir='ltr'><strong>eterne</strong></span> <span class='ocrx_word' id='word_1_253' title='bbox 1579 1421 1798 1454; x_wconf 85' lang='lat' dir='ltr'><strong>retributionis</strong></span> <span class='ocrx_word' id='word_1_254' title='bbox 1813 1423 1972 1464; x_wconf 87' lang='lat' dir='ltr'><strong>premium</strong></span> 
     </span>
     <span class='ocr_line' id='line_1_23' title="bbox 306 1474 1316 1517; baseline 0 -12"><span class='ocrx_word' id='word_1_255' title='bbox 306 1477 449 1505; x_wconf 86' lang='lat' dir='ltr'><strong>nostram</strong></span> <span class='ocrx_word' id='word_1_256' title='bbox 473 1477 506 1505; x_wconf 89' lang='lat' dir='ltr'><strong>et</strong></span> <span class='ocrx_word' id='word_1_257' title='bbox 529 1475 706 1516; x_wconf 89' lang='lat' dir='ltr'><strong>apostolice</strong></span> <span class='ocrx_word' id='word_1_258' title='bbox 731 1475 817 1507; x_wconf 90' lang='lat' dir='ltr'><strong>sedis</strong></span> <span class='ocrx_word' id='word_1_259' title='bbox 840 1476 978 1517; x_wconf 85' lang='lat' dir='ltr'><strong>gratiam</strong></span> <span class='ocrx_word' id='word_1_260' title='bbox 1001 1474 1131 1506; x_wconf 89' lang='lat' dir='ltr'><strong>uberius</strong></span> <span class='ocrx_word' id='word_1_261' title='bbox 1153 1474 1316 1506; x_wconf 84' lang='lat' dir='ltr'><strong>merearis.</strong></span> 
     </span>
    </p>
   </div>
   <div class='ocr_carea' id='block_1_5' title="bbox 413 1533 1243 1576">
    <p class='ocr_par' dir='ltr' id='par_1_6' title="bbox 413 1533 1243 1576">
     <span class='ocr_line' id='line_1_24' title="bbox 413 1533 1243 1576; baseline 0 -11"><span class='ocrx_word' id='word_1_262' title='bbox 413 1533 489 1565; x_wconf 81' lang='lat' dir='ltr'><strong>Dat.</strong></span> <span class='ocrx_word' id='word_1_263' title='bbox 513 1534 711 1576; x_wconf 84' lang='lat' dir='ltr'><strong>Avin(ione),</strong></span> <span class='ocrx_word' id='word_1_264' title='bbox 735 1535 794 1566; x_wconf 91' lang='lat' dir='ltr'><strong>IX.</strong></span> <span class='ocrx_word' id='word_1_265' title='bbox 818 1535 891 1567; x_wconf 89' lang='lat' dir='ltr'><strong>Kal.</strong></span> <span class='ocrx_word' id='word_1_266' title='bbox 915 1535 1011 1575; x_wconf 90' lang='lat' dir='ltr'><strong>Iunii,</strong></span> <span class='ocrx_word' id='word_1_267' title='bbox 1034 1545 1116 1566; x_wconf 90' lang='lat' dir='ltr'><strong>anno</strong></span> <span class='ocrx_word' id='word_1_268' title='bbox 1140 1537 1243 1567; x_wconf 85' lang='lat' dir='ltr'><strong>sexto.</strong></span> 
     </span>
    </p>
   </div>
   <div class='ocr_carea' id='block_1_6' title="bbox 329 1755 2012 1850">
    <p class='ocr_par' dir='ltr' id='par_1_7' title="bbox 329 1755 2012 1850">
     <span class='ocr_line' id='line_1_25' title="bbox 329 1755 1946 1802; baseline -0.001 -8"><span class='ocrx_word' id='word_1_269' title='bbox 329 1759 404 1794; x_wconf 87' lang='lat'>658.</span> <span class='ocrx_word' id='word_1_270' title='bbox 442 1757 700 1802; x_wconf 87' lang='lat' dir='ltr'><strong>QUITATIO</strong></span> <span class='ocrx_word' id='word_1_271' title='bbox 726 1757 974 1795; x_wconf 86' lang='lat' dir='ltr'>CONRADI</span> <span class='ocrx_word' id='word_1_272' title='bbox 997 1758 1068 1794; x_wconf 80' lang='lat' dir='ltr'><strong>DE</strong></span> <span class='ocrx_word' id='word_1_273' title='bbox 1093 1757 1532 1795; x_wconf 86' lang='lat' dir='ltr'>TRUHENDINGEN</span> <span class='ocrx_word' id='word_1_274' title='bbox 1560 1756 1668 1794; x_wconf 85' lang='lat' dir='ltr'><strong>PRO</strong></span> <span class='ocrx_word' id='word_1_275' title='bbox 1693 1755 1946 1794; x_wconf 72' lang='lat' dir='ltr'><strong>CIVITATE</strong></span> 
     </span>
     <span class='ocr_line' id='line_1_26' title="bbox 868 1811 2012 1850; baseline -0.008 -1"><span class='ocrx_word' id='word_1_276' title='bbox 868 1811 1158 1850; x_wconf 86' lang='lat' dir='ltr'>LUBICENSI</span> <span class='ocrx_word' id='word_1_277' title='bbox 1181 1811 1412 1848; x_wconf 85' lang='lat' dir='ltr'><strong>ALTERA.</strong></span> <span class='ocrx_word' id='word_1_278' title='bbox 1986 1820 2012 1840; x_wconf 66' lang='grc' dir='ltr'><strong>π</strong></span> 
     </span>
    </p>
   </div>
   <div class='ocr_carea' id='block_1_7' title="bbox 989 1881 1303 1917">
    <p class='ocr_par' dir='ltr' id='par_1_8' title="bbox 989 1881 1303 1917">
     <span class='ocr_line' id='line_1_27' title="bbox 989 1881 1303 1917; baseline -0.003 0"><span class='ocrx_word' id='word_1_279' title='bbox 989 1881 1098 1917; x_wconf 67' lang='lat'><strong>1322.</strong></span> <span class='ocrx_word' id='word_1_280' title='bbox 1135 1881 1221 1917; x_wconf 86' lang='lat' dir='ltr'><strong>Mai.</strong></span> <span class='ocrx_word' id='word_1_281' title='bbox 1246 1881 1303 1916; x_wconf 91' lang='lat'><strong>19.</strong></span> 
     </span>
    </p>
   </div>
   <div class='ocr_carea' id='block_1_8' title="bbox 422 1950 895 1989">
    <p class='ocr_par' dir='ltr' id='par_1_9' title="bbox 422 1950 895 1989">
     <span class='ocr_line' id='line_1_28' title="bbox 422 1950 895 1989; baseline 0 -8"><span class='ocrx_word' id='word_1_282' title='bbox 422 1950 472 1988; x_wconf 81' lang='lat' dir='ltr'><strong>Cf.</strong></span> <span class='ocrx_word' id='word_1_283' title='bbox 494 1959 595 1989; x_wconf 79' lang='lat' dir='ltr'><strong>supra</strong></span> <span class='ocrx_word' id='word_1_284' title='bbox 617 1960 667 1981; x_wconf 76' lang='lat' dir='ltr'><strong>nr.</strong></span> <span class='ocrx_word' id='word_1_285' title='bbox 685 1950 747 1980; x_wconf 89' lang='lat'><strong>611</strong></span> <span class='ocrx_word' id='word_1_286' title='bbox 771 1953 800 1981; x_wconf 78' lang='lat' dir='ltr'><strong>et</strong></span> <span class='ocrx_word' id='word_1_287' title='bbox 824 1951 895 1982; x_wconf 84' lang='lat'><strong>627.</strong></span> 
     </span>
    </p>
   </div>
   <div class='ocr_carea' id='block_1_9' title="bbox 311 2008 2070 2151">
    <p class='ocr_par' dir='ltr' id='par_1_10' title="bbox 311 2008 2070 2151">
     <span class='ocr_line' id='line_1_29' title="bbox 422 2008 1969 2051; baseline 0.001 -11"><span class='ocrx_word' id='word_1_288' title='bbox 422 2009 583 2049; x_wconf 78' lang='lat' dir='ltr'><strong>Oriyinale</strong></span> <span class='ocrx_word' id='word_1_289' title='bbox 606 2008 681 2051; x_wconf 89' lang='lat' dir='ltr'><strong>(or.)</strong></span> <span class='ocrx_word' id='word_1_290' title='bbox 704 2010 739 2040; x_wconf 80' lang='lat' dir='ltr'><strong>in</strong></span> <span class='ocrx_word' id='word_1_291' title='bbox 762 2009 921 2042; x_wconf 74' lang='lat' dir='ltr'><strong>tabulario</strong></span> <span class='ocrx_word' id='word_1_292' title='bbox 944 2010 1123 2043; x_wconf 73' lang='lat' dir='ltr'><strong>Imbicensi.</strong></span> <span class='ocrx_word' id='word_1_293' title='bbox 1168 2010 1403 2050; x_wconf 77' lang='lat' dir='ltr'><strong>Descripsimus</strong></span> <span class='ocrx_word' id='word_1_294' title='bbox 1429 2021 1496 2043; x_wconf 79' lang='lat' dir='ltr'><strong>nos.</strong></span> <span class='ocrx_word' id='word_1_295' title='bbox 1542 2010 1663 2042; x_wconf 79' lang='lat' dir='ltr'><strong>Pendet</strong></span> <span class='ocrx_word' id='word_1_296' title='bbox 1684 2009 1823 2050; x_wconf 76' lang='lat' dir='ltr'><strong>siyillum</strong></span> <span class='ocrx_word' id='word_1_297' title='bbox 1851 2009 1969 2042; x_wconf 67' lang='lat' dir='ltr'><strong>hesum</strong></span> 
     </span>
     <span class='ocr_line' id='line_1_30' title="bbox 311 2059 2070 2102; baseline 0.002 -11"><span class='ocrx_word' id='word_1_298' title='bbox 311 2060 376 2092; x_wconf 88' lang='lat' dir='ltr'><strong>loro</strong></span> <span class='ocrx_word' id='word_1_299' title='bbox 399 2060 643 2092; x_wconf 80' lang='lat' dir='ltr'><strong>membranaceo.</strong></span> <span class='ocrx_word' id='word_1_300' title='bbox 681 2059 803 2091; x_wconf 81' lang='lat' dir='ltr'><strong>Eadem</strong></span> <span class='ocrx_word' id='word_1_301' title='bbox 819 2071 918 2092; x_wconf 78' lang='lat' dir='ltr'><strong>manu</strong></span> <span class='ocrx_word' id='word_1_302' title='bbox 934 2062 1086 2101; x_wconf 73' lang='lat' dir='ltr'><strong>scriptum</strong></span> <span class='ocrx_word' id='word_1_303' title='bbox 1108 2065 1154 2094; x_wconf 80' lang='lat' dir='ltr'><strong>est</strong></span> <span class='ocrx_word' id='word_1_304' title='bbox 1167 2072 1206 2093; x_wconf 86' lang='lat' dir='ltr'><strong>ac</strong></span> <span class='ocrx_word' id='word_1_305' title='bbox 1227 2072 1327 2101; x_wconf 79' lang='lat' dir='ltr'><strong>supra</strong></span> <span class='ocrx_word' id='word_1_306' title='bbox 1342 2072 1391 2093; x_wconf 78' lang='lat' dir='ltr'><strong>nr.</strong></span> <span class='ocrx_word' id='word_1_307' title='bbox 1409 2063 1480 2093; x_wconf 83' lang='lat'><strong>627.</strong></span> <span class='ocrx_word' id='word_1_308' title='bbox 1506 2080 1546 2085; x_wconf 96' lang='lat'>—</span> <span class='ocrx_word' id='word_1_309' title='bbox 1570 2061 1741 2093; x_wconf 75' lang='lat' dir='ltr'><strong>Ineditum.</strong></span> <span class='ocrx_word' id='word_1_310' title='bbox 1779 2061 1969 2094; x_wconf 74' lang='lat' dir='ltr'><strong>Adhibitum</strong></span> <span class='ocrx_word' id='word_1_311' title='bbox 2064 2098 2070 2102; x_wconf 11' lang='lat' dir='ltr'><strong>p</strong></span> 
     </span>
     <span class='ocr_line' id='line_1_31' title="bbox 311 2110 2013 2151; baseline 0.004 -9"><span class='ocrx_word' id='word_1_312' title='bbox 311 2114 356 2142; x_wconf 78' lang='lat' dir='ltr'><strong>est</strong></span> <span class='ocrx_word' id='word_1_313' title='bbox 379 2110 494 2143; x_wconf 58' lang='lat' dir='ltr'><strong>‘Codes</strong></span> <span class='ocrx_word' id='word_1_314' title='bbox 518 2110 643 2150; x_wconf 78' lang='lat' dir='ltr'><strong>diplom.</strong></span> <span class='ocrx_word' id='word_1_315' title='bbox 667 2110 865 2143; x_wconf 81' lang='lat' dir='ltr'><strong>Lubecensis&#39;</strong></span> <span class='ocrx_word' id='word_1_316' title='bbox 888 2112 936 2151; x_wconf 80' lang='grc' dir='ltr'><strong>ΙΙ,</strong></span> <span class='ocrx_word' id='word_1_317' title='bbox 958 2114 1023 2144; x_wconf 85' lang='grc'><strong>367</strong></span> <span class='ocrx_word' id='word_1_318' title='bbox 1044 2123 1094 2146; x_wconf 82' lang='lat' dir='ltr'><strong>nr.</strong></span> <span class='ocrx_word' id='word_1_319' title='bbox 1117 2113 1182 2144; x_wconf 80' lang='lat'><strong>416</strong></span> <span class='ocrx_word' id='word_1_320' title='bbox 1204 2113 1240 2144; x_wconf 80' lang='lat' dir='ltr'><strong>in</strong></span> <span class='ocrx_word' id='word_1_321' title='bbox 1261 2113 1354 2145; x_wconf 74' lang='lat' dir='ltr'><strong>notis.</strong></span> <span class='ocrx_word' id='word_1_322' title='bbox 1986 2127 2013 2148; x_wconf 71' lang='grc' dir='ltr'><strong>ιο</strong></span> 
     </span>
    </p>
   </div>
   <div class='ocr_carea' id='block_1_10' title="bbox 310 2191 2010 2648">
    <p class='ocr_par' dir='ltr' id='par_1_11' title="bbox 311 2191 1968 2284">
     <span class='ocr_line' id='line_1_32' title="bbox 420 2191 1968 2237; baseline 0.003 -15"><span class='ocrx_word' id='word_1_323' title='bbox 420 2191 577 2223; x_wconf 90' lang='lat' dir='ltr'><strong>Omnibus</strong></span> <span class='ocrx_word' id='word_1_324' title='bbox 588 2202 720 2234; x_wconf 88' lang='lat' dir='ltr'><strong>presens</strong></span> <span class='ocrx_word' id='word_1_325' title='bbox 732 2193 885 2234; x_wconf 87' lang='lat' dir='ltr'><strong>scriptum</strong></span> <span class='ocrx_word' id='word_1_326' title='bbox 895 2195 1099 2227; x_wconf 89' lang='lat' dir='ltr'><strong>cernentibus</strong></span> <span class='ocrx_word' id='word_1_327' title='bbox 1149 2195 1317 2227; x_wconf 83' lang='lat' dir='ltr'><strong>Oonradus</strong></span> <span class='ocrx_word' id='word_1_328' title='bbox 1329 2205 1437 2227; x_wconf 88' lang='lat' dir='ltr'><strong>comes</strong></span> <span class='ocrx_word' id='word_1_329' title='bbox 1451 2195 1491 2227; x_wconf 90' lang='lat' dir='ltr'><strong>de</strong></span> <span class='ocrx_word' id='word_1_330' title='bbox 1499 2195 1774 2237; x_wconf 82' lang='lat' dir='ltr'><strong>Tmhendinghen</strong></span> <span class='ocrx_word' id='word_1_331' title='bbox 1829 2195 1968 2227; x_wconf 84' lang='lat' dir='ltr'><strong>salutem</strong></span> 
     </span>
     <span class='ocr_line' id='line_1_33' title="bbox 311 2244 768 2284; baseline 0.002 -9"><span class='ocrx_word' id='word_1_332' title='bbox 311 2244 343 2275; x_wconf 89' lang='lat' dir='ltr'><strong>in</strong></span> <span class='ocrx_word' id='word_1_333' title='bbox 365 2244 505 2275; x_wconf 91' lang='lat' dir='ltr'><strong>Domino</strong></span> <span class='ocrx_word' id='word_1_334' title='bbox 529 2244 768 2284; x_wconf 88' lang='lat' dir='ltr'><strong>sempiternam.</strong></span> 
     </span>
    </p>

    <p class='ocr_par' dir='ltr' id='par_1_12' title="bbox 310 2294 2010 2648">
     <span class='ocr_line' id='line_1_34' title="bbox 418 2294 1967 2340; baseline 0.003 -15"><span class='ocrx_word' id='word_1_335' title='bbox 418 2294 690 2336; x_wconf 84' lang='lat' dir='ltr'><strong>Recognoscimus</strong></span> <span class='ocrx_word' id='word_1_336' title='bbox 714 2299 746 2327; x_wconf 87' lang='lat' dir='ltr'><strong>et</strong></span> <span class='ocrx_word' id='word_1_337' title='bbox 773 2297 902 2338; x_wconf 88' lang='lat' dir='ltr'><strong>puplice</strong></span> <span class='ocrx_word' id='word_1_338' title='bbox 926 2300 1157 2339; x_wconf 86' lang='lat' dir='ltr'><strong>protestamur,</strong></span> <span class='ocrx_word' id='word_1_339' title='bbox 1190 2298 1276 2340; x_wconf 89' lang='lat' dir='ltr'><strong>quod</strong></span> <span class='ocrx_word' id='word_1_340' title='bbox 1307 2298 1347 2330; x_wconf 89' lang='lat' dir='ltr'><strong>de</strong></span> <span class='ocrx_word' id='word_1_341' title='bbox 1375 2299 1462 2329; x_wconf 89' lang='lat' dir='ltr'><strong>iussu</strong></span> <span class='ocrx_word' id='word_1_342' title='bbox 1486 2301 1519 2329; x_wconf 89' lang='lat' dir='ltr'><strong>et</strong></span> <span class='ocrx_word' id='word_1_343' title='bbox 1546 2298 1699 2330; x_wconf 88' lang='lat' dir='ltr'><strong>mandato</strong></span> <span class='ocrx_word' id='word_1_344' title='bbox 1723 2297 1847 2329; x_wconf 88' lang='lat' dir='ltr'><strong>domini</strong></span> <span class='ocrx_word' id='word_1_345' title='bbox 1868 2298 1967 2329; x_wconf 86' lang='lat' dir='ltr'><strong>nostri</strong></span> 
     </span>
     <span class='ocr_line' id='line_1_35' title="bbox 310 2339 1967 2391; baseline 0.004 -16"><span class='ocrx_word' id='word_1_346' title='bbox 310 2345 472 2376; x_wconf 85' lang='lat' dir='ltr'><strong>karissimi</strong></span> <span class='ocrx_word' id='word_1_347' title='bbox 496 2345 616 2377; x_wconf 92' lang='lat' dir='ltr'><strong>domini</strong></span> <span class='ocrx_word' id='word_1_348' title='bbox 638 2346 803 2378; x_wconf 85' lang='lat' dir='ltr'><strong>Ludowici</strong></span> <span class='ocrx_word' id='word_1_349' title='bbox 819 2347 1039 2380; x_wconf 89' lang='lat' dir='ltr'><strong>Romanorum</strong></span> <span class='ocrx_word' id='word_1_350' title='bbox 1062 2349 1283 2390; x_wconf 87' lang='lat' dir='ltr'><strong>gloriosissimi</strong></span> <span class='ocrx_word' id='word_1_351' title='bbox 1306 2350 1390 2391; x_wconf 86' lang='lat' dir='ltr'><strong>regis</strong></span> <span class='ocrx_word' id='word_1_352' title='bbox 1412 2339 1616 2381; x_wconf 76' lang='lat' dir='ltr'><strong>honorabiles</strong></span> <span class='ocrx_word' id='word_1_353' title='bbox 1638 2349 1699 2380; x_wconf 87' lang='lat' dir='ltr'><strong>viri</strong></span> <span class='ocrx_word' id='word_1_354' title='bbox 1721 2349 1868 2382; x_wconf 86' lang='lat' dir='ltr'><strong>consules</strong></span> <span class='ocrx_word' id='word_1_355' title='bbox 1889 2350 1967 2382; x_wconf 88' lang='lat' dir='ltr'><strong>civi-</strong></span> 
     </span>
     <span class='ocr_line' id='line_1_36' title="bbox 310 2397 2010 2442; baseline 0.002 -15"><span class='ocrx_word' id='word_1_356' title='bbox 310 2397 386 2428; x_wconf 86' lang='lat' dir='ltr'><strong>tatis</strong></span> <span class='ocrx_word' id='word_1_357' title='bbox 402 2397 600 2428; x_wconf 87' lang='lat' dir='ltr'><strong>Lubecensis</strong></span> <span class='ocrx_word' id='word_1_358' title='bbox 623 2398 655 2428; x_wconf 91' lang='lat' dir='ltr'><strong>in</strong></span> <span class='ocrx_word' id='word_1_359' title='bbox 678 2398 873 2430; x_wconf 88' lang='lat' dir='ltr'><strong>solucionem</strong></span> <span class='ocrx_word' id='word_1_360' title='bbox 890 2400 1063 2442; x_wconf 83' lang='lat' dir='ltr'><strong>aliqualem</strong></span> <span class='ocrx_word' id='word_1_361' title='bbox 1080 2400 1262 2432; x_wconf 80' lang='lat' dir='ltr'><strong>debitorum</strong></span> <span class='ocrx_word' id='word_1_362' title='bbox 1278 2404 1459 2432; x_wconf 86' lang='lat' dir='ltr'><strong>nostrorum</strong></span> <span class='ocrx_word' id='word_1_363' title='bbox 1483 2404 1516 2432; x_wconf 87' lang='lat' dir='ltr'><strong>et</strong></span> <span class='ocrx_word' id='word_1_364' title='bbox 1532 2401 1630 2432; x_wconf 88' lang='lat' dir='ltr'><strong>etiam</strong></span> <span class='ocrx_word' id='word_1_365' title='bbox 1646 2400 1688 2432; x_wconf 89' lang='lat' dir='ltr'><strong>ad</strong></span> <span class='ocrx_word' id='word_1_366' title='bbox 1703 2400 1967 2442; x_wconf 86' lang='lat' dir='ltr'><strong>redempcionem</strong></span> <span class='ocrx_word' id='word_1_367' title='bbox 1986 2410 2010 2431; x_wconf 71' lang='lat'><strong>³5</strong></span> 
     </span>
     <span class='ocr_line' id='line_1_37' title="bbox 311 2448 1966 2489; baseline 0.004 -11"><span class='ocrx_word' id='word_1_368' title='bbox 311 2448 511 2489; x_wconf 87' lang='lat' dir='ltr'><strong>captivorum</strong></span> <span class='ocrx_word' id='word_1_369' title='bbox 545 2449 732 2480; x_wconf 84' lang='lat' dir='ltr'><strong>nunciorum</strong></span> <span class='ocrx_word' id='word_1_370' title='bbox 767 2450 926 2483; x_wconf 88' lang='lat' dir='ltr'><strong>dictorum</strong></span> <span class='ocrx_word' id='word_1_371' title='bbox 960 2452 1125 2483; x_wconf 88' lang='lat' dir='ltr'><strong>consulum</strong></span> <span class='ocrx_word' id='word_1_372' title='bbox 1160 2452 1282 2483; x_wconf 89' lang='lat' dir='ltr'><strong>dudum</strong></span> <span class='ocrx_word' id='word_1_373' title='bbox 1313 2453 1345 2483; x_wconf 94' lang='lat' dir='ltr'><strong>in</strong></span> <span class='ocrx_word' id='word_1_374' title='bbox 1375 2453 1492 2484; x_wconf 81' lang='lat' dir='ltr'><strong>nostris</strong></span> <span class='ocrx_word' id='word_1_375' title='bbox 1524 2452 1658 2483; x_wconf 88' lang='lat' dir='ltr'><strong>vinculis</strong></span> <span class='ocrx_word' id='word_1_376' title='bbox 1687 2452 1891 2484; x_wconf 84' lang='lat' dir='ltr'><strong>detentorum</strong></span> <span class='ocrx_word' id='word_1_377' title='bbox 1925 2451 1966 2484; x_wconf 83' lang='lat' dir='ltr'><strong>de</strong></span> 
     </span>
     <span class='ocr_line' id='line_1_38' title="bbox 311 2499 1968 2545; baseline 0.004 -16"><span class='ocrx_word' id='word_1_378' title='bbox 311 2499 519 2540; x_wconf 86' lang='lat' dir='ltr'><strong>pensionibus</strong></span> <span class='ocrx_word' id='word_1_379' title='bbox 541 2500 708 2531; x_wconf 88' lang='lat' dir='ltr'><strong>annalibus</strong></span> <span class='ocrx_word' id='word_1_380' title='bbox 731 2502 866 2543; x_wconf 86' lang='lat' dir='ltr'><strong>imperio</strong></span> <span class='ocrx_word' id='word_1_381' title='bbox 891 2502 1009 2534; x_wconf 89' lang='lat' dir='ltr'><strong>debitis</strong></span> <span class='ocrx_word' id='word_1_382' title='bbox 1035 2502 1128 2534; x_wconf 89' lang='lat' dir='ltr'><strong>nobis</strong></span> <span class='ocrx_word' id='word_1_383' title='bbox 1157 2503 1311 2535; x_wconf 85' lang='lat' dir='ltr'><strong>ducentas</strong></span> <span class='ocrx_word' id='word_1_384' title='bbox 1341 2514 1466 2535; x_wconf 87' lang='lat' dir='ltr'><strong>marcas</strong></span> <span class='ocrx_word' id='word_1_385' title='bbox 1494 2504 1564 2545; x_wconf 92' lang='lat' dir='ltr'><strong>puri</strong></span> <span class='ocrx_word' id='word_1_386' title='bbox 1594 2504 1721 2545; x_wconf 85' lang='lat' dir='ltr'><strong>argenti</strong></span> <span class='ocrx_word' id='word_1_387' title='bbox 1747 2503 1907 2535; x_wconf 85' lang='lat' dir='ltr'><strong>dederunt</strong></span> <span class='ocrx_word' id='word_1_388' title='bbox 1933 2505 1968 2535; x_wconf 84' lang='lat' dir='ltr'><strong>et</strong></span> 
     </span>
     <span class='ocr_line' id='line_1_39' title="bbox 311 2550 1967 2596; baseline 0.004 -16"><span class='ocrx_word' id='word_1_389' title='bbox 311 2550 475 2581; x_wconf 86' lang='lat' dir='ltr'><strong>solverunt</strong></span> <span class='ocrx_word' id='word_1_390' title='bbox 496 2551 528 2581; x_wconf 91' lang='lat' dir='ltr'><strong>in</strong></span> <span class='ocrx_word' id='word_1_391' title='bbox 551 2553 687 2592; x_wconf 81' lang='lat' dir='ltr'><strong>pecunia</strong></span> <span class='ocrx_word' id='word_1_392' title='bbox 710 2556 887 2594; x_wconf 86' lang='lat' dir='ltr'><strong>numerata,</strong></span> <span class='ocrx_word' id='word_1_393' title='bbox 911 2554 1026 2595; x_wconf 90' lang='lat' dir='ltr'><strong>quibus</strong></span> <span class='ocrx_word' id='word_1_394' title='bbox 1048 2553 1140 2585; x_wconf 90' lang='lat' dir='ltr'><strong>nobis</strong></span> <span class='ocrx_word' id='word_1_395' title='bbox 1156 2554 1259 2586; x_wconf 89' lang='lat' dir='ltr'><strong>dictus</strong></span> <span class='ocrx_word' id='word_1_396' title='bbox 1275 2555 1421 2586; x_wconf 90' lang='lat' dir='ltr'><strong>dominus</strong></span> <span class='ocrx_word' id='word_1_397' title='bbox 1436 2559 1545 2586; x_wconf 88' lang='lat' dir='ltr'><strong>noster</strong></span> <span class='ocrx_word' id='word_1_398' title='bbox 1561 2555 1669 2586; x_wconf 86' lang='lat' dir='ltr'><strong>extitit</strong></span> <span class='ocrx_word' id='word_1_399' title='bbox 1684 2554 1854 2596; x_wconf 85' lang='lat' dir='ltr'><strong>obligatus.</strong></span> <span class='ocrx_word' id='word_1_400' title='bbox 1898 2553 1967 2586; x_wconf 79' lang='lat' dir='ltr'><strong>Nos</strong></span> 
     </span>
     <span class='ocr_line' id='line_1_40' title="bbox 310 2601 1967 2648; baseline 0.004 -17"><span class='ocrx_word' id='word_1_401' title='bbox 310 2601 408 2643; x_wconf 89' lang='lat' dir='ltr'><strong>igitur</strong></span> <span class='ocrx_word' id='word_1_402' title='bbox 431 2601 533 2633; x_wconf 83' lang='lat' dir='ltr'><strong>dictos</strong></span> <span class='ocrx_word' id='word_1_403' title='bbox 556 2603 721 2634; x_wconf 73' lang='lat' dir='ltr'><strong>consules=</strong></span> <span class='ocrx_word' id='word_1_404' title='bbox 737 2607 948 2636; x_wconf 88' lang='lat' dir='ltr'><strong>memoratam</strong></span> <span class='ocrx_word' id='word_1_405' title='bbox 972 2606 1111 2637; x_wconf 85' lang='lat' dir='ltr'><strong>solutam</strong></span> <span class='ocrx_word' id='word_1_406' title='bbox 1134 2607 1305 2646; x_wconf 91' lang='lat' dir='ltr'><strong>pecuniam</strong></span> <span class='ocrx_word' id='word_1_407' title='bbox 1328 2606 1532 2648; x_wconf 89' lang='lat' dir='ltr'><strong>presentibus</strong></span> <span class='ocrx_word' id='word_1_408' title='bbox 1556 2607 1671 2638; x_wconf 87' lang='lat' dir='ltr'><strong>nostris</strong></span> <span class='ocrx_word' id='word_1_409' title='bbox 1693 2606 1808 2638; x_wconf 83' lang='lat' dir='ltr'><strong>litteris</strong></span> <span class='ocrx_word' id='word_1_410' title='bbox 1831 2605 1967 2638; x_wconf 83' lang='lat' dir='ltr'><strong>dicimus</strong></span> 
     </span>
    </p>
   </div>
   <div class='ocr_carea' id='block_1_11' title="bbox 415 2703 2010 2742">
    <p class='ocr_par' dir='ltr' id='par_1_13' title="bbox 415 2703 2010 2742">
     <span class='ocr_line' id='line_1_41' title="bbox 415 2703 2010 2742; baseline 0.006 -12"><span class='ocrx_word' id='word_1_411' title='bbox 415 2703 480 2731; x_wconf 77' lang='lat'><strong>657.</strong></span> <span class='ocrx_word' id='word_1_412' title='bbox 508 2705 532 2736; x_wconf 62' lang='grc' dir='ltr'><strong>Β)</strong></span> <span class='ocrx_word' id='word_1_413' title='bbox 550 2706 674 2731; x_wconf 81' lang='lat' dir='ltr'><strong>malitiam</strong></span> <span class='ocrx_word' id='word_1_414' title='bbox 693 2715 714 2732; x_wconf 89' lang='lat' dir='ltr'><strong>c.</strong></span> <span class='ocrx_word' id='word_1_415' title='bbox 801 2706 826 2739; x_wconf 83' lang='lat' dir='ltr'><strong>b)</strong></span> <span class='ocrx_word' id='word_1_416' title='bbox 845 2716 891 2733; x_wconf 91' lang='lat' dir='ltr'><strong>suo</strong></span> <span class='ocrx_word' id='word_1_417' title='bbox 910 2717 931 2733; x_wconf 82' lang='lat' dir='ltr'><strong>c.</strong></span> <span class='ocrx_word' id='word_1_418' title='bbox 1019 2708 1042 2740; x_wconf 65' lang='grc' dir='ltr'><strong>ὓ)</strong></span> <span class='ocrx_word' id='word_1_419' title='bbox 1061 2709 1128 2734; x_wconf 72' lang='lat' dir='ltr'><strong>deest</strong></span> <span class='ocrx_word' id='word_1_420' title='bbox 1147 2717 1167 2734; x_wconf 83' lang='lat' dir='ltr'><strong>c.</strong></span> <span class='ocrx_word' id='word_1_421' title='bbox 1983 2723 2010 2742; x_wconf 77' lang='grc' dir='ltr'><strong><em>ω</em></strong></span> 
     </span>
    </p>
   </div>
   <div class='ocr_carea' id='block_1_12' title="bbox 413 2767 887 2802">
    <p class='ocr_par' dir='ltr' id='par_1_14' title="bbox 413 2767 887 2802">
     <span class='ocr_line' id='line_1_42' title="bbox 413 2767 887 2802; baseline 0.006 -8"><span class='ocrx_word' id='word_1_422' title='bbox 413 2767 479 2795; x_wconf 80' lang='grc'><strong>658.</strong></span> <span class='ocrx_word' id='word_1_423' title='bbox 507 2768 530 2802; x_wconf 74' lang='lat'><strong>¹)</strong></span> <span class='ocrx_word' id='word_1_424' title='bbox 549 2771 662 2802; x_wconf 72' lang='lat' dir='ltr'><strong>sequitur</strong></span> <span class='ocrx_word' id='word_1_425' title='bbox 680 2771 711 2796; x_wconf 84' lang='lat' dir='ltr'><strong>ds</strong></span> <span class='ocrx_word' id='word_1_426' title='bbox 730 2779 830 2796; x_wconf 71' lang='lat' dir='ltr'><strong>erasum</strong></span> <span class='ocrx_word' id='word_1_427' title='bbox 850 2781 887 2798; x_wconf 81' lang='lat' dir='ltr'><strong>or.</strong></span> 
     </span>
    </p>
   </div>
  </div>
 </body>
</html>
