2184 3126
367 207 429 237 708
570 202 665 229 ACTA
684 201 797 228 REGNI
817 198 999 227 LUDEWICI
1019 198 1066 224 IV.
1085 197 1131 224 ΕΤ
1149 196 1335 224 FRIDERICI
1354 197 1403 224 111.
1440 196 1515 224 1324.
1551 196 1600 224 Nr.
1613 195 1673 224 893.
1691 195 1751 223 894.
1769 196 1828 223 895.

367 290 472 332 gentis
510 289 691 321 executoris
728 286 918 328 impendens
955 294 1052 326 super
1094 283 1187 315 dictis
1229 282 1432 325 processibus
1473 282 1561 314 tamb
1599 282 1719 324 primas
1760 282 1886 315 litteras
1923 293 2020 326 quam

365 340 536 381 secundas,
561 350 632 371 cum
656 339 727 370 illas
749 337 792 369 ad
815 340 847 368 te
871 336 1039 378 pervenire
1062 335 1244 376 contigerit,
1268 345 1326 376 pro
1350 336 1458 366 nostra
1481 336 1515 366 et
1537 333 1713 375 apostolice
1730 333 1816 365 sedis
1838 335 2020 366 reverentia

366 393 411 424 sic
435 392 559 423 solicite
583 401 619 422 ac
636 389 856 421 favorabiliter
873 387 1054 429 exequaris,
1078 386 1165 428 quod
1180 388 1354 427 propterea
1370 388 1516 417 eternum
1532 385 1656 416 habeas
1671 395 1691 416 a
1706 384 1847 434 Domino
1862 386 2022 427 premium

365 447 398 475 et
422 442 507 485 apud
531 453 588 473 nos
612 445 644 472 et
666 441 768 482 ipsam
792 439 903 471 sedem
928 448 1024 480 super
1046 437 1107 469 hoc
1131 437 1188 468 tibi
1211 436 1341 468 laudem
1364 435 1517 468 vendices
1540 439 1573 468 et
1595 436 1733 478 gratiam
1756 435 1944 478 pleniorem.

471 494 545 525 Dat.
569 491 766 534 Avin(ione),
790 490 882 522 VIII.
906 490 955 521 Id.
980 488 1112 530 Aprilis,
1136 499 1219 520 anno
1244 491 1368 520 octavo.
2051 499 2064 519 5

705 621 792 657 894.
834 621 987 656 Litterae
1014 605 1061 655 ad
1087 620 1258 655 civitatem
1280 620 1431 664 priores.
1536 619 1626 665 Apr.
1645 620 1678 655 6.

475 696 575 737 Copia
590 696 646 738 (c.)
663 695 774 727 ibidem
799 696 869 726 tom.
886 694 999 726 11211
1016 693 1072 733 fol.
1089 694 1130 725 75
1151 704 1201 725 nr.
1220 694 1292 725 907.
1309 712 1351 716 —
1370 693 1436 726 Ed.
1459 692 1479 725 l.
1495 703 1521 725 c.
1538 693 1567 732 I,
1590 693 1632 725 57
1653 703 1704 725 nr.
1720 695 1816 726 16ex
1837 703 1879 735 c.;
1903 692 2021 726 Sauer-

366 749 443 781 land
465 748 484 780 l.
500 758 528 779 c.
544 748 572 786 I,
595 748 659 778 313
681 757 730 778 nr.
748 747 811 778 666
833 756 871 778 ex
894 756 921 777 c.
965 745 1149 777 Editionem
1170 745 1254 777 hanc
1275 745 1454 786 repetimus.

475 808 523 847 Cf.
541 807 690 845 Bo'hmer,
721 805 798 846 Req.
814 805 926 838 Ludw.
947 816 980 845 p.
997 805 1061 836 305
1088 805 1217 844 deste,
1247 815 1298 838 nr.
1313 805 1379 837 214
1401 804 1530 846 (Addit.
1545 804 1598 846 I);
1629 805 1733 837 ther
1759 804 1824 838 loeo
1851 815 1954 845 supra
1978 805 2023 837 ad

362 870 412 892 nr.
428 859 491 891 289
514 859 609 890 citato
625 869 660 898 p.
676 858 739 890 255
762 868 810 889 rer.
829 858 901 889 199.
2037 869 2064 889 10

472 944 645 983 Iudicibus,
671 943 819 983 scabinis,
843 942 1037 983 consulibus,
1066 942 1322 984 proconsulibus,
1350 942 1513 984 magistris
1536 942 1653 975 civium
1675 943 1800 985 totique
1822 943 2024 976 universitati

364 996 556 1028 Coloniensi.

470 1048 560 1079 Inter
582 1050 733 1089 parentes
757 1050 790 1078 et
812 1046 932 1078 liberos
955 1045 1126 1077 insolubile
1149 1046 1312 1077 vinculum
1335 1045 1455 1078 amoris
1470 1044 1561 1077 velut
1583 1045 1706 1078 obtima
1721 1045 1895 1079 mediati-lx
1909 1041 2024 1080 natura

365 1100 531 1131 constituit
553 1100 663 1140 sicque
686 1099 773 1140 ipsos
796 1098 900 1140 gratia
927 1100 1039 1129 mutue
1068 1097 1211 1129 caritatis
1238 1097 1355 1138 alexit,
1384 1097 1460 1139 quia
1483 1107 1519 1129 se
1542 1098 1629 1129 omni
1652 1100 1800 1140 tempore
1830 1098 1970 1141 diligunt
1990 1102 2024 1131 et

363 1151 505 1182 alternas
520 1150 607 1182 vices
630 1151 661 1181 in
685 1150 749 1180 suis
773 1149 940 1180 desideriis
963 1149 1024 1180 sibi
1046 1148 1195 1181 reddunt.
1242 1148 1327 1181 Sane
1342 1159 1401 1181 vos
1423 1148 1481 1180 filii
1495 1151 1640 1181 sanctam
1655 1148 1838 1182 Romanam
1853 1150 2025 1183 ecclesiam
2043 1161 2069 1181 is

363 1204 499 1233 matrem
529 1205 669 1233 vestram
698 1201 829 1233 sinceris
860 1201 1029 1233 affectibus
1061 1202 1213 1233 continue
1248 1200 1422 1243 diligentes
1456 1201 1542 1233 circa
1575 1201 1645 1233 eius
1674 1200 1795 1243 placita
1827 1201 1932 1234 laudis
1959 1212 2025 1234 non

362 1253 488 1284 modice
523 1253 659 1295 gloriam
694 1263 735 1284 ex
770 1253 916 1294 impenso
951 1256 1057 1284 vestre
1093 1253 1279 1284 devocionis
1314 1251 1470 1295 obsequio
1507 1251 1600 1284 vobis
1631 1251 1788 1285 hactenus
1821 1252 2024 1286 vendicantis.

362 1305 502 1346 Propter
526 1304 611 1346 quod
634 1304 827 1336 fiducialiter
850 1305 1054 1346 extimantes,
1079 1304 1166 1346 quod
1188 1308 1341 1346 tanquam
1364 1305 1450 1336 viros
1472 1306 1549 1336 note
1565 1303 1736 1346 prudentie
1758 1314 1797 1337 ac
1820 1315 1898 1347 erga
1920 1305 2026 1348 ipsam

364 1356 535 1388 ecclesiam
564 1355 802 1398 inextinguibili
832 1356 1004 1388 devotione
1033 1356 1196 1388 ferventes
1225 1366 1355 1398 semper
1384 1356 1573 1388 continuare
1601 1356 1759 1398 preterita
1786 1366 1844 1388 vos
1870 1355 2024 1399 delectet,

362 1407 603 1439 universitatem
632 1410 772 1439 vestram
801 1418 952 1449 rogamus
988 1411 1022 1439 et
1049 1408 1216 1439 hortamur
1249 1410 1388 1449 attente,
1417 1407 1567 1450 quatinus
1592 1407 1772 1440 venerabili
1801 1408 1892 1440 fratri
1914 1411 2024 1441 nostro
2042 1418 2068 1439 so

367 1458 539 1501 H(enrico)
568 1459 811 1500 archiepiscopo
842 1459 1027 1491 Coloniensi
1057 1460 1142 1491 circa
1171 1459 1227 1491 illa
1250 1460 1420 1501 precipue,
1450 1469 1513 1501 que
1535 1458 1692 1491 honorem
1715 1459 1861 1502 predicte
1888 1459 2026 1494 ecclesie

364 1511 551 1552 respiciunt,
588 1521 646 1552 pro
680 1513 789 1542 nostra
824 1514 857 1542 et
890 1511 1069 1552 apostolice
1096 1511 1182 1543 sedis
1209 1511 1391 1543 reverentia
1420 1511 1465 1542 sic
1495 1510 1718 1543 favorabiliter
1744 1511 1914 1552 assistatis,
1941 1511 2025 1554 quod

361 1564 537 1603 propterea
560 1565 705 1594 crescant
727 1562 831 1594 laudis
854 1565 959 1594 vestre
983 1563 1135 1604 preconia
1159 1566 1192 1594 et
1214 1565 1324 1604 preter
1346 1563 1506 1604 premium
1529 1562 1755 1595 retribucionis
1784 1565 1896 1595 eterne
1923 1563 2024 1596 assint

361 1613 452 1645 vobis
476 1614 508 1645 in
530 1613 656 1645 casibus
680 1613 826 1645 eiusdem
849 1613 935 1646 sedis
958 1613 1099 1655 presidia
1122 1617 1291 1656 oportuna.
1823 1650 1827 1654 ⁴

468 1664 543 1696 Dat.
568 1668 603 1696 ut
626 1676 721 1706 supra
745 1666 922 1706 proxima¹.
2039 1680 2064 1700 πε

711 1797 798 1833 895.
840 1797 994 1833 Litterae
1021 1798 1070 1832 ad
1094 1798 1237 1833 eandem
1263 1798 1402 1834 alterae.
1507 1798 1597 1844 Apr.
1616 1798 1675 1834 15.

475 1869 575 1911 Copia
592 1870 646 1912 (c.)
663 1871 776 1902 ibidem
798 1874 869 1903 tom.
886 1872 951 1903 112
963 1872 1000 1897 ΙΙ
1017 1871 1072 1910 fol.
1090 1873 1132 1903 75
1146 1882 1196 1904 nr.
1214 1873 1288 1905 909.
1312 1890 1355 1896 —
1376 1872 1439 1904 Ed.
1463 1872 1482 1905 l.
1499 1883 1524 1904 c.
1541 1873 1571 1911 I,
1595 1872 1637 1904 58
1651 1883 1703 1906 nr.
1719 1873 1761 1904 18
1782 1883 1821 1905 ex
1836 1882 1879 1911 c.;
1903 1872 2022 1906 Sauer-

362 1920 441 1952 land
463 1921 482 1953 l.
500 1932 525 1953 c.
541 1922 570 1959 1,
593 1922 657 1953 314
680 1933 729 1955 ην.
748 1924 811 1953 668
833 1933 872 1954 ex
894 1933 921 1955 c.
969 1923 1149 1955 Editicmem
1171 1923 1255 1956 ham:
1276 1924 1447 1966 repetimus
1467 1923 1519 1956 hic
1540 1923 1607 1956 illic
1628 1927 1807 1958 correctam.

468 1981 614 2020 Bo'hmer,
639 1982 713 2022 Req.
731 1981 843 2014 Ludw.
865 1993 897 2022 p.
914 1984 977 2014 305
1001 1982 1117 2015 deste
1138 1994 1189 2016 nr.
1204 1984 1268 2015 214
1291 1983 1417 2024 (Addit.
1433 1984 1479 2025 I).

469 2071 646 2111 Iudicibus,
692 2071 849 2113 scabinis,
893 2073 1085 2115 rectoribus,
1130 2074 1327 2116 consulibus,
1369 2074 1612 2116 proconsulibus
1656 2076 1779 2117 totique
1821 2075 2023 2108 universitati
2041 2082 2068 2102 ³⁰

362 2121 554 2153 Coloniensi.
1962 2164 1966 2166 .

475 2180 500 2207 1.
534 2177 730 2219 Requiratur
761 2180 792 2210 in
821 2179 1001 2221 prolatione
1031 2181 1188 2213 sermonis
1218 2181 1360 2223 quedam
1387 2183 1534 2214 armonie
1563 2186 1598 2214 et
1623 2183 1655 2214 in
1685 2182 1830 2215 veritatis
1858 2182 2026 2215 effectibus

367 2228 506 2269 quedam
541 2229 688 2261 similiter
720 2232 968 2263 concomitantia
999 2228 1119 2274 petitur
1149 2233 1298 2275 actionis,
1331 2234 1483 2267 videlicet
1509 2237 1545 2266 ut
1577 2244 1636 2266 sua
1664 2235 1798 2276 singulis
1826 2234 2026 2276 proprietate

366 2283 494 2310 servata
517 2290 611 2311 sonus
636 2281 725 2312 verbi
748 2293 819 2313 cum
845 2283 950 2314 cordis
974 2284 1151 2316 intentione
1175 2286 1346 2317 conveniat
1370 2289 1402 2318 et
1426 2296 1446 2318 a
1468 2296 1526 2318 suo
1550 2286 1729 2328 significato
1752 2285 1946 2318 vocabulum
1961 2296 2026 2318 non

367 2329 508 2361 recedat.
555 2330 638 2362 Sane
662 2332 702 2364 de
726 2333 912 2375 integritate
937 2335 1117 2367 devotionis
1145 2339 1178 2368 et
1200 2336 1277 2369 fidei
1301 2348 1379 2379 erga
1402 2348 1462 2370 nos
1489 2341 1522 2370 et
1544 2341 1690 2370 sanctam
1711 2337 1895 2371 Romanam
1919 2338 2024 2370 eccle·
2043 2345 2068 2365 ³³

365 2381 445 2412 siam
476 2384 612 2413 matrem
643 2387 781 2416 vestram
814 2385 900 2427 apud
933 2397 991 2418 nos
1023 2387 1158 2419 assertio
1189 2388 1329 2430 plurium
1356 2392 1389 2421 et
1423 2389 1604 2422 litterarum
1630 2393 1810 2422 vestrarum
1838 2390 2023 2422 continuata

368 2431 540 2473 descriptio
574 2444 631 2465 vos
665 2437 876 2468 commendat.
922 2437 965 2469 Et
996 2449 1192 2481 quamquam
1227 2440 1266 2472 ‹le
1301 2441 1393 2472 vobis
1426 2441 1514 2474 velut
1547 2443 1624 2474 viris
1657 2442 1825 2474 catholicis
1849 2441 2022 2484 Deumque

367 2483 553 2515 timentibus
576 2496 792 2526 supponamus
814 2489 1032 2522 verisimiliter
1060 2491 1107 2522 ita
1135 2501 1221 2531 csse,
1254 2493 1401 2534 cupimus
1430 2496 1555 2534 tamen,
1589 2496 1626 2525 ut
1647 2493 1937 2526 commendationis
1959 2504 2024 2553 vox

367 2533 454 2565 idem
477 2545 549 2566 cum
571 2537 676 2568 animo
700 2540 821 2570 senciat
844 2543 877 2572 et
899 2541 1013 2573 relatio
1038 2543 1128 2584 operi
1151 2544 1330 2576 maritetur.

477 2595 505 2624 2.
529 2594 566 2625 In
588 2594 771 2629 huiusmodi
793 2610 868 2631 vero
893 2602 1086 2633 contrarium
1109 2613 1213 2644 nuper
1235 2603 1366 2636 auribus
1388 2605 1495 2636 invitis
1518 2604 1700 2637 audivimus
1721 2605 1895 2647 plurimum
1918 2605 2021 2638 admi-
2041 2611 2068 2631 ⁴0

368 2646 485 2684 rantes,
509 2645 596 2686 quod
618 2657 675 2678 vos
692 2649 794 2680 virum
818 2652 1021 2692 magnificum
1037 2653 1238 2686 Ludovieum
1254 2655 1370 2687 ducem
1386 2656 1524 2689 Bavarie
1548 2656 1762 2689 discorditer
1753 2667 1785 2688 in
1800 2656 2022 2690 Romanorum

471 2746 536 2773 893.
564 2747 589 2780 b)
607 2757 652 2781 per
671 2751 732 2776 add.
751 2761 770 2777 c.

473 2814 497 2846 1)
515 2813 606 2847 Supra
624 2824 666 2843 nr.
679 2820 735 2844 893.

2180 2520 2184 2535 ¹.

2179 2541 2184 2568 l

2178 2569 2184 2618 ἕ
