2190 3172
292 204 354 235 284
508 202 606 230 ACTA
625 201 739 229 REGNI
758 200 943 228 LUDEWICI
962 200 1008 228 IV.
1027 199 1073 226 ΕΤ
1094 196 1278 225 FRIDERICI
1296 197 1345 223 111.
1382 195 1457 223 1316.
1493 194 1541 221 Nr.
1554 193 1614 221 336.
1632 193 1691 221 337.
1710 193 1769 221 338.

605 325 690 360 336.
733 324 885 359 Litterae
913 323 959 357 ad
985 321 1215 358 camerarium
1241 321 1387 365 reyiiiae.
1492 316 1571 353 Ian.
1590 319 1625 354 7.

407 399 504 440 Copia
528 398 581 440 (c.)
606 398 719 430 ibidem
741 397 761 429 t.
778 408 803 429 c.
823 397 882 439 fol.
899 398 949 428 14.
975 414 1014 419 —
1038 395 1101 427 Ed.
1119 395 1279 434 Zeissbery
1302 393 1322 426 l.
1337 403 1361 425 c.
1380 394 1469 434 p.46
1491 403 1541 425 nr.
1557 393 1599 423 40
1622 402 1660 424 esc
1683 402 1709 424 c.
1754 391 1937 424 Editionem

291 451 470 491 repetimus.

398 526 536 558 Iacobus
560 529 620 557 etc.
708 525 844 557 discreto
868 523 1041 556 Frederico
1065 523 1233 564 capellano
1257 525 1380 561 nostro,
1403 521 1534 552 illustris
1557 520 1704 552 Elizabet
1719 520 1938 552 Romanorum

291 579 402 620 regine
419 579 588 610 karissime
605 577 670 608 filie
686 580 794 608 nostre
810 587 927 618 magno
945 575 1132 615 camerario,
1149 575 1302 606 canonico
1317 571 1520 616 Fris[a]censi
1586 573 1723 603 salutem
1740 575 1773 604 et
1788 573 1940 614 graciam.
1971 584 1984 603 5

397 629 544 670 Recepta
567 629 676 660 littera
698 631 805 659 vestra
827 628 953 659 noviter
977 627 1138 658 destinata
1162 629 1195 658 et
1217 626 1381 657 intellecto
1406 635 1467 667 que
1491 624 1738 656 continebantur
1766 625 1798 655 in
1827 635 1866 656 ea
1888 634 1940 655 re-

292 680 502 722 spondemus,
538 680 625 721 quod
653 679 774 721 placuit
799 678 891 710 nobis
918 678 1069 718 multum,
1104 677 1190 719 quod
1217 677 1418 719 significastis
1445 676 1538 708 nobis
1560 677 1809 718 prosperitatem
1840 678 1941 707 status

291 731 462 762 illustrium
485 731 727 762 karissimorum
749 731 887 762 filiorum
910 732 1090 761 nostrorum
1112 729 1278 760 Frederici
1300 728 1520 760 Romanorum
1544 728 1630 769 regis
1658 731 1691 759 et
1714 727 1861 759 Elizabet
1883 738 1941 760 sue

294 783 438 824 coniugis
471 786 503 814 et
526 782 669 824 placebit
698 783 730 813 in
752 785 931 823 posterum,
960 781 1112 822 quociens
1141 790 1201 822 per
1223 791 1279 812 vos
1301 783 1357 811 aut
1380 779 1484 811 eciam
1507 779 1587 810 alios
1610 782 1729 811 statum
1752 790 1942 821 prosperum

292 833 508 865 audiverimus
532 833 730 865 eorumdem.
776 833 917 864 Litteras
940 835 1049 863 autem
1072 831 1321 873 deprecatorias,
1345 841 1425 873 quas
1447 830 1605 872 petivistis
1627 841 1686 872 per
1708 841 1766 862 nos
1789 831 1942 862 destinari
1962 841 1986 860 ιο

291 885 483 927 quibusdam
507 885 736 923 cardinalibus,
766 888 801 916 ut
823 895 880 916 vos
902 884 934 914 in
957 883 1114 915 beneficio
1138 882 1339 914 eclesiastico
1363 882 1537 914 obtinendo
1561 882 1648 924 apud
1670 882 1810 914 futurum
1835 883 1941 924 ponti-

291 936 385 967 ficem
412 939 654 978 promoverent,
689 947 753 967 non
775 935 928 975 vidimus,
963 934 1065 966 donec
1095 945 1181 976 papa
1204 937 1331 966 creatus
1360 933 1471 974 fuerit,
1505 933 1738 965 concedendas.
1784 934 1942 966 Litteram

291 998 403 1019 verum
426 989 598 1028 mittimus,
627 988 708 1019 sicut
730 987 902 1029 petivistis,
933 986 1018 1018 dicto
1041 985 1261 1017 Romanorum
1289 986 1359 1026 regi
1368 985 1390 1026 ¹,
1419 987 1455 1016 ut
1476 985 1568 1016 vobis
1590 986 1706 1017 nostris
1729 985 1878 1027 precibus
1901 985 1942 1017 de

291 1038 448 1070 beneficio
473 1039 642 1080 provideat
666 1039 870 1080 competenti.

399 1089 519 1122 Datum
543 1090 756 1129 Barchinone,
780 1089 856 1121 VII.
872 1089 950 1120 Idus
973 1088 1123 1125 Ianuarii,
1147 1097 1229 1118 anno
1253 1087 1384 1118 Domini
1406 1086 1598 1120 MOOOXV.
1797 1087 1900 1120 Idem.
1963 1101 1988 1121 15

544 1228 629 1264 337.
670 1229 827 1264 Litterae
848 1227 987 1273 primae
1015 1227 1061 1262 ad
1087 1226 1309 1262 Fridericum
1337 1237 1458 1271 reyem.
1563 1227 1644 1262 Ian.
1663 1228 1697 1262 7.

403 1302 503 1342 Copia
526 1302 580 1344 (c.)
604 1302 718 1334 ibidem
741 1301 760 1333 l.
775 1313 800 1333 e.
824 1301 879 1340 sol.
898 1303 949 1333 14.
973 1319 1014 1324 -—-
1037 1300 1100 1332 Ed.
1116 1300 1278 1341 Zeissber9
1301 1300 1320 1332 l.
1337 1311 1363 1332 e.
1386 1311 1421 1341 p.
1437 1300 1480 1331 42
1501 1310 1551 1332 nr.
1567 1300 1609 1331 41
1632 1311 1670 1332 ex
1692 1311 1719 1333 c.
1764 1300 1948 1333 Editionem

294 1354 475 1394 repetimus.

401 1431 612 1463 serenissimo
645 1442 682 1463 ac
706 1431 877 1473 magnifico
906 1431 1043 1473 principi
1067 1430 1196 1462 domino
1220 1429 1395 1461 Frederico
1418 1429 1482 1461 Dei
1505 1430 1614 1471 gracia
1635 1429 1855 1461 Romanorum
1878 1430 1949 1472 regi

293 1494 424 1525 semper
439 1486 576 1525 augusto
593 1483 766 1515 benedicto
791 1486 824 1514 et
838 1483 1009 1515 karissimo
1033 1482 1099 1514 filio
1123 1486 1202 1513 suo⁸
1289 1480 1428 1512 Iacobus
1450 1491 1509 1523 per
1525 1481 1662 1513 eandem
1685 1491 1744 1513 rex
1759 1481 1948 1523 Aragonum
1967 1495 1993 1516 2⁰

293 1538 354 1567 etc.
444 1536 580 1567 salutem
606 1539 666 1567 etc.

401 1588 598 1619 Recolentes
621 1587 748 1618 servicii
770 1586 862 1618 vobis
886 1589 919 1618 et
941 1586 1034 1618 nobis
1058 1585 1194 1617 exhibiti
1216 1595 1276 1626 per
1294 1584 1503 1616 Fredericum
1526 1584 1728 1626 capellanum
1751 1589 1891 1617 vestrum
1916 1589 1949 1617 et

293 1639 426 1671 illustris
449 1639 597 1670 Elizabet
624 1639 736 1680 regine
759 1638 980 1670 Romanorum
1010 1637 1154 1679 coniugis
1183 1640 1289 1668 vestre
1313 1636 1481 1667 karissime
1508 1636 1572 1668 filie
1595 1639 1702 1668 nostre
1726 1638 1948 1678 camerarium,

294 1692 483 1723 canonicum
503 1689 751 1733 Fris[a]censem
775 1700 888 1732 preces
910 1693 1037 1721 nostras
1060 1688 1147 1730 apud
1170 1699 1227 1720 vos
1250 1688 1417 1729 dirigimus
1440 1698 1497 1729 pro
1522 1687 1648 1728 eodem,
1672 1688 1948 1730 magnificenciam

294 1747 434 1775 vestram
449 1746 611 1784 rogantes,
629 1745 786 1784 quatenus
803 1741 844 1773 de
857 1741 1014 1773 beneficio
1027 1740 1228 1772 eclesiastico
1245 1741 1276 1771 ei
1288 1740 1499 1778 convenienti,
1517 1740 1605 1771 cuius
1617 1741 1818 1781 presentacio
1835 1741 1876 1772 ad
1892 1751 1948 1772 vos
1967 1756 1992 1776 2⁵

295 1797 431 1836 spectet,
456 1794 540 1825 dicto
558 1794 711 1825 canonico
727 1794 844 1824 nostris
859 1792 1009 1834 precibus
1026 1791 1203 1822 liberaliter
1219 1790 1416 1832 provideatis
1440 1794 1473 1822 et
1492 1790 1685 1822 habebimus
1704 1791 1790 1823 istud
1809 1795 1946 1833 gratum.

402 1846 522 1877 Datum
546 1845 759 1886 Barchinone,
783 1844 858 1877 VII.
876 1844 953 1876 Idus
976 1843 1127 1883 Ianuarii,
1152 1853 1236 1874 anno
1258 1842 1389 1874 Domini
1411 1842 1623 1875 MGOOXVb.
1800 1843 1903 1876 Idem.

639 1985 724 2020 338.
767 1984 919 2019 Litterae
945 1984 1117 2019 secundae
1144 1983 1191 2018 ad
1217 1983 1371 2018 eundem.
1477 1983 1557 2018 Ian.
1577 1984 1611 2018 7.

409 2059 505 2099 Copia
530 2060 585 2100 (c.)
609 2058 723 2090 ibidem
745 2057 765 2090 l.
781 2068 807 2089 c.
830 2058 887 2096 fol.
905 2059 956 2090 14.
980 2075 1020 2080 —
1043 2056 1106 2088 Ed.
1123 2056 1325 2097 Zeissberyi.
1343 2067 1369 2088 e.
1389 2067 1421 2097 p.
1438 2057 1481 2088 46
1502 2067 1552 2089 nr.
1568 2057 1611 2088 42
1632 2067 1672 2089 ex
1694 2067 1720 2090 c.
1766 2057 1949 2090 Editionem

296 2111 475 2150 repetimus.
1967 2127 1993 2146 ³0

409 2165 460 2207 Cf.
485 2165 504 2197 l.
522 2176 547 2197 e.
568 2175 600 2204 p.
618 2167 661 2196 47
683 2175 733 2196 nr.
750 2165 802 2196 43.

404 2251 587 2283 Excellenti
616 2261 653 2282 ac
680 2250 850 2292 magnifico
881 2251 1024 2292 principe
1056 2250 1186 2281 domino
1209 2249 1383 2282 Frederico
1410 2249 1473 2282 Dei
1501 2251 1610 2292 gracia
1634 2250 1852 2283 Romanorum
1880 2251 1950 2294 regi

298 2313 427 2344 semper
458 2305 594 2344 augusto
626 2301 797 2333 benedicto
832 2303 865 2332 et
895 2301 1063 2333 karissimo
1098 2301 1164 2333 filio
1199 2312 1256 2333 suo
1348 2301 1486 2333 Iacobus
1519 2312 1578 2344 per
1607 2302 1745 2335 eandem
1779 2313 1838 2334 rex
1865 2303 1949 2335 Ara-

298 2365 416 2396 gonum
441 2357 502 2385 etc.
597 2353 735 2384 salutem
769 2356 802 2384 et
834 2363 905 2384 cum
935 2352 1031 2394 plene
1060 2356 1194 2394 paterne
1225 2353 1410 2385 dileccionis
1439 2353 1558 2385 affectu
1586 2354 1694 2386 votive
1725 2355 1950 2396 prosperitatis

298 2408 517 2447 augmentum.
1968 2424 1992 2444 ³⁵

405 2457 451 2489 Ut
472 2456 606 2488 Ioanem
631 2455 671 2487 de
696 2455 876 2495 Constanca
899 2466 1060 2487 cursorem
1085 2458 1226 2487 vestrum
1251 2460 1284 2488 et
1306 2460 1464 2498 nostrum,
1489 2458 1543 2499 qui
1566 2458 1692 2490 noviter
1717 2458 1759 2490 ad
1781 2469 1840 2490 nos
1862 2459 1950 2490 venit

299 2519 371 2540 cum
402 2509 517 2540 litteris
547 2509 661 2540 vestris
696 2512 728 2540 et
761 2508 892 2539 illustris
921 2508 1050 2540 domine
1081 2508 1227 2540 Elizabet
1254 2509 1474 2540 Romanorum
1508 2510 1619 2552 regine
1654 2511 1809 2542 consortis
1843 2514 1949 2543 vestre

298 2560 467 2592 karissime
490 2560 555 2590 filie
580 2562 705 2599 nostre,
734 2563 920 2591 excusatum
945 2560 1106 2600 habeatis,
1135 2561 1210 2602 quia
1233 2571 1296 2592 non
1319 2561 1539 2593 transfretavit
1561 2562 1602 2593 ad
1626 2565 1735 2603 partes
1759 2561 1867 2594 Sicilie
1890 2573 1949 2605 pro

298 2611 514 2653 presentando
530 2611 646 2642 illustri
661 2610 834 2642 Frederico
851 2612 921 2653 regi
937 2610 1045 2643 Sicilie
1061 2611 1230 2643 karissimo
1247 2612 1338 2644 fratri
1354 2616 1462 2644 nostro
1478 2613 1613 2654 litteras,
1636 2624 1716 2656 quas
1731 2624 1788 2646 vos
1810 2617 1844 2646 et
1863 2614 1949 2646 dicta

299 2664 412 2705 regina
434 2662 612 2694 mittebatis
637 2662 757 2702 eidem,
789 2663 1004 2704 significamus
1026 2663 1132 2703 vobis,
1166 2663 1252 2705 quod
1281 2675 1338 2696 nos
1365 2663 1612 2707 manda[vi]mus
1641 2666 1746 2707 ipsum
1769 2676 1948 2708 remanere,
1968 2684 1997 2704 40

403 2757 468 2784 887.
496 2756 520 2790 ⁸)
539 2758 772 2783 benedicto—suo
791 2766 870 2790 supra
890 2758 985 2783 lineam
1004 2758 1066 2784 add.
1085 2767 1106 2783 c.
1193 2757 1218 2790 b)
1238 2759 1389 2785 MCCCXVI
1407 2760 1446 2786 ed.

406 2817 430 2850 1)
449 2816 532 2850 Infra
550 2825 592 2843 nr.
607 2819 663 2844 337.
