2184 3126
422 181 520 209 ACTA
538 180 651 209 REGNI
670 179 853 208 LUDEWICI
872 179 918 207 lv.
938 179 984 207 ΕΤ
1003 178 1189 207 FRIDERICI
1207 179 1256 207 ΠΙ.
1294 178 1368 207 1328.
1407 179 1455 206 Nr.
1469 179 1527 207 762.
1547 180 1605 207 763.
1778 182 1841 212 597

182 269 303 301 solidos
325 266 530 301 Hallensium
554 268 594 301 de
618 270 796 300 memorato
820 266 984 299 theolonio
1008 276 1109 309 usque
1131 265 1175 298 ad
1198 266 1328 308 plenam
1351 265 1548 298 solucionem
1573 266 1731 298 dictarum
1754 266 1843 299 mille

183 320 338 353 librarum
362 319 507 361 tradant,
541 319 667 351 solvant
696 322 732 351 ut
758 319 954 361 premittitur
976 321 1009 351 et
1031 319 1205 361 assignent.
1251 317 1323 350 Non
1354 317 1554 350 obstantibus
1587 317 1842 360 quibuscumque

182 371 298 404 litteris
320 373 436 404 nostris
459 372 491 403 in
514 372 708 404 contrarium
733 370 817 403 datis
839 371 907 403 sive
930 370 1054 403 dandis.
1100 369 1134 402 Si
1150 379 1227 402 vero
1244 369 1424 412 predictum
1449 369 1647 402 theolonium
1665 369 1741 401 alibi
1766 370 1841 411 poni

182 424 364 465 continget,
393 425 510 454 extunc
534 422 588 454 ubi
612 425 852 464 transponetur,
884 421 940 454 ibi.
960 421 1107 455 similiter
1128 421 1209 453 solvi
1233 421 1331 454 debet
1354 421 1543 453 consiliariis
1566 420 1720 463 predictis
1744 420 1841 452 modo

150 492 163 512 5
182 484 246 516 quo
270 484 366 516 supra
386 475 540 515 peccunia
564 473 735 506 antedicta.
826 473 864 505 In
887 474 976 505 cuius
992 473 1039 506 rei
1062 474 1280 506 testimonium
1304 474 1381 515 ipsis
1397 476 1564 515 presentes
1580 472 1728 504 dedimus
1745 472 1841 515 sigilli

181 526 281 558 nostri
304 525 419 558 robore
442 527 652 558 conmunitas.

288 577 364 609 Dat.
389 576 476 619 apud
498 577 719 618 Nurenberch,
743 577 825 610 feria
848 579 962 620 quarta
985 580 1060 610 ante
1083 577 1201 610 festum
1225 577 1313 610 beati
1336 575 1456 616 Iacobi,
1481 586 1564 608 anno
1582 575 1711 608 Domini
1735 575 1841 608 mille-

179 628 262 661 simo
285 628 512 661 trecentesimo
535 629 688 661 vicesimo
714 629 824 669 tercio,
849 629 940 671 regni
963 639 1039 662 vero
1062 630 1162 661 nostri
1185 639 1268 661 anno
1292 638 1389 661 nono.

485 858 560 895 763.
596 858 865 895 LITTERAE
890 857 1260 903 OBSEQUIOSAE
1286 856 1537 895 CAPITULI

137 932 165 956 ιο
203 917 462 956 FRATRUM
484 917 902 956 HEREMITARUM
925 918 1272 956 THURINGIAE
1296 916 1586 956 LUDEWICO
1609 918 1825 955 MISSAE.

872 986 982 1024 1323.
1018 987 1087 1024 Iul.
1107 986 1169 1024 22.

291 1085 452 1127 Oriqinale
475 1085 548 1128 (or.)
572 1085 686 1118 ibidem
702 1086 998 1119 ‘Familiensachen’
1021 1087 1101 1126 fasc.
1117 1088 1148 1119 8.
1194 1086 1373 1127 Descripsit
1394 1088 1424 1118 et
1445 1085 1607 1118 nobiscum
1633 1085 1842 1118 benivolenter

178 1138 422 1172 communicavit
451 1137 501 1171 W.
517 1137 678 1171 Fasslein.
737 1137 885 1179 Sigillum
914 1138 1077 1179 oblonyum
1100 1138 1285 1180 provinciae
1309 1137 1505 1179 nutrimine
1537 1137 1663 1170 ordinis
1693 1137 1839 1180 fratrum

137 1211 139 1215 ·
179 1190 420 1224 Heremitarum
438 1189 508 1232 fere
530 1188 676 1222 illaesum
694 1189 810 1229 pendet
832 1190 897 1222 loro
919 1200 958 1222 ex
980 1190 1052 1230 ipsa
1073 1190 1257 1223 membrana
1279 1192 1408 1223 exsecto.
1430 1207 1474 1213 —
1497 1189 1670 1222 Ineditum.

137 1294 162 1314 u
289 1276 509 1309 Illustrissimo
543 1279 576 1308 et
610 1276 814 1308 serenissimo
849 1276 983 1319 principi
1019 1276 1150 1309 domino
1180 1276 1355 1309 Ludovvico
1391 1275 1499 1308 divina
1533 1274 1736 1317 providentia
1770 1277 1839 1318 regi

177 1328 288 1361 inclito
305 1327 525 1361 Romanorum
613 1327 750 1360 humiles
774 1338 811 1360 ac
835 1327 943 1360 devoti
967 1329 1016 1360 sui
1039 1328 1222 1371 cappellani
1245 1328 1362 1361 fratres
1377 1327 1538 1360 Hem-icus
1560 1337 1651 1359 sacre
1675 1327 1841 1370 theologie

179 1380 343 1423 professor
366 1379 504 1412 vicarius
529 1404 536 1412 .
553 1402 561 1411 .
584 1379 700 1421 prioris
722 1379 894 1422 generalis,
919 1379 1018 1412 frater
1033 1379 1240 1412 Hermannus
1263 1380 1351 1422 prior
1374 1378 1577 1421 provincialis
1601 1382 1634 1411 et
1651 1378 1842 1412 diffinitores

179 1431 312 1474 capituli
328 1431 462 1464 fratrum
478 1430 719 1463 Heremitarum
736 1431 856 1463 ordinis
871 1432 972 1463 sancti
989 1432 1161 1474 Augustini
1177 1432 1209 1463 in
1226 1430 1413 1464 Munrestad
1430 1430 1585 1463 celebrati
1663 1430 1841 1473 provolutis

136 1478 139 1482 ⁴
180 1482 318 1526 genibus
341 1492 412 1515 cum
436 1482 561 1515 devotis
584 1482 783 1515 orationibus
806 1494 897 1515 suum
921 1483 1113 1526 obsequium
1136 1482 1347 1515 indefessum.

137 1533 184 1572 ω’
290 1534 372 1567 Cum
399 1533 536 1566 altitudo
565 1533 672 1566 divine
701 1533 918 1577 dispositionis
946 1538 1051 1567 vestre
1081 1535 1328 1577 generosissime
1359 1533 1598 1576 magnificentie
1630 1533 1733 1566 tocius
1756 1533 1842 1566 orbis

180 1585 375 1628 disposuerit
389 1586 628 1628 principatum,
661 1596 719 1618 nos
746 1587 800 1628 qui
830 1590 936 1618 vestre
960 1587 1102 1628 piissime
1127 1586 1298 1619 clementie
1323 1585 1516 1618 favorabiles
1538 1586 1766 1628 propiciosque
1789 1595 1841 1617 re-

179 1640 309 1680 spectus
325 1647 398 1670 cum
414 1637 610 1680 pauperibus
626 1638 743 1670 nostris
758 1638 910 1670 fratribus
925 1638 1067 1680 undique
1083 1637 1295 1681 singularius·
1319 1638 1543 1680 persentimus,
1567 1640 1673 1669 vestre
1695 1637 1841 1669 domina-

179 1690 276 1722 tionis
303 1689 470 1722 serenitati
501 1700 558 1731 pre
589 1691 709 1722 cunctis
738 1689 896 1732 religiosis
929 1691 1130 1732 paupertatis
1160 1689 1309 1722 obnixius
1340 1689 1531 1732 obligamur.
1583 1688 1654 1731 Eya
1681 1689 1779 1731 igitur
1806 1692 1842 1720 ut

178 1740 270 1774 Deus
293 1742 514 1784 omnipotens,
545 1751 604 1783 per
633 1751 729 1784 quem
762 1751 856 1784 reges
880 1742 1040 1784 regnant¹
1071 1745 1104 1773 et
1128 1742 1275 1784 optinent
1303 1742 1534 1784 principatum,
1565 1751 1622 1772 vos
1653 1744 1841 1782 vestrosque

134 1807 161 1828 αι,
180 1792 299 1825 liberos
315 1803 387 1825 cum
405 1792 552 1825 omnibus
568 1793 658 1835 regni
674 1794 772 1825 vestri
788 1793 936 1825 fidelibus
953 1793 1086 1835 pacifice
1102 1793 1243 1836 glorioso
1261 1793 1403 1824 omnium
1418 1792 1662 1824 adversancium
1679 1791 1841 1834 triumpho

179 1854 310 1887 semper
331 1844 374 1877 ad
396 1844 511 1877 altiora.
534 1844 654 1887 dirigat
677 1848 709 1877 et
732 1844 882 1887 disponat
909 1844 951 1876 ad
974 1844 1176 1877 subdendum
1201 1847 1306 1877 vestre
1330 1844 1560 1886 gloriosissime
1584 1844 1841 1886 magnanimitati

179 1897 283 1928 tocius
299 1895 413 1940 o[r]bis
428 1896 606 1929 dominium
627 1907 803 1938 omnesque
828 1896 983 1928 barbaros
1006 1898 1168 1934 naciones,
1192 1907 1250 1928 sex
1273 1897 1399 1937 missas,
1423 1899 1488 1928 tres
1512 1895 1642 1938 quidem
1666 1894 1706 1927 de
1730 1899 1841 1927 sancto

135 1955 144 1967 ·’
179 1947 302 1990 Spiritu
324 1951 358 1980 et
381 1951 446 1980 tres
469 1948 510 1981 de
526 1949 660 1991 Virgine
677 1948 820 1991 gloriosa
836 1959 895 1990 per
911 1948 1090 1990 quemlibet
1106 1947 1311 1980 sacerdotem
1327 1951 1436 1980 nostre
1451 1947 1615 1990 provincie
1632 1946 1673 1979 de
1689 1946 1841 1979 thesauro

179 1999 272 2032 nobis
295 1999 418 2032 credito
441 1999 648 2043 singulariter
671 2003 704 2032 et
728 2000 934 2032 devotissime
958 2000 1169 2042 imposuimus
1191 1999 1412 2032 celebrandas.
1451 1998 1638 2031 Adicientes
1660 2008 1759 2040 super
1780 1998 1841 2031 hoc

136 2066 164 2086 ιο
179 2054 215 2083 ut
242 2051 275 2084 in
302 2052 389 2084 omni
416 2052 514 2084 missa
544 2051 749 2084 conventuali
780 2052 882 2083 tocius
912 2055 1020 2083 nostre
1050 2052 1214 2094 provincie
1241 2062 1305 2083 una
1332 2051 1482 2094 specialis
1513 2051 1650 2083 collecta
1672 2061 1731 2093 pro
1755 2051 1841 2083 felici

181 2105 268 2135 statu
290 2103 388 2135 vestri
411 2103 503 2146 regni
526 2103 640 2136 diebus
664 2103 811 2135 omnibus
839 2106 873 2135 ct
895 2103 1029 2145 singulis
1053 2106 1202 2135 teneatur
1228 2113 1299 2135 cum
1323 2103 1510 2145 plenissima
1534 2106 1567 2134 et
1589 2102 1841 2145 singularissima

180 2155 428 2197 participatione
445 2155 587 2188 omnium
603 2156 772 2187 missarum
790 2158 822 2187 et
839 2155 1020 2187 orationum
1037 2155 1300 2197 singulorumque
1318 2158 1352 2187 et
1367 2155 1510 2186 omnium
1522 2153 1679 2186 bonorum
1695 2164 1841 2196 operum,

181 2215 245 2247 que
268 2215 327 2247 per
349 2205 491 2248 singulos
514 2206 631 2238 fratres
655 2206 757 2238 tocius
780 2209 888 2238 nostre
911 2206 1075 2248 provincie
1099 2207 1227 2248 operari
1253 2205 1438 2249 dignabitur
1460 2206 1632 2238 clementia
1654 2205 1841 2238 Salvatoris.

134 2256 139 2267 ⁴
180 2256 302 2300 Vigeat
325 2260 358 2289 et
380 2257 488 2290 valeat
510 2261 618 2290 vestra
638 2257 843 2290 serenissima
862 2257 1102 2299 magnificentia
1129 2258 1161 2289 in
1189 2257 1275 2290 felici
1302 2261 1335 2290 et
1358 2267 1512 2300 prospero
1535 2260 1621 2290 statu
1643 2257 1761 2299 iugiter
1783 2267 1842 2300 per

135 2323 163 2344 a
181 2308 290 2341 secula
312 2309 502 2342 seculorum.

289 2359 363 2393 Dat.
388 2362 420 2392 in
449 2360 654 2402 Munrestad,
688 2361 719 2393 in
748 2361 832 2394 festo
856 2360 958 2393 Mario
982 2360 1178 2403 Magdalene
1207 2361 1348 2404 capitulo
1383 2360 1504 2394 ibidem
1538 2360 1719 2401 celebrato⁷
1756 2371 1839 2393 anno

181 2411 312 2444 Domini
334 2411 584 2445 MCCCXXIII.

288 2674 354 2703 7⁶8.
382 2675 406 2709 δ)
425 2677 698 2710 cum—singularius
715 2678 742 2702 in
762 2678 816 2703 loco
836 2685 895 2703 raso
915 2686 952 2703 or.

287 2756 313 2789 1)
332 2755 411 2783 Hor.
431 2759 456 2789 3,
471 2760 507 2783 16.
