2184 3126
405 135 502 164 ACTA
520 134 634 162 REGNI
652 134 837 163 LUDEWICI
856 134 904 163 1v.
923 134 970 163 ΕΤ
989 135 1173 164 FRIDERICI
1192 136 1241 164 111.
1278 136 1354 164 1823.
1391 137 1439 164 Nr.
1453 136 1511 164 773.
1532 137 1591 165 774.
1610 138 1668 166 775.
1797 143 1860 173 603

205 220 358 263 principis
385 221 505 254 domini
529 221 658 255 Ottonis
686 221 776 254 ducis
798 220 1039 255 Brfinsvieensis
1067 226 1101 255 et
1128 222 1258 255 domine
1280 223 1441 266 Angnetis
1472 225 1583 256 uxoris
1606 235 1663 257 sue
1687 227 1862 259 accesserit

204 275 237 304 et
259 283 418 306 assensus.
473 273 525 306 De
552 273 738 316 subscriptis
771 283 847 306 vero
874 275 979 317 ipsum
1008 275 1227 307 marchionem
1250 276 1337 307 omni
1360 278 1507 308 cessante
1531 276 1718 309 condicione
1742 278 1803 310 rite
1827 282 1861 311 et

203 323 355 365 legaliter
376 323 589 366 infeodamus,
613 328 726 368 utpote
749 328 854 357 castro
879 324 1115 367 Chrflmbeche‚
1139 325 1296 368 Sehfisen,
1317 326 1462 360 Werben
1485 327 1602 370 opidis,
1625 333 1730 361 castro
1754 330 1859 362 Aren-

204 374 305 407 burch
340 385 412 407 cum
447 375 591 417 decimis,
626 377 778 418 monetis,
810 376 990 410 theoloneis
1024 381 1058 410 et
1088 377 1359 411 iurisdictionibus
1394 379 1595 412 districtuum
1629 381 1858 423 predictorum.

172 432 184 452 ὓ
202 425 358 458 Fatemur
381 427 479 459 etiam
503 431 536 460 et
558 428 788 470 promittimus,
817 427 904 471 quod
932 432 1098 471 tamquam
1125 439 1219 461 verus
1249 433 1282 461 et
1308 429 1423 472 legalis
1446 430 1616 463 feodorum
1639 436 1858 474 protectorum

203 477 351 509 dominus
368 477 408 510 de
426 479 514 521 ipsis,
538 480 564 511 si
587 480 762 511 necessitas
784 480 951 523 ingruerit,
974 481 1006 512 in
1029 481 1131 523 regali
1155 482 1243 514 curia
1265 482 1485 523 gwarandiam
1508 482 1652 515 debitam
1675 488 1708 515 et
1730 484 1859 517 solitam

202 528 368 561 faciemus.
462 530 500 562 In
529 531 618 562 cuius
645 531 692 563 rei
720 532 938 564 testimonium
965 536 1132 575 presentes
1160 532 1220 565 sibi
1250 533 1399 566 dedimus
1426 534 1525 566 nostri
1553 534 1650 577 sigilli
1683 537 1859 569 munimine

201 580 381 617 roboratas.

310 631 431 664 Datum
454 633 486 664 in
508 633 714 674 Arensteten,
738 645 822 666 anno
846 635 976 667 Domini
998 635 1170 669 millesimo
1194 638 1420 669 trecentesimo
1443 638 1596 671 vicesimo
1619 640 1725 682 tertio,
1749 641 1781 672 in
1804 640 1859 673 die

158 691 184 712 ιο
202 682 290 716 beati
313 684 478 717 Laurentii
501 686 651 717 martiris.

682 792 767 829 774.
809 793 985 839 Scriptum
1013 794 1113 840 reqis.
1219 795 1308 840 Any.
1328 797 1384 831 10.

311 863 472 905 Oriqinale
493 865 529 897 in
551 866 710 899 tabulario
733 868 817 909 reqio
832 868 1107 910 Maqdeburqmi.
1157 868 1357 902 Contulimus
1378 879 1444 902 nos.
1489 869 1608 903 Pendet
1630 870 1769 911 siqillum
1786 871 1859 914 fere

199 913 346 948 illaesum
367 915 432 948 loro
454 917 695 950 membranaceo.

307 975 454 1015 Bb'hmer,
478 977 555 1019 Rey.
572 978 684 1010 Ludw.
695 990 730 1019 p.
746 981 789 1010 36
811 989 860 1012 nr.
876 980 948 1012 609.

157 1065 181 1086 ιο
307 1053 500 1086 Ludowicus
517 1054 580 1087 Dei
602 1056 711 1097 gracia
727 1056 946 1088 Romanorum
971 1066 1030 1088 rex
1052 1067 1183 1099 semper
1197 1061 1352 1099 augustus
1439 1059 1597 1092 universis
1619 1061 1702 1092 sacri
1717 1059 1855 1094 Romani

198 1105 326 1147 imperii
349 1104 499 1138 fidelibus
522 1111 687 1149 presentes
710 1108 834 1140 litteras
857 1109 1046 1151 inspecturis
1133 1109 1276 1151 graciam
1300 1119 1391 1142 suam
1414 1113 1448 1142 et
1470 1121 1566 1143 omne
1588 1111 1718 1144 bonum.

307 1156 392 1193 Quia
408 1158 600 1190 venerabilis
615 1158 768 1191 Albertus
791 1160 926 1192 ecclesie
943 1160 1228 1193 Halberstadensis
1244 1161 1415 1204 episcopus
1430 1162 1580 1205 princeps
1595 1166 1705 1196 noster
1720 1164 1858 1197 dilectus

197 1207 355 1241 illustrem
378 1209 566 1242 Ludwicum
588 1211 807 1243 marchionem
831 1211 1189 1254 Brandemburgensem
1216 1213 1465 1254 primogenitum
1489 1219 1632 1247 nostrum
1655 1217 1855 1249 carissimum

198 1259 239 1292 de
265 1259 475 1303 infrascriptis
503 1262 771 1304 possessionibus,
802 1263 1058 1296 iurisdicionibus
1090 1267 1124 1296 et
1151 1264 1341 1303 honoribus,
1370 1276 1433 1307 que
1462 1266 1624 1307 quondam
1652 1267 1856 1300 marchiones

153 1322 180 1343 πο
196 1310 539 1356 Brandemburgenses
561 1314 810 1356 predecessores
832 1315 879 1347 sui
903 1315 944 1347 ab
969 1315 1106 1348 ecclesia
1127 1315 1396 1348 Halberstadensi
1419 1321 1453 1349 et
1474 1317 1758 1359 predecessoribus
1779 1330 1854 1361 pre-

198 1362 257 1395 fati
283 1363 411 1396 Alberti
439 1365 472 1397 in
503 1365 601 1398 feodo
630 1366 810 1399 habuerunt
841 1371 874 1399 et
903 1367 1132 1409 possederunt,
1166 1367 1319 1400 videlicet
1347 1371 1486 1400 castrum
1514 1369 1747 1411 Angermunde
1782 1381 1854 1404 cum

198 1414 328 1457 oppido,
352 1419 491 1449 castrum
514 1416 722 1460 Gardeleghe
746 1430 818 1451 cum
842 1419 973 1461 oppido,
997 1419 1129 1462 opidum
1153 1418 1297 1460 Stendal,
1321 1419 1453 1462 opidum
1477 1419 1685 1462 Osterburch‚
1713 1425 1853 1455 castrum

198 1466 434 1509 Ohrumbeche,
457 1468 613 1508 Sehusen,
631 1470 774 1503 Werben
792 1471 899 1513 opida,
923 1475 1063 1504 castrum
1078 1471 1269 1504 Arenburch
1297 1475 1330 1503 et
1353 1471 1506 1513 decimas,
1529 1476 1687 1514 monetas,
1710 1474 1855 1507 thelonia

197 1528 269 1551 cum
298 1519 555 1553 iurisdicionibus
579 1521 778 1554 districtuum
801 1523 1020 1565 predictorum
1042 1523 1084 1555 ad
1107 1524 1337 1565 requisiciones
1367 1527 1401 1556 et
1422 1525 1595 1556 instancias
1617 1529 1743 1557 nostras
1766 1529 1853 1559 recte

153 1579 178 1600 ²»
198 1573 231 1603 et
253 1571 403 1613 legaliter
424 1572 660 1606 infeodaverit¹
682 1575 811 1606 nomine
839 1576 969 1617 proprio
1000 1579 1033 1607 et
1065 1576 1164 1617 ipsius
1197 1576 1334 1617 preteeti
1368 1575 1424 1607 filii
1452 1577 1566 1617 nostri,
1601 1578 1691 1609 cuius
1717 1578 1853 1610 tutelam

196 1623 354 1664 gerimus,
391 1625 593 1666 presentibus
623 1626 812 1668 profitemur
840 1627 943 1668 ipsum
971 1626 1073 1659 filium
1105 1630 1247 1659 nostrum
1276 1637 1315 1658 ac
1346 1627 1486 1659 heredes
1515 1638 1590 1659 suos
1619 1639 1852 1671 recognoscere

197 1673 327 1715 debere,
350 1678 497 1717 pretacta
519 1677 617 1709 feoda
639 1678 681 1709 ab
705 1679 775 1720 ipsa
801 1678 938 1711 ecclesia
960 1680 991 1710 in
1015 1678 1111 1711 feodo
1135 1679 1257 1710 habere
1280 1682 1314 1711 et
1336 1682 1448 1711 tenere
1478 1683 1511 1711 et
1541 1680 1627 1722 quod
1651 1680 1693 1712 ab
1716 1681 1853 1714 ecclesia

196 1725 317 1758 feodali
344 1727 446 1768 tytulo
474 1729 618 1771 recipere
646 1733 823 1762 teneantur.
874 1731 1031 1763 Preterea
1065 1731 1091 1762 si
1122 1729 1255 1762 forsitan
1283 1730 1393 1772 aliqua
1423 1730 1465 1762 de
1499 1733 1653 1773 pretectis
1685 1733 1852 1775 sepedicto

195 1776 262 1809 filio
284 1781 394 1810 nostro
416 1779 468 1811 vel
491 1780 666 1813 heredibus
688 1782 752 1813 suis
775 1782 879 1814 evicta
902 1782 1031 1823 fuerint,
1054 1781 1096 1814 ad
1120 1782 1316 1814 eviccionem
1340 1793 1397 1814 seu
1420 1792 1653 1825 reconpensam
1676 1785 1852 1817 eorundem

153 1835 178 1856 *ο
195 1829 300 1871 ipsam
331 1830 503 1863 ecclesiam
526 1832 837 1866 Halberstadensem
871 1844 928 1866 seu
963 1835 1150 1876 episcopum
1184 1835 1239 1876 qui
1273 1845 1331 1876 pro
1360 1837 1507 1876 tempore
1538 1834 1635 1867 fuerit
1659 1846 1719 1868 nec
1749 1838 1852 1869 teneri

196 1881 343 1913 volumus
365 1892 424 1914 nec
447 1883 691 1925 quomodolibet
714 1885 859 1927 obligari.
948 1885 985 1917 In
1009 1886 1098 1918 cuius
1121 1886 1167 1918 rei
1191 1886 1408 1918 testimonium
1433 1890 1601 1928 presentes
1623 1886 1748 1919 litteras
1775 1898 1851 1920 con-

197 1933 292 1965 scribi
315 1936 348 1966 et
370 1938 478 1967 nostre
501 1936 680 1968 maiestatis
702 1937 807 1978 sigillo
831 1937 980 1968 iussimus
1003 1938 1201 1969 communiri.

301 1985 378 2018 Dat.
400 1986 434 2018 in
456 1987 661 2027 Arenstetem
684 1988 763 2020 1111.
780 1988 858 2020 Idus
881 1989 1036 2030 Augusti,
1059 1999 1142 2021 anno
1165 1989 1297 2021 Domini
1321 1988 1492 2021 millesimo
1516 1991 1743 2022 trecentesimo
1768 1992 1852 2024 vice-

195 2036 276 2068 simo
298 2037 410 2079 tercio,
433 2039 525 2081 regni
548 2049 624 2071 vero
648 2040 747 2072 nostri
771 2050 854 2072 anno
878 2051 973 2073 nono.

151 2207 176 2227 ⁸⁸
429 2208 516 2245 775.
556 2210 761 2255 Infeudatio
789 2211 980 2247 abbatissae
1008 2211 1343 2256 Quedlinbumensis.
1451 2213 1540 2258 Any.
1559 2214 1617 2247 19.

229 2280 468 2364 mOrtssqinalc
490 2283 567 2326 (or.)
591 2283 713 2317 ibidem.
760 2284 959 2317 Contulimus
980 2295 1046 2317 nos.
1092 2284 1211 2317 Pendet
1237 2284 1377 2326 siqillum
1400 2284 1519 2318 laesum
1541 2285 1606 2326 filis
1627 2288 1738 2320 sericis
1760 2289 1850 2322 rubei

194 2341 228 2363 co
308 2357 315 2366 .

301 2387 447 2428 Biihmer,
470 2389 546 2431 Rey.
563 2391 674 2424 Ludw.
694 2402 727 2432 p.
743 2394 786 2424 36
808 2403 858 2424 nr.
876 2394 947 2424 615.

302 2465 496 2499 Ludowicus
517 2467 582 2500 Dei
604 2470 709 2510 gratia
731 2469 953 2502 Romanorum
982 2480 1039 2501 rex
1067 2479 1196 2511 semper
1222 2474 1377 2512 augustus
1464 2472 1641 2504 venerabili
1664 2474 1695 2506 in
1719 2474 1812 2507 Chris
1815 2479 1847 2507 to

150 2526 177 2546 ω
195 2516 288 2548 Ieute
311 2505 473 2550 abbatisse
500 2519 532 2550 in
556 2519 767 2563 Quedelburg
795 2522 932 2554 ecclesie
955 2521 1117 2562 secularis,
1148 2522 1284 2563 principi
1307 2532 1364 2554 sue
1387 2522 1506 2556 dilecte
1593 2526 1732 2567 gratiam
1756 2537 1846 2559 suam

194 2570 227 2599 et
250 2578 345 2600 omne
368 2568 497 2602 bonum.

303 2620 387 2657 Quia
417 2620 653 2664 fidedignorum
679 2623 835 2655 relatibus
862 2634 972 2655 sumus
1002 2623 1270 2656 certitudinaliter
1299 2625 1461 2657 informati
1494 2630 1526 2658 te
1557 2630 1645 2659 tanta
1679 2628 1846 2661 debilitate

193 2671 336 2713 corporis
359 2676 595 2714 pregravatam,
619 2674 705 2716 quod
729 2674 770 2706 ad
793 2674 997 2716 suscipienda
1020 2675 1142 2716 regalia
1166 2674 1261 2707 feoda
1285 2675 1341 2707 tibi
1365 2681 1398 2709 et
1421 2677 1557 2710 ecclesie
1581 2682 1635 2710 tue
1654 2681 1846 2721 pertinentia

297 2756 323 2788 1)
343 2755 434 2790 Supra
452 2765 493 2784 nr.
509 2762 564 2786 773.

1587 2817 1635 2843 76·
