2158 3138
6 742 17 827 ’ἕ

6 828 18 927 Ξ,

8 931 13 973 ἕ

477 144 575 172 ACTA
591 143 709 172 *REGNI
727 143 911 172 LUDEWICI
931 143 976 171 lv.
996 143 1042 171 ΕΤ
1062 143 1246 172 FmDEmm
1268 145 1315 172 111.
1353 146 1427 173 1314.
1464 146 1511 173 Nr.
1526 146 1582 174 120.
1795 153 1853 182 119

199 232 243 264 ris
265 230 409 274 periculo
433 230 475 262 ad
498 230 636 263 eundem
653 231 759 264 locum
775 229 1001 263 Frankenfurd

199 283 336 315 termino
363 281 548 324 supradicto
578 283 689 315 venire
718 285 752 314 et
780 283 935 314 interesse
958 280 1000 312 ad

199 333 392 366 electionem
423 333 520 365 futuri
548 334 635 375 regis
665 333 886 366 Romanorum
921 333 1003 364 sicut

200 385 398 427 premittitur
420 384 658 426 celebrandam,
732 395 794 427 ego
818 384 930 416 nolens
953 384 1002 415 ius

169 447 180 467 s
199 436 298 469 michi
337 436 466 468 nomine
501 436 638 468 ecclesie
673 446 746 468 mee
779 436 813 467 in
843 435 1001 467 electione

199 487 349 531 predicta
376 491 564 529 competens
590 487 759 530 negligere
789 487 846 519 illa
868 487 938 519 vice
968 490 1002 518 et

197 549 238 572 ne
268 539 366 572 michi
393 542 449 571 aut
477 538 614 571 ecclesie
649 549 722 571 mee
757 537 888 580 aliquod
921 547 1000 580 quo-

197 590 379 624 modolibet
403 590 446 622 ad
466 601 599 632 presens
615 590 666 622 vel
682 591 880 632 inposterum
901 599 1001 630 gene-

198 642 262 675 rari
293 644 404 684 posset
432 641 646 683 preiudicium
674 642 706 673 in
733 641 794 673 hac
823 644 932 683 parte,
962 641 1000 672 il-

157 701 183 723 ιο
200 693 335 734 lustrem
371 692 580 735 Budolphum
627 693 778 725 comitem
822 692 999 735 palatinum

197 742 282 778 Beni
305 744 422 777 ducem
437 745 585 777 Bawarie
602 745 853 787 comprincipem
876 747 909 776 et
925 754 999 775 coe-

197 796 351 829 lectorem
387 806 495 828 meum
531 806 569 828 ac
598 796 729 828 fidelem
759 796 896 828 ecclesie
926 805 999 827 mee

199 847 262 880 feci
286 851 319 880 et
342 848 492 879 constitui
508 858 617 880 meum
633 850 758 880 certum
776 850 810 879 et
824 847 999 889 specialem

198 902 440 942 procuratorem
464 899 590 942 sibique
614 899 722 942 quoad
745 898 891 941 predicte
913 898 999 930 elec·

155 958 181 979 1⁸
199 951 295 983 tionis
310 954 386 983 tunc
403 951 550 982 instantis
565 951 736 993 negocium
753 950 898 982 commisi
917 952 999 981 tota-

196 1001 272 1035 liter
286 1003 372 1034 vices
394 1012 494 1043 meas,
518 1002 598 1034 dans
614 1002 721 1034 eidem
738 1002 879 1044 plenam,
899 1011 999 1044 gene-

197 1053 300 1086 ralem
316 1057 349 1086 et
364 1053 498 1086 liberam
517 1056 712 1096 potestatem
732 1054 800 1085 vice
823 1057 856 1085 et
871 1053 1000 1085 nomine

197 1115 272 1139 meo
294 1105 480 1138 nominandi
509 1109 543 1138 et
571 1105 713 1148 eligendi
736 1115 906 1147 personam
930 1105 999 1136 ido-

198 1167 294 1190 neam
325 1158 359 1189 in
392 1167 505 1199 regem
539 1156 761 1189 Romanorum
794 1157 827 1188 in
860 1157 1000 1199 impera-

154 1216 182 1238 Ν
198 1211 302 1242 torem
325 1208 581 1251 promovendum
603 1219 642 1241 ac
665 1208 789 1241 iurandi
807 1209 841 1240 in
860 1209 1000 1240 animam

174 1276 176 1278 ·
197 1269 306 1293 meam
329 1261 356 1292 si
379 1271 460 1303 opus
478 1260 563 1293 foret
578 1261 669 1292 iuxta
684 1260 822 1293 formam
838 1260 1000 1302 generalis

198 1312 340 1353 concilii,
371 1311 459 1354 quod
495 1323 557 1355 ego
589 1312 736 1354 legitimo
766 1312 1000 1354 impedimento

198 1361 239 1396 de
267 1374 332 1406 quo
360 1364 558 1406 premittitur
590 1367 719 1396 tenerer
751 1367 785 1396 et
816 1364 902 1406 quod
930 1373 999 1396 cre-

199 1412 311 1448 derem
328 1415 444 1448 eodem
460 1415 692 1458 impedimento
710 1415 815 1447 adhuc
832 1416 884 1447 'me
897 1415 1001 1446 teneri

155 1473 182 1495 π
200 1466 233 1499 in
255 1467 394 1499 termino
417 1466 602 1509 supradicto
626 1467 778 1509 quodque
799 1470 875 1499 tunc
896 1477 1000 1498 essem

199 1518 232 1551 in
254 1517 342 1560 loco,
372 1518 414 1551 de
444 1529 508 1560 quo
536 1519 695 1551 electores
718 1519 870 1551 absentes
893 1519 1001 1550 vocari

200 1569 322 1603 debent
349 1569 391 1602 ad
420 1570 521 1612 ipsius
550 1570 718 1602 electionis
752 1570 940 1612 negocium,
969 1573 1002 1602 et

199 1620 446 1654 nichilhominus
475 1621 540 1653 alia
569 1622 677 1653 omnia
709 1625 742 1654 et
770 1621 897 1663 singula
927 1631 1001 1653 meo

199 1673 329 1706 nomine
358 1673 515 1714 faciendi,
550 1683 612 1716 que
647 1684 706 1715 per
732 1683 785 1705 me
813 1674 840 1704 si
869 1683 1002 1715 presens

155 1734 183 1755 so
201 1734 307 1757 essem
343 1725 461 1757 facere·
485 1725 517 1756 in
554 1725 625 1767 ipso
664 1725 831 1757 electionis
866 1725 1001 1766 negocio

200 1785 329 1819 possem
352 1776 405 1808 vel
429 1776 673 1818 quomodolibet
695 1776 852 1818 expedire
861 1777 883 1808 ².

265 1838 295 1868 2.
331 1835 393 1873 Qui
409 1836 602 1878 Rudolphus
620 1847 730 1868 comes
745 1836 912 1868 Palatinus
928 1847 1001 1878 pre-

201 1888 304 1920 dictus
331 1887 516 1920 huiusmodi
543 1888 782 1930 procuracionis
811 1898 884 1920 mee
912 1898 1002 1919 man-

201 1939 312 1972 datum
349 1942 384 1971 et
415 1940 503 1971 vices
536 1950 626 1972 meas
660 1939 721 1971 sibi
754 1940 786 1971 in
820 1939 881 1971 hac
911 1943 1003 1981 parte

155 2004 183 2025 ss
202 1991 390 2024 commissas
411 1991 445 2023 in
468 2001 503 2023 se
526 1994 641 2033 sponte
665 1991 859 2033 suscipiens,
889 2001 946 2022 suo
971 1994 1004 2022 et

201 2053 276 2075 meo
298 2043 428 2075 nomine
455 2053 520 2075 una
548 2053 620 2074 cum
650 2043 722 2075 aliis
745 2042 1004 2084 conprincipibus

201 2097 238 2127 et
257 2093 492 2126 coelectoribus
516 2095 614 2134 meis,
637 2094 725 2136 apud
750 2105 830 2136 quos
853 2094 909 2126 illa
932 2094 1002 2125 vice

203 2145 290 2178 dicta
311 2145 435 2178 resedit
457 2145 586 2186 electio,
602 2146 751 2178 scrutatis
768 2147 856 2188 prius
879 2148 1004 2177 secrete

202 2200 236 2229 et
268 2197 433 2239 sigillatim
467 2197 664 2239 singulorum
699 2197 782 2229 votis
813 2200 847 2228 et
881 2196 1003 2228 eisdem

152 2261 185 2280 4⁰
202 2249 408 2291 postmodum
444 2247 633 2291 publicatis,
667 2251 829 2291 potestate
867 2248 927 2280 sibi
962 2247 1003 2279 ab

205 2300 328 2332 eisdem
352 2299 586 2332 coelectoribus
608 2301 690 2332 meis
714 2300 831 2332 tradita
847 2300 1005 2331 illustrem

201 2353 380 2394 principem
429 2351 595 2383 dominum
639 2351 839 2383 Fridericum
889 2351 1005 2382 ducem

205 2403 336 2436 Austrie
376 2406 410 2435 et
439 2402 560 2445 Styrie,
598 2403 700 2435 virum
739 2402 938 2435 katholicum
973 2405 1006 2434 et

203 2454 352 2487 omnibus
386 2454 480 2486 bonis
518 2453 773 2495 condicionibus,
817 2464 879 2496 que
917 2457 1007 2485 tanto

153 2516 186 2536 Ab
206 2506 357 2548 regimini
379 2506 461 2537 sicut
481 2508 530 2537 est
543 2505 728 2537 Romanum
743 2506 914 2548 imperium
931 2515 1007 2536 con—

204 2557 354 2597 veniunt,
384 2556 584 2589 excellenter
619 2567 677 2599 pre
712 2557 783 2588 aliis
811 2555 1009 2599 principibus

205 2607 395 2640 adornatum
430 2619 487 2640 suo
522 2618 560 2640 ac
594 2618 667 2640 meo
704 2612 738 2640 et
768 2608 905 2640 aliorum
932 2617 1006 2639 coe-

204 2658 361 2692 lectorum
384 2670 531 2692 meorum
553 2669 679 2691 mecum
697 2661 729 2691 in
744 2659 805 2692 hac
821 2661 914 2701 parte
931 2669 1007 2691 con-

309 2762 336 2795 1)
354 2761 445 2796 Supra
461 2769 504 2788 nr.
517 2765 554 2789 91.

1054 230 1192 262 eundem
1210 231 1315 263 locum
1332 232 1557 264 Frankenfflrd
1582 235 1717 265 termino
1741 245 1853 276 supra-

1054 281 1141 313 dicto
1177 283 1286 314 venire
1321 286 1355 315 et
1387 284 1544 316 interesse
1582 285 1622 316 ad
1662 285 1852 318 electionem

1055 333 1152 365 futuri
1179 335 1265 376 regis
1293 334 1513 367 Romanorum
1542 337 1624 368 sicut
1659 338 1855 378 premittitur

1055 384 1295 425 celebrandam,
1360 397 1418 418 nos
1440 387 1587 419 nolentes
1610 389 1659 419 ius
1682 388 1774 419 nobis
1796 399 1852 420 no—

1054 436 1140 467 mine
1165 437 1302 469 ecclesie
1326 441 1435 470 nostre
1464 439 1494 469 in
1525 439 1683 471 electione
1708 440 1853 481 predicta

1054 492 1242 530 competens
1264 488 1431 530 negligere
1460 490 1511 521 illa
1538 491 1607 521 vice
1639 495 1672 522 et
1698 501 1738 523 ne
1762 491 1853 523 nobis

1053 542 1110 571 aut
1126 539 1262 571 ecclesie
1278 544 1386 572 nostre
1402 541 1533 583 aliquod
1550 542 1795 583 quomodolibet
1813 543 1853 574 ad

1053 601 1186 632 presens
1200 591 1251 622 vel
1267 592 1476 633 imposterum
1490 594 1638 634 generari
1655 598 1765 635 posset
1779 605 1852 636 pre—

1054 642 1206 674 iudicium
1218 643 1249 673 in
1261 642 1321 674 hac
1334 646 1436 684 parte,
1448 644 1603 676 illustrem
1614 644 1778 677 dominum
1786 645 1854 677 Ru-

1055 692 1177 725 dolfum
1197 695 1347 726 comitem
1366 695 1541 736 palatinum
1557 696 1641 727 Reni
1658 696 1773 728 ducem
1790 697 1852 728 Ba-

1054 745 1152 776 warie
1169 746 1408 787 conprincipem
1426 749 1459 777 et
1475 747 1689 779 coelectorem
1712 752 1853 780 nostrum

1053 795 1188 828 fecimus
1211 801 1245 828 et
1268 798 1491 829 constituimus
1514 803 1655 830 nostrum
1677 803 1798 831 certum
1823 805 1857 831 et

1054 848 1230 889 specialem
1248 853 1490 890 procuratorem
1510 849 1634 891 sibique
1658 851 1764 892 quoad
1782 862 1854 893 pre-

1054 898 1140 931 dicte
1179 899 1347 931 electionis
1389 904 1463 932 tunc
1502 902 1648 933 instantis
1684 903 1854 943 negocium

1055 951 1273 982 commisimus
1297 952 1440 983 totaliter
1462 953 1549 983 vices
1572 956 1712 993 nostras,
1741 954 1855 986 dantes

1054 1002 1160 1034 eidem
1178 1003 1318 1044 plenam,
1342 1003 1528 1044 generalem
1553 1007 1587 1035 et
1609 1004 1744 1036 liberam
1762 1010 1854 1047 pote·

1054 1057 1172 1086 statem
1203 1054 1273 1086 vice
1304 1058 1338 1086 et
1366 1055 1494 1086 nomine
1525 1059 1635 1087 nostro
1669 1057 1855 1088 nominandi

1055 1109 1088 1137 et
1118 1105 1261 1148 eligendi
1290 1116 1461 1148 personam
1491 1106 1651 1148 ydoneam
1682 1108 1714 1139 in
1744 1119 1854 1150 regem

1054 1158 1273 1190 Romanorum
1302 1158 1334 1189 in
1355 1159 1582 1199 imperatorem
1600 1159 1853 1200 promovendum

1054 1220 1091 1241 ac
1115 1209 1240 1241 iurandi
1264 1210 1295 1241 iu
1319 1211 1458 1241 animam
1476 1214 1617 1242 nostram
1633 1211 1658 1241 si
1675 1221 1756 1252 opus
1772 1211 1856 1243 foret

1054 1262 1145 1292 iuxta
1168 1261 1305 1292 formam
1330 1261 1492 1302 generalis
1515 1261 1655 1302 concilii,
1684 1262 1770 1304 quod
1797 1273 1854 1294 nos

1054 1313 1214 1354 legittimo
1238 1312 1471 1354 impedimento
1501 1312 1541 1344 de
1572 1324 1634 1355 quo
1658 1315 1854 1355 premittitur

1056 1368 1242 1396 teneremur
1265 1367 1298 1395 et
1321 1363 1407 1406 quod
1425 1364 1631 1396 crederemus
1654 1364 1769 1396 eodem
1794 1366 1854 1397 im-

1056 1415 1244 1458 pedimento
1278 1415 1384 1447 adhuc
1421 1426 1479 1447 nos
1515 1417 1617 1447 teneri
1652 1417 1683 1447 in
1718 1417 1855 1448 termino

1056 1467 1241 1509 supradicto
1272 1467 1424 1509 quodque
1453 1471 1527 1498 tunc
1551 1478 1694 1499 essemus
1717 1469 1748 1499 in
1772 1467 1854 1507 loco,

1057 1519 1097 1551 de
1131 1529 1194 1560 quo
1225 1519 1382 1550 electores
1418 1519 1569 1550 absentes
1598 1520 1704 1550 vocari
1736 1519 1856 1551 debent

1057 1570 1098 1602 ad
1126 1571 1226 1612 ipsius
1256 1570 1422 1602 electionis
1451 1571 1637 1611 negocium,
1666 1574 1699 1602 et
1721 1571 1855 1602 nichilo-

1056 1623 1160 1654 minus
1183 1621 1247 1653 alia
1271 1622 1378 1653 omnia
1402 1625 1435 1653 et
1457 1621 1583 1663 singula
1602 1626 1710 1653 nostro
1726 1623 1855 1654 nomine

1057 1673 1212 1714 faciendi,
1242 1684 1304 1715 que
1333 1683 1392 1714 per
1418 1683 1476 1704 nos
1509 1674 1534 1704 si
1567 1677 1734 1714 presentes
1768 1684 1855 1705 esse-

1057 1736 1128 1757 mus
1168 1725 1277 1756 facere
1316 1725 1348 1755 in
1385 1725 1485 1766 ipsius
1519 1725 1686 1756 electionis
1719 1726 1856 1767 negocio

1058 1786 1226 1818 possemus
1248 1776 1301 1808 vel
1325 1775 1571 1818 quomodolibet
1593 1775 1779 1817 expedire².

1124 1839 1152 1868 2.
1188 1837 1250 1873 Qui
1274 1836 1423 1867 dominus
1445 1836 1605 1868 Rudolfus
1629 1846 1737 1867 comes
1760 1836 1856 1867 Pala-

1059 1889 1142 1920 tinus
1186 1888 1351 1930 predictus
1396 1887 1579 1919 huiusmodi
1620 1888 1858 1929 procuracionis

1058 1943 1166 1971 nostre
1193 1939 1381 1971 mandatum
1410 1942 1443 1970 et
1469 1939 1555 1970 vices
1584 1942 1710 1970 nostras
1737 1938 1798 1970 sibi
1825 1939 1856 1969 in

1058 1991 1119 2023 hac
1132 1994 1223 2032 parte
1240 1991 1427 2022 commissas
1442 1991 1474 2021 in
1490 2000 1525 2021 se
1541 1994 1655 2032 sponte
1672 1990 1857 2031 suscipiens,

1059 2053 1116 2075 suo
1147 2045 1180 2074 et
1208 2045 1318 2074 nostro
1349 2042 1478 2073 nomine
1505 2042 1570 2073 una
1593 2052 1665 2073 cum
1688 2041 1759 2073 aliis
1782 2052 1858 2073 con-

1058 2094 1256 2137 principibus
1287 2097 1320 2125 et
1351 2092 1585 2124 coelectoribus
1612 2093 1743 2131 nostris,
1771 2092 1858 2134 apud

1060 2156 1141 2188 quos
1163 2145 1220 2176 illa
1242 2145 1312 2177 vice
1336 2144 1422 2176 dicta
1445 2144 1568 2176 resedit
1586 2144 1714 2184 electio,
1736 2147 1857 2175 scruta—

1059 2198 1100 2229 tis
1129 2197 1217 2239 prius
1244 2199 1370 2228 secrete
1399 2199 1432 2227 et
1465 2196 1630 2237 sigillatim
1663 2196 1858 2237 singulorum

1059 2249 1142 2280 votis
1159 2251 1192 2279 et
1208 2247 1330 2279 eisdem
1348 2247 1554 2289 postmodum
1571 2246 1753 2288 publicatis,
1765 2250 1858 2288 pote-

1059 2303 1142 2331 state
1174 2299 1234 2330 sibi
1262 2298 1304 2330 ab
1332 2298 1455 2330 eisdem
1480 2298 1715 2330 coelectoribus
1745 2298 1860 2329 nostris

1059 2350 1178 2383 tradita
1208 2350 1366 2381 illustrem
1395 2350 1571 2392 principem
1601 2349 1765 2381 dominum
1789 2349 1858 2380 Fri-

1059 2402 1201 2434 dericum
1233 2401 1348 2433 ducem
1376 2402 1507 2432 Austrie
1536 2404 1570 2432 et
1602 2401 1725 2442 Styrie,
1757 2401 1858 2431 virum

1058 2453 1257 2485 katholicum
1282 2456 1316 2484 et
1339 2452 1486 2484 omnibus
1505 2452 1597 2483 bonis
1613 2451 1859 2487 conditionibus,

1060 2515 1122 2546 que
1147 2507 1236 2535 tanto
1259 2504 1408 2545 regimini
1431 2504 1513 2535 sicut
1529 2507 1578 2534 est
1593 2503 1775 2534 Romanum
1799 2503 1857 2533 im-

1060 2556 1184 2597 perium
1218 2555 1424 2594 conveniunt,
1461 2554 1661 2586 excellenter
1692 2564 1749 2595 pre
1789 2553 1859 2584 aliis

1061 2606 1257 2649 principibus
1290 2606 1481 2637 adornatum
1517 2616 1574 2637 suo
1608 2616 1645 2637 ac
1684 2609 1791 2636 nostro
1826 2608 1859 2634 et

1060 2658 1196 2689 aliorum
1230 2657 1446 2689 coclectorum
1480 2661 1659 2688 nostrorum
1694 2655 1858 2687 nobiscum
