2184 3126
339 198 401 229 468
537 195 634 223 ACTA
653 194 768 222 REGNI
786 193 970 221 LUDEWICI
989 193 1037 220 IV.
1055 192 1101 219 ET
1119 191 1305 220 FRIDERIGI
1324 193 1372 220 111.
1411 194 1485 222 1320.
1523 194 1572 221 Nr.
1585 194 1644 222 582.
1662 194 1722 222 583.
1739 195 1799 223 584.

338 282 473 315 latratus
498 282 616 314 emittit
639 284 671 312 et
695 281 741 312 eis
764 279 942 311 rabidiores
965 288 1090 310 morsus
1113 278 1206 309 solite
1229 278 1330 320 pestis
1349 279 1474 321 infligit,
1498 280 1557 312 sub
1581 282 1626 312 tui
1650 281 1786 313 nominis
1808 282 1923 314 umbra
1945 293 1998 316 re-

342 335 473 376 spirent,
496 332 752 375 magnitudinem
768 334 856 362 tuam
873 333 1008 371 paterno
1031 339 1183 370 rogamus
1207 332 1240 361 et
1262 329 1429 362 hortamur
1451 331 1571 364 affectu
1594 335 1627 364 et
1649 343 1708 374 per
1730 332 1794 364 Dei
1815 334 1998 366 misericor-

338 386 425 418 diam
448 386 664 424 obsecramus,
694 383 841 425 quatinus
869 381 955 423 quod
979 381 1038 412 tibi
1061 391 1157 422 super
1178 381 1240 412 hoc
1268 381 1358 414 dedit
1381 383 1511 424 superni
1533 383 1614 425 legis
1637 383 1820 426 benignitas
1841 385 1996 427 inchoari,
2036 424 2039 428 r

340 440 490 479 prompta
518 436 738 477 magnimitate
767 434 956 465 continuans
984 432 1027 463 ad
1055 432 1141 463 illius
1168 432 1384 465 edomandam
1414 434 1600 475 superbiam
1628 446 1666 467 ac
1694 436 1779 468 vires
1807 439 1840 468 et
1863 439 1996 469 conatus

340 489 513 531 nepharios
537 486 738 527 elidendum,
766 488 801 516 ut
823 484 911 515 idem
935 483 1049 515 fideles
1077 483 1118 515 de
1144 483 1244 525 ipsius
1269 483 1365 516 Canis
1394 484 1540 517 faucibus
1566 486 1758 528 liberentur,
1788 487 1821 519 in
1850 489 1997 530 potentia
2026 494 2039 512 δ

339 540 469 571 virtutis
491 538 650 570 Altissimi
673 539 740 568 tam
763 536 912 568 celeriter
936 545 1033 577 quam
1055 537 1207 577 potenter
1228 536 1400 568 victoriosa
1423 538 1612 570 strenuitate
1634 538 1794 580 procedas
1803 539 1824 570 ¹.

362 747 435 783 583.
469 742 745 782 LUDEWIOI
772 742 1075 781 PROMISSIO
1099 743 1272 781 SUPER
1293 744 1516 783 DAMNIS
1542 745 1963 784 RESARCIENDIS.

1009 811 1118 847 1320.
1158 812 1240 847 Iun.
1265 813 1322 848 10.

443 902 604 944 Oriyinale
628 902 703 943 (or.)
730 902 767 933 in
788 901 948 934 tabulario
971 901 1145 934 Arolsensi.
1196 901 1316 934 Pendet
1337 903 1486 944 siyillum.
1514 923 1557 927 —
1584 903 1647 935 Ed.
1672 903 1862 944 chmhayen
1886 903 1993 937 ‘Wal-

333 955 492 988 deckische
514 953 828 994 Landesyeschichte’
851 953 874 984 1
895 954 1030 994 (1825);
1061 953 1343 986 ‘Urkundenbuch’
1364 965 1399 994 p.
1418 955 1482 986 143
1510 965 1560 987 nr.
1581 956 1623 986 64
1649 965 1689 986 ex
1711 965 1756 987 or.
1807 955 1992 988 Editionem
2010 962 2036 982 1⁰

337 1007 514 1049 repetimus.

440 1066 587 1103 Bo'hmer,
612 1064 686 1105 Rey.
703 1063 816 1096 Ludw.
835 1074 871 1106 p.
887 1064 932 1095 23
953 1074 1005 1097 nr.
1021 1065 1095 1096 400.

439 1143 507 1175 Nos
538 1142 733 1174 Ludowicus
761 1141 825 1173 Dei
860 1142 971 1183 gracia
1003 1141 1224 1173 Romanorum
1259 1152 1319 1173 rex
1352 1151 1482 1183 semper
1513 1145 1668 1184 augustus
1698 1143 1740 1175 ad
1769 1143 1993 1176 universorum

331 1196 484 1228 noticiam
507 1194 654 1225 volumus
676 1193 860 1234 pervenire,
895 1193 982 1235 quod
1005 1194 1080 1235 quia
1103 1193 1220 1224 nobilis
1243 1193 1292 1224 vir
1314 1192 1476 1224 Henricus
1498 1203 1607 1225 comes
1630 1193 1672 1226 de
1694 1193 1864 1226 Waldekk
1886 1194 1992 1226 fidelis

330 1250 440 1280 noster
464 1246 600 1277 dilectus
623 1244 716 1275 nobis
740 1247 850 1276 contra
873 1248 999 1276 nostros
1024 1248 1056 1276 et
1078 1245 1207 1286 imperii
1230 1244 1370 1276 rebelles
1393 1244 1533 1276 fideliter
1555 1245 1691 1288 obsequi
1717 1248 1751 1277 et
1772 1246 1892 1278 servire
1915 1256 1991 1288 pro·
2009 1250 2034 1270 ¹⁵

330 1300 432 1338 misit,
466 1308 524 1329 nos
556 1296 663 1328 eidem
693 1298 727 1327 et
754 1297 819 1327 suis
850 1297 976 1338 amicis,
1011 1307 1092 1339 quos
1120 1296 1162 1328 ad
1190 1299 1334 1328 nostrum
1358 1296 1541 1328 invitaverit
1571 1299 1605 1328 et
1631 1298 1767 1329 traxerit
1788 1297 1989 1340 obsequium,

331 1351 481 1392 dampna,
505 1349 532 1380 si
556 1358 619 1390 qua
642 1358 716 1379 eum
741 1350 774 1379 et
796 1348 884 1389 ipsos
907 1348 940 1379 in
963 1348 1100 1380 servitiis
1123 1349 1240 1380 nostris
1255 1349 1413 1380 sustinere
1429 1348 1610 1390 contigerit,
1633 1349 1838 1390 promisimus
1860 1352 1894 1381 et
1915 1359 1990 1391 pre-

330 1402 475 1435 sentibus
497 1400 715 1442 promittimus
737 1400 904 1431 resarcire.

438 1453 559 1484 Datum
582 1451 615 1482 in
638 1452 750 1482 castris
773 1451 858 1493 apud
875 1451 1088 1492 Brunenvels,
1111 1451 1191 1482 IIII.
1209 1450 1287 1482 Idus
1308 1451 1403 1491 Iunii,
1426 1461 1509 1482 anno
1532 1450 1665 1482 Domini
1679 1451 1874 1493 MOOOXX,
1897 1452 1990 1494 regni

331 1515 407 1536 vero
430 1503 532 1535 nostri
555 1513 638 1533 anno
662 1505 765 1534 sexto.
2006 1506 2033 1526 ⁹⁰

351 1696 424 1732 584.
456 1693 697 1731 ROBERTI
722 1692 882 1730 REGIS
910 1692 1149 1730 SICILIAE
1173 1693 1492 1731 TRACTATUS
1517 1692 1630 1732 CUM
1652 1694 1969 1733 FRIDERICO.

997 1761 1108 1798 1320.
1152 1762 1235 1798 Iun.
1259 1763 1316 1798 15.
1960 1757 1966 1764 ’

441 1853 601 1894 Oriqinale
633 1853 708 1896 (or.)
743 1853 780 1885 in
816 1852 976 1884 tabulario
1007 1862 1152 1884 caesareo
1177 1852 1417 1886 Vindobonemi.
1481 1853 1679 1886 Contulimus
1707 1864 1774 1886 nos.
1835 1854 1986 1896 Siyfflum

326 1906 535 1938 desideratur.
560 1924 602 1928 —-
624 1905 688 1936 Ed.
704 1904 800 1944 Kopp
823 1903 1146 1936 ‘Geschichtsbldtter’
1168 1904 1197 1942 I,
1220 1904 1285 1936 369
1308 1915 1347 1937 ex
1369 1915 1415 1937 or.

435 1964 633 1997 Documenta
655 1964 723 1996 alia
745 1967 872 1996 servata
894 1974 960 1996 non
980 1966 1073 2003 surm
1095 1963 1138 2004 cf.
1153 1964 1248 2004 Kopp
1264 1963 1459 1996 ‘Geschichte
1478 1965 1534 1996 der
1548 1965 1715 2006 eidqeniiss.
1733 1965 1861 1998 Bande’
1884 1966 1906 1999 1
1912 1965 1947 2005 V,
1962 1966 1985 1997 2
2001 1969 2028 1990 ’ὅ

323 2028 357 2057 p.
373 2018 437 2048 430
459 2019 522 2051 not.
539 2018 559 2047 4
582 2019 612 2047 et
635 2015 654 2047 l.
673 2027 698 2047 c.
715 2016 743 2054 I,
765 2017 839 2054 370,
862 2015 918 2047 ubi
941 2015 1037 2046 etiam
1059 2025 1098 2047 ex
1120 2015 1226 2047 indice
1247 2016 1356 2054 veteri,
1380 2017 1435 2048 cui
1455 2016 1644 2048 inscribitur
1667 2016 1789 2056 ‘Briefe
1811 2017 1867 2049 der
1894 2016 1984 2050 Veste

327 2068 464 2106 Baden',
487 2067 541 2107 fol.
558 2068 623 2100 LX
629 2067 699 2099 VII
705 2070 713 2085 ⁴
735 2077 785 2099 nr.
802 2068 824 2098 8
845 2069 1001 2098 notantur
1022 2066 1117 2098 haec:

434 2119 496 2151 Ein
518 2119 693 2151 buntm‘isse
723 2119 897 2150 zwischent
922 2117 1025 2160 kunig
1050 2118 1260 2150 Friderichen
1292 2118 1359 2150 und
1386 2118 1581 2151 Rotbertten
1608 2118 1710 2162 kunig
1735 2118 1776 2151 πᾶ
1797 2119 1981 2152 Jerusalem

327 2170 393 2201 und
420 2180 456 2202 ze
483 2170 606 2212 Napels
630 2174 691 2202 etc.
721 2170 786 2201 und
815 2170 873 2202 der
902 2169 1079 2212 hertzogen
1106 2180 1169 2202 von
1193 2159 1359 2202 Osterrich
1389 2170 1467 2202 umb
1490 2169 1594 2212 hilffe,
1623 2181 1660 2202 so
1689 2170 1727 2202 su
1750 2171 1904 2203 einander
1925 2170 1984 2203 tfin

328 2221 433 2253 solten
455 2232 491 2252 ze
514 2222 720 2263 Lamparten.
2001 2229 2029 2249 ⁸⁰

436 2280 580 2318 Bb'hmer,
606 2281 680 2320 Rey.
697 2281 810 2312 Isudw.
828 2292 863 2322 p.
881 2280 945 2312 415
969 2280 1203 2313 Reichssachen
1225 2291 1274 2312 nr.
1289 2282 1354 2312 410
1375 2281 1503 2323 (Addit.
1519 2282 1611 2324 III);
1641 2281 1717 2322 Rey.
1741 2283 1873 2323 episcop.
1897 2283 1980 2315 Gon-

328 2332 475 2364 stomtien.
498 2342 547 2363 nr.
564 2331 659 2363 3933.

436 2407 504 2439 Nos
526 2408 688 2440 Robertus
710 2409 773 2441 Dei
795 2411 901 2452 gratia
923 2419 983 2442 rex
1004 2409 1184 2441 Ierusalem
1208 2412 1243 2441 et
1264 2409 1387 2451 Sicilie,
1418 2410 1552 2442 ducatus
1574 2410 1694 2452 Apulie
1722 2413 1756 2443 et
1782 2411 1980 2454 principatus

330 2459 453 2501 Oapue,
476 2459 646 2491 Provincie
670 2463 702 2492 et
717 2460 948 2503 Forcalquerie
971 2471 1010 2493 ac
1023 2460 1228 2493 Pedimontis
1250 2471 1359 2493 comcs
1381 2464 1494 2494 notum
1516 2461 1652 2494 facimus
1675 2462 1822 2494 omnibus
1845 2473 1982 2505 quorum
2023 2500 2028 2501 ⁷

329 2511 464 2542 interest
485 2511 539 2542 vel
562 2512 681 2552 poterit
696 2512 863 2553 interesse,
889 2512 976 2554 quod
991 2515 1104 2544 tenore
1120 2513 1318 2554 presentium
1333 2513 1479 2554 facimus,
1502 2514 1725 2546 constituimus
1749 2517 1782 2546 et
1797 2514 1982 2546 ordinamus
2000 2519 2025 2540 ⁸⁸

328 2564 471 2593 nostrum
494 2572 606 2593 verum
634 2565 667 2594 et
696 2562 874 2605 legitimum
904 2566 1164 2605 procuratorem,
1193 2566 1352 2606 actorem,
1379 2564 1537 2597 factorem
1564 2567 1598 2596 et
1626 2565 1777 2597 nuncium
1805 2566 1981 2608 specialem

328 2612 475 2644 Leonem
512 2613 552 2644 de
582 2612 687 2654 Regio
718 2615 854 2646 militem
884 2625 1002 2656 magne
1039 2615 1126 2647 curie
1161 2618 1270 2647 nostre
1299 2616 1489 2658 magistrum
1521 2616 1733 2659 racionalem,
1767 2617 1981 2650 senescallum

329 2664 538 2696 comitatuum
570 2664 739 2696 Provincie
777 2669 810 2697 et
839 2666 1083 2708 Forcalquefie,
1117 2666 1272 2698 dilectum
1301 2666 1531 2709 consiliarium,
1555 2667 1748 2700 familiarem
1782 2671 1816 2700 et
1848 2667 1980 2700 fidelem

327 2717 471 2747 nostrum
486 2718 671 2757 presentem
694 2719 727 2748 et
748 2718 1007 2758 procurationem
1022 2717 1206 2750 huiusmodi
1227 2721 1341 2760 sponte
1364 2719 1593 2761 suscipientem
1616 2719 1659 2752 ad
1681 2719 1885 2752 tractandum
1903 2729 1979 2762 pro-

433 2799 458 2833 1)
478 2798 520 2832 Of.
538 2799 618 2826 etiam
637 2800 737 2826 Roezler
756 2801 893 2828 ‘Vatikam
906 2801 1007 2829 Akten'
1025 2810 1068 2829 νυν.
1081 2806 1130 2829 156
1147 2805 1172 2829 d
1189 2806 1242 2830 199.
1995 2811 2023 2832 ω
