2190 3172
299 213 362 244 310
572 210 671 238 ACTA
690 209 803 238 REGNI
822 209 1006 238 LUDEWICI
1026 209 1072 237 IV.
1091 209 1138 236 ΕΤ
1156 208 1341 236 FRIDERICI
1359 208 1409 236 111.
1445 208 1521 236 1316.
1558 207 1607 235 Nr.
1620 207 1679 235 870.

298 361 399 407 370.
424 361 520 407 371.
554 361 835 411 SCRIPTA
860 359 1071 407 SUPER
1094 358 1441 407 COMITATU
1466 355 1951 404 TREMONIENSI.

898 438 1007 474 1316.
1048 437 1144 483 Aug.
1168 437 1355 474 11.—13.

737 551 783 587 37
787 551 822 586 Ο.
864 550 1040 596 Scriptum
1066 550 1254 586 Friderici.
1360 550 1449 595 Auy.
1468 550 1523 584 11.

412 623 572 665 Oriyinale
594 624 668 667 (or.)
700 625 734 659 in
757 625 915 657 tabulario
937 625 1020 665 reyio
1044 624 1332 665 Dusseldorpiensi.
1381 622 1580 656 Cmvtulimus
1602 631 1668 654 nos.
1714 619 1835 652 Pendet
1856 619 1954 660 siyilli

297 674 515 716 fraymentum
537 676 602 716 filis
623 676 732 711 sericis
753 677 843 709 rubei
865 676 1002 717 flavique
1024 675 1144 708 coloris.
1167 694 1211 699 —
1233 675 1296 707 Ed.
1312 674 1492 707 Lacomblet
1509 672 1786 707 ‘Urkundenbuch’
1801 671 1873 710 III,
1889 671 1952 704 114
1982 683 1995 702 ε,

300 737 350 758 Μ.
368 728 558 819 15Ξὸΐηιξὲ.
578 780 653 821 Req.
670 781 783 815 Ludw.
801 791 837 820 p.
855 781 919 812 170
941 779 1110 812 Friedrich
1132 790 1182 813 nr.
1200 780 1250 810 93.

407 866 640 909 {Fridericus}
672 867 737 899 Dei
770 868 875 912 gratia
908 866 1129 898 Romanorum
1170 876 1229 898 rex
1263 875 1392 907 semper
1425 868 1580 906 augustus
1681 864 1838 895 universis
1872 863 1955 895 sacri

300 915 438 949 Romani
461 919 588 960 imperii
610 919 760 951 fidelibus
775 922 943 964 presentes
958 919 1083 950 litteras
1098 918 1291 960 inspecturis
1378 917 1516 959 gratiam
1539 927 1630 948 suam
1653 919 1687 948 et
1706 926 1800 947 omne
1822 915 1951 947 bonum.

407 970 500 1002 Licet
516 974 701 1002 cunctorum
725 981 816 1005 sacro
833 971 981 1002 Romano
1005 970 1222 1002 subiectorum
1245 970 1381 1011 imperio
1405 968 1603 1010 profectibus
1626 978 1666 1000 ex
1690 967 1810 1009 regalis
1832 967 1951 1000 sollici·
1970 979 1997 999 ιο

300 1021 418 1052 tudinis
442 1022 552 1053 debito
576 1022 744 1054 intendere
767 1026 947 1062 teneamur,
970 1022 1033 1053 illis
1056 1026 1165 1053 tamen
1188 1023 1297 1052 nostre
1320 1021 1539 1052 munificentie
1561 1030 1676 1052 manus
1698 1024 1847 1052 tenemur
1869 1019 1951 1051 libe-

299 1073 397 1104 ralius
424 1075 565 1115 aperire,
601 1076 656 1116 qui
682 1074 854 1116 specialius
887 1074 951 1106 fide
986 1077 1019 1105 et
1054 1084 1152 1115 opere
1187 1083 1246 1114 pro
1281 1073 1363 1104 sacri
1390 1072 1529 1104 Romani
1558 1072 1685 1114 imperii
1715 1075 1748 1103 et
1774 1071 1952 1114 reipublice

298 1125 449 1167 gerendis
473 1130 506 1158 et
522 1126 736 1158 defendendis
751 1127 894 1169 negociis
916 1127 948 1157 in
963 1128 1073 1157 nostro
1090 1125 1298 1166 resplendent
1314 1124 1452 1155 culmine
1475 1133 1534 1165 pre
1550 1124 1666 1155 ceteris
1689 1124 1828 1165 operosi.
1867 1124 1952 1156 Sane

299 1177 341 1207 ad
375 1178 594 1209 venerabilem
628 1178 818 1211 Heinricum
852 1177 1078 1210 Coloniensem
1117 1177 1396 1218 archiepiscopum
1437 1176 1519 1207 sacri
1558 1175 1686 1216 imperii
1725 1185 1785 1217 per
1821 1175 1952 1207 Italiam

300 1228 616 1261 archicancellarium
640 1230 818 1271 principem
843 1232 876 1262 et
899 1229 1108 1261 secretarium
1131 1231 1275 1259 nostrum
1299 1227 1514 1266 carissimum,
1543 1227 1598 1268 qui
1626 1237 1684 1268 pro
1708 1227 1791 1258 sacri
1813 1226 1953 1259 Romani
1972 1237 1996 1257 u·

299 1281 426 1321 imperii
462 1285 494 1312 et
527 1282 627 1312 nostri
661 1284 762 1313 status
791 1281 1032 1324 magnificentia
1061 1279 1280 1322 procuranda,
1314 1289 1378 1310 non
1413 1278 1518 1310 solum
1547 1288 1605 1309 sua
1633 1277 1691 1309 sed
1721 1281 1825 1310 semet
1846 1279 1952 1320 ipsum

299 1332 466 1374 impendet
493 1333 669 1374 intrepide,
704 1334 786 1365 sicut
818 1334 977 1367 factorum
1005 1343 1136 1364 suorum
1165 1331 1366 1373 experientia
1396 1330 1512 1363 edocet
1547 1331 1656 1372 operis
1688 1340 1748 1372 per
1781 1330 1967 1372 fulgorem,-

299 1387 408 1415 nostre
438 1385 617 1417 maiestatis
648 1385 758 1417 oculos
786 1388 1012 1418 convertentes
1046 1387 1080 1416 et
1110 1384 1241 1426 dignum
1270 1383 1464 1414 arbitrantes
1498 1382 1670 1414 ecclesiam
1702 1392 1793 1414 suam
1822 1392 1951 1414 suorum

299 1436 487 1467 meritorum
511 1437 644 1469 obtentu
669 1437 855 1470 adieccione
878 1437 1087 1478 plurimorum
1112 1436 1280 1468 feodorum
1308 1435 1485 1467 liberaliter
1507 1438 1734 1476 augmentare,
1765 1434 1953 1466 comitatum

299 1487 563 1520 Tremoniensem
587 1499 625 1520 ac
647 1489 801 1521 iudicium
826 1489 911 1532 quod
935 1489 1051 1520 dicitur
1065 1487 1300 1530 vreygraschaf
1317 1497 1443 1519 necnon
1467 1486 1621 1519 iudicium
1641 1497 1698 1518 seu
1717 1485 1954 1518 iurisditionem
1971 1495 1998 1516 ὀ

298 1540 530 1580 temporalem,
560 1544 739 1582 monetam,
769 1541 957 1575 theloneum
986 1544 1020 1572 et
1046 1540 1239 1572 fermentum
1269 1550 1307 1571 ac
1335 1538 1420 1570 bona.
1443 1539 1508 1570 alia
1530 1538 1672 1570 feudalia
1695 1548 1898 1580 quecumque
1921 1538 1954 1570 in

299 1591 396 1632 opido
414 1591 637 1624 Tremoniensi
657 1592 823 1624 Colonien.
848 1593 941 1636 dyoc.
965 1596 998 1624 et
1024 1592 1101 1623 alibi
1128 1592 1199 1632 sita,
1224 1602 1287 1633 que
1311 1590 1474 1633 quondam
1497 1589 1664 1622 Conradus
1688 1600 1796 1622 comes
1818 1589 1952 1622 Tremo·

298 1643 417 1675 niensis
440 1655 460 1675 a
483 1645 575 1676 nobis
599 1648 632 1676 et
648 1656 738 1677 sacro
754 1645 902 1677 Romano
918 1644 1055 1686 imperio
1078 1645 1111 1675 in
1134 1643 1231 1675 feodo
1255 1642 1398 1684 tenebat,
1423 1653 1462 1675 eo
1486 1643 1561 1684 quia
1584 1652 1626 1674 ex
1650 1642 1719 1673 eius
1741 1644 1856 1682 morte,
1881 1651 1953 1673 cum

301 1695 424 1737 absque
448 1696 568 1728 herede
596 1697 661 1728 ullo
690 1697 850 1738 legittimo
880 1697 1072 1736 decesserit,
1107 1695 1149 1727 ad
1176 1706 1235 1727 nos
1266 1698 1299 1727 et
1325 1705 1452 1727 sacrum
1475 1694 1657 1726 Romanum
1684 1694 1856 1735 imperium
1880 1697 1954 1726 sunt

299 1747 402 1779 libere
427 1748 593 1790 devoluta,
625 1760 697 1781 cum
728 1750 796 1780 eius
819 1749 997 1783 attinentiis
1019 1748 1177 1780 universis
1198 1747 1261 1789 ipsi
1283 1747 1529 1788 archiepiscopo
1557 1749 1591 1778 et
1614 1745 1750 1777 ecclesie
1774 1756 1830 1777 sue
1854 1745 1995 1783 Colo-‚²⁵

298 1800 401 1831 niensi
423 1801 456 1831 in
479 1802 777 1842 augmentationem
801 1801 970 1832 feodorum
986 1811 1116 1832 suorum
1131 1799 1348 1841 imperialium
1364 1798 1569 1830 concedimus
1592 1798 1624 1829 in
1647 1797 1744 1829 feodo
1767 1807 1824 1829 seu
1847 1798 1952 1839 ipsum

301 1854 334 1882 et
357 1852 527 1884 ecclesiam
550 1863 641 1884 suam
665 1853 705 1885 de
730 1854 894 1893 comitatu,
918 1852 1044 1884 iudiciis
1068 1854 1102 1883 et
1124 1852 1194 1883 aliis
1218 1850 1410 1892 supradictis
1433 1860 1475 1881 ex
1497 1850 1630 1891 speciali
1650 1852 1758 1881 nostre
1774 1850 1953 1881 maiestatis

299 1904 404 1944 gratia
418 1905 622 1945 presentibus
638 1904 851 1946 infeodamus,
875 1905 917 1936 ab
938 1905 1019 1947 ipso,
1044 1905 1108 1935 suis
1127 1902 1364 1935 successoribus
1387 1906 1420 1934 et
1435 1902 1574 1933 ecclesia
1589 1901 1774 1933 Coloniensi
1790 1900 1952 1941 habenda,

299 1955 440 1986 tenenda
464 1959 497 1987 et
519 1960 677 1998 perpetuo
702 1956 913 1998 possidenda,
943 1957 988 1988 sic
1018 1959 1054 1987 ut
1079 1955 1168 1987 nullo
1190 1965 1344 1996 umquam
1367 1957 1514 1995 tempore
1538 1953 1580 1985 ab
1603 1955 1673 1995 ipso
1696 1953 1952 1994 archiepiscopo,

299 2007 364 2038 suis
388 2008 623 2040 successoribus
647 2011 680 2040 et
703 2008 840 2040 ecclesia
864 2009 1049 2041 Coloniensi
1072 2018 1131 2049 per
1154 2007 1292 2039 cuiusvis
1314 2006 1504 2037 inversionis
1526 2005 1691 2047 ingenium
1714 2005 1951 2046 abstrahantur,
1971 2011 1996 2032 ω

299 2062 334 2089 ut
358 2063 478 2100 quanto
501 2060 685 2101 pocioribus
708 2071 727 2092 a
750 2061 842 2092 nobis
867 2060 987 2092 ditatur
1009 2059 1199 2099 honoribus,
1235 2061 1324 2090 tanto
1353 2058 1425 2099 plus
1449 2057 1590 2089 delectet
1613 2056 1768 2097 eundem,
1802 2057 1896 2088 nobis
1919 2061 1952 2088 et

300 2121 390 2142 sacro
418 2112 555 2153 imperio
582 2113 747 2144 liberalius
778 2113 951 2146 deservire.
1045 2111 1133 2143 Nulli
1161 2121 1239 2153 ergo
1263 2111 1391 2142 omnino
1419 2109 1584 2141 hominum
1611 2108 1710 2140 liceat
1737 2108 1820 2140 hanc
1843 2111 1951 2140 nostre

300 2164 514 2194 concessionis
537 2168 570 2196 et
592 2165 825 2196 infeodacionis
848 2166 986 2206 gratiam
1002 2165 1177 2206 infringere
1200 2163 1253 2194 vel
1277 2163 1306 2194 ei
1330 2172 1410 2194 ausu
1426 2161 1598 2193 temerario
1615 2161 1783 2192 contraire.
1823 2159 1857 2191 Si
1881 2160 1952 2202 quis

299 2217 408 2245 autem
430 2215 491 2246 hoc
508 2218 702 2257 attemptare
719 2218 960 2258 presumpserit,
985 2215 1188 2247 libertatibus
1212 2218 1246 2246 et
1260 2214 1363 2255 bonis,
1387 2224 1451 2256 que
1474 2213 1516 2244 ab
1532 2213 1668 2254 imperio
1684 2215 1784 2253 tenet,
1808 2212 1952 2254 privetur

300 2269 333 2296 et
355 2266 579 2298 nichilominus
595 2268 707 2309 viginti
723 2279 903 2300 marcarum
927 2269 996 2299 auri
1019 2267 1091 2309 puri
1113 2277 1231 2308 penam
1254 2265 1384 2306 incidat,
1407 2275 1466 2307 pro
1489 2264 1597 2296 media
1619 2266 1712 2305 parte
1735 2263 1812 2295 fisco
1837 2267 1871 2295 et
1892 2275 1951 2306 pro
1969 2275 1995 2295 ts

299 2317 364 2348 alia
386 2321 478 2359 parte
499 2318 584 2350 dicto
601 2320 843 2362 archiepiscopo
861 2319 1116 2361 persolvendam.
1206 2318 1243 2349 In
1259 2318 1373 2349 horum
1390 2317 1531 2348 omnium
1547 2315 1654 2356 robur,
1677 2316 1895 2348 testimonium
1920 2318 1953 2347 et

299 2372 490 2410 perpetuam
513 2371 697 2403 firmitatem
722 2375 889 2413 presentes
920 2372 1044 2403 litteras
1072 2371 1158 2402 dicto
1181 2370 1425 2411 archiepiscopo
1458 2371 1491 2400 et
1513 2368 1649 2400 ecclesie
1680 2378 1737 2399 sue
1767 2378 1863 2408 super
1890 2367 1952 2399 hiis

300 2421 497 2463 conscriptas
520 2425 553 2454 et
576 2427 683 2455 nostre
706 2425 885 2456 maiestatis
914 2424 1003 2465 regie
1031 2423 1136 2464 sigillo
1164 2432 1308 2464 appenso
1332 2420 1535 2462 presentibus
1559 2419 1706 2451 dedimus
1729 2420 1950 2451 communitas.

406 2474 490 2505 Acta
517 2478 590 2506 sunt
617 2475 677 2507 hec
707 2475 910 2516 presentibus
938 2475 1061 2506 illustre
1088 2474 1242 2506 Heinrico
1271 2473 1352 2504 duce
1375 2473 1506 2504 Austrie
1535 2474 1567 2503 et
1597 2471 1703 2512 Styrie
1733 2481 1888 2513 germano
1917 2475 1950 2503 et

299 2525 443 2566 principe
472 2530 580 2558 nostro
610 2527 779 2560 karissimo
809 2530 841 2559 et
868 2527 1099 2569 spectabilibus
1121 2526 1197 2557 viris
1220 2524 1390 2566 Rud(olfo)
1413 2523 1599 2555 marchione
1623 2523 1663 2554 de
1687 2523 1815 2564 Badeo,
1845 2523 1948 2555 Eber-
1966 2532 1993 2552 ιο

299 2576 401 2608 hardo
426 2579 543 2609 comite
567 2579 608 2610 de
624 2579 847 2621 Wirtemberg
869 2590 907 2610 ac
931 2579 1090 2610 strennuis
1114 2578 1188 2609 viris
1212 2580 1244 2609 et
1266 2576 1427 2608 nobilibus
1451 2575 1570 2607 Ottone
1594 2575 1723 2607 domino
1748 2575 1788 2607 de
1806 2575 1950 2607 Ochsen-

299 2630 395 2670 stein,
425 2629 567 2662 Rudolfo
591 2631 632 2662 de
655 2631 781 2663 Hewen
804 2631 967 2663 avunculis
994 2631 1125 2671 nostris,
1152 2629 1302 2662 Conrado
1325 2629 1366 2660 de
1390 2628 1573 2668 0fenstein,
1601 2627 1755 2659 Heinrico
1783 2631 1815 2659 et
1841 2628 1951 2660 Ulrico

299 2681 450 2714 fratribus
474 2683 514 2714 de
531 2683 670 2724 Walsse,
695 2683 814 2715 Ottone
838 2687 871 2715 et
886 2683 1058 2723 Rud(olfo)
1082 2682 1235 2714 fratribus
1258 2681 1298 2713 de
1323 2680 1565 2712 Liechtenstein
1590 2683 1623 2711 et
1638 2679 1783 2711 Iohanne
1804 2679 1951 2721 dapifero

300 2733 340 2764 de
364 2733 621 2775 Dyezzenhoven
644 2736 730 2767 curie
755 2739 861 2767 nostre
886 2736 1040 2777 magistro
1063 2744 1187 2765 necnon
1211 2732 1282 2764 aliis
1305 2732 1449 2774 pluribus
1472 2732 1651 2773 fidedignis.

407 2786 482 2818 Dat.
505 2787 537 2817 in
561 2788 672 2818 castris
695 2791 769 2818 ante
794 2787 1014 2828 Ezzelingam,
1037 2786 1098 2817 III.
1116 2785 1193 2817 Idus
1215 2785 1369 2826 Augusti,
1400 2795 1482 2815 anno
1506 2783 1638 2815 Domini
1660 2783 1694 2815 M
1717 2784 1946 2815 trecentesimo
1965 2794 1991 2814 45

299 2840 529 2879 sextodecimo,
554 2840 643 2881 regni
667 2849 743 2870 vero
768 2840 867 2870 nostri
892 2849 975 2870 anno
1000 2837 1150 2870 secundo.
