2158 3138
313 194 352 224 50
752 190 971 217 TRAOTATUS
989 190 1036 216 DE
1054 189 1267 217 ELECTIONE.
1305 190 1380 217 1314.
1416 189 1465 216 Nr.
1477 190 1519 216 83.
1538 190 1580 216 84.

311 289 384 310 nem
409 281 549 309 vestram
574 281 607 309 et
629 288 757 317 nomen,
782 277 874 308 sicuti
897 277 988 308 vobis
1011 276 1095 308 bene
1119 277 1278 317 convenit,
1302 276 1342 308 de
1368 275 1478 319 [b]ono
1499 277 1532 307 in
1548 275 1663 308 melius
1678 275 1787 307 felicia
1803 276 1966 318 suscipere

311 330 519 362 incrementa.
609 330 656 371 (3)
681 329 764 365 Quia
787 339 863 359 vero
888 328 979 359 nobis
1001 329 1033 358 in
1056 328 1165 359 littera
1189 326 1338 370 [vestra],
1362 328 1433 359 aliis
1457 328 1554 359 etiam
1579 327 1694 358 litteris
1718 327 1864 369 pluribus
1887 338 1966 370 quas

310 382 451 421 misistis,
476 391 558 412 nunc
580 380 673 412 nobis
697 380 840 421 prefatos
863 379 1078 411 Bertrandum
1102 379 1142 410 de
1167 378 1287 411 Gallifa
1311 383 1344 411 et
1366 379 1500 411 Petrum
1523 379 1608 411 Lulli
1632 390 1670 411 ac
1693 379 1776 410 filios
1798 377 1967 423 Blan[che]

312 433 353 464 de
384 432 542 465 Calderiis
570 435 603 463 et
632 433 713 463 alios
740 431 848 473 plures
883 431 937 472 qui
970 432 1002 461 in
1035 431 1150 462 vestris
1183 430 1312 462 fuerunt
1344 432 1487 462 serviciis
1513 428 1712 474 affectu[ose]
1740 431 1966 472 comendaetis,

313 484 446 516 eosdem
469 487 642 525 propterea
668 486 700 513 et
724 493 743 523 p
762 507 767 513 .
786 507 791 513 .
812 507 818 513 .
843 492 1018 524 congruum
1051 485 1084 513 et
1107 482 1297 523 expeditum
1321 486 1524 524 reputa-mus,
1548 486 1584 514 ut
1607 483 1661 524 qui
1684 482 1776 514 vobis
1799 483 1968 515 servierint
1999 493 2012 511 ⁵

311 535 474 567 favoribus
502 532 696 577 pro[sequi?]
726 533 918 565 habebimus
948 533 1102 564 ...tosa
1197 533 1244 574 (4)
1271 533 1430 566 Preterea
1462 533 1570 576 s[cir]e
1604 545 1661 566 vos
1689 534 1851 575 volumus,
1880 534 1967 576 quod

310 587 358 617 vir
381 586 496 618 nobilis
519 586 677 617 Henricus
700 595 809 616 comes
833 584 962 616 Goricie
986 595 1023 615 ac
1040 584 1176 626 Tyrolis,
1194 583 1467 628 [Aquilegiensis],
1485 585 1739 617 Tridentinensis
1762 589 1795 617 et
1818 586 1966 618 Brixien-

311 639 353 668 sis
377 637 585 669 ecclesiarum
609 637 785 668 advocatus
807 646 932 667 necnon
950 639 1034 667 terre
1050 636 1281 667 Foroiuliensis
1297 637 1484 678 capitaneus
1500 637 1660 678 generalis
1675 637 1769 669 nobis
1786 662 1792 669 .
1812 664 1817 669 .
1836 664 1843 671 .
1865 636 1967 680 [per]⁶

311 699 402 720 suam
425 689 566 719 litteram
590 688 775 729 suplicavit,
799 691 835 718 ut
858 698 931 718 cum
954 688 1023 728 ipse
1048 687 1134 730 omni
1157 687 1279 719 herede
1303 689 1470 729 utriusque
1501 699 1598 720 sexus
1625 693 1736 721 careat
1757 693 1966 731 preterquam

312 740 379 771 solo
403 739 505 783 fi[lio],
528 738 647 782 [qu]em
671 739 811 770 nondum
836 740 945 780 aliqua
969 739 1135 770 coniunxit
1158 740 1274 780 copula
1290 740 1530 781 matrimoniali,
1548 740 1755 782 dignaremur
1774 742 1806 772 in
1822 741 1968 782 partibus
1988 751 2012 772 ιο

310 793 425 823 nostris
456 792 495 822 de
526 792 634 832 aliqua
662 790 870 832 copulacione
899 790 985 822 dicto
1014 790 1080 821 filio
1111 801 1168 821 suo
1198 791 1336 832 prebere
1364 792 1530 833 auxilium,
1555 792 1723 824 consilium
1748 796 1781 824 et
1806 794 1967 824 iuvamen.

311 843 391 875 Ideo
426 843 640 884 significamus
672 842 779 883 vobis,
815 842 901 884 quod
934 853 994 873 nos
1027 842 1214 883 specialiter
1246 846 1380 884 propter
1414 854 1484 883 vos,
1518 847 1555 875 ut
1581 845 1614 875 in
1643 844 1721 885 ipsis
1750 844 1896 885 partibus
1927 845 1968 876 de

313 895 511 926 naturalibus
539 895 637 925 nostri
668 894 801 925 dominii
828 894 993 925 haberetis
1023 894 1238 925 recreacionis
1262 898 1295 925 et
1318 894 1428 926 leticie
1452 905 1599 936 causam,
1623 896 1708 927 circa
1731 896 1792 927 hoc
1816 895 1968 928 daremus

313 957 445 988 operam
476 950 675 988 oportunam.
721 946 906 987 Eapropter
932 956 1007 986 vos,
1036 956 1108 977 cum
1139 949 1332 987 oportunum
1361 946 1452 978 vobis
1481 948 1670 987 occurrerit,
1699 948 1881 980 certificetis
1909 959 1968 982 nos

313 999 353 1029 dc
377 998 565 1030 condicione
596 998 671 1029 dicti
696 998 822 1029 comitis
853 1000 886 1029 et
909 997 1086 1029 nobilitatis
1117 1000 1150 1028 et
1173 997 1331 1029 honorum
1355 1009 1484 1030 suorum
1509 1009 1634 1030 necnon
1657 999 1698 1030 de
1722 999 1910 1031 condicione
1935 1003 1969 1031 et
1988 1010 2011 1029 ιι

313 1053 400 1081 etate
430 1050 506 1081 dicti
541 1050 598 1081 filii
627 1051 676 1081 sui
707 1053 740 1080 et
774 1049 814 1080 de
845 1049 933 1088 aliis,
962 1048 1003 1080 de
1034 1048 1150 1090 quibus
1179 1059 1237 1080 nos
1264 1049 1348 1080 circa
1377 1049 1437 1081 hec
1461 1050 1605 1082 videritis
1627 1050 1856 1083 informandos.
1901 1051 1970 1083 Nos

313 1102 397 1133 enim
432 1106 549 1132 extunc
577 1102 661 1132 circa
689 1101 939 1142 suplicacionem
969 1101 1095 1131 comitis
1124 1101 1311 1142 memorati,
1343 1105 1439 1142 prout
1465 1102 1558 1133 nobis
1590 1102 1768 1143 expediens
1798 1102 1968 1144 videbitur,

312 1153 524 1184 intendemus.
629 1152 676 1192 (5)
710 1152 833 1183 Rursus
869 1152 943 1193 quia
977 1162 1037 1193 per
1071 1155 1212 1183 vestram
1247 1151 1389 1183 litteram
1424 1153 1641 1184 comendastis
1674 1153 1767 1185 nobis
1800 1154 1970 1197 religiosos

313 1204 445 1236 fratrem
469 1228 475 1235 .
493 1229 500 1236 .
520 1204 546 1235 .f
567 1204 785 1235 confessorem
808 1206 952 1235 vestrum
970 1206 1003 1234 et
1018 1203 1151 1235 fratrem
1168 1203 1387 1235 Raimundum
1405 1206 1526 1236 socium
1544 1205 1613 1236 eius
1629 1215 1754 1236 necnon
1774 1209 1807 1237 et
1823 1206 1969 1239 ordinem

315 1267 436 1297 eorum,
461 1256 576 1298 quibus
599 1267 655 1287 vos
680 1266 721 1287 ex
744 1255 888 1286 serviciis
912 1254 984 1297 [per
1007 1253 1166 1298 dictos?]⁸
1189 1255 1305 1286 fratres
1329 1255 1420 1287 vobis
1442 1256 1585 1297 prestitis
1612 1257 1770 1298 reputatis
1793 1268 1835 1290 ex
1858 1258 1969 1291 debito
1987 1267 2014 1286 ὀ

313 1308 499 1348 obligatam,
523 1319 637 1349 preces
661 1311 784 1339 vestras
806 1306 990 1338 huiusmodi
1014 1307 1224 1348 proponimus
1251 1307 1476 1339 favorabiliter
1499 1307 1665 1340 exaudire.
1711 1308 1780 1340 Vos
1802 1313 1912 1342 autem
1934 1313 1972 1342 ut

313 1360 396 1391 bene
427 1360 571 1401 cepistis,
599 1360 799 1401 propositum
831 1362 864 1390 et
894 1358 1105 1389 devocionem
1138 1362 1279 1389 vestram
1307 1359 1339 1389 in
1368 1359 1438 1400 ipso
1471 1359 1583 1391 ordine
1605 1359 1852 1392 predicatorum
1879 1372 1971 1394 more

314 1415 483 1452 parentum
513 1422 658 1443 meorum
688 1411 720 1442 in
748 1411 888 1442 Domino
917 1410 1127 1451 confirmetis,
1156 1409 1306 1441 habendo
1338 1414 1531 1442 conventum
1561 1411 1696 1443 fratrum
1723 1411 1970 1446 Predicatorum

313 1463 438 1494 Vienne
463 1464 648 1504 specialiter
671 1462 909 1494 comendatum.
955 1461 1082 1493 Tenere
1106 1465 1216 1493 autem
1241 1472 1258 1493 e
1282 1462 1374 1494 firmo
1398 1460 1592 1506 [potestis?],
1623 1463 1709 1505 quod
1733 1474 1775 1496 ex
1797 1464 1969 1497 laudabili-

311 1515 371 1546 bus
388 1518 420 1546 et
436 1515 497 1556 piis
514 1515 674 1556 operibus,
698 1524 760 1556 que
784 1515 817 1545 in
840 1513 951 1545 ordine
975 1514 1045 1555 ipso
1069 1513 1158 1554 fiunt,
1182 1513 1267 1555 apud
1286 1513 1393 1546 Deum
1414 1515 1561 1556 poteritis
1576 1515 1797 1557 multipliciter
1813 1516 1967 1550 adiuvari.
1987 1525 2012 1544 ’ὓ

420 1566 568 1608 Denique
600 1567 738 1598 scientes
770 1567 911 1597 animum
942 1569 1084 1597 vestrum
1119 1566 1243 1597 tociens
1277 1565 1319 1596 ad
1355 1566 1507 1607 gaudium
1543 1567 1704 1608 renovari,
1739 1568 1892 1609 quociens
1926 1569 1967 1600 de

311 1618 403 1649 nobis
420 1618 511 1649 vobis
536 1629 691 1659 prospera
713 1619 915 1658 nunciantur,
938 1622 1112 1660 propterea
1129 1618 1220 1650 vobis
1244 1622 1368 1650 certum
1392 1619 1536 1660 facimus,
1554 1619 1640 1662 quod
1657 1619 1796 1651 faciente
1819 1620 1886 1660 illo,
1909 1632 1969 1663 per

313 1680 410 1711 quem
439 1680 612 1711 regnamus
647 1674 679 1701 et
709 1671 858 1711 vivimus,
893 1681 951 1701 nos
983 1681 1045 1702 una
1075 1681 1145 1702 cum
1175 1670 1293 1702 inclitis
1322 1670 1432 1702 liberis
1462 1672 1578 1702 nostris
1607 1671 1785 1703 karissimis
1816 1671 1969 1704 fratribus

313 1722 427 1752 vestris
451 1722 547 1763 plena
572 1732 741 1763 corporum
766 1723 922 1763 sospitate
945 1723 1102 1763 vigemus.

397 1773 518 1804 Datum
542 1774 660 1814 Ilerde,
684 1774 774 1805 XVI.
799 1773 966 1805 Kalendas
988 1773 1194 1813 Novembris,
1217 1784 1301 1805 anno
1325 1774 1454 1805 Domini
1479 1773 1711 1806 MOCGXIIH.
1951 1784 1957 1790 ·
1987 1781 2014 1800 ⁸⁰

1600 1825 1693 1857 Idem
1715 1829 1751 1857 ut
1773 1837 1870 1868 supra
1881 1827 1903 1858 ¹.

467 2017 648 2063 84—90.
690 2017 1151 2064 TRACTATUUM
1179 2019 1225 2063 A
1253 2017 1433 2064 DUCE
1467 2017 1813 2063 BAWARIAE

673 2081 1083 2127 HABITORUM
1111 2080 1619 2139 CONTINUATIO,

1012 2158 1092 2194 Oct.
1113 2158 1202 2194 6.—
1216 2158 1276 2194 ΞΟ.

530 2265 591 2300 84.
632 2265 804 2310 Scriptum
824 2277 892 2310 pro
920 2266 1038 2301 comite
1064 2265 1224 2311 Poppom'
1249 2266 1292 2301 de
1317 2266 1532 2311 Hemebery.
1639 2265 1710 2302 Oct.
1730 2267 1762 2301 6.
1987 2279 2015 2300 ει

426 2329 586 2369 originale
615 2331 748 2369 reperiri
778 2341 843 2362 non
871 2333 1007 2370 poterat.
1044 2349 1084 2354 —-
1118 2330 1181 2362 Ed.
1206 2330 1389 2372 (Schultes)
1420 2330 1676 2371 ‘Diplomatische
1707 2330 1888 2363 Geschichte
1918 2331 1972 2364 des

317 2380 509 2419 Gro‘iflichen
531 2381 659 2413 Hauses
681 2382 878 2422 Hennebery'
902 2381 925 2414 Ι
945 2382 1061 2423 (1788)
1082 2393 1114 2422 p.
1130 2383 1194 2414 294
1217 2393 1268 2414 nr.
1285 2384 1339 2420 10,
1369 2393 1430 2422 quo
1453 2393 1492 2414 ea:
1517 2382 1604 2420 fonte
1625 2383 1737 2414 nescio.
1789 2382 1972 2415 Editionem

314 2432 482 2471 repetimus
504 2433 554 2464 hic
577 2433 642 2464 illic
664 2436 840 2465 correctam.

423 2488 573 2528 Reyesten
595 2489 650 2520 der
672 2489 881 2530 Pfalzqrafen
903 2500 953 2521 nr.
971 2490 1066 2522 1916.

422 2569 490 2600 Nos
513 2569 695 2601 Ludovicus
715 2571 778 2602 Dei
801 2572 910 2613 gracia
934 2582 1042 2603 comes
1063 2572 1224 2613 palatinus
1245 2571 1349 2603 Reni·
1365 2571 1432 2603 dux
1449 2571 1617 2603 Bawarieb
1637 2575 1749 2603 tenore
1766 2573 1968 2613 presencium
1988 2581 2015 2601 ιο

314 2622 518 2662 profitemur,
547 2623 632 2663 quod
665 2623 762 2654 nobili
793 2624 860 2654 viro
890 2623 1039 2665 Bopponi
1074 2623 1244 2665 spectabili
1279 2624 1388 2655 comiti
1421 2623 1461 2654 de
1491 2622 1692 2665 Henneberg
1722 2634 1780 2665 pro
1810 2634 1849 2655 eo
1882 2624 1970 2666 quod

420 2699 467 2725 83.
498 2699 523 2732 d)
545 2702 576 2725 12
589 2701 696 2727 litterae.
785 2703 808 2733 e)
829 2705 896 2727 5—6
910 2703 1016 2728 litterae.
1105 2701 1126 2734 ¹')
1144 2704 1209 2728 1—2
1222 2703 1329 2728 litterae.
1418 2703 1442 2734 ⁸)
1461 2706 1477 2728 4
1490 2703 1607 2728 litterae·

419 2751 465 2778 84.
495 2753 517 2782 Β)
536 2753 618 2777 Rheni
638 2754 676 2778 ed.
765 2753 789 2786 ¹³)
809 2756 918 2780 Bavarie
937 2755 975 2780 ecl.

421 2812 445 2844 1)
468 2811 507 2845 Cf.
523 2819 587 2846 pagi
603 2812 699 2845 79Jin.
715 2817 751 2839 16.
