2184 3126
334 214 397 245 616
579 209 676 236 ACTA
696 207 808 235 REGNI
826 205 1011 233 LUDEWICI
1030 204 1077 232 lv.
1096 203 1142 231 ET
1161 201 1347 230 FRIDERICI
1365 201 1415 228 111.
1452 201 1527 228 1323.
1564 199 1613 227 Νι.
1626 199 1686 228 791.
1704 199 1764 228 792.

334 308 396 330 ane
425 297 576 340 geverde.
665 295 739 327 Und
769 294 826 326 das
853 294 911 325 wir
939 293 1047 324 dissen
1075 291 1119 322 eit
1147 290 1206 322 mit
1233 289 1325 320 disen
1355 287 1518 330 gedingen
1546 297 1588 319 an
1615 286 1672 319 des
1699 286 1806 318 riches
1834 288 1898 318 stat
1924 285 1990 318 han

335 348 537 391 enphangen,
561 347 619 379 dar
640 347 738 379 umbe
761 357 796 377 so
820 345 925 387 geben
948 345 1006 376 wir
1027 353 1124 374 unser
1145 340 1304 383 ingesigel
1327 350 1369 372 an
1392 340 1484 371 disen
1507 339 1656 371 offennen
1679 337 1767 370 brief
1784 338 1908 370 zeinem
1930 347 1989 380 ge-

335 410 443 432 weren
466 399 613 431 urkunde
636 398 716 430 alles
740 397 798 429 des
819 397 873 428 hie
896 394 1124 436 vorgescriben
1147 395 1221 424 stat.

442 451 510 483 Der
532 453 612 482 wart
627 449 777 492 gegeben
792 459 828 479 ze
845 446 1054 488 Beggenriet‚
1083 455 1124 476 an
1148 444 1223 476 dem
1245 443 1402 475 nechsten
1417 442 1554 484 Vritage
1569 442 1653 474 nach
1677 444 1749 473 sant
1762 440 1991 483 Leodegarien

336 506 426 545 tage,
457 503 489 533 in
517 502 591 533 dem
618 502 690 541 jare
719 500 759 531 do
783 510 856 531 man
879 499 963 530 zalte
987 507 1049 528 von
1073 495 1188 528 Gottes
1211 494 1348 537 guburte
1373 493 1667 526 drizehenhundert
1685 494 1739 535 jar
1759 492 1827 525 und
1849 491 1992 525 druund-
2020 508 2035 528 s

336 563 477 594 zwenzlg
497 563 557 593 Jar.

513 733 587 769 792.
625 731 894 769 IOHANNIS
918 731 1044 767 XXII.
1068 730 1245 767 PAPAE
1273 729 1479 767 PRIMUS
1507 728 1815 768 PROCESSUS

773 786 989 824 CONTRA
1011 785 1342 823 LUDEWICUM
1364 785 1560 823 REGEM.

1026 855 1134 891 1323.
1171 854 1252 892 Oct.
1273 855 1308 891 8.

451 957 629 998 Oriyinalia
651 959 775 989 servata
797 967 860 989 non
882 959 966 988 sunt.
1012 956 1196 988 Editionem
1218 955 1434 988 instruximus
1455 965 1471 987 e
1493 954 1650 987 codicibus
1671 955 1728 994 qui
1749 956 1943 995 sequuntur:
2011 966 2039 987 ιο

446 1018 480 1050 Μ
502 1018 644 1050 minutae
671 1017 836 1058 oriyinalis
863 1018 1077 1057 fraymentum
1106 1017 1196 1058 (inde
1226 1027 1248 1048 a
1273 1026 1351 1057 paq.
1369 1016 1433 1048 617
1456 1015 1511 1048 lin.
1528 1017 1570 1047 10
1598 1025 1699 1056 usque
1726 1015 1771 1047 ad
1798 1014 1854 1047 lin.
1870 1015 1929 1055 34)
1958 1014 1995 1046 in

338 1070 541 1111 Reqestorum
563 1069 826 1101 Avinionensium
857 1069 1011 1100 tabularii
1040 1068 1189 1100 Vaticani
1220 1071 1292 1101 tom.
1313 1068 1380 1099 204
1408 1067 1461 1107 fol.
1481 1067 1563 1106 401,·
1596 1067 1713 1099 detexit
1740 1069 1770 1098 et
1799 1065 1996 1099 collationem

337 1122 495 1153 nobiscum
517 1120 721 1152 benivolenter
743 1121 982 1152 communicavit
1003 1131 1033 1152 a.
1051 1120 1147 1153 1899.
1169 1131 1197 1152 v.
1213 1120 1244 1152 d.
1261 1120 1422 1152 Hem-icus
1445 1118 1653 1161 Poyatschem·

451 1184 462 1212 l
489 1181 691 1221 Reyestorum
720 1180 946 1212 Vaticanorum
972 1181 1110 1212 eiusdem
1134 1180 1287 1213 tabularii
1314 1183 1387 1213 tom.
1409 1181 1472 1211 112
1493 1180 1550 1219 sol.
1566 1180 1640 1210 105¹
1668 1189 1716 1219 ep.
1731 1178 1796 1210 472
1824 1178 1861 1211 in
1885 1177 1996 1220 foma

342 1233 387 1264 ad
413 1233 682 1272 archiepiscopum
705 1232 921 1264 Ravennatem
950 1233 1047 1264 missa
1074 1232 1167 1274 infra
1194 1243 1244 1265 nr.
1267 1233 1331 1264 793
1353 1232 1490 1271 edenda;
1519 1230 1710 1263 contulimus
1737 1239 1810 1269 nos,·
1830 1229 1996 1270 praeeedit
2013 1241 2040 1262 u»

338 1284 486 1316 rubrum:
508 1284 636 1315 Primus
658 1294 846 1325 processus,·
867 1284 914 1316 cd.
931 1283 1124 1325 Raynaldus
1145 1284 1190 1315 ad
1210 1294 1241 1316 a.
1259 1283 1354 1315 1323.
1378 1294 1447 1324 cap.
1463 1284 1593 1315 30-33
1615 1293 1654 1315 etc
1679 1285 1711 1320 13

450 1346 468 1375 2
491 1344 556 1375 cod.
581 1343 779 1375 bibliothecae
794 1343 985 1376 Dresdensis
1007 1345 1039 1376 A
1055 1346 1097 1376 70
1110 1354 1191 1376 saec.
1207 1343 1303 1376 XIV.
1328 1355 1374 1376 ex.
1397 1343 1452 1384 fol.
1469 1344 1498 1383 5,
1519 1343 1576 1376 ubi
1597 1343 1697 1375 rubra
1711 1341 1892 1383 sequentia:
1913 1341 1996 1375 Pro-

341 1405 449 1428 cessus
473 1395 549 1427 facti
573 1398 683 1427 contra
706 1395 907 1427 Ludovicum
931 1395 1046 1427 ducem
1068 1395 1208 1428 Bavarie
1235 1396 1268 1427 in
1291 1395 1452 1428 discordia
1474 1396 1508 1427 in
1530 1405 1643 1437 regem
1664 1394 1884 1427 Romanorum
1908 1393 1996 1426 elec-

339 1450 422 1487 tum,
446 1447 578 1487 itemque
594 1447 713 1479 Contra
728 1447 892 1479 Bavarum
914 1447 1001 1489 quod
1015 1447 1140 1479 resiliat
1161 1458 1181 1479 a
1203 1447 1344 1479 tentoria
1359 1446 1577 1479 hereticorum
1601 1449 1634 1478 et
1655 1445 1827 1478 rebellium
1849 1443 1997 1486 ecclesie,

339 1502 375 1530 ut
398 1498 527 1531 deserat
542 1498 766 1530 administrare
790 1509 828 1530 ac
851 1509 968 1530 vocare
992 1509 1026 1531 se
1042 1509 1164 1541 regem,
1189 1499 1292 1531 donec
1307 1509 1368 1541 per
1383 1499 1555 1531 ecclesiam
1571 1497 1783 1541 approbetur3
1807 1495 1999 1530 contulimus
2015 1507 2044 1527 ω

339 1561 412 1589 nos;
438 1550 533 1582 codeoe
554 1550 793 1593 diligentissime
820 1553 988 1589 exaratus,
1020 1551 1077 1591 qui
1105 1550 1179 1583 olim
1202 1551 1269 1590 fuit
1294 1550 1402 1583 Caroli
1422 1550 1530 1583 Ioach.
1550 1550 1671 1582 Colbert
1700 1549 1837 1590 episcopi
1858 1548 1998 1581 Montis-

335 1602 502 1642 pessulani
510 1603 531 1640 ¹,
548 1604 627 1633 certe
642 1602 724 1633 redit
738 1602 782 1633 ad
797 1601 940 1634 ‘Librum
953 1602 1167 1642 processuum'
1182 1603 1308 1634 omnino
1323 1612 1468 1634 coaevum
1483 1612 1500 1634 e
1515 1601 1658 1643 Reyestis
1673 1600 1885 1642 compilatum,
1907 1610 2000 1641 quem

342 1654 479 1686 notariis
501 1653 709 1685 cancellariae
732 1654 805 1685 usui
826 1654 928 1692 fuisse
950 1655 986 1686 in
1009 1655 1087 1694 ipsis
1109 1654 1252 1695 Reqestis
1274 1654 1319 1686 ad
1339 1665 1370 1687 a.
1388 1655 1482 1686 1328.
1506 1654 1588 1694 Apr.
1612 1653 1697 1686 Mai.
1722 1651 1999 1686 commemoratur:

343 1710 403 1738 etc.
429 1716 530 1748 usque
554 1724 594 1728 —
619 1706 701 1737 sicut
723 1706 755 1737 in
778 1705 876 1738 Libro
893 1716 1102 1748 processuum
1124 1707 1305 1739 continetur
1327 1708 1357 1738 et
1379 1708 1439 1738 etc.
1463 1710 1500 1737 ut
1522 1708 1571 1737 est
1593 1705 1626 1736 in
1641 1704 1740 1737 Libro
1756 1702 1997 1747 processuum²;

342 1758 388 1789 cd.
406 1757 553 1788 Martcne
575 1759 603 1788 et
626 1756 768 1788 Durancl
791 1757 990 1790 ‘Thesaurus
1011 1758 1254 1790 Anecdotorum'
1276 1758 1328 1797 ΙΙ,
1352 1757 1415 1789 644
1438 1768 1476 1789 ea:
1500 1759 1538 1796 2;
2017 1763 2044 1784 2⁵

452 1819 469 1849 3
502 1817 590 1856 copia
618 1827 730 1849 coaeva
758 1818 947 1858 ezemplaris
969 1819 1013 1850 acl
1044 1820 1222 1859 episcopum
1243 1819 1504 1859 Aryentinensem
1533 1817 1635 1856 missi,
1669 1827 1750 1858 quae
1776 1817 1812 1848 in
1841 1815 2000 1848 tabulario

343 1868 481 1900 civitatis
495 1871 655 1907 servatum
677 1869 868 1901 contulimus
883 1879 940 1902 nos
945 1880 957 1909 ,·
979 1870 1240 1911 neyliyentissime
1254 1870 1375 1910 scripta
1391 1872 1446 1908 est,
1468 1870 1578 1910 itaque
1590 1879 1715 1911 paucas
1729 1868 1874 1901 lectiones
1887 1867 1999 1900 var-'as

344 1920 573 1952 adnotavimus.

455 1979 506 2021 Cf.
529 1980 597 2011 alia
619 1981 812 2020 eoeemplaria
835 1982 879 2013 ad
900 1993 949 2014 nr.
969 1983 1032 2014 793
1054 1983 1163 2022 citata,
1187 1993 1268 2023 quae
1290 1983 1417 2015 omnino
1439 1992 1503 2014 non
1525 1982 1729 2022 inspeximus.

452 2040 598 2079 Bo'hmer,
621 2041 697 2081 Rey.
714 2042 828 2075 Ludw.
846 2053 878 2082 p.
893 2044 958 2075 215
982 2043 1097 2076 Pa'bste
1119 2054 1169 2078 ur.
1186 2045 1238 2074 14.
2019 2049 2046 2069 ³⁰

454 2126 633 2159 Iohannes⁸
657 2128 827 2170 episcopus
850 2139 960 2160 servus
983 2139 1149 2161 servorum
1171 2129 1263 2161 Dei⁸.
1352 2129 1405 2161 Ad
1429 2131 1623 2171 perpetuam
1645 2129 1693 2160 rei
1715 2127 1917 2159 memoriam.

458 2181 483 2209 1.
507 2179 733 2221 Attendentes,
758 2180 843 2222 quod
868 2180 943 2212 dum
968 2181 1067 2212 errori
1090 2192 1154 2212 non
1170 2182 1338 2221 resistitur,
1362 2181 1390 2212 is
1412 2181 1454 2213 ad
1478 2191 1574 2223 quem
1597 2180 1768 2212 resistere*
1791 2179 1934 2221 pertinet
1955 2178 2003 2210 illi

346 2232 519 2270 utcumque
535 2232 730 2271 presumitur
745 2233 935 2274 consentire,
959 2233 1111 2274 quodque
1127 2233 1319 2275 plerumque
1335 2232 1456 2265 iustitie
1477 2232 1669 2274 opprimitur
1684 2232 1813 2271 veritas,
1837 2231 1863 2262 si
1887 2229 2002 2263 defen-

348 2280 444 2310 sionis
460 2285 615 2321 oportune
638 2282 683 2313 illi
701 2283 889 2315 beneficium
905 2283 1128 2324 subtrahitur⁰‚
1152 2285 1298 2326 profecto
1321 2295 1381 2316 nec
1405 2285 1505 2316 errori
1520 2283 1719 2325 dampnabili
1736 2283 1918 2315 consentire
1941 2292 2001 2324 per

349 2332 528 2363 resistentie
551 2333 782 2375 negligentiam
806 2336 953 2367 volumus
976 2346 1081 2377 neque
1105 2337 1172 2377 pati
1195 2336 1237 2368 ob
1261 2336 1425 2368 defectum
1454 2339 1612 2378 oportune
1641 2335 1838 2367 defensionis
1866 2332 2002 2376 presidii
2017 2340 2046 2361 ⁸⁵

350 2382 501 2413 iustitiam
520 2385 655 2425 opprimi
672 2397 787 2427 sponse
804 2387 932 2419 Christi.
971 2387 1103 2419 Dudum
1118 2387 1276 2430 siquidem
1293 2398 1353 2429 per
1368 2387 1492 2419 obitum
1509 2388 1595 2420 clare
1611 2387 1768 2419 memorie
1784 2385 1918 2418 Hem-ici
1933 2385 2002 2418 Ro-

349 2443 515 2465 manorum
539 2436 741 2476 imperatoris
763 2439 898 2480 imperio
921 2439 1070 2471 Romano
1091 2443 1227 2471 vacante
1255 2441 1418 2482 principes
1446 2439 1655 2472 ecclesiastici
1689 2441 1722 2471 et
1752 2437 1930 2479 seculares,
1960 2437 2003 2469 ad

351 2494 431 2525 quos
454 2486 606 2518 translato
629 2488 670 2518 ab
695 2489 769 2520 olim
796 2501 854 2531 per
877 2491 988 2522 sedem
1012 2491 1224 2533 apostolicam
1247 2491 1394 2533 predicto
1417 2491 1553 2533 imperio
1578 2490 1619 2522 de
1640 2489 1753 2522 Grecis
1775 2490 1807 2521 in
1830 2499 2002 2532 personam

351 2536 511 2576 magnifici
534 2537 639 2569 Caroli
664 2540 695 2570 in
719 2540 908 2583 Germanum,
932 2542 1029 2574 futuri
1045 2541 1266 2575 Romanorum
1288 2544 1374 2584 regis
1396 2543 1429 2574 in
1444 2544 1674 2584 imperatorem
1697 2541 1904 2584 postmodum
1926 2551 2002 2583 pro·
2058 2567 2061 2570 .

458 2629 520 2656 792.
548 2630 571 2664 a)
590 2633 817 2660 Iohannes—Dei
836 2637 927 2662 desunt
947 2637 968 2662 l.
1056 2636 1083 2671 b)
1101 2642 1195 2663 restem
1216 2637 1238 2663 l.
1327 2637 1350 2670 ο)
1369 2638 1537 2663 subtrahatur
1556 2637 1579 2664 1.
1597 2637 1622 2663 3.
2019 2641 2048 2662 ⁴⁰

426 2739 429 2743 Ι
458 2697 482 2729 1)
501 2698 630 2733 ‘Kataloy
643 2699 688 2726 der
698 2701 760 2728 Hss.
775 2702 820 2729 der
832 2704 895 2738 Kyl.
909 2704 953 2736 ὅθ’.
967 2704 1114 2731 Bibliothek
1125 2713 1160 2731 zu
1169 2704 1304 2731 Dresden'
1317 2705 1340 2738 Ι,
1355 2709 1402 2738 30,·
1418 2705 1453 2738 cf.
1466 2705 1591 2731 Martem
1603 2704 1619 2732 l.
1630 2713 1652 2732 c.
1666 2704 1708 2738 ΙΙ,
1721 2708 1778 2732 637.
1848 2703 1877 2737 2)
1896 2702 2004 2730 Riezler

354 2738 493 2765 ‘Vaut-an.
507 2740 608 2766 Akten’
623 2751 650 2775 p.
663 2746 711 2769 372
728 2753 769 2771 nr.
782 2749 828 2772 995
845 2749 868 2772 et
881 2750 970 2773 notam
984 2753 1005 2775 1.
1070 2748 1194 2782 Epitome
1205 2747 1321 2775 eiusdem
1340 2748 1427 2775 ‘Libri
1435 2748 1622 2782 processuum’
1639 2748 1700 2774 item
1712 2755 1819 2780 coaeva,
1833 2754 1902 2781 quae
1913 2753 2003 2773 nunte-

353 2789 421 2829 rum,
440 2782 556 2829 initium,
574 2784 764 2813 indicationem
782 2789 841 2820 folii
860 2790 952 2823 viqinti
971 2794 1028 2817 octo
1042 2799 1218 2825 processuum
1231 2791 1348 2825 praebet,
1366 2791 1411 2818 sed
1428 2791 1458 2817 in
1480 2791 1534 2824 fine
1545 2799 1642 2819 manca
1655 2798 1707 2818 esse
1718 2790 1830 2824 videtur,
1846 2791 1962 2824 superest
1974 2788 2006 2815 in

354 2826 490 2851 notissimo
503 2825 560 2852 cod.
574 2826 662 2855 Paris.
675 2829 721 2856 lat.
732 2833 795 2857 4113
808 2831 879 2864 (olim
894 2832 999 2860 Colbert.
1015 2834 1079 2868 753),
1096 2834 1126 2861 de
1140 2834 1219 2860 cuius
1231 2834 1319 2861 indole
1337 2843 1360 2861 v.
1374 2842 1459 2868 supra
1471 2837 1532 2861 tom.
1546 2834 1598 2868 IV,
1610 2837 1626 2861 2
1644 2834 1680 2861 ad
1691 2842 1735 2861 nr.
1747 2837 1820 2867 1251,
1837 2833 1885 2866 fol.
1894 2835 2006 2861 21—30.
