2184 3126
145 897 171 918 10

146 1247 171 1268 15

428 161 525 191 ACTA
542 160 658 189 fil-:om
675 158 859 188 LUDEWICI
878 158 926 187 lv.
943 158 990 186 ΕΤ
1009 157 1195 186 mmmmm
1213 157 1263 186 111.
1299 157 1374 185 1323.
1411 157 1459 185 Nr.
1473 158 1532 185 740.
1550 158 1610 185 741.
1780 160 1844 191 579

188 249 296 282 Guelfi
323 251 385 282 ete.
435 248 510 281 Non
537 257 667 290 possum
696 246 817 279 habere
851 245 1066 278 intencionem
1089 254 1201 277 eorum
1225 247 1258 277 et
1280 244 1402 277 habere
1426 244 1682 277 destruccionem
1705 245 1844 287 illorum,

189 311 324 344 quorum
347 300 452 342 magis
475 299 671 340 desiderant,
701 298 756 341 qui
779 307 891 330 eorum
915 301 1016 330 terras
1039 300 1151 330 tenent
1173 306 1232 338 per
1254 299 1364 338 partes
1386 297 1535 329 marinas.
1582 296 1629 328 Or
1651 307 1715 328 non
1738 297 1844 329 scribo

189 352 271 394 plus,
295 352 349 394 qui
372 351 415 384 ad
436 353 575 383 mortem
598 349 704 382 doleo.
749 349 792 381 Et
814 358 984 381 commune
1007 347 1162 380 Pisanum
1184 348 1216 380 in
1239 347 1300 380 hoc
1322 348 1355 380 in
1378 347 1566 381 defensione
1590 348 1747 381 Sardinee
1771 352 1845 381 sunt

187 404 385 444 unanimae,
414 403 490 445 quia
513 412 624 435 eorum
647 401 803 443 sanguine
827 401 993 443 acquisita.
1037 399 1196 432 Dominus
1217 399 1397 442 provideat,
1428 400 1577 433 dominus
1599 404 1709 433 noster
1731 400 1846 433 Ihesus

189 454 335 487 Ohristus
357 456 527 486 conservet
547 464 606 486 vos
632 454 664 485 in
688 453 822 485 caritate
845 451 908 484 Dei
932 455 965 484 et
991 452 1156 494 paciencia
1178 451 1290 483 Xristi.
1335 451 1407 494 Ego
1430 455 1538 485 autem
1561 463 1691 495 semper
1713 456 1846 495 paratus

189 516 270 538 sum.
315 505 407 537 Bene
430 504 508 537 facit
530 504 678 536 dominus
701 513 774 544 rex,
798 502 885 546 quod
908 502 1044 536 Pisanos
1066 503 1213 544 honorat,
1242 502 1328 545 quod
1351 513 1521 537 commune
1544 504 1649 547 ipsum
1672 504 1788 547 diligit,
1812 508 1846 536 et

188 557 334 597 miratur,
358 555 445 598 quod
460 556 582 598 patitur
597 565 786 598 germanum
810 555 851 588 ad
868 555 946 587 talia
961 554 1127 587 accedere.
1164 554 1288 587 Tamen
1304 555 1416 597 credit,
1441 556 1527 598 quod
1543 567 1606 589 non
1623 560 1731 599 potest
1746 557 1845 589 aliud.

296 607 372 640 Dat.
395 607 534 648 Pisan.¹¹‚
559 606 611 639 die
634 607 678 639 ΙΙ.
702 607 790 639 Maii.

235 817 309 854 741.
344 815 694 854 REVERSALES
717 814 875 854 DUCIS
898 814 1347 854 BRUNSWICENSIS
1372 816 1476 854 PRO
1499 817 1800 856 LU'DEWICO.

872 883 980 920 1323.
1020 883 1103 920 Mai.
1123 883 1160 920 4.

297 975 439 1009 Litterae
460 975 542 1016 reqis
566 974 745 1016 deperditae
767 977 853 1007 sunt.

297 1035 479 1069 Reversales
497 1034 714 1076 autoyraphae
737 1035 811 1076 (or.)
835 1036 872 1067 in
893 1034 1052 1067 tabulario
1073 1034 1213 1076 qenerali
1235 1035 1324 1076 requi
1339 1035 1516 1069 Bawariei.
1558 1037 1757 1071 Contulimus
1776 1047 1843 1071 nos.

189 1087 310 1121 Pendet
330 1086 470 1128 siyillum
488 1085 560 1129 fere
581 1085 726 1118 illaesum
749 1085 813 1118 loro
835 1086 1079 1119 membranaceo.

296 1147 443 1186 Bb‘hmem
466 1146 542 1188 Rey.
559 1146 670 1179 Ludw.
688 1157 724 1187 p.
740 1147 804 1178 415
826 1146 1059 1179 Reichssachen
1081 1157 1130 1179 nr.
1146 1148 1210 1179 414
1233 1146 1360 1187 (Addit.
1377 1147 1463 1189 ΙΙΙ).

300 1237 328 1267 1.
351 1233 415 1266 Dei
437 1234 543 1276 gratia
563 1243 623 1266 nos
638 1231 716 1265 Otto
740 1232 807 1264 dux
828 1233 880 1264 in·
903 1233 1111 1266 Bruneswich
1134 1233 1176 1265 ad
1198 1234 1418 1266 universorum
1434 1235 1586 1267 noticiam
1601 1235 1748 1268 volumus
1770 1247 1844 1279 per-

190 1286 310 1328 venire,
339 1285 426 1328 quod
441 1285 663 1318 serenissimus
684 1284 835 1327 princeps
858 1284 1005 1316 dominus
1027 1288 1137 1317 noster
1159 1284 1307 1317 dominus
1329 1285 1520 1319 Lodewicus
1542 1286 1763 1320 Romanorum
1786 1299 1845 1322 rex

189 1347 319 1380 semper
340 1339 494 1379 augustus
509 1336 621 1368 volens
642 1335 735 1368 nobis
757 1336 915 1368 iusticiam
931 1339 1073 1368 nostram
1089 1346 1218 1368 servare
1242 1339 1275 1368 et
1297 1337 1382 1370 circa
1404 1337 1496 1370 nobis
1519 1337 1629 1371 debita
1651 1339 1693 1372 ab
1716 1340 1787 1382 ipso
1811 1344 1845 1373 et

187 1389 313 1432 inperio
336 1389 488 1421 affectum
510 1387 696 1420 benivolum
718 1387 884 1428 exhibere,
908 1387 1000 1420 nobis
1022 1387 1242 1430 presentibus,
1270 1389 1508 1431 requirentibus
1535 1395 1569 1423 et
1589 1401 1664 1429 cum
1687 1392 1844 1424 instancia

188 1440 374 1484 petentibus
389 1440 519 1483 pheoda
534 1443 643 1472 nostra
658 1442 747 1472 recta
768 1442 801 1472 et
818 1439 948 1482 legalia,
972 1451 1034 1482 que
1057 1439 1098 1472 ab
1120 1440 1191 1482 ipso
1215 1443 1248 1472 et
1270 1450 1362 1472 sacro
1378 1442 1502 1483 inperio
1519 1444 1666 1475 tenemus
1688 1447 1722 1475 et
1743 1445 1845 1476 nostri

188 1493 413 1536 progenitores
435 1492 591 1524 hactenus
614 1494 800 1532 tenuerunt,
830 1491 922 1523 nobis
949 1492 1083 1523 contulit
1112 1502 1150 1524 ac
1179 1491 1221 1524 de
1250 1492 1328 1534 ipsis
1351 1492 1574 1535 sollempniter
1602 1505 1660 1526 nos
1683 1496 1845 1528 investivit

187 1554 289 1585 more,
313 1545 367 1587 qui
391 1544 556 1576 consuevit
578 1543 610 1574 in
633 1542 751 1575 talibus
775 1542 953 1584 observari,
981 1544 1140 1585 recipiens
1166 1553 1187 1575 a
1209 1543 1301 1576 nobis
1323 1543 1490 1577 fidelitatis
1515 1547 1549 1578 et
1572 1545 1714 1588 homagii
1737 1557 1844 1580 sacra-

187 1598 342 1638 mentum,
365 1594 453 1638 quod
468 1594 530 1627 sibi
544 1595 757 1637 corporaliter
771 1596 967 1638 prestitimus
989 1597 1022 1627 in
1035 1596 1204 1638 presencia
1218 1596 1410 1638 principum,
1433 1600 1621 1640 magnatum
1645 1603 1679 1632 et
1700 1599 1844 1633 fidelium

186 1648 312 1690 inperii,
336 1648 391 1690 qui
413 1646 542 1679 fuerant
563 1650 638 1679 tunc
661 1650 838 1689 presentes.

297 1701 327 1731 2.
361 1698 404 1731 Et
436 1698 496 1731 sub
530 1697 647 1731 eodem
680 1699 861 1731 iuramento
897 1702 930 1731 et
962 1702 1056 1731 extra
1090 1699 1151 1731 hoc
1185 1699 1357 1745 sollempni
1389 1701 1548 1742 promisso
1582 1701 1646 1734 fide
1680 1702 1757 1735 data
1786 1714 1845 1736 nos

188 1751 395 1784 astrinximus
422 1753 456 1783 et
478 1750 691 1792 obligavimus
723 1750 764 1783 ad
787 1750 961 1782 iuvandum
992 1751 1098 1793 ipsum
1129 1751 1293 1783 dominum
1319 1755 1464 1784 nostrum
1486 1762 1599 1795 regem
1626 1763 1664 1786 ac
1688 1754 1844 1788 illustrem

187 1803 366 1845 principem
388 1802 596 1835 Lodewicum
618 1801 838 1834 marchionem
861 1802 1186 1845 Brandeburgensem
1213 1805 1248 1834 et
1269 1802 1439 1835 astandum
1468 1804 1546 1846 ipsis
1571 1804 1711 1838 fideliter
1733 1811 1845 1839 contra

189 1864 317 1887 omnem
346 1853 511 1886 hominem
537 1857 712 1896 perpetuo,
746 1854 916 1896 magnifico
945 1855 1089 1896 principe
1120 1854 1249 1886 domino
1280 1854 1400 1887 ottone
1431 1854 1513 1888 duce
1536 1856 1782 1899 Luneburgensi
1811 1863 1845 1891 et

186 1906 288 1949 ipsius
309 1906 392 1947 filiis,
415 1906 538 1948 patruis
553 1906 669 1938 nostris
684 1905 862 1938 karissimis
878 1905 1047 1938 dumtaxat
1071 1907 1227 1948 exceptis,
1251 1909 1284 1938 et
1306 1906 1547 1948 cooperandum
1569 1908 1648 1950 ipsis
1670 1908 1846 1943 efficaciter

187 1968 247 2000 per
269 1957 420 1990 effectum
451 1958 484 1989 in
512 1957 598 1989 dicta
625 1957 769 1990 marchia
792 1957 1095 2000 Brandenburgensi
1125 1967 1198 1989 cum
1226 1958 1311 1990 omni
1339 1969 1436 2000 posse
1465 1961 1499 1990 et
1524 1959 1642 1992 virtute
1669 1964 1778 1993 nostra
1801 1962 1844 1994 ad

189 2018 317 2042 omnem
339 2009 447 2041 locum
467 2011 501 2041 et
523 2009 611 2041 omni
633 2008 741 2051 modo,
765 2010 846 2041 sicut
869 2009 966 2041 fuerit
988 2012 1192 2051 oportunum,
1215 2013 1308 2041 extra
1331 2010 1508 2042 marchiam
1530 2021 1608 2043 vero
1631 2012 1722 2044 iuxta
1743 2014 1844 2045 nostri

188 2060 374 2093 decenciam
397 2062 431 2092 et
452 2061 534 2093 sicut
556 2061 634 2102 ipsis
656 2061 831 2093 necessitas
853 2061 1010 2103 ingruerit
1032 2064 1176 2092 nostrum
1196 2061 1351 2094 auxilium
1375 2064 1408 2093 et
1431 2061 1620 2104 obsequium
1636 2062 1842 2105 deposcendi.

189 2111 344 2144 Similiter
372 2111 521 2144 dominus
547 2114 656 2144 noster
685 2122 745 2144 rex
773 2116 806 2144 et
832 2113 976 2144 marchio
1008 2112 1161 2144 antedicti
1184 2123 1243 2144 nos
1270 2112 1427 2145 iuvabunt
1455 2113 1611 2156 nobisque
1634 2115 1785 2148 astabunt
1808 2120 1843 2148 et

188 2163 445 2206 cooperabuntur
464 2167 575 2196 contra
598 2174 726 2196 omnem
749 2163 912 2196 hominem
935 2163 1074 2196 fideliter
1097 2168 1130 2196 et
1152 2163 1327 2196 efficaciter
1349 2164 1441 2196 nobis
1456 2164 1621 2197 adversari
1645 2169 1678 2198 et
1699 2167 1843 2200 iniuriari

187 2214 364 2256 volentem,
398 2215 481 2247 sicut
509 2214 601 2247 nobis
627 2214 715 2247 idem
743 2215 890 2247 dominus
921 2218 1030 2247 noster
1056 2225 1115 2247 rex
1145 2225 1202 2257 pro
1233 2226 1268 2247 se
1297 2219 1331 2248 et
1357 2216 1444 2248 dicto
1474 2217 1659 2249 marchione
1689 2229 1747 2250 suo
1775 2219 1842 2251 filio

189 2266 355 2309 promisitb
377 2265 463 2299 bona
484 2266 560 2298 fide.

295 2319 324 2350 3.
348 2317 392 2350 Et
412 2321 449 2350 ut
470 2328 529 2350 nos
551 2328 611 2360 per
633 2317 730 2350 fidem
753 2317 933 2350 devotionis
956 2322 989 2350 et
1007 2318 1269 2361 promptitudinis
1292 2319 1357 2351 suis
1380 2322 1413 2351 et
1435 2319 1519 2351 sacri
1541 2320 1656 2362 inperii
1678 2320 1841 2364 obsequiis

188 2369 326 2411 amplius
349 2368 486 2411 obliget,
515 2369 608 2402 nobis
637 2369 722 2402 dono
745 2370 903 2402 concessit
932 2371 1040 2412 gracie
1064 2370 1226 2411 specialis,
1257 2369 1345 2412 quod
1377 2370 1474 2413 opida
1496 2370 1746 2414 Tangermunde
1770 2383 1842 2405 cum

188 2422 303 2461 castre,
327 2419 472 2460 Stendal,
489 2419 707 2463 Gardeleghe,
723 2420 930 2462 Osterburch‚
947 2421 1142 2453 Soltwedelc
1165 2432 1237 2454 cum
1253 2426 1358 2454 castro
1376 2432 1449 2455 cum
1465 2424 1568 2463 terris,
1591 2423 1726 2463 iudiciis,
1750 2425 1842 2457 theo-

187 2471 304 2512 luneio,
332 2472 471 2504 monetis
499 2482 538 2504 ac
560 2472 715 2504 universis
738 2473 940 2514 pertinentiis
968 2476 1001 2505 et
1023 2472 1144 2504 iuribus
1167 2473 1245 2514 suis,
1276 2484 1338 2516 que
1367 2473 1477 2507 inclita
1507 2475 1620 2517 Agnes
1647 2476 1842 2508 conthoralis

188 2525 298 2554 nostra
331 2521 502 2555 karissima
534 2533 617 2555 nunc
651 2526 741 2556 tenet
773 2525 842 2556 iure
878 2524 1038 2565 precario,
1074 2528 1146 2566 post
1180 2524 1349 2558 decessum
1381 2525 1527 2558 eiusdem
1558 2537 1617 2558 nos
1647 2527 1742 2559 simili
1772 2529 1841 2560 iure

189 2574 335 2616 precario
369 2577 479 2606 tenere
510 2574 665 2607 debemus
704 2586 764 2617 per
797 2576 903 2607 omnia
935 2580 1083 2617 tempora
1109 2577 1174 2608 vite
1205 2580 1314 2610 nostre
1349 2580 1383 2609 et
1411 2577 1568 2610 dictorum
1598 2582 1774 2611 castrorum
1809 2585 1843 2612 et

189 2624 359 2666 opidorum
385 2624 532 2657 homines
562 2629 596 2658 et
623 2626 735 2659 vasalli
766 2626 857 2658 nobis
887 2637 1013 2659 exnunc
1041 2631 1190 2659 tenentur
1217 2629 1406 2670 promittere
1436 2632 1470 2661 et
1498 2630 1619 2669 iurare,
1650 2631 1736 2672 quod
1769 2636 1842 2672 post

293 2717 358 2745 740.
385 2718 411 2751 8)
429 2719 563 2746 unanimos
581 2729 602 2746 c.
690 2719 716 2752 1¹)
735 2721 813 2746 Pisafi
832 2729 851 2746 c.

294 2777 357 2805 741.
385 2778 408 2811 ¹)
427 2787 494 2804 corr.
507 2787 539 2805 a·
555 2779 608 2806 de?
626 2788 663 2806 or.
752 2779 776 2812 b)
795 2789 860 2807 corr.
873 2789 904 2806 ex
922 2782 1075 2814 promiserat
1093 2791 1130 2808 or.
