<?xml version="1.0" encoding="UTF-8"?>
<!DOCTYPE html PUBLIC "-//W3C//DTD XHTML 1.0 Transitional//EN"
    "http://www.w3.org/TR/xhtml1/DTD/xhtml1-transitional.dtd">
<html xmlns="http://www.w3.org/1999/xhtml" xml:lang="en" lang="en">
 <head>
  <title>
</title>
<meta http-equiv="Content-Type" content="text/html;charset=utf-8" />
  <meta name='ocr-system' content='tesseract 3.04.00' />
  <meta name='ocr-capabilities' content='ocr_page ocr_carea ocr_par ocr_line ocrx_word'/>
</head>
<body>
  <div class='ocr_page' id='page_1' title='image "./monumentagerma05geseuoft_0660.png"; bbox 0 0 2184 3126; ppageno 0'>
   <div class='ocr_carea' id='block_1_1' title="bbox 320 221 1739 261">
    <p class='ocr_par' dir='ltr' id='par_1_1' title="bbox 320 221 1739 261">
     <span class='ocr_line' id='line_1_1' title="bbox 320 221 1739 261; baseline -0.008 0"><span class='ocrx_word' id='word_1_1' title='bbox 320 230 382 261; x_wconf 85' lang='lat'>620</span> <span class='ocrx_word' id='word_1_2' title='bbox 557 226 653 253; x_wconf 84' lang='lat' dir='ltr'>ACTA</span> <span class='ocrx_word' id='word_1_3' title='bbox 672 225 785 252; x_wconf 85' lang='lat' dir='ltr'><strong>REGNI</strong></span> <span class='ocrx_word' id='word_1_4' title='bbox 804 224 988 252; x_wconf 87' lang='lat' dir='ltr'><strong>LUDEWICI</strong></span> <span class='ocrx_word' id='word_1_5' title='bbox 1007 223 1054 250; x_wconf 88' lang='lat' dir='ltr'>IV.</span> <span class='ocrx_word' id='word_1_6' title='bbox 1073 222 1119 250; x_wconf 85' lang='grc' dir='ltr'>ΕΤ</span> <span class='ocrx_word' id='word_1_7' title='bbox 1137 222 1323 250; x_wconf 82' lang='lat' dir='ltr'><strong>FRIDERICI</strong></span> <span class='ocrx_word' id='word_1_8' title='bbox 1342 222 1391 249; x_wconf 91' lang='grc' dir='ltr'>ΠΙ.</span> <span class='ocrx_word' id='word_1_9' title='bbox 1428 222 1504 249; x_wconf 82' lang='grc'><strong>1323.</strong></span> <span class='ocrx_word' id='word_1_10' title='bbox 1540 221 1589 250; x_wconf 87' lang='lat' dir='ltr'>Nr.</span> <span class='ocrx_word' id='word_1_11' title='bbox 1602 222 1662 250; x_wconf 76' lang='lat'>794.</span> <span class='ocrx_word' id='word_1_12' title='bbox 1680 222 1739 250; x_wconf 80' lang='lat'>795.</span> 
     </span>
    </p>
   </div>
   <div class='ocr_carea' id='block_1_2' title="bbox 425 308 1822 456">
    <p class='ocr_par' dir='ltr' id='par_1_2' title="bbox 425 308 1822 456">
     <span class='ocr_line' id='line_1_2' title="bbox 425 308 1422 354; baseline -0.005 -9"><span class='ocrx_word' id='word_1_13' title='bbox 425 312 566 345; x_wconf 82' lang='lat' dir='ltr'>‘Primus</span> <span class='ocrx_word' id='word_1_14' title='bbox 589 322 767 354; x_wconf 79' lang='lat' dir='ltr'>processus,</span> <span class='ocrx_word' id='word_1_15' title='bbox 855 311 909 342; x_wconf 90' lang='lat' dir='ltr'>Ad</span> <span class='ocrx_word' id='word_1_16' title='bbox 932 313 1122 352; x_wconf 84' lang='lat' dir='ltr'>perpetuam</span> <span class='ocrx_word' id='word_1_17' title='bbox 1150 309 1198 341; x_wconf 91' lang='lat' dir='ltr'>rei</span> <span class='ocrx_word' id='word_1_18' title='bbox 1219 308 1422 341; x_wconf 81' lang='lat' dir='ltr'><strong>memoriam.</strong></span> 
     </span>
     <span class='ocr_line' id='line_1_3' title="bbox 429 360 1589 405; baseline -0.004 -9"><span class='ocrx_word' id='word_1_19' title='bbox 429 364 654 404; x_wconf 79' lang='lat' dir='ltr'>Attendentes,</span> <span class='ocrx_word' id='word_1_20' title='bbox 679 363 766 405; x_wconf 89' lang='lat' dir='ltr'>quod</span> <span class='ocrx_word' id='word_1_21' title='bbox 789 363 866 394; x_wconf 90' lang='lat' dir='ltr'>dum</span> <span class='ocrx_word' id='word_1_22' title='bbox 889 362 989 393; x_wconf 86' lang='lat' dir='ltr'>errori</span> <span class='ocrx_word' id='word_1_23' title='bbox 1012 372 1076 392; x_wconf 92' lang='lat' dir='ltr'>non</span> <span class='ocrx_word' id='word_1_24' title='bbox 1099 361 1267 401; x_wconf 81' lang='lat' dir='ltr'>resistitur,</span> <span class='ocrx_word' id='word_1_25' title='bbox 1291 361 1318 391; x_wconf 89' lang='lat' dir='ltr'>is</span> <span class='ocrx_word' id='word_1_26' title='bbox 1341 360 1383 392; x_wconf 88' lang='lat' dir='ltr'>ad</span> <span class='ocrx_word' id='word_1_27' title='bbox 1407 369 1504 402; x_wconf 88' lang='lat' dir='ltr'>quem</span> <span class='ocrx_word' id='word_1_28' title='bbox 1528 363 1589 392; x_wconf 93' lang='lat' dir='ltr'>etc.</span> 
     </span>
     <span class='ocr_line' id='line_1_4' title="bbox 426 411 1822 456; baseline -0.003 -9"><span class='ocrx_word' id='word_1_29' title='bbox 426 416 547 447; x_wconf 80' lang='lat' dir='ltr'>Datum</span> <span class='ocrx_word' id='word_1_30' title='bbox 570 413 756 456; x_wconf 90' lang='lat' dir='ltr'>Avinion(e)</span> <span class='ocrx_word' id='word_1_31' title='bbox 779 414 812 445; x_wconf 93' lang='lat' dir='ltr'>in</span> <span class='ocrx_word' id='word_1_32' title='bbox 834 414 956 456; x_wconf 84' lang='lat' dir='ltr'>palatio</span> <span class='ocrx_word' id='word_1_33' title='bbox 981 412 1167 454; x_wconf 87' lang='lat' dir='ltr'>episcopali,</span> <span class='ocrx_word' id='word_1_34' title='bbox 1191 411 1285 444; x_wconf 86' lang='lat' dir='ltr'><strong>VIII.</strong></span> <span class='ocrx_word' id='word_1_35' title='bbox 1302 411 1351 443; x_wconf 91' lang='lat' dir='ltr'>Id.</span> <span class='ocrx_word' id='word_1_36' title='bbox 1369 411 1531 454; x_wconf 81' lang='lat' dir='ltr'>Octobris,</span> <span class='ocrx_word' id='word_1_37' title='bbox 1554 422 1638 444; x_wconf 79' lang='lat' dir='ltr'>anno</span> <span class='ocrx_word' id='word_1_38' title='bbox 1662 412 1822 444; x_wconf 83' lang='lat' dir='ltr'>octavo.’²</span> 
     </span>
    </p>
   </div>
   <div class='ocr_carea' id='block_1_3' title="bbox 316 479 2019 935">
    <p class='ocr_par' dir='ltr' id='par_1_3' title="bbox 316 479 2019 885">
     <span class='ocr_line' id='line_1_5' title="bbox 427 479 1973 525; baseline 0 -10"><span class='ocrx_word' id='word_1_39' title='bbox 427 484 584 521; x_wconf 84' lang='lat' dir='ltr'>Quocirca</span> <span class='ocrx_word' id='word_1_40' title='bbox 606 483 799 514; x_wconf 84' lang='lat' dir='ltr'>fraternitati</span> <span class='ocrx_word' id='word_1_41' title='bbox 821 485 876 514; x_wconf 87' lang='lat' dir='ltr'>tue</span> <span class='ocrx_word' id='word_1_42' title='bbox 900 492 959 524; x_wconf 86' lang='lat' dir='ltr'>per</span> <span class='ocrx_word' id='word_1_43' title='bbox 978 481 1156 523; x_wconf 86' lang='lat' dir='ltr'>apostolica</span> <span class='ocrx_word' id='word_1_44' title='bbox 1179 481 1299 522; x_wconf 85' lang='lat' dir='ltr'>scripta</span> <span class='ocrx_word' id='word_1_45' title='bbox 1321 479 1518 524; x_wconf 87' lang='lat' dir='ltr'>distric[t]ius</span> <span class='ocrx_word' id='word_1_46' title='bbox 1541 480 1750 523; x_wconf 78' lang='lat' dir='ltr'>precipiendo</span> <span class='ocrx_word' id='word_1_47' title='bbox 1772 481 1973 525; x_wconf 72' lang='lat' dir='ltr'>mandamm,</span> 
     </span>
     <span class='ocr_line' id='line_1_6' title="bbox 319 532 2019 578; baseline 0 -11"><span class='ocrx_word' id='word_1_48' title='bbox 319 536 468 578; x_wconf 78' lang='lat' dir='ltr'>quatinus</span> <span class='ocrx_word' id='word_1_49' title='bbox 490 535 647 576; x_wconf 86' lang='lat' dir='ltr'>premissa</span> <span class='ocrx_word' id='word_1_50' title='bbox 669 534 702 565; x_wconf 92' lang='lat' dir='ltr'>in</span> <span class='ocrx_word' id='word_1_51' title='bbox 725 533 870 575; x_wconf 89' lang='lat' dir='ltr'>predicto</span> <span class='ocrx_word' id='word_1_52' title='bbox 893 543 1048 574; x_wconf 83' lang='lat' dir='ltr'>processu</span> <span class='ocrx_word' id='word_1_53' title='bbox 1070 535 1222 564; x_wconf 85' lang='lat' dir='ltr'>contenta</span> <span class='ocrx_word' id='word_1_54' title='bbox 1244 532 1345 564; x_wconf 76' lang='lat' dir='ltr'>facias</span> <span class='ocrx_word' id='word_1_55' title='bbox 1367 533 1400 563; x_wconf 87' lang='lat' dir='ltr'>in</span> <span class='ocrx_word' id='word_1_56' title='bbox 1422 532 1556 564; x_wconf 86' lang='lat' dir='ltr'>decreta</span> <span class='ocrx_word' id='word_1_57' title='bbox 1578 532 1638 564; x_wconf 90' lang='lat' dir='ltr'>tibi</span> <span class='ocrx_word' id='word_1_58' title='bbox 1653 533 1818 574; x_wconf 83' lang='lat' dir='ltr'>provincia</span> <span class='ocrx_word' id='word_1_59' title='bbox 1839 533 1975 567; x_wconf 87' lang='lat' dir='ltr'>firmiter</span> <span class='ocrx_word' id='word_1_60' title='bbox 2004 541 2019 560; x_wconf 73' lang='lat'>⁵</span> 
     </span>
     <span class='ocr_line' id='line_1_7' title="bbox 319 583 1975 628; baseline -0.001 -9"><span class='ocrx_word' id='word_1_61' title='bbox 319 591 352 619; x_wconf 86' lang='lat' dir='ltr'>et</span> <span class='ocrx_word' id='word_1_62' title='bbox 374 586 602 618; x_wconf 86' lang='lat' dir='ltr'>inviolabiliter</span> <span class='ocrx_word' id='word_1_63' title='bbox 625 585 789 617; x_wconf 83' lang='lat' dir='ltr'>observari</span> <span class='ocrx_word' id='word_1_64' title='bbox 819 595 857 616; x_wconf 88' lang='lat' dir='ltr'>ac</span> <span class='ocrx_word' id='word_1_65' title='bbox 884 586 917 616; x_wconf 90' lang='lat' dir='ltr'>in</span> <span class='ocrx_word' id='word_1_66' title='bbox 939 584 1124 616; x_wconf 86' lang='lat' dir='ltr'>civitatibus</span> <span class='ocrx_word' id='word_1_67' title='bbox 1153 587 1186 615; x_wconf 90' lang='lat' dir='ltr'>et</span> <span class='ocrx_word' id='word_1_68' title='bbox 1216 584 1288 615; x_wconf 84' lang='lat' dir='ltr'>aliis</span> <span class='ocrx_word' id='word_1_69' title='bbox 1315 583 1461 616; x_wconf 88' lang='lat' dir='ltr'>eiusdem</span> <span class='ocrx_word' id='word_1_70' title='bbox 1488 585 1653 626; x_wconf 87' lang='lat' dir='ltr'>provincie</span> <span class='ocrx_word' id='word_1_71' title='bbox 1682 585 1762 617; x_wconf 90' lang='lat' dir='ltr'>locis</span> <span class='ocrx_word' id='word_1_72' title='bbox 1789 585 1830 617; x_wconf 91' lang='lat' dir='ltr'>de</span> <span class='ocrx_word' id='word_1_73' title='bbox 1858 585 1975 628; x_wconf 88' lang='lat' dir='ltr'>quibus</span> 
     </span>
     <span class='ocr_line' id='line_1_8' title="bbox 318 635 1975 679; baseline 0 -9"><span class='ocrx_word' id='word_1_74' title='bbox 318 638 474 679; x_wconf 84' lang='lat' dir='ltr'>expedire</span> <span class='ocrx_word' id='word_1_75' title='bbox 498 637 615 669; x_wconf 86' lang='lat' dir='ltr'>videris</span> <span class='ocrx_word' id='word_1_76' title='bbox 638 647 697 678; x_wconf 88' lang='lat' dir='ltr'>per</span> <span class='ocrx_word' id='word_1_77' title='bbox 720 639 752 667; x_wconf 92' lang='lat' dir='ltr'>te</span> <span class='ocrx_word' id='word_1_78' title='bbox 775 636 828 667; x_wconf 87' lang='lat' dir='ltr'>vel</span> <span class='ocrx_word' id='word_1_79' title='bbox 851 645 911 677; x_wconf 89' lang='lat' dir='ltr'>per</span> <span class='ocrx_word' id='word_1_80' title='bbox 933 635 1031 667; x_wconf 88' lang='lat' dir='ltr'>alium</span> <span class='ocrx_word' id='word_1_81' title='bbox 1061 646 1120 667; x_wconf 88' lang='lat' dir='ltr'>seu</span> <span class='ocrx_word' id='word_1_82' title='bbox 1149 635 1229 667; x_wconf 85' lang='lat' dir='ltr'>alios</span> <span class='ocrx_word' id='word_1_83' title='bbox 1253 636 1428 667; x_wconf 80' lang='lat' dir='ltr'>solenniter</span> <span class='ocrx_word' id='word_1_84' title='bbox 1451 635 1623 678; x_wconf 80' lang='lat' dir='ltr'>publicari,</span> <span class='ocrx_word' id='word_1_85' title='bbox 1653 636 1696 668; x_wconf 81' lang='lat' dir='ltr'>ad</span> <span class='ocrx_word' id='word_1_86' title='bbox 1722 637 1757 668; x_wconf 83' lang='lat' dir='ltr'>id</span> <span class='ocrx_word' id='word_1_87' title='bbox 1783 637 1847 670; x_wconf 90' lang='lat' dir='ltr'>loci</span> <span class='ocrx_word' id='word_1_88' title='bbox 1869 638 1975 670; x_wconf 77' lang='lat' dir='ltr'>cuius-</span> 
     </span>
     <span class='ocr_line' id='line_1_9' title="bbox 317 687 1974 730; baseline 0 -9"><span class='ocrx_word' id='word_1_89' title='bbox 317 690 398 722; x_wconf 80' lang='lat' dir='ltr'>libet</span> <span class='ocrx_word' id='word_1_90' title='bbox 419 689 475 720; x_wconf 90' lang='lat' dir='ltr'>ubi</span> <span class='ocrx_word' id='word_1_91' title='bbox 497 689 554 720; x_wconf 88' lang='lat' dir='ltr'>fiet</span> <span class='ocrx_word' id='word_1_92' title='bbox 576 687 758 720; x_wconf 89' lang='lat' dir='ltr'>huiusmodi</span> <span class='ocrx_word' id='word_1_93' title='bbox 782 687 959 729; x_wconf 89' lang='lat' dir='ltr'>publicatio</span> <span class='ocrx_word' id='word_1_94' title='bbox 982 688 1069 719; x_wconf 87' lang='lat' dir='ltr'>clero</span> <span class='ocrx_word' id='word_1_95' title='bbox 1099 691 1133 719; x_wconf 92' lang='lat' dir='ltr'>et</span> <span class='ocrx_word' id='word_1_96' title='bbox 1155 687 1276 729; x_wconf 87' lang='lat' dir='ltr'>populo</span> <span class='ocrx_word' id='word_1_97' title='bbox 1300 688 1485 719; x_wconf 85' lang='lat' dir='ltr'>convocatis</span> <span class='ocrx_word' id='word_1_98' title='bbox 1507 688 1693 730; x_wconf 82' lang='lat' dir='ltr'>specialiter</span> <span class='ocrx_word' id='word_1_99' title='bbox 1715 699 1754 721; x_wconf 85' lang='lat' dir='ltr'>ac</span> <span class='ocrx_word' id='word_1_100' title='bbox 1777 689 1878 721; x_wconf 85' lang='lat' dir='ltr'>etiam</span> <span class='ocrx_word' id='word_1_101' title='bbox 1899 699 1974 721; x_wconf 87' lang='lat' dir='ltr'>con-</span> 
     </span>
     <span class='ocr_line' id='line_1_10' title="bbox 316 738 1974 783; baseline 0 -11"><span class='ocrx_word' id='word_1_102' title='bbox 316 741 468 783; x_wconf 85' lang='lat' dir='ltr'>gregatis,</span> <span class='ocrx_word' id='word_1_103' title='bbox 493 740 614 772; x_wconf 86' lang='lat' dir='ltr'>faciens</span> <span class='ocrx_word' id='word_1_104' title='bbox 638 739 678 771; x_wconf 91' lang='lat' dir='ltr'>de</span> <span class='ocrx_word' id='word_1_105' title='bbox 695 739 913 781; x_wconf 86' lang='lat' dir='ltr'>publicatione</span> <span class='ocrx_word' id='word_1_106' title='bbox 936 739 1120 771; x_wconf 90' lang='lat' dir='ltr'>huiusmodi</span> <span class='ocrx_word' id='word_1_107' title='bbox 1143 739 1214 770; x_wconf 89' lang='lat' dir='ltr'>fieri</span> <span class='ocrx_word' id='word_1_108' title='bbox 1237 738 1368 781; x_wconf 86' lang='lat' dir='ltr'>publica</span> <span class='ocrx_word' id='word_1_109' title='bbox 1390 740 1613 781; x_wconf 84' lang='lat' dir='ltr'>instrumenta,</span> <span class='ocrx_word' id='word_1_110' title='bbox 1637 750 1699 782; x_wconf 88' lang='lat' dir='ltr'>que</span> <span class='ocrx_word' id='word_1_111' title='bbox 1721 740 1813 772; x_wconf 87' lang='lat' dir='ltr'>nobis</span> <span class='ocrx_word' id='word_1_112' title='bbox 1836 744 1974 782; x_wconf 87' lang='lat' dir='ltr'>quanto-</span> 
     </span>
     <span class='ocr_line' id='line_1_11' title="bbox 317 790 2019 836; baseline 0 -12"><span class='ocrx_word' id='word_1_113' title='bbox 317 793 384 824; x_wconf 89' lang='lat' dir='ltr'>cius</span> <span class='ocrx_word' id='word_1_114' title='bbox 407 791 542 824; x_wconf 89' lang='lat' dir='ltr'>comode</span> <span class='ocrx_word' id='word_1_115' title='bbox 565 791 635 823; x_wconf 88' lang='lat' dir='ltr'>fieri</span> <span class='ocrx_word' id='word_1_116' title='bbox 657 791 777 833; x_wconf 89' lang='lat' dir='ltr'>poterit</span> <span class='ocrx_word' id='word_1_117' title='bbox 793 791 921 822; x_wconf 85' lang='lat' dir='ltr'>mittere</span> <span class='ocrx_word' id='word_1_118' title='bbox 938 801 1002 822; x_wconf 91' lang='lat' dir='ltr'>non</span> <span class='ocrx_word' id='word_1_119' title='bbox 1017 792 1228 832; x_wconf 87' lang='lat' dir='ltr'>postponatis,</span> <span class='ocrx_word' id='word_1_120' title='bbox 1252 790 1344 822; x_wconf 89' lang='lat' dir='ltr'>nobis</span> <span class='ocrx_word' id='word_1_121' title='bbox 1367 790 1454 823; x_wconf 89' lang='lat' dir='ltr'>diem</span> <span class='ocrx_word' id='word_1_122' title='bbox 1476 791 1712 833; x_wconf 84' lang='lat' dir='ltr'>significaturus</span> <span class='ocrx_word' id='word_1_123' title='bbox 1734 791 1974 836; x_wconf 81' lang='lat' dir='ltr'>[receptionis]¹’</span> <span class='ocrx_word' id='word_1_124' title='bbox 1995 798 2019 818; x_wconf 86' lang='lat'>¹⁰</span> 
     </span>
     <span class='ocr_line' id='line_1_12' title="bbox 317 841 1369 885; baseline -0.001 -10"><span class='ocrx_word' id='word_1_125' title='bbox 317 844 514 885; x_wconf 84' lang='lat' dir='ltr'>presentium</span> <span class='ocrx_word' id='word_1_126' title='bbox 537 847 570 875; x_wconf 88' lang='lat' dir='ltr'>et</span> <span class='ocrx_word' id='word_1_127' title='bbox 592 853 794 885; x_wconf 87' lang='lat' dir='ltr'>quecumque</span> <span class='ocrx_word' id='word_1_128' title='bbox 818 852 915 884; x_wconf 85' lang='lat' dir='ltr'>super</span> <span class='ocrx_word' id='word_1_129' title='bbox 937 842 998 874; x_wconf 85' lang='lat' dir='ltr'>hiis</span> <span class='ocrx_word' id='word_1_130' title='bbox 1022 842 1152 874; x_wconf 86' lang='lat' dir='ltr'>duxeris</span> <span class='ocrx_word' id='word_1_131' title='bbox 1175 841 1369 874; x_wconf 81' lang='lat' dir='ltr'>faciendum.</span> 
     </span>
    </p>

    <p class='ocr_par' dir='ltr' id='par_1_4' title="bbox 423 893 1328 935">
     <span class='ocr_line' id='line_1_13' title="bbox 423 893 1328 935; baseline -0.001 -9"><span class='ocrx_word' id='word_1_132' title='bbox 423 894 544 926; x_wconf 86' lang='lat' dir='ltr'>Datum</span> <span class='ocrx_word' id='word_1_133' title='bbox 567 894 738 935; x_wconf 88' lang='lat' dir='ltr'>Avinione,</span> <span class='ocrx_word' id='word_1_134' title='bbox 762 893 837 925; x_wconf 88' lang='lat' dir='ltr'><strong>VII.</strong></span> <span class='ocrx_word' id='word_1_135' title='bbox 855 893 905 925; x_wconf 86' lang='lat' dir='ltr'>Id.</span> <span class='ocrx_word' id='word_1_136' title='bbox 922 894 1072 925; x_wconf 85' lang='lat' dir='ltr'>Octobris</span> <span class='ocrx_word' id='word_1_137' title='bbox 1095 904 1179 925; x_wconf 90' lang='lat' dir='ltr'>anno</span> <span class='ocrx_word' id='word_1_138' title='bbox 1204 897 1328 925; x_wconf 86' lang='lat' dir='ltr'>octavo.</span> 
     </span>
    </p>
   </div>
   <div class='ocr_carea' id='block_1_4' title="bbox 1045 964 1212 967">
    <p class='ocr_par' dir='ltr' id='par_1_5' title="bbox 1045 964 1212 967">
     <span class='ocr_line' id='line_1_14' title="bbox 1045 964 1212 967; baseline 0 0"><span class='ocrx_word' id='word_1_139' title='bbox 1045 964 1212 967; x_wconf 95' lang='lat' dir='ltr'> </span> 
     </span>
    </p>
   </div>
   <div class='ocr_carea' id='block_1_5' title="bbox 289 1014 2016 1152">
    <p class='ocr_par' dir='ltr' id='par_1_6' title="bbox 289 1014 2016 1152">
     <span class='ocr_line' id='line_1_15' title="bbox 428 1014 1866 1056; baseline 0.001 -10"><span class='ocrx_word' id='word_1_140' title='bbox 428 1015 470 1046; x_wconf 93' lang='lat' dir='ltr'>In</span> <span class='ocrx_word' id='word_1_141' title='bbox 494 1014 658 1046; x_wconf 91' lang='lat' dir='ltr'>eundem</span> <span class='ocrx_word' id='word_1_142' title='bbox 683 1014 832 1046; x_wconf 88' lang='lat' dir='ltr'>modum</span> <span class='ocrx_word' id='word_1_143' title='bbox 858 1015 1010 1056; x_wconf 91' lang='lat' dir='ltr'>episcopo</span> <span class='ocrx_word' id='word_1_144' title='bbox 1034 1015 1197 1046; x_wconf 86' lang='lat' dir='ltr'>Terracin.</span> <span class='ocrx_word' id='word_1_145' title='bbox 1221 1015 1340 1047; x_wconf 80' lang='lat' dir='ltr'>vicario</span> <span class='ocrx_word' id='word_1_146' title='bbox 1363 1015 1461 1047; x_wconf 87' lang='lat' dir='ltr'>Urbis</span> <span class='ocrx_word' id='word_1_147' title='bbox 1483 1016 1653 1048; x_wconf 83' lang='lat' dir='ltr'>mutatis</span> <span class='ocrx_word' id='word_1_148' title='bbox 1674 1016 1866 1048; x_wconf 78' lang='lat' dir='ltr'>mutandis</span> 
     </span>
     <span class='ocr_line' id='line_1_16' title="bbox 428 1066 1974 1112; baseline 0.003 -15"><span class='ocrx_word' id='word_1_149' title='bbox 428 1066 470 1097; x_wconf 92' lang='lat' dir='ltr'>In</span> <span class='ocrx_word' id='word_1_150' title='bbox 499 1066 658 1098; x_wconf 90' lang='lat' dir='ltr'>eundem</span> <span class='ocrx_word' id='word_1_151' title='bbox 688 1066 837 1097; x_wconf 89' lang='lat' dir='ltr'>modum</span> <span class='ocrx_word' id='word_1_152' title='bbox 863 1066 1008 1098; x_wconf 88' lang='lat' dir='ltr'>Roberto</span> <span class='ocrx_word' id='word_1_153' title='bbox 1041 1066 1082 1098; x_wconf 89' lang='lat' dir='ltr'>de</span> <span class='ocrx_word' id='word_1_154' title='bbox 1114 1066 1281 1109; x_wconf 88' lang='lat' dir='ltr'>Albarupe</span> <span class='ocrx_word' id='word_1_155' title='bbox 1314 1067 1500 1108; x_wconf 78' lang='lat' dir='ltr'>patrimonii</span> <span class='ocrx_word' id='word_1_156' title='bbox 1530 1067 1618 1099; x_wconf 84' lang='lat' dir='ltr'>beati</span> <span class='ocrx_word' id='word_1_157' title='bbox 1648 1067 1740 1100; x_wconf 87' lang='lat' dir='ltr'>Petri</span> <span class='ocrx_word' id='word_1_158' title='bbox 1767 1069 1801 1100; x_wconf 87' lang='lat' dir='ltr'>in</span> <span class='ocrx_word' id='word_1_159' title='bbox 1830 1067 1974 1112; x_wconf 83' lang='lat' dir='ltr'>Tu[s]cia</span> 
     </span>
     <span class='ocr_line' id='line_1_17' title="bbox 289 1117 2016 1152; baseline 0.002 -3"><span class='ocrx_word' id='word_1_160' title='bbox 289 1136 292 1138; x_wconf 92' lang='lat'><em>-</em></span> <span class='ocrx_word' id='word_1_161' title='bbox 317 1119 435 1149; x_wconf 85' lang='lat' dir='ltr'>rectori</span> <span class='ocrx_word' id='word_1_162' title='bbox 458 1118 624 1149; x_wconf 84' lang='lat' dir='ltr'>mutatis</span> <span class='ocrx_word' id='word_1_163' title='bbox 647 1117 845 1149; x_wconf 85' lang='lat' dir='ltr'>mutandis</span> <span class='ocrx_word' id='word_1_164' title='bbox 1992 1132 2016 1152; x_wconf 73' lang='grc' dir='ltr'>ιι</span> 
     </span>
    </p>
   </div>
   <div class='ocr_carea' id='block_1_6' title="bbox 316 1169 1974 1252">
    <p class='ocr_par' dir='ltr' id='par_1_7' title="bbox 316 1169 1974 1252">
     <span class='ocr_line' id='line_1_18' title="bbox 425 1169 1974 1213; baseline 0.003 -13"><span class='ocrx_word' id='word_1_165' title='bbox 425 1169 467 1200; x_wconf 95' lang='lat' dir='ltr'>In</span> <span class='ocrx_word' id='word_1_166' title='bbox 501 1169 661 1201; x_wconf 87' lang='lat' dir='ltr'>eundem</span> <span class='ocrx_word' id='word_1_167' title='bbox 695 1170 843 1201; x_wconf 91' lang='lat' dir='ltr'>modum</span> <span class='ocrx_word' id='word_1_168' title='bbox 879 1169 1015 1201; x_wconf 80' lang='lat' dir='ltr'>Iohanni</span> <span class='ocrx_word' id='word_1_169' title='bbox 1049 1169 1090 1202; x_wconf 88' lang='lat' dir='ltr'>de</span> <span class='ocrx_word' id='word_1_170' title='bbox 1124 1170 1254 1202; x_wconf 90' lang='lat' dir='ltr'>Amelio</span> <span class='ocrx_word' id='word_1_171' title='bbox 1289 1170 1425 1202; x_wconf 87' lang='lat' dir='ltr'>ducatus</span> <span class='ocrx_word' id='word_1_172' title='bbox 1459 1169 1628 1213; x_wconf 70' lang='lat' dir='ltr'>spoletani</span> <span class='ocrx_word' id='word_1_173' title='bbox 1661 1171 1779 1203; x_wconf 86' lang='lat' dir='ltr'>rectori</span> <span class='ocrx_word' id='word_1_174' title='bbox 1817 1172 1974 1204; x_wconf 79' lang='lat' dir='ltr'>mutatis</span> 
     </span>
     <span class='ocr_line' id='line_1_19' title="bbox 316 1220 514 1252; baseline 0 0"><span class='ocrx_word' id='word_1_175' title='bbox 316 1220 514 1252; x_wconf 85' lang='lat' dir='ltr'>mutandis</span> 
     </span>
    </p>
   </div>
   <div class='ocr_carea' id='block_1_7' title="bbox 316 1272 1975 1356">
    <p class='ocr_par' dir='ltr' id='par_1_8' title="bbox 316 1272 1975 1356">
     <span class='ocr_line' id='line_1_20' title="bbox 423 1272 1975 1316; baseline 0.003 -13"><span class='ocrx_word' id='word_1_176' title='bbox 423 1272 467 1304; x_wconf 89' lang='lat' dir='ltr'>In</span> <span class='ocrx_word' id='word_1_177' title='bbox 495 1273 656 1304; x_wconf 90' lang='lat' dir='ltr'>eundem</span> <span class='ocrx_word' id='word_1_178' title='bbox 683 1273 833 1305; x_wconf 91' lang='lat' dir='ltr'>modum</span> <span class='ocrx_word' id='word_1_179' title='bbox 863 1273 1028 1315; x_wconf 85' lang='lat' dir='ltr'>Stephano</span> <span class='ocrx_word' id='word_1_180' title='bbox 1064 1274 1105 1305; x_wconf 89' lang='lat' dir='ltr'>de</span> <span class='ocrx_word' id='word_1_181' title='bbox 1134 1273 1296 1306; x_wconf 83' lang='lat' dir='ltr'>Serinesio</span> <span class='ocrx_word' id='word_1_182' title='bbox 1325 1274 1517 1307; x_wconf 86' lang='lat' dir='ltr'>vicerectcri</span> <span class='ocrx_word' id='word_1_183' title='bbox 1546 1275 1808 1316; x_wconf 48' lang='lat' dir='ltr'>Beneventanus)</span> <span class='ocrx_word' id='word_1_184' title='bbox 1837 1275 1975 1308; x_wconf 80' lang='lat' dir='ltr'>civitatis</span> 
     </span>
     <span class='ocr_line' id='line_1_21' title="bbox 316 1324 692 1356; baseline 0 -1"><span class='ocrx_word' id='word_1_185' title='bbox 316 1324 474 1355; x_wconf 89' lang='lat' dir='ltr'>mutatis</span> <span class='ocrx_word' id='word_1_186' title='bbox 496 1324 692 1356; x_wconf 87' lang='lat' dir='ltr'>mutandis</span> 
     </span>
    </p>
   </div>
   <div class='ocr_carea' id='block_1_8' title="bbox 316 1375 2022 1988">
    <p class='ocr_par' dir='ltr' id='par_1_9' title="bbox 316 1375 2020 1458">
     <span class='ocr_line' id='line_1_22' title="bbox 424 1375 2020 1418; baseline 0.003 -12"><span class='ocrx_word' id='word_1_187' title='bbox 424 1375 466 1406; x_wconf 93' lang='lat' dir='ltr'>In</span> <span class='ocrx_word' id='word_1_188' title='bbox 490 1375 650 1408; x_wconf 89' lang='lat' dir='ltr'>eundem</span> <span class='ocrx_word' id='word_1_189' title='bbox 673 1376 822 1408; x_wconf 87' lang='lat' dir='ltr'>modum</span> <span class='ocrx_word' id='word_1_190' title='bbox 843 1376 972 1408; x_wconf 92' lang='lat' dir='ltr'>Amelio</span> <span class='ocrx_word' id='word_1_191' title='bbox 989 1377 1131 1409; x_wconf 88' lang='lat' dir='ltr'>marchie</span> <span class='ocrx_word' id='word_1_192' title='bbox 1149 1377 1380 1418; x_wconf 83' lang='lat' dir='ltr'>Anconitan(e)</span> <span class='ocrx_word' id='word_1_193' title='bbox 1403 1378 1520 1410; x_wconf 86' lang='lat' dir='ltr'>rectori</span> <span class='ocrx_word' id='word_1_194' title='bbox 1542 1377 1602 1410; x_wconf 90' lang='lat' dir='ltr'>sub</span> <span class='ocrx_word' id='word_1_195' title='bbox 1626 1377 1703 1410; x_wconf 85' lang='lat' dir='ltr'>data</span> <span class='ocrx_word' id='word_1_196' title='bbox 1724 1377 1798 1410; x_wconf 88' lang='lat' dir='ltr'>XV.</span> <span class='ocrx_word' id='word_1_197' title='bbox 1815 1377 1890 1411; x_wconf 74' lang='lat' dir='ltr'>Kal.</span> <span class='ocrx_word' id='word_1_198' title='bbox 1905 1377 1974 1410; x_wconf 83' lang='lat' dir='ltr'>No·</span> <span class='ocrx_word' id='word_1_199' title='bbox 1992 1391 2020 1412; x_wconf 69' lang='lat' dir='ltr'>m</span> 
     </span>
     <span class='ocr_line' id='line_1_23' title="bbox 316 1426 456 1458; baseline 0.007 -1"><span class='ocrx_word' id='word_1_200' title='bbox 316 1426 456 1458; x_wconf 83' lang='lat' dir='ltr'>vembris</span> 
     </span>
    </p>

    <p class='ocr_par' dir='ltr' id='par_1_10' title="bbox 425 1478 1710 1524">
     <span class='ocr_line' id='line_1_24' title="bbox 425 1478 1710 1524; baseline 0.003 -15"><span class='ocrx_word' id='word_1_201' title='bbox 425 1478 468 1509; x_wconf 93' lang='lat' dir='ltr'>In</span> <span class='ocrx_word' id='word_1_202' title='bbox 492 1478 655 1511; x_wconf 86' lang='lat' dir='ltr'>eundem</span> <span class='ocrx_word' id='word_1_203' title='bbox 679 1479 828 1511; x_wconf 90' lang='lat' dir='ltr'>modum</span> <span class='ocrx_word' id='word_1_204' title='bbox 854 1480 1098 1522; x_wconf 85' lang='lat' dir='ltr'>archiepiscopo</span> <span class='ocrx_word' id='word_1_205' title='bbox 1122 1480 1315 1523; x_wconf 84' lang='lat' dir='ltr'>Strigonien.</span> <span class='ocrx_word' id='word_1_206' title='bbox 1340 1481 1474 1524; x_wconf 85' lang='lat' dir='ltr'>eiusque</span> <span class='ocrx_word' id='word_1_207' title='bbox 1498 1481 1710 1524; x_wconf 83' lang='lat' dir='ltr'>suffraganeis</span> 
     </span>
    </p>

    <p class='ocr_par' dir='ltr' id='par_1_11' title="bbox 424 1529 1215 1573">
     <span class='ocr_line' id='line_1_25' title="bbox 424 1529 1215 1573; baseline 0.005 -13"><span class='ocrx_word' id='word_1_208' title='bbox 424 1529 467 1560; x_wconf 92' lang='lat' dir='ltr'>In</span> <span class='ocrx_word' id='word_1_209' title='bbox 490 1529 650 1562; x_wconf 90' lang='lat' dir='ltr'>eundem</span> <span class='ocrx_word' id='word_1_210' title='bbox 674 1530 824 1562; x_wconf 91' lang='lat' dir='ltr'>modum</span> <span class='ocrx_word' id='word_1_211' title='bbox 848 1532 1000 1573; x_wconf 89' lang='lat' dir='ltr'>episcopo</span> <span class='ocrx_word' id='word_1_212' title='bbox 1025 1531 1215 1564; x_wconf 88' lang='lat' dir='ltr'>Olomucen.</span> 
     </span>
    </p>

    <p class='ocr_par' dir='ltr' id='par_1_12' title="bbox 425 1581 1237 1626">
     <span class='ocr_line' id='line_1_26' title="bbox 425 1581 1237 1626; baseline 0.005 -14"><span class='ocrx_word' id='word_1_213' title='bbox 425 1581 465 1612; x_wconf 93' lang='lat' dir='ltr'>In</span> <span class='ocrx_word' id='word_1_214' title='bbox 489 1581 651 1613; x_wconf 91' lang='lat' dir='ltr'>eundem</span> <span class='ocrx_word' id='word_1_215' title='bbox 674 1582 825 1614; x_wconf 92' lang='lat' dir='ltr'>modum</span> <span class='ocrx_word' id='word_1_216' title='bbox 849 1583 1002 1625; x_wconf 89' lang='lat' dir='ltr'>episcopo</span> <span class='ocrx_word' id='word_1_217' title='bbox 1025 1583 1237 1626; x_wconf 87' lang='lat' dir='ltr'>Herbipolen.</span> 
     </span>
    </p>

    <p class='ocr_par' dir='ltr' id='par_1_13' title="bbox 424 1632 2020 1676">
     <span class='ocr_line' id='line_1_27' title="bbox 424 1632 2020 1676; baseline 0.004 -13"><span class='ocrx_word' id='word_1_218' title='bbox 424 1632 465 1663; x_wconf 92' lang='lat' dir='ltr'>In</span> <span class='ocrx_word' id='word_1_219' title='bbox 490 1633 650 1665; x_wconf 89' lang='lat' dir='ltr'>eundem</span> <span class='ocrx_word' id='word_1_220' title='bbox 674 1634 823 1665; x_wconf 88' lang='lat' dir='ltr'>modum</span> <span class='ocrx_word' id='word_1_221' title='bbox 847 1635 1001 1676; x_wconf 89' lang='lat' dir='ltr'>episcopo</span> <span class='ocrx_word' id='word_1_222' title='bbox 1028 1635 1197 1667; x_wconf 83' lang='lat' dir='ltr'>Patavien.</span> <span class='ocrx_word' id='word_1_223' title='bbox 1933 1648 1939 1655; x_wconf 91' lang='lat'><strong>·</strong></span> <span class='ocrx_word' id='word_1_224' title='bbox 1993 1649 2020 1669; x_wconf 62' lang='grc' dir='ltr'>πε</span> 
     </span>
    </p>

    <p class='ocr_par' dir='ltr' id='par_1_14' title="bbox 425 1683 1171 1728">
     <span class='ocr_line' id='line_1_28' title="bbox 425 1683 1171 1728; baseline 0.004 -13"><span class='ocrx_word' id='word_1_225' title='bbox 425 1683 467 1715; x_wconf 93' lang='lat' dir='ltr'>In</span> <span class='ocrx_word' id='word_1_226' title='bbox 491 1685 653 1716; x_wconf 90' lang='lat' dir='ltr'>eundem</span> <span class='ocrx_word' id='word_1_227' title='bbox 676 1685 825 1717; x_wconf 90' lang='lat' dir='ltr'>modum</span> <span class='ocrx_word' id='word_1_228' title='bbox 850 1687 1002 1728; x_wconf 88' lang='lat' dir='ltr'>episcopo</span> <span class='ocrx_word' id='word_1_229' title='bbox 1025 1686 1171 1719; x_wconf 88' lang='lat' dir='ltr'>Ainsten.</span> 
     </span>
    </p>

    <p class='ocr_par' dir='ltr' id='par_1_15' title="bbox 424 1736 1258 1781">
     <span class='ocr_line' id='line_1_29' title="bbox 424 1736 1258 1781; baseline 0.006 -15"><span class='ocrx_word' id='word_1_230' title='bbox 424 1736 466 1766; x_wconf 92' lang='lat' dir='ltr'>In</span> <span class='ocrx_word' id='word_1_231' title='bbox 491 1737 649 1768; x_wconf 90' lang='lat' dir='ltr'>eundem</span> <span class='ocrx_word' id='word_1_232' title='bbox 673 1737 822 1769; x_wconf 87' lang='lat' dir='ltr'>modum</span> <span class='ocrx_word' id='word_1_233' title='bbox 847 1762 879 1770; x_wconf 87' lang='lat'>..</span> <span class='ocrx_word' id='word_1_234' title='bbox 905 1739 1056 1781; x_wconf 88' lang='lat' dir='ltr'>episcopo</span> <span class='ocrx_word' id='word_1_235' title='bbox 1081 1739 1258 1771; x_wconf 87' lang='lat' dir='ltr'>Tridentin.</span> 
     </span>
    </p>

    <p class='ocr_par' dir='ltr' id='par_1_16' title="bbox 426 1787 1236 1832">
     <span class='ocr_line' id='line_1_30' title="bbox 426 1787 1236 1832; baseline 0.006 -14"><span class='ocrx_word' id='word_1_236' title='bbox 426 1787 468 1818; x_wconf 92' lang='lat' dir='ltr'>In</span> <span class='ocrx_word' id='word_1_237' title='bbox 491 1788 651 1819; x_wconf 87' lang='lat' dir='ltr'>eundem</span> <span class='ocrx_word' id='word_1_238' title='bbox 674 1788 825 1820; x_wconf 87' lang='lat' dir='ltr'>modum</span> <span class='ocrx_word' id='word_1_239' title='bbox 848 1814 856 1821; x_wconf 92' lang='lat'>.</span> <span class='ocrx_word' id='word_1_240' title='bbox 874 1815 881 1821; x_wconf 92' lang='lat'>.</span> <span class='ocrx_word' id='word_1_241' title='bbox 907 1791 1060 1832; x_wconf 86' lang='lat' dir='ltr'>episcopo</span> <span class='ocrx_word' id='word_1_242' title='bbox 1083 1791 1236 1823; x_wconf 81' lang='lat' dir='ltr'>Basilien.</span> 
     </span>
    </p>

    <p class='ocr_par' dir='ltr' id='par_1_17' title="bbox 426 1838 1259 1885">
     <span class='ocr_line' id='line_1_31' title="bbox 426 1838 1259 1885; baseline 0.007 -16"><span class='ocrx_word' id='word_1_243' title='bbox 426 1838 466 1869; x_wconf 95' lang='lat' dir='ltr'>In</span> <span class='ocrx_word' id='word_1_244' title='bbox 489 1839 649 1871; x_wconf 86' lang='lat' dir='ltr'>eundem</span> <span class='ocrx_word' id='word_1_245' title='bbox 672 1840 821 1872; x_wconf 89' lang='lat' dir='ltr'>modum</span> <span class='ocrx_word' id='word_1_246' title='bbox 847 1865 878 1872; x_wconf 93' lang='lat'>..</span> <span class='ocrx_word' id='word_1_247' title='bbox 904 1842 1057 1884; x_wconf 90' lang='lat' dir='ltr'>episcopo</span> <span class='ocrx_word' id='word_1_248' title='bbox 1080 1843 1259 1885; x_wconf 88' lang='lat' dir='ltr'>Augusten.</span> 
     </span>
    </p>

    <p class='ocr_par' dir='ltr' id='par_1_18' title="bbox 426 1890 2022 1927">
     <span class='ocr_line' id='line_1_32' title="bbox 426 1890 2022 1927; baseline 0.004 -6"><span class='ocrx_word' id='word_1_249' title='bbox 426 1890 524 1922; x_wconf 88' lang='lat' dir='ltr'>Item</span> <span class='ocrx_word' id='word_1_250' title='bbox 548 1916 555 1922; x_wconf 86' lang='lat'><strong>.</strong></span> <span class='ocrx_word' id='word_1_251' title='bbox 574 1916 580 1922; x_wconf 90' lang='lat'><em>.</em></span> <span class='ocrx_word' id='word_1_252' title='bbox 605 1891 715 1923; x_wconf 87' lang='lat' dir='ltr'>abbati</span> <span class='ocrx_word' id='word_1_253' title='bbox 739 1893 926 1924; x_wconf 84' lang='lat' dir='ltr'>monasterii</span> <span class='ocrx_word' id='word_1_254' title='bbox 950 1892 981 1924; x_wconf 85' lang='lat' dir='ltr'>S.</span> <span class='ocrx_word' id='word_1_255' title='bbox 997 1894 1138 1926; x_wconf 82' lang='lat' dir='ltr'>Cornelii</span> <span class='ocrx_word' id='word_1_256' title='bbox 1162 1894 1230 1926; x_wconf 89' lang='lat' dir='ltr'>ord.</span> <span class='ocrx_word' id='word_1_257' title='bbox 1247 1906 1271 1926; x_wconf 87' lang='lat' dir='ltr'>s.</span> <span class='ocrx_word' id='word_1_258' title='bbox 1287 1894 1458 1927; x_wconf 87' lang='lat' dir='ltr'>Benedicti</span> <span class='ocrx_word' id='word_1_259' title='bbox 1481 1894 1667 1927; x_wconf 75' lang='lat' dir='ltr'>Oolonien.⁰</span> <span class='ocrx_word' id='word_1_260' title='bbox 1686 1893 1769 1926; x_wconf 81' lang='lat' dir='ltr'>dioc.</span> <span class='ocrx_word' id='word_1_261' title='bbox 1995 1907 2022 1927; x_wconf 69' lang='lat' dir='ltr'>so</span> 
     </span>
    </p>

    <p class='ocr_par' dir='ltr' id='par_1_19' title="bbox 426 1942 1343 1988">
     <span class='ocr_line' id='line_1_33' title="bbox 426 1942 1343 1988; baseline 0.005 -15"><span class='ocrx_word' id='word_1_262' title='bbox 426 1942 525 1973; x_wconf 88' lang='lat' dir='ltr'>Item</span> <span class='ocrx_word' id='word_1_263' title='bbox 549 1943 800 1975; x_wconf 83' lang='lat' dir='ltr'>administratori</span> <span class='ocrx_word' id='word_1_264' title='bbox 823 1948 856 1976; x_wconf 92' lang='lat' dir='ltr'>et</span> <span class='ocrx_word' id='word_1_265' title='bbox 879 1945 1019 1987; x_wconf 85' lang='lat' dir='ltr'>capitulo</span> <span class='ocrx_word' id='word_1_266' title='bbox 1043 1946 1180 1978; x_wconf 89' lang='lat' dir='ltr'>ecclesie</span> <span class='ocrx_word' id='word_1_267' title='bbox 1204 1946 1343 1988; x_wconf 85' lang='lat' dir='ltr'>Pragen.</span> 
     </span>
    </p>
   </div>
   <div class='ocr_carea' id='block_1_9' title="bbox 528 2053 1773 2101">
    <p class='ocr_par' dir='ltr' id='par_1_20' title="bbox 528 2053 1773 2101">
     <span class='ocr_line' id='line_1_34' title="bbox 528 2053 1773 2101; baseline 0.003 -13"><span class='ocrx_word' id='word_1_268' title='bbox 528 2053 613 2089; x_wconf 87' lang='lat'><strong>795.</strong></span> <span class='ocrx_word' id='word_1_269' title='bbox 657 2054 759 2090; x_wconf 85' lang='lat' dir='ltr'>Aliae</span> <span class='ocrx_word' id='word_1_270' title='bbox 786 2055 919 2091; x_wconf 76' lang='lat' dir='ltr'>litterae</span> <span class='ocrx_word' id='word_1_271' title='bbox 945 2057 1115 2101; x_wconf 76' lang='lat' dir='ltr'>episcopis</span> <span class='ocrx_word' id='word_1_272' title='bbox 1145 2056 1356 2092; x_wconf 75' lang='lat' dir='ltr'>Germaniae</span> <span class='ocrx_word' id='word_1_273' title='bbox 1382 2057 1540 2093; x_wconf 82' lang='lat' dir='ltr'>directae.</span> <span class='ocrx_word' id='word_1_274' title='bbox 1649 2055 1721 2092; x_wconf 83' lang='lat' dir='ltr'>Oet.</span> <span class='ocrx_word' id='word_1_275' title='bbox 1739 2058 1773 2092; x_wconf 88' lang='lat'>9.</span> 
     </span>
    </p>
   </div>
   <div class='ocr_carea' id='block_1_10' title="bbox 320 2125 2020 2586">
    <p class='ocr_par' dir='ltr' id='par_1_21' title="bbox 320 2125 2019 2273">
     <span class='ocr_line' id='line_1_35' title="bbox 430 2125 1978 2170; baseline 0.003 -13"><span class='ocrx_word' id='word_1_276' title='bbox 430 2125 529 2165; x_wconf 77' lang='lat' dir='ltr'>Copia</span> <span class='ocrx_word' id='word_1_277' title='bbox 555 2129 565 2157; x_wconf 85' lang='lat'>1</span> <span class='ocrx_word' id='word_1_278' title='bbox 602 2128 792 2169; x_wconf 79' lang='lat' dir='ltr'>exemplaris</span> <span class='ocrx_word' id='word_1_279' title='bbox 818 2130 959 2170; x_wconf 76' lang='lat' dir='ltr'>episcopo</span> <span class='ocrx_word' id='word_1_280' title='bbox 985 2130 1221 2162; x_wconf 83' lang='lat' dir='ltr'>Constantiensi</span> <span class='ocrx_word' id='word_1_281' title='bbox 1248 2131 1340 2162; x_wconf 87' lang='lat' dir='ltr'>missi</span> <span class='ocrx_word' id='word_1_282' title='bbox 1371 2131 1406 2163; x_wconf 81' lang='lat' dir='ltr'>in</span> <span class='ocrx_word' id='word_1_283' title='bbox 1431 2133 1626 2163; x_wconf 80' lang='lat' dir='ltr'>trwnssumto</span> <span class='ocrx_word' id='word_1_284' title='bbox 1655 2141 1687 2162; x_wconf 88' lang='lat' dir='ltr'>a.</span> <span class='ocrx_word' id='word_1_285' title='bbox 1709 2130 1805 2163; x_wconf 76' lang='lat'><strong><em>1324.</em></strong></span> <span class='ocrx_word' id='word_1_286' title='bbox 1839 2129 1934 2163; x_wconf 74' lang='lat' dir='ltr'>Febr.</span> <span class='ocrx_word' id='word_1_287' title='bbox 1957 2130 1978 2161; x_wconf 75' lang='lat'><em>4</em></span> 
     </span>
     <span class='ocr_line' id='line_1_36' title="bbox 320 2176 1978 2225; baseline 0.005 -19"><span class='ocrx_word' id='word_1_288' title='bbox 320 2176 405 2214; x_wconf 84' lang='lat' dir='ltr'>facto</span> <span class='ocrx_word' id='word_1_289' title='bbox 428 2177 518 2218; x_wconf 83' lang='lat' dir='ltr'>infra</span> <span class='ocrx_word' id='word_1_290' title='bbox 533 2179 657 2218; x_wconf 86' lang='lat' dir='ltr'>edendo,</span> <span class='ocrx_word' id='word_1_291' title='bbox 680 2180 766 2220; x_wconf 81' lang='lat' dir='ltr'>qnod</span> <span class='ocrx_word' id='word_1_292' title='bbox 783 2183 929 2212; x_wconf 83' lang='lat' dir='ltr'>servatur</span> <span class='ocrx_word' id='word_1_293' title='bbox 950 2182 987 2213; x_wconf 88' lang='lat' dir='ltr'>in</span> <span class='ocrx_word' id='word_1_294' title='bbox 1009 2182 1113 2214; x_wconf 86' lang='lat' dir='ltr'>eodem</span> <span class='ocrx_word' id='word_1_295' title='bbox 1128 2182 1288 2215; x_wconf 78' lang='lat' dir='ltr'>tabulario</span> <span class='ocrx_word' id='word_1_296' title='bbox 1313 2183 1413 2214; x_wconf 71' lang='lat' dir='ltr'>‘Arm</span> <span class='ocrx_word' id='word_1_297' title='bbox 1434 2183 1461 2216; x_wconf 85' lang='lat'><em>0</em></span> <span class='ocrx_word' id='word_1_298' title='bbox 1469 2182 1555 2225; x_wconf 83' lang='lat' dir='ltr'>fasc.</span> <span class='ocrx_word' id='word_1_299' title='bbox 1572 2183 1614 2214; x_wconf 76' lang='lat'>54</span> <span class='ocrx_word' id='word_1_300' title='bbox 1628 2193 1678 2214; x_wconf 87' lang='lat' dir='ltr'>nr.</span> <span class='ocrx_word' id='word_1_301' title='bbox 1694 2182 1765 2221; x_wconf 82' lang='lat'><em>28’;</em></span> <span class='ocrx_word' id='word_1_302' title='bbox 1786 2181 1978 2215; x_wconf 57' lang='lat' dir='ltr'>muamus</span> 
     </span>
     <span class='ocr_line' id='line_1_37' title="bbox 320 2229 2019 2273; baseline 0.009 -15"><span class='ocrx_word' id='word_1_303' title='bbox 320 2237 396 2266; x_wconf 81' lang='lat' dir='ltr'>nos;</span> <span class='ocrx_word' id='word_1_304' title='bbox 418 2229 458 2266; x_wconf 85' lang='lat' dir='ltr'>cf.</span> <span class='ocrx_word' id='word_1_305' title='bbox 475 2229 566 2267; x_wconf 86' lang='lat' dir='ltr'>infra</span> <span class='ocrx_word' id='word_1_306' title='bbox 587 2240 637 2261; x_wconf 91' lang='lat' dir='ltr'>nr.</span> <span class='ocrx_word' id='word_1_307' title='bbox 655 2232 734 2270; x_wconf 84' lang='lat'><strong><em>796,·</em></strong></span> <span class='ocrx_word' id='word_1_308' title='bbox 757 2232 834 2272; x_wconf 74' lang='lat' dir='ltr'>Rey.</span> <span class='ocrx_word' id='word_1_309' title='bbox 851 2243 896 2272; x_wconf 77' lang='lat' dir='ltr'>ep.</span> <span class='ocrx_word' id='word_1_310' title='bbox 917 2232 1079 2265; x_wconf 81' lang='lat' dir='ltr'>Constant.</span> <span class='ocrx_word' id='word_1_311' title='bbox 1103 2243 1153 2266; x_wconf 87' lang='lat' dir='ltr'>nr.</span> <span class='ocrx_word' id='word_1_312' title='bbox 1171 2234 1272 2273; x_wconf 83' lang='lat'><em>3972;</em></span> <span class='ocrx_word' id='word_1_313' title='bbox 1993 2243 2019 2264; x_wconf 78' lang='lat'>⁸⁸</span> 
     </span>
    </p>

    <p class='ocr_par' dir='ltr' id='par_1_22' title="bbox 321 2281 1979 2428">
     <span class='ocr_line' id='line_1_38' title="bbox 429 2281 1979 2326; baseline 0.004 -16"><span class='ocrx_word' id='word_1_314' title='bbox 429 2281 519 2319; x_wconf 72' lang='lat' dir='ltr'>copia</span> <span class='ocrx_word' id='word_1_315' title='bbox 541 2283 560 2312; x_wconf 86' lang='lat'><strong>2</strong></span> <span class='ocrx_word' id='word_1_316' title='bbox 576 2282 763 2322; x_wconf 74' lang='lat' dir='ltr'>exemplaris</span> <span class='ocrx_word' id='word_1_317' title='bbox 778 2284 1011 2324; x_wconf 77' lang='lat' dir='ltr'>archiepiscopo</span> <span class='ocrx_word' id='word_1_318' title='bbox 1027 2285 1253 2326; x_wconf 74' lang='lat' dir='ltr'>Salzburqensi</span> <span class='ocrx_word' id='word_1_319' title='bbox 1268 2286 1380 2317; x_wconf 79' lang='lat' dir='ltr'>directi</span> <span class='ocrx_word' id='word_1_320' title='bbox 1398 2286 1434 2318; x_wconf 86' lang='lat' dir='ltr'>in</span> <span class='ocrx_word' id='word_1_321' title='bbox 1449 2288 1643 2318; x_wconf 80' lang='lat' dir='ltr'>transsumto</span> <span class='ocrx_word' id='word_1_322' title='bbox 1665 2295 1697 2319; x_wconf 86' lang='lat' dir='ltr'>a.</span> <span class='ocrx_word' id='word_1_323' title='bbox 1715 2285 1812 2318; x_wconf 73' lang='lat'><strong><em>1324.</em></strong></span> <span class='ocrx_word' id='word_1_324' title='bbox 1834 2285 1920 2318; x_wconf 75' lang='lat' dir='ltr'>Mai.</span> <span class='ocrx_word' id='word_1_325' title='bbox 1934 2285 1979 2316; x_wconf 84' lang='lat'>30</span> 
     </span>
     <span class='ocr_line' id='line_1_39' title="bbox 322 2330 1978 2375; baseline 0.006 -15"><span class='ocrx_word' id='word_1_326' title='bbox 322 2330 459 2367; x_wconf 80' lang='lat' dir='ltr'>confecto</span> <span class='ocrx_word' id='word_1_327' title='bbox 482 2331 572 2370; x_wconf 81' lang='lat' dir='ltr'>infra</span> <span class='ocrx_word' id='word_1_328' title='bbox 596 2333 728 2372; x_wconf 77' lang='lat' dir='ltr'>edendo,</span> <span class='ocrx_word' id='word_1_329' title='bbox 762 2335 845 2375; x_wconf 79' lang='lat' dir='ltr'>quod</span> <span class='ocrx_word' id='word_1_330' title='bbox 871 2338 1015 2368; x_wconf 78' lang='lat' dir='ltr'>servatur</span> <span class='ocrx_word' id='word_1_331' title='bbox 1037 2337 1073 2369; x_wconf 83' lang='lat' dir='ltr'>in</span> <span class='ocrx_word' id='word_1_332' title='bbox 1095 2337 1200 2369; x_wconf 84' lang='lat' dir='ltr'>eodem</span> <span class='ocrx_word' id='word_1_333' title='bbox 1222 2337 1381 2370; x_wconf 80' lang='lat' dir='ltr'>tabulario</span> <span class='ocrx_word' id='word_1_334' title='bbox 1407 2338 1492 2370; x_wconf 77' lang='lat' dir='ltr'>inter</span> <span class='ocrx_word' id='word_1_335' title='bbox 1514 2337 1744 2370; x_wconf 77' lang='lat' dir='ltr'>‘Instrumenta</span> <span class='ocrx_word' id='word_1_336' title='bbox 1765 2336 1978 2370; x_wconf 77' lang='lat' dir='ltr'>miscellanea’</span> 
     </span>
     <span class='ocr_line' id='line_1_40' title="bbox 321 2380 977 2428; baseline 0.015 -18"><span class='ocrx_word' id='word_1_337' title='bbox 321 2380 365 2411; x_wconf 87' lang='lat' dir='ltr'>ad</span> <span class='ocrx_word' id='word_1_338' title='bbox 386 2391 417 2412; x_wconf 90' lang='grc' dir='ltr'>α.</span> <span class='ocrx_word' id='word_1_339' title='bbox 434 2381 534 2421; x_wconf 82' lang='grc'><em>1324,·</em></span> <span class='ocrx_word' id='word_1_340' title='bbox 557 2384 688 2416; x_wconf 79' lang='lat' dir='ltr'>contulit</span> <span class='ocrx_word' id='word_1_341' title='bbox 710 2386 753 2418; x_wconf 89' lang='lat' dir='ltr'>H.</span> <span class='ocrx_word' id='word_1_342' title='bbox 771 2386 977 2428; x_wconf 75' lang='lat' dir='ltr'>Poyatscher;</span> 
     </span>
    </p>

    <p class='ocr_par' dir='ltr' id='par_1_23' title="bbox 322 2434 2020 2586">
     <span class='ocr_line' id='line_1_41' title="bbox 432 2434 1978 2483; baseline 0.006 -19"><span class='ocrx_word' id='word_1_343' title='bbox 432 2434 522 2472; x_wconf 78' lang='lat' dir='ltr'>copia</span> <span class='ocrx_word' id='word_1_344' title='bbox 545 2436 562 2466; x_wconf 90' lang='lat'><strong>3</strong></span> <span class='ocrx_word' id='word_1_345' title='bbox 587 2436 775 2476; x_wconf 75' lang='lat' dir='ltr'>eaeemplaris</span> <span class='ocrx_word' id='word_1_346' title='bbox 804 2439 848 2470; x_wconf 81' lang='lat' dir='ltr'>ad</span> <span class='ocrx_word' id='word_1_347' title='bbox 875 2440 1055 2480; x_wconf 78' lang='lat' dir='ltr'>episcopum</span> <span class='ocrx_word' id='word_1_348' title='bbox 1077 2440 1337 2481; x_wconf 75' lang='lat' dir='ltr'>Aryentinensem</span> <span class='ocrx_word' id='word_1_349' title='bbox 1365 2441 1449 2479; x_wconf 85' lang='lat' dir='ltr'>dati,</span> <span class='ocrx_word' id='word_1_350' title='bbox 1478 2451 1560 2481; x_wconf 78' lang='lat' dir='ltr'>quae</span> <span class='ocrx_word' id='word_1_351' title='bbox 1587 2443 1730 2483; x_wconf 75' lang='lat' dir='ltr'>superest</span> <span class='ocrx_word' id='word_1_352' title='bbox 1757 2441 1794 2473; x_wconf 77' lang='lat' dir='ltr'>in</span> <span class='ocrx_word' id='word_1_353' title='bbox 1819 2439 1978 2472; x_wconf 79' lang='lat' dir='ltr'>tabulario</span> 
     </span>
     <span class='ocr_line' id='line_1_42' title="bbox 322 2483 2020 2532; baseline 0.007 -19"><span class='ocrx_word' id='word_1_354' title='bbox 322 2483 458 2515; x_wconf 79' lang='lat' dir='ltr'>eiusdem</span> <span class='ocrx_word' id='word_1_355' title='bbox 474 2485 620 2524; x_wconf 78' lang='lat' dir='ltr'>civitatis,</span> <span class='ocrx_word' id='word_1_356' title='bbox 643 2488 733 2520; x_wconf 85' lang='lat' dir='ltr'>dorso</span> <span class='ocrx_word' id='word_1_357' title='bbox 749 2490 855 2529; x_wconf 75' lang='lat' dir='ltr'>copiae</span> <span class='ocrx_word' id='word_1_358' title='bbox 870 2491 969 2530; x_wconf 79' lang='lat' dir='ltr'>primi</span> <span class='ocrx_word' id='word_1_359' title='bbox 983 2491 1156 2524; x_wconf 84' lang='lat' dir='ltr'>Processus</span> <span class='ocrx_word' id='word_1_360' title='bbox 1174 2502 1275 2532; x_wconf 78' lang='lat' dir='ltr'>supra</span> <span class='ocrx_word' id='word_1_361' title='bbox 1297 2492 1341 2524; x_wconf 83' lang='lat' dir='ltr'>ad</span> <span class='ocrx_word' id='word_1_362' title='bbox 1362 2503 1413 2525; x_wconf 89' lang='lat' dir='ltr'>nr.</span> <span class='ocrx_word' id='word_1_363' title='bbox 1426 2492 1490 2524; x_wconf 78' lang='lat'>792</span> <span class='ocrx_word' id='word_1_364' title='bbox 1511 2493 1570 2524; x_wconf 82' lang='lat' dir='ltr'>sub</span> <span class='ocrx_word' id='word_1_365' title='bbox 1587 2494 1605 2525; x_wconf 88' lang='grc'>3</span> <span class='ocrx_word' id='word_1_366' title='bbox 1628 2493 1790 2525; x_wconf 78' lang='lat' dir='ltr'>adhibitae</span> <span class='ocrx_word' id='word_1_367' title='bbox 1803 2492 1977 2532; x_wconf 45' lang='lat' dir='ltr'>inscript&amp;</span> <span class='ocrx_word' id='word_1_368' title='bbox 1992 2501 2020 2522; x_wconf 74' lang='grc' dir='ltr'><strong>ω</strong></span> 
     </span>
     <span class='ocr_line' id='line_1_43' title="bbox 323 2533 1976 2586; baseline 0.007 -22"><span class='ocrx_word' id='word_1_369' title='bbox 323 2533 435 2565; x_wconf 78' lang='lat' dir='ltr'>desunt</span> <span class='ocrx_word' id='word_1_370' title='bbox 450 2538 553 2568; x_wconf 81' lang='lat' dir='ltr'>tamen</span> <span class='ocrx_word' id='word_1_371' title='bbox 567 2538 658 2569; x_wconf 85' lang='lat' dir='ltr'>verba</span> <span class='ocrx_word' id='word_1_372' title='bbox 674 2539 833 2573; x_wconf 88' lang='lat' dir='ltr'>Iohannes</span> <span class='ocrx_word' id='word_1_373' title='bbox 847 2561 886 2565; x_wconf 91' lang='grc'><strong>-</strong></span> <span class='ocrx_word' id='word_1_374' title='bbox 899 2543 1101 2585; x_wconf 87' lang='lat' dir='ltr'>infrascripte</span> <span class='ocrx_word' id='word_1_375' title='bbox 1123 2547 1178 2584; x_wconf 90' lang='lat'>(=</span> <span class='ocrx_word' id='word_1_376' title='bbox 1192 2550 1265 2585; x_wconf 72' lang='lat' dir='ltr'>paq.</span> <span class='ocrx_word' id='word_1_377' title='bbox 1277 2544 1338 2575; x_wconf 88' lang='grc'>621</span> <span class='ocrx_word' id='word_1_378' title='bbox 1356 2543 1412 2576; x_wconf 85' lang='lat' dir='ltr'>lin.</span> <span class='ocrx_word' id='word_1_379' title='bbox 1423 2544 1442 2575; x_wconf 92' lang='lat'><strong><em>5</em></strong></span> <span class='ocrx_word' id='word_1_380' title='bbox 1455 2563 1496 2567; x_wconf 97' lang='lat'><strong>—</strong></span> <span class='ocrx_word' id='word_1_381' title='bbox 1509 2544 1565 2576; x_wconf 86' lang='lat' dir='ltr'>lin.</span> <span class='ocrx_word' id='word_1_382' title='bbox 1578 2544 1652 2586; x_wconf 87' lang='lat'><em>15);</em></span> <span class='ocrx_word' id='word_1_383' title='bbox 1671 2544 1896 2584; x_wconf 52' lang='lat' dir='ltr'>descrspsimus</span> <span class='ocrx_word' id='word_1_384' title='bbox 1909 2553 1976 2576; x_wconf 82' lang='lat' dir='ltr'>nos.</span> 
     </span>
    </p>
   </div>
   <div class='ocr_carea' id='block_1_11' title="bbox 323 2594 1978 2749">
    <p class='ocr_par' dir='ltr' id='par_1_24' title="bbox 323 2594 1978 2749">
     <span class='ocr_line' id='line_1_44' title="bbox 433 2594 1978 2646; baseline 0.01 -21"><span class='ocrx_word' id='word_1_385' title='bbox 433 2594 675 2629; x_wconf 82' lang='lat' dir='ltr'>Transsumtum</span> <span class='ocrx_word' id='word_1_386' title='bbox 709 2601 897 2641; x_wconf 69' lang='lat' dir='ltr'>exemplaris</span> <span class='ocrx_word' id='word_1_387' title='bbox 929 2604 973 2635; x_wconf 86' lang='lat' dir='ltr'>ad</span> <span class='ocrx_word' id='word_1_388' title='bbox 1006 2604 1278 2645; x_wconf 77' lang='lat' dir='ltr'>archiepiscopum</span> <span class='ocrx_word' id='word_1_389' title='bbox 1314 2604 1527 2637; x_wconf 81' lang='lat' dir='ltr'>Golonicnsem</span> <span class='ocrx_word' id='word_1_390' title='bbox 1559 2605 1664 2646; x_wconf 78' lang='lat' dir='ltr'>missi,</span> <span class='ocrx_word' id='word_1_391' title='bbox 1697 2604 1783 2645; x_wconf 76' lang='lat' dir='ltr'>quod</span> <span class='ocrx_word' id='word_1_392' title='bbox 1814 2603 1978 2636; x_wconf 66' lang='lat' dir='ltr'>Hemicus</span> 
     </span>
     <span class='ocr_line' id='line_1_45' title="bbox 323 2645 1978 2694; baseline 0.008 -20"><span class='ocrx_word' id='word_1_393' title='bbox 323 2654 353 2675; x_wconf 90' lang='lat' dir='ltr'>a.</span> <span class='ocrx_word' id='word_1_394' title='bbox 371 2645 464 2677; x_wconf 79' lang='grc'><em>1324.</em></span> <span class='ocrx_word' id='word_1_395' title='bbox 490 2647 572 2687; x_wconf 75' lang='lat' dir='ltr'>Any.</span> <span class='ocrx_word' id='word_1_396' title='bbox 590 2649 631 2679; x_wconf 88' lang='grc'>18</span> <span class='ocrx_word' id='word_1_397' title='bbox 653 2651 793 2691; x_wconf 75' lang='lat' dir='ltr'>episcopo</span> <span class='ocrx_word' id='word_1_398' title='bbox 822 2653 1044 2687; x_wconf 81' lang='lat' dir='ltr'>Ultraiectensi</span> <span class='ocrx_word' id='word_1_399' title='bbox 1066 2656 1246 2694; x_wconf 83' lang='lat' dir='ltr'>destinavit,</span> <span class='ocrx_word' id='word_1_400' title='bbox 1277 2656 1314 2687; x_wconf 89' lang='lat' dir='ltr'>in</span> <span class='ocrx_word' id='word_1_401' title='bbox 1335 2656 1463 2688; x_wconf 77' lang='lat' dir='ltr'>arch-ivo</span> <span class='ocrx_word' id='word_1_402' title='bbox 1485 2656 1625 2688; x_wconf 78' lang='lat' dir='ltr'>civitatis</span> <span class='ocrx_word' id='word_1_403' title='bbox 1653 2655 1891 2689; x_wconf 69' lang='lat' dir='ltr'>Ultraiectmsis</span> <span class='ocrx_word' id='word_1_404' title='bbox 1911 2665 1978 2687; x_wconf 78' lang='lat' dir='ltr'>ser-</span> 
     </span>
     <span class='ocr_line' id='line_1_46' title="bbox 323 2696 1975 2749; baseline 0.009 -23"><span class='ocrx_word' id='word_1_405' title='bbox 323 2696 410 2735; x_wconf 86' lang='lat' dir='ltr'>vari,</span> <span class='ocrx_word' id='word_1_406' title='bbox 441 2700 530 2729; x_wconf 86' lang='lat' dir='ltr'>notat</span> <span class='ocrx_word' id='word_1_407' title='bbox 551 2699 652 2731; x_wconf 85' lang='lat' dir='ltr'>Brom</span> <span class='ocrx_word' id='word_1_408' title='bbox 682 2701 875 2736; x_wconf 82' lang='lat' dir='ltr'>‘Bullarium</span> <span class='ocrx_word' id='word_1_409' title='bbox 909 2706 1118 2739; x_wconf 72' lang='lat' dir='ltr'>Traicetenoe&#39;</span> <span class='ocrx_word' id='word_1_410' title='bbox 1141 2707 1170 2745; x_wconf 91' lang='lat' dir='ltr'>I,</span> <span class='ocrx_word' id='word_1_411' title='bbox 1193 2707 1259 2739; x_wconf 89' lang='grc'>292</span> <span class='ocrx_word' id='word_1_412' title='bbox 1279 2718 1330 2739; x_wconf 85' lang='lat' dir='ltr'>nr.</span> <span class='ocrx_word' id='word_1_413' title='bbox 1347 2708 1427 2746; x_wconf 65' lang='lat'>62&amp;</span> <span class='ocrx_word' id='word_1_414' title='bbox 1456 2707 1540 2747; x_wconf 83' lang='lat' dir='ltr'>quod</span> <span class='ocrx_word' id='word_1_415' title='bbox 1561 2707 1714 2749; x_wconf 79' lang='lat' dir='ltr'>inspicere</span> <span class='ocrx_word' id='word_1_416' title='bbox 1734 2707 1975 2748; x_wconf 76' lang='lat' dir='ltr'>supersedimus.</span> 
     </span>
    </p>
   </div>
   <div class='ocr_carea' id='block_1_12' title="bbox 431 2781 982 2821">
    <p class='ocr_par' dir='ltr' id='par_1_25' title="bbox 431 2781 982 2821">
     <span class='ocr_line' id='line_1_47' title="bbox 431 2781 982 2821; baseline 0.018 -13"><span class='ocrx_word' id='word_1_417' title='bbox 431 2781 495 2809; x_wconf 74' lang='grc'><strong>794.</strong></span> <span class='ocrx_word' id='word_1_418' title='bbox 522 2784 547 2817; x_wconf 78' lang='lat'>¹³)</span> <span class='ocrx_word' id='word_1_419' title='bbox 566 2787 660 2812; x_wconf 72' lang='lat' dir='ltr'>excidit</span> <span class='ocrx_word' id='word_1_420' title='bbox 678 2797 697 2812; x_wconf 87' lang='lat' dir='ltr'>c.</span> <span class='ocrx_word' id='word_1_421' title='bbox 786 2790 808 2821; x_wconf 82' lang='lat' dir='ltr'>c)</span> <span class='ocrx_word' id='word_1_422' title='bbox 827 2791 943 2817; x_wconf 64' lang='lat' dir='ltr'>Clannsfi</span> <span class='ocrx_word' id='word_1_423' title='bbox 961 2801 982 2818; x_wconf 86' lang='lat' dir='ltr'>c.</span> 
     </span>
    </p>
   </div>
   <div class='ocr_carea' id='block_1_13' title="bbox 428 2833 692 2868">
    <p class='ocr_par' dir='ltr' id='par_1_26' title="bbox 428 2833 692 2868">
     <span class='ocr_line' id='line_1_48' title="bbox 428 2833 692 2868; baseline -0.008 -2"><span class='ocrx_word' id='word_1_424' title='bbox 428 2833 455 2866; x_wconf 89' lang='lat'>1)</span> <span class='ocrx_word' id='word_1_425' title='bbox 473 2833 565 2868; x_wconf 64' lang='lat' dir='ltr'>Supra</span> <span class='ocrx_word' id='word_1_426' title='bbox 582 2845 624 2864; x_wconf 77' lang='lat' dir='ltr'>nr.</span> <span class='ocrx_word' id='word_1_427' title='bbox 640 2842 692 2865; x_wconf 82' lang='lat'><strong><em>792.</em></strong></span> 
     </span>
    </p>
   </div>
   <div class='ocr_carea' id='block_1_14' title="bbox 1991 2812 2018 2832">
    <p class='ocr_par' dir='ltr' id='par_1_27' title="bbox 1991 2812 2018 2832">
     <span class='ocr_line' id='line_1_49' title="bbox 1991 2812 2018 2832; baseline 0 0"><span class='ocrx_word' id='word_1_428' title='bbox 1991 2812 2018 2832; x_wconf 70' lang='lat'>⁴⁸</span> 
     </span>
    </p>
   </div>
   <div class='ocr_carea' id='block_1_15' title="bbox 2134 1062 2184 3126">
    <p class='ocr_par' dir='ltr' id='par_1_28' title="bbox 2134 1062 2184 3126">
     <span class='ocr_line' id='line_1_50' title="bbox 2134 1062 2184 3126; baseline 0 0"><span class='ocrx_word' id='word_1_429' title='bbox 2134 1062 2184 3126; x_wconf 95' lang='lat' dir='ltr'> </span> 
     </span>
    </p>
   </div>
  </div>
 </body>
</html>
