2184 3126
337 208 397 238 824
568 204 665 232 ACTA
683 201 796 229 REGNI
814 199 998 228 LUDEWICI
1017 199 1064 226 IV.
1083 198 1129 226 ΕΤ
1148 198 1335 226 FRIDERICI
1353 198 1401 225 ΙΙΙ.
1438 198 1514 226 1324.
1550 197 1598 225 Nr.
1610 197 1669 225 986.
1687 197 1747 225 987.

335 297 454 328 tienses
477 305 550 326 suos
572 291 704 324 nuncios
727 288 769 321 ad
791 290 932 319 nostram
955 286 1017 317 hiis
1040 284 1155 316 diebus
1177 285 1374 326 presentiam
1397 294 1468 315 cum
1485 284 1549 315 suis
1564 283 1680 315 litteris
1696 283 1879 325 destinavit,
1902 284 1988 317 inter

335 348 399 378 alia
420 346 512 378 nobis
535 354 593 386 per
616 341 748 374 easdem
773 339 896 370 litteras
925 335 1118 376 intimando,
1148 334 1309 377 quomodo
1337 345 1409 367 cum
1437 334 1631 367 excellentia
1660 335 1751 377 regia
1781 335 1814 367 in
1835 334 1922 368 Baro
1949 345 1986 367 se

335 398 472 430 duxerat
495 395 635 428 amicitia
650 394 807 435 perpetua
826 388 1028 428 uniendum²‚
1052 397 1090 419 ac
1106 387 1139 418 in
1154 387 1216 418 fine
1239 386 1446 428 subiungens,
1470 386 1558 428 quod
1574 385 1668 418 dictis
1689 387 1813 418 nunciis
1828 386 1988 419 vellemus

335 459 430 491 super
451 448 522 488 hiis,
547 456 607 488 que
632 455 673 477 ex
695 445 786 485 parte
811 451 868 472 sua
890 440 981 472 nobis
1004 441 1230 482 proponerent,
1253 438 1351 469 fidem
1375 437 1541 469 indubiam
1563 437 1731 470 adhibere.
1767 437 1853 476 Quid
1875 441 1987 483 autem

335 510 431 541 super
465 498 628 530 credentia
662 494 807 537 predicta
836 491 930 523 nobis
959 491 1167 533 exposuerint
1199 489 1340 531 quidque
1370 490 1447 531 ipsis
1477 500 1666 532 responsum
1695 500 1755 531 per
1784 500 1844 522 nos
1877 489 1985 532 fuerit,
2015 501 2030 520 ι

333 550 559 592 ven(erabiles)
578 548 691 579 fratres
714 546 813 577 nostri
837 568 843 575 .
861 567 868 575 .
885 542 1109 574 Atrabatensis
1132 545 1165 573 et
1188 565 1194 572 .
1211 566 1218 573 .
1235 541 1433 573 vivariensis
1455 542 1600 583 episcopi
1622 542 1705 583 regii
1726 542 1835 574 nuncii
1849 542 1986 574 circum-

335 602 489 643 spectioni
512 601 600 642 regie
623 609 681 640 per
712 608 785 629 suas
809 596 929 628 debent
956 595 1082 626 litteras
1110 593 1288 635 explicare,
1318 595 1452 635 propter
1480 592 1568 635 quod
1595 593 1783 625 obmisimus
1810 593 1844 625 in
1873 603 1987 627 earum

333 653 519 684 recitatione
543 661 637 683 aures
659 650 766 690 regias
788 656 994 689 pregravare.
1040 645 1133 677 Circa
1148 645 1319 687 negocium
1334 643 1512 686 principale
1527 644 1704 677 intenditur
1719 645 1831 677 sedule
1846 656 1885 678 ac
1900 646 1987 678 circa

332 704 398 744 illa,
425 713 486 744 que
510 702 551 734 ad
575 702 643 733 eius
666 701 793 732 felicem
817 699 939 730 exitum
964 699 1121 739 oportuna
1144 700 1327 737 noscuntur,
1351 696 1519 738 diligentia
1541 707 1606 729 non
1628 698 1776 739 tepescit,
1800 707 1874 729 cum
1896 697 1985 730 litte·

333 765 400 787 ram
423 755 560 796 regiam,
585 753 624 784 de
649 763 711 794 qua
734 751 814 783 alias
836 750 1034 792 scripsimus,
1059 759 1156 790 quam
1178 748 1406 790 prestolamur,
1430 749 1660 791 receperimus,
1684 760 1748 792 que
1771 749 1985 791 proculdubio
2004 758 2032 779 ιο

333 817 390 838 nos
413 805 454 837 ad
477 804 718 847 procedendum
748 803 885 834 celerius
914 801 1100 833 stimulabit.
1153 800 1340 832 Laudamus
1368 803 1495 842 autem,
1523 800 1611 842 quod
1634 811 1731 843 supra
1761 801 1848 833 dicta
1877 800 1986 834 littera

333 858 498 889 consilium
522 857 663 896 illorum,
688 855 729 886 de
754 854 868 896 quibus
891 854 1015 895 scripsit
1037 852 1240 894 providentia
1262 852 1367 893 regia,
1390 851 1452 883 fuit
1474 852 1680 893 postulatum.
1731 851 1845 885 Gratia
1866 852 1931 885 Dei
1952 853 1987 884 in

333 908 467 950 agendis
490 911 536 948 te,
568 907 613 938 fili
636 906 809 948 carissime,
834 905 952 946 dirigat
974 908 1007 936 et
1029 914 1088 946 per
1110 904 1207 945 longa
1234 906 1383 945 tempora
1405 903 1437 935 in
1460 903 1545 936 bona
1567 904 1783 946 prosperitate
1806 907 1984 937 conservet.

441 959 561 990 Datum
585 957 784 999 Avinio(ne),
807 957 865 989 XI.
882 957 956 988 Kal.
981 955 1122 995 Octobr„
1146 965 1230 986 anno
1253 965 1347 986 nono.

437 1177 534 1221 987.
563 1176 660 1222 988.
702 1173 1052 1220 LUDEWICI
1080 1172 1373 1220 SCRIPTA
1401 1171 1532 1219 PRO
1562 1173 1883 1221 CIVITATE
2005 1191 2032 1212 ι»

939 1242 1294 1289 AUGUSTEN
1303 1241 1378 1289 SI.

991 1320 1099 1356 1324.
1141 1320 1242 1366 Sept.
1267 1320 1324 1356 16.

808 1424 894 1460 987.
923 1423 1097 1469 Scriptum
1119 1425 1232 1469 prius.
1338 1423 1504 1470 Sept.16.

443 1497 601 1537 Oriyinale
624 1497 699 1539 (or.)
728 1498 762 1529 in
785 1497 943 1529 tabulario
970 1498 1108 1529 civitatis
1129 1497 1351 1537 Augustensis.
1396 1498 1576 1540 Descripsit
1602 1500 1667 1532 iam
1695 1499 1769 1533 olim
1791 1501 1881 1541 Jaffe'
1901 1502 1928 1535 b.
1944 1513 1985 1536 m.

334 1548 453 1580 Pendet
474 1549 611 1589 sigillum
635 1549 752 1580 laesum
775 1548 840 1583 Zoro
862 1549 1104 1581 membranaceo.
1129 1568 1170 1572 ——
1193 1549 1256 1582 Ed.
1274 1549 1386 1591 Meyer
1405 1550 1673 1584 ‘Urkundenbuch
1695 1551 1751 1584 der
1770 1552 1867 1586 stadt
1881 1553 1987 1596 Anys-
2003 1569 2033 1589 ,ο

333 1599 421 1639 bury’
436 1600 465 1638 I,
480 1600 545 1631 238
565 1611 614 1632 nr.
630 1601 693 1632 275
716 1611 754 1631 ex
777 1611 821 1632 or.

443 1660 491 1698 Cf.
507 1663 613 1692 notam
635 1659 726 1692 Libri
748 1660 958 1692 cancellariae
978 1660 1141 1693 Ludewici
1162 1662 1257 1703 regis,
1287 1662 1325 1694 de
1346 1672 1407 1702 quo
1431 1673 1458 1695 v.
1473 1673 1575 1703 supra
1601 1663 1646 1695 ad
1671 1673 1720 1696 nr.
1739 1665 1811 1704 679,
1833 1665 1888 1705 sol.
1905 1667 1988 1699 110:

334 1712 417 1743 Item
434 1711 579 1743 dominus
602 1722 660 1743 rex
683 1712 850 1753 permittit,
875 1713 962 1754 quod
984 1713 1121 1755 predicti
1144 1714 1230 1746 cives
1247 1713 1424 1747 defendant
1445 1725 1491 1756 se,
1514 1725 1555 1748 ne
1572 1716 1791 1749 marschalcus
1814 1717 1855 1750 de
1869 1717 1986 1751 Piber-

333 1763 423 1794 wach
446 1764 581 1805 recipiat
603 1764 779 1796 thelonium
802 1764 843 1796 ab
867 1765 913 1796 eis
936 1765 968 1796 in
990 1765 1192 1797 Piberwach.

439 1815 513 1846 Dat.
538 1819 616 1857 aput
644 1817 840 1857 Augustam,
871 1816 952 1848 feria
981 1817 1124 1849 secunda
1152 1818 1302 1859 proxima
1332 1822 1407 1850 ante
1438 1819 1526 1851 diem
1555 1819 1644 1852 beati
1673 1820 1807 1863 Mathey
1836 1823 1986 1864 apostoli,
2004 1836 2032 1857 2⁵

335 1876 416 1897 anno
439 1865 570 1898 Domini
592 1867 856 1908 MCCCXXIIII,
880 1869 971 1910 regni
994 1879 1070 1901 vero
1093 1870 1193 1901 nostri
1217 1880 1300 1902 anno
1324 1869 1460 1902 decimo.

439 1927 582 1965 Beshmer,
605 1927 679 1966 Rey.
697 1928 808 1960 Ludw.
826 1938 862 1967 p.
879 1929 921 1959 44
943 1939 993 1961 nr.
1011 1929 1082 1961 746.

444 1986 493 2028 Cf.
516 1986 534 2019 l.
552 1997 575 2018 c.
599 1998 648 2018 nr.
666 1989 737 2019 747.

441 2072 510 2103 Wir
525 2072 700 2105 Ludowich
723 2084 785 2105 von
802 2073 881 2106 Gots
904 2075 1031 2117 gnaden
1047 2076 1238 2108 Romischer
1260 2077 1367 2119 chfing
1389 2088 1425 2110 ze
1442 2078 1529 2110 allen
1550 2079 1635 2110 ziten
1657 2088 1764 2111 morer
1787 2079 1846 2111 dez
1869 2080 1984 2112 riches.

438 2123 545 2155 Wann
572 2124 630 2156 der
658 2125 730 2156 edel
753 2136 829 2157 man
852 2126 1041 2159 Willehalm
1070 2128 1270 2160 marschalch
1299 2140 1361 2161 von
1383 2129 1568 2162 Biberbach
1595 2140 1693 2162 unser
1718 2134 1893 2174 getrewer‚
1922 2132 1986 2164 den
2003 2146 2032 2166 ω

335 2174 389 2204 wir
412 2174 487 2206 offte
515 2176 602 2207 selbe
630 2177 694 2207 und
723 2178 781 2209 mit
807 2188 925 2209 unsern
948 2179 1073 2210 briefen
1101 2180 1166 2211 und
1189 2180 1269 2212 auch
1299 2182 1359 2212 mit
1387 2192 1516 2214 unserm
1544 2181 1676 2214 vitztfim
1698 2182 1900 2216 Heinrichen
1921 2194 1986 2216 von

334 2224 561 2268 Gumpenberg
584 2232 735 2269 gemanet
756 2229 821 2260 und
844 2230 983 2271 gebeten
1006 2231 1128 2272 haben,
1159 2231 1218 2263 daz
1246 2242 1282 2264 er
1305 2232 1368 2264 den
1390 2233 1440 2264 zol
1462 2243 1499 2265 ze
1521 2233 1716 2274 Biberbach‚
1740 2233 1803 2266 den
1827 2245 1863 2267 er
1884 2235 1985 2268 niwes

335 2275 392 2307 <lar
414 2277 524 2318 gelegt
546 2278 614 2319 hat,
638 2280 678 2311 ab
701 2281 798 2312 liezze
821 2281 884 2313 und
908 2283 941 2313 in
964 2282 1076 2314 ffirbaz
1099 2283 1140 2315 da
1163 2284 1232 2315 niht
1254 2294 1365 2325 neme,
1392 2295 1451 2316 uns
1473 2285 1574 2317 daran
1595 2285 1666 2318 niht
1689 2285 1799 2318 erhort
1821 2285 1879 2318 hat
1900 2286 1985 2318 noch

335 2337 392 2357 uns
416 2327 512 2359 daran
535 2331 703 2372 gevolgich
727 2343 877 2374 gewesen
900 2334 950 2375 ist,
974 2334 1090 2366 wellen
1106 2335 1163 2366 wir
1185 2335 1254 2367 niht
1277 2335 1329 2367 ffir
1353 2336 1428 2368 fibel
1443 2336 1562 2379 haben,
1586 2337 1627 2369 ob
1649 2347 1747 2369 unser
1764 2337 1850 2370 liebe
1866 2337 1986 2381 burger

337 2402 367 2409 ..
393 2378 450 2409 der
478 2383 545 2411 rata
567 2382 630 2412 und
660 2383 711 2415 die
741 2385 888 2425 gemeine
917 2386 975 2417 der
1004 2386 1122 2428 burger
1149 2398 1185 2419 ze
1217 2388 1389 2429 Auspurch
1418 2389 1463 2420 im
1493 2389 1552 2421 daz
1582 2391 1706 2421 werent
1731 2389 1798 2421 und
1827 2389 1898 2422 niht
1924 2400 1982 2432 ge·
2002 2404 2030 2425 ω

335 2432 454 2461 statent
475 2431 539 2462 und
561 2433 592 2463 in
616 2433 748 2466 darumb
773 2436 941 2478 angrifent,
966 2438 1006 2469 ob
1031 2448 1066 2470 er
1088 2439 1158 2470 niht
1179 2439 1331 2471 ablazzen
1347 2440 1454 2472 wolte.
1499 2441 1568 2473 Dez
1585 2441 1701 2473 wellen
1720 2441 1779 2473 wir
1801 2441 1866 2473 und
1889 2452 1986 2474 unser

337 2481 513 2521 amptlaeut
535 2484 566 2513 in
589 2484 739 2525 geholfen
762 2488 818 2519 sin.
925 2488 1074 2522 Darfiber
1096 2501 1131 2522 ze
1155 2491 1320 2523 urchfinde
1344 2491 1452 2534 geben
1474 2493 1532 2524 wir
1555 2492 1647 2525 disen
1668 2492 1756 2525 brief
1774 2493 1834 2524 mit
1855 2503 1986 2525 unserm

336 2531 450 2572 insigel
473 2534 659 2575 gesigelten.

442 2582 509 2615 Der
531 2585 634 2626 geben
658 2587 697 2618 ist
720 2600 754 2620 ze
771 2591 934 2633 Aychach,
958 2592 1017 2624 dez
1039 2593 1175 2625 nehsten
1199 2583 1338 2637 Sfintags
1360 2596 1444 2627 nach
1466 2596 1525 2628 dez
1547 2596 1690 2638 heiligen
1714 2596 1835 2628 Cruces
1857 2599 1915 2638 tag
1937 2595 1986 2628 als

337 2642 372 2663 ez
396 2633 530 2666 erhohet
546 2640 632 2677 wart,
657 2638 696 2669 do
720 2650 792 2671 man
815 2643 878 2674 zalt
900 2655 961 2675 von
978 2645 1120 2677 Christes
1143 2647 1279 2688 gebfirte
1304 2647 1596 2680 drizehenhundert
1613 2650 1666 2690 jar
1689 2648 1830 2681 darnach
1853 2649 1886 2680 in
1909 2648 1984 2680 dem
2002 2662 2031 2682 ιο

336 2684 690 2729 vierundzweinzigsten
709 2691 770 2732 jar,
793 2693 825 2724 in
849 2694 921 2726 dem
945 2696 1109 2728 zehenden
1128 2699 1181 2738 jar
1203 2709 1314 2731 unsers
1337 2700 1451 2732 riches.

438 2761 502 2789 987.
531 2764 554 2796 ⁸)
572 2784 578 2790 .
592 2784 598 2790 .
616 2768 726 2798 sequitur
745 2778 781 2794 or.

439 2814 464 2845 1)
483 2813 572 2847 Supra
590 2823 632 2842 nr.
646 2820 691 2842 952
709 2820 731 2843 εἰ
750 2822 803 2845 953.

2172 2237 2184 2314 nan*-
2172 2209 2184 2230 —'.
2180 2167 2184 2174 2
