2184 3126
199 948 224 968 1⁰

199 1238 224 1258 15

200 2521 227 2541 40

482 161 578 190 ACTA
597 160 710 189 mmm
729 160 914 188 LUDEWICI
933 160 980 189 lv.
999 159 1045 187 ET
1064 158 1250 187 Famssmcl
1270 158 1319 186 111.
1356 158 1431 186 1822.
1467 158 1516 186 Nr.
1529 158 1588 185 658.
1607 159 1667 186 659.
1836 160 1900 191 523

245 249 415 292 pagavisse
431 248 670 281 racionabiliter
685 251 718 281 et
733 248 866 280 solvisse
883 250 916 279 et
931 258 989 279 nos
1006 257 1076 279 esse
1093 249 1269 279 contentos.
1299 245 1343 278 Et
1358 255 1398 277 ne
1414 255 1512 287 snper
1527 245 1588 277 hoc
1602 244 1755 287 deinceps
1768 244 1901 276 dubium

246 301 377 341 oriatur,
400 303 568 343 presentes
590 302 715 332 nostras
737 298 862 331 litteras
877 298 982 341 sigillo
998 301 1108 331 nostro
1125 297 1298 340 pendentib
1321 297 1471 329 iussimus
1494 300 1527 330 et
1550 296 1685 329 fecimus
1700 296 1857 328 roborari.

352 355 472 388 Datum
496 366 580 388 anno
595 355 726 388 Domini
741 354 858 388 MCOO
874 355 1028 387 vicesimo
1043 354 1195 395 secundo,
1218 354 1250 386 in
1266 353 1375 396 vigilia
1395 353 1626 385 asscencionis⁶
1642 352 1774 384 Domini
1790 352 1902 383 nostri.

513 571 588 608 659.
623 570 906 608 FRIDERICI
933 570 1163 608 LEGATlO
1186 570 1263 607 AD
1289 568 1635 607 PONTIFICEM.

914 639 1023 676 1322.
1063 639 1147 676 Mai.
1168 638 1229 676 25.

354 721 516 763 Oriqinale
538 721 611 764 (or.)
628 722 664 754 in
687 722 845 754 tabulario
867 721 1020 754 Vaticano
1035 721 1264 754 ‘Instrumenta
1285 721 1484 754 miscellanea
1502 720 1607 753 1322’.
1653 720 1826 760 Inscriptio
1840 722 1902 751 est.-

243 771 449 805 Sanctissimo
473 773 506 805 in
529 773 655 806 Christo
685 774 769 815 patri
797 777 831 806 et
853 773 982 805 domino
1009 776 1118 805 nostro
1147 772 1277 805 domino
1299 772 1436 805 Iohanni
1464 775 1667 805 sacrosancte
1690 771 1839 803 Romane
1862 781 1902 803 ao

241 824 430 856 universalis
454 824 591 856 ecclesie
614 835 739 857 summo
762 824 914 867 pontifici.
959 823 1064 865 siqilli
1086 824 1263 856 maiestatis
1284 824 1377 857 dorso
1399 825 1545 864 impressi
1559 824 1691 865 vestiqia
1706 823 1834 854 adsunt.
1858 841 1901 846 —

241 875 315 908 Iam
337 876 496 908 edidimus
517 875 632 908 ‘Neues
653 876 786 908 Archiv’
811 875 921 914 XXV,
945 877 1009 908 736
1030 886 1081 909 m.
1097 878 1118 908 7
1140 886 1179 908 esc
1201 886 1246 907 or.

349 935 493 974 Biihmer,
516 936 591 976 Rey.
616 936 729 968 Ludw.
747 946 783 976 p.
808 936 872 968 176
894 935 1063 968 Friedrich
1084 946 1134 967 nr.
1157 935 1231 967 200.

354 994 403 1034 Os.
427 995 588 1037 Zeissbery
610 995 674 1028 loco
695 1006 797 1038 supra
818 996 863 1028 ad
883 1005 932 1029 nr.
948 996 989 1027 44
1011 996 1107 1028 citato
1122 1006 1159 1036 p.
1177 998 1219 1028 77
1239 998 1304 1028 not.

350 1071 558 1105 Sanctissimo
580 1073 612 1104 in
636 1072 763 1105 Christo
786 1074 871 1115 patri
899 1076 932 1105 et
959 1073 1090 1105 domino
1117 1083 1175 1105 suo
1204 1073 1334 1105 domino
1357 1072 1494 1105 Iohanni
1523 1076 1725 1105 sacrosancte
1753 1071 1902 1104 Romane

243 1135 281 1157 ac
303 1124 493 1156 universalis
517 1125 653 1157 ecclesie
676 1135 800 1157 summo
817 1125 959 1167 pontifici
1046 1124 1228 1157 Fridericus
1243 1124 1307 1157 Dei
1329 1125 1439 1167 gracia
1454 1124 1675 1157 Romanorum
1699 1134 1758 1156 rex
1773 1134 1902 1165 semper

242 1178 397 1218 augustus
485 1186 557 1208 cum
581 1176 669 1208 filiali
691 1176 1013 1209 reeommendacione
1037 1176 1156 1208 devota
1179 1176 1298 1218 pedum
1322 1177 1433 1208 oscula
1456 1176 1636 1209 beatorum.

350 1227 498 1264 Qualiter
526 1227 648 1259 inducti
676 1228 864 1260 excellentis
896 1232 929 1260 et
955 1228 1116 1270 magnifici
1150 1228 1304 1270 principis
1338 1228 1461 1260 domini
1489 1227 1625 1260 Roberti
1654 1227 1834 1260 Ierusalem
1868 1230 1902 1259 et

242 1278 360 1321 Sycilie
384 1280 479 1321 regis,
503 1280 732 1321 consanguinei
761 1283 795 1312 et
816 1279 922 1312 affinis
944 1280 1044 1312 nostri
1066 1280 1227 1312 karissimi
1254 1280 1388 1312 consilio
1415 1279 1458 1311 ad
1485 1283 1595 1312 sancte
1624 1279 1736 1311 matris
1764 1278 1901 1310 ecclesie

241 1330 397 1363 honorem
420 1334 590 1373 vestreque
613 1331 853 1373 beneplacitum
875 1331 1063 1371 sanctitatis,
1087 1332 1176 1363 cuius
1198 1334 1352 1373 pregrata
1374 1331 1495 1373 pluries
1519 1331 1612 1363 nobis
1636 1330 1721 1363 facta
1744 1329 1902 1362 beneficia

241 1393 305 1414 non
339 1382 456 1423 ingrati
490 1383 765 1424 recognoscimus,
796 1384 872 1425 quin
906 1383 1004 1415 immo
1034 1394 1051 1415 a
1082 1387 1191 1415 nostra
1221 1382 1381 1415 indivulsa
1413 1383 1571 1415 memoria
1605 1386 1640 1414 ut
1674 1382 1901 1414 devotissimus

241 1433 419 1466 sanctitatis
440 1436 547 1465 vestre
570 1433 654 1465 filius
676 1435 850 1466 retinemus
873 1435 1039 1475 tenaciter,
1062 1434 1219 1466 illustrem
1242 1434 1431 1466 Heinricum
1455 1434 1572 1466 ducem
1594 1434 1724 1466 Austrie
1748 1436 1781 1465 et
1804 1432 1900 1465 Stiria

241 1485 418 1527 principem
442 1487 475 1516 et
497 1485 629 1517 fratrem
652 1488 795 1517 nostrum
822 1486 1035 1527 carissimum,
1064 1487 1153 1518 cuius
1181 1496 1354 1528 pomonam
1384 1497 1448 1518 non
1477 1486 1582 1518 minus
1609 1496 1705 1527 quam
1735 1486 1900 1527 propriam

241 1536 436 1578 estimamus,
460 1547 532 1568 oum
555 1536 662 1568 valida
684 1537 803 1569 milicie
827 1540 861 1569 et
882 1540 1079 1570 armatorum
1102 1537 1306 1570 multitudine
1322 1548 1431 1570 versus
1446 1537 1677 1570 Lombardiam
1700 1547 1759 1579 pro
1781 1536 1900 1578 guber-

240 1588 374 1620 nacione
390 1587 556 1619 hominum
579 1591 612 1620 et
629 1591 712 1620 terre
728 1588 859 1630 Bryssie
877 1589 1143 1621 destinaverimus
1153 1590 1164 1609 ¹
1179 1591 1378 1631 sumptuose,
1403 1592 1544 1621 terrores
1560 1593 1593 1621 et
1607 1590 1751 1621 incursus
1766 1587 1901 1620 hostiles

239 1641 408 1680 potentum
430 1642 612 1671 nostrorum
634 1640 667 1671 in
684 1640 853 1672 Alamania
872 1640 1128 1672 adversariorum
1151 1640 1244 1672 nobis
1267 1642 1416 1673 continue
1441 1641 1659 1673 insidiantium
1683 1651 1723 1672 eo
1747 1643 1899 1682 pretextu

241 1691 461 1731 excucientes,
491 1694 526 1722 ut
548 1691 705 1723 voluntati
728 1695 834 1724 vestre
863 1692 1038 1724 clemencie
1061 1692 1235 1724 reddamur
1257 1693 1454 1734 conformes,
1485 1693 1588 1725 vicem
1619 1696 1827 1734 acceptorum
1857 1692 1899 1724 ab

240 1742 311 1783 ipsa
339 1741 568 1774 beneficiorum
596 1743 780 1784 aliqualiter
806 1743 1029 1785 rependendo,
1062 1744 1201 1786 qualiter
1224 1745 1325 1776 eciam
1349 1745 1499 1776 universa
1523 1755 1586 1786 que
1610 1754 1688 1786 erga
1715 1754 1772 1774 nos
1795 1753 1897 1785 agun-

241 1795 293 1826 tur
314 1793 451 1835 negocia
474 1793 685 1836 disponantur
713 1795 745 1826 in
769 1794 923 1836 quibusve
946 1795 1088 1827 articulis
1115 1806 1173 1837 pro
1202 1799 1304 1827 status
1331 1799 1365 1827 et
1388 1795 1518 1827 honoris
1540 1796 1640 1827 nostri
1666 1805 1704 1826 ac
1726 1795 1897 1826 illustrium

242 1844 375 1877 fratrum
401 1848 584 1877 nostrorum
612 1849 787 1888 augmento
817 1850 922 1878 vestre
952 1848 1130 1879 sanctitatis
1159 1848 1296 1889 gratiam
1324 1848 1507 1879 necessario
1534 1846 1762 1889 requirendam
1795 1846 1898 1878 habe-

241 1907 323 1938 mus,
410 1897 596 1939 religiosum
612 1898 714 1929 virum
735 1898 867 1930 fratrem
884 1897 1067 1930 Conradum
1090 1898 1242 1930 abbatem
1258 1900 1444 1931 monasterii
1467 1900 1499 1931 in
1516 1898 1624 1931 Salem
1641 1898 1761 1931 ordinis
1776 1897 1898 1930 Cister-

242 1948 358 1980 ciensis
386 1948 604 1980 confessorem
633 1952 776 1981 nostrum
803 1960 927 1981 necnon
956 1951 1040 1981 viros
1067 1953 1235 1982 strennuos
1262 1950 1441 1982 Iohannem
1469 1950 1650 1992 dapiferum
1678 1949 1720 1981 de
1744 1950 1900 1981 Diezsen-

242 1999 347 2032 hoven
376 1999 495 2042 regalis
523 2002 556 2031 et
581 2000 790 2032 Herbordnm
819 2001 860 2033 de
884 2000 1039 2044 Symonig
1064 2001 1216 2043 reginalis
1242 2002 1401 2033 curiarum
1430 2002 1617 2043 magistros,
1644 2002 1836 2033 secretarios
1862 2004 1897 2033 et

241 2051 353 2084 fideles
382 2055 508 2084 nostros
534 2052 683 2093 dilectos,
718 2053 903 2095 plenissime
934 2057 1098 2095 tamquam
1131 2053 1248 2085 mentis
1282 2057 1390 2085 nostre
1420 2053 1637 2095 ymaginarios
1666 2053 1707 2085 de
1735 2053 1900 2094 premissis

242 2102 388 2135 omnibus
410 2103 599 2135 informatos
622 2105 783 2136 sanctitati
807 2108 912 2136 vestre
938 2104 1166 2147 benignissime
1190 2105 1390 2140 decrevimus
1413 2104 1629 2144 destinandos,
1652 2105 1713 2147 ipsi
1735 2104 1900 2136 humiliter

242 2154 301 2186 sub
323 2154 522 2187 confidencia
543 2165 606 2187 non
630 2155 757 2188 modica
778 2157 1006 2198 supplicantes,
1030 2157 1179 2198 quatinus
1202 2156 1296 2188 solita
1312 2156 1455 2188 bonitate
1478 2160 1614 2198 paterna
1636 2155 1759 2188 eisdem
1781 2157 1898 2188 nostris

243 2205 423 2238 secretariis
450 2206 540 2248 pium
569 2210 602 2239 et
629 2207 794 2240 credulum
822 2211 987 2250 tamquam
1017 2208 1109 2240 nobis
1136 2209 1167 2239 in
1194 2212 1375 2240 nostrarum
1406 2208 1610 2250 legacionum
1638 2211 1672 2240 et
1699 2208 1898 2250 peticionum

243 2256 383 2288 articulis
405 2257 550 2290 auditum
572 2258 708 2300 prebeat
730 2262 763 2291 et
785 2259 887 2301 petita
910 2259 1085 2291 clementer
1108 2259 1262 2291 exaudiat
1284 2263 1318 2291 et
1340 2259 1501 2301 admittat,
1523 2259 1616 2291 nobis
1631 2269 1704 2291 cum
1721 2259 1898 2291 eorundem

243 2308 429 2340 nunciorum
452 2308 665 2351 expedicione
692 2311 790 2342 celeri
817 2314 1017 2352 speratarum
1041 2315 1194 2350 consuete
1218 2310 1425 2353 benignitatis
1454 2312 1636 2354 graciarum
1658 2311 1816 2343 beneficia
1838 2322 1897 2353 pro

243 2359 443 2391 necessitatis
458 2364 565 2392 nostre
580 2362 748 2404 exigenoia
764 2362 848 2394 adeo
864 2362 1040 2395 clementer
1056 2365 1089 2394 et
1100 2362 1322 2394 favorabiliter
1335 2362 1563 2405 impendendo,
1579 2363 1666 2406 quod
1681 2363 1781 2405 ipsius
1797 2362 1897 2394 bene-

244 2409 370 2451 placitis
386 2413 420 2442 et
434 2411 617 2454 honoribus,
641 2424 775 2456 quorum
792 2414 997 2456 ampliaeioni
1013 2415 1121 2446 nativa
1137 2414 1280 2446 bonitate
1296 2415 1469 2456 innitimur,
1492 2426 1532 2447 eo
1548 2415 1660 2457 apcius
1681 2418 1714 2447 et
1728 2415 1898 2457 potencius

245 2470 400 2502 queamus
426 2462 593 2496 intendere
622 2464 824 2507 eandemque
852 2465 971 2497 bonam
994 2469 1135 2497 nostram
1163 2466 1378 2498 intencionem
1408 2466 1586 2499 effectuoso
1610 2477 1709 2510 opere
1733 2477 1896 2499 exercere.

350 2515 426 2549 Dat.
449 2517 536 2560 apud
558 2518 783 2563 Offemburg.·,
807 2521 899 2553 VIII.
923 2522 1038 2554 Kalen.
1062 2521 1156 2561 Iunii,
1179 2523 1269 2563 regni
1292 2522 1390 2554 nostri
1413 2533 1497 2554 anno
1520 2526 1645 2555 octavo.

348 2660 415 2688 058.
442 2661 468 2694 b)
485 2666 496 2689 t
513 2671 579 2689 cor-r.
592 2672 624 2690 σω
641 2665 658 2690 d
676 2674 713 2691 or.
802 2666 826 2700 ⁰)
844 2667 879 2693 sic
897 2676 936 2693 or.

349 2712 415 2740 ⁶5⁹.
443 2714 467 2746 ⁵)
485 2714 636 2750 Offemburfi
654 2725 691 2742 or.

350 2771 376 2806 1)
396 2771 437 2804 Cf.
457 2779 542 2806 supra
559 2781 602 2801 nr.
616 2777 753 2802 αδδ-667.
