2184 3126
453 219 548 248 ACTA
568 218 681 247 REGN!
700 217 882 246 LUDEWICI
903 217 949 245 IV.
968 217 1014 245 m·
1034 216 1216 245 mmmmm
1236 217 1283 245 111.
1322 217 1397 246 1324.
1434 217 1481 245 Νι,
1494 217 1554 246 910.
1772 221 1834 250 749

280 310 322 338 15.
350 309 391 338 (2⁸³
419 309 550 337 Preterca
559 315 571 329 ¹·
589 318 651 337 cum
664 308 820 336 videremus
838 311 868 336 et
885 307 1051 336 sentiremus
1069 310 1098 335 et
1110 317 1127 335 a
1140 307 1288 343 fldedignis
1299 307 1458 336 audiremus
1470 310 1500 336 et
1513 316 1563 343 per
1574 309 1676 335 famam
1690 308 1833 343 publicam

129 345 137 354 ⁶
178 361 214 389 ad
232 363 356 389 nostram
375 360 508 389 noticiam
522 360 702 396 pervenisset,
721 359 794 395 quod
814 359 923 388 diverse
942 362 1037 395 partes
1056 360 1166 395 imperii
1186 359 1317 395 precipue
1336 359 1364 387 in
1379 359 1484 392 Ytalia,
1503 358 1575 387 sicut
1594 361 1637 387 est
1655 359 1833 387 manifestum

178 411 232 440 toti
250 412 353 440 mundo
372 421 422 440 nec
442 412 539 448 aliqua
558 413 652 447 potest
670 411 905 447 tergiversacione
924 411 1018 443 celari.
1037 413 1174 439 commoto
1193 413 1274 440 erant
1285 413 1371 446 atque
1384 411 1506 443 turbate,
1525 411 1609 438 immo
1622 411 1679 439 sere
1691 411 1834 439 destructe

180 465 298 499 propter
319 463 419 492 falsam
437 464 636 500 inposicionem
657 463 782 491 heresum
790 469 809 495 ¹,
832 471 916 498 quam
936 462 1078 498 predictus
1096 461 1143 497 qui
1163 471 1192 490 se
1211 462 1261 490 Dei
1279 462 1350 491 dicit
1372 462 1506 490 vicarium
1525 461 1643 490 diversis
1662 461 1791 489 fidelihus
1803 464 1833 489 et

145 522 158 543 ο
177 515 287 543 devotis
297 515 408 551 imperii
420 515 492 543 falso
504 515 666 554 inposuerat
679 516 708 542 et
717 513 847 542 continue
861 514 1015 550 inponebat
1028 516 1057 542 et
1069 514 1194 542 faciebat
1206 514 1311 549 inponi.
1323 514 1455 542 videlicet
1465 514 1631 542 civitatibus
1644 513 1833 548 intrascriptis

184 568 214 595 et
232 566 384 595 maioribus
402 566 530 595 fidelibus
547 568 577 594 et
595 565 710 594 vasallis
723 566 832 601 imperii
852 566 880 593 in
894 565 1007 598 eisdem,
1020 564 1154 593 videlicet
1166 565 1277 594 civitati
1290 565 1537 599 Mediolanen(si)‘‚
1554 564 1667 593 civitati
1679 564 1831 598 camme).

180 617 294 646 civitati
309 617 518 653 Pergamen(si),
531 617 644 646 civitati
652 617 858 650 emmonem-i).
869 617 980 645 civitati
988 617 1190 651 Vmellen(si),
1203 617 1314 645 civitati
1321 617 1536 651 Novariw(si)=,
1546 617 1659 645 civitati
1667 616 1831 652 rupicum),

179 668 292 698 civitati
302 668 472 703 Lauden(si)‚
485 668 832 703 civitatiMantuan(ensi).
847 668 957 696 civitati
970 668 1160 702 Montineu(si)
1168 674 1190 699 v.
1198 668 1309 696 civitati
1315 669 1523 702 Veronen(si)=·,
1533 668 1646 696 civitati
1654 668 1831 698 Vincencie¹‚

177 719 289 748 civitati
307 719 494 755 Feltren(si)r,
513 719 625 747 civitati
645 720 837 755 Bellunen(si),
855 719 966 748 civitati
982 719 1151 754 Placen(cie)
1158 726 1178 751 ¹,
1197 720 1310 748 civitati
1332 721 1522 754 Parmen(si)·.
1540 719 1651 748 civitati
1664 719 1831 754 Brixien(si)‚

136 779 161 801 ιο
178 770 291 800 civitati
310 770 486 804 Alexandria,
500 771 632 799 civitatib
650 771 870 806 Terdonen(si)⁰.
889 771 1002 799 civitati
1021 770 1192 806 Bebien(si)·¹
1212 774 1240 799 et
1258 771 1375 799 diversis
1394 771 1458 799 aliis
1472 771 1547 799 villis
1559 774 1588 799 et
1601 772 1701 799 castris
1712 773 1743 799 et
1755 771 1831 801 locis.

175 831 230 858 que
257 823 322 850 dum
351 822 429 858 prius
458 832 507 858 per
530 822 626 851 fideles
644 823 754 858 imperii
774 825 942 855 tenerentur.
961 822 990 851 in
1008 823 1083 850 omni
1101 831 1171 858 pace
1189 826 1269 851 erant
1287 826 1372 858 atque
1391 823 1502 858 quiete.
1522 824 1635 851 tandem
1653 823 1786 851 nonnulle
1798 831 1831 850 ex

176 873 218 902 eis
235 876 336 903 vexate
355 884 404 910 per
422 877 520 910 gentes
539 874 662 902 eiusdem
680 875 786 903 domini
805 877 834 903 et
852 875 941 911 legati
959 874 1048 910 ipsius
1066 883 1117 910 per
1129 874 1333 903 intollerabiles
1351 875 1392 903 eis
1404 884 1535 911 gwerras,
1549 875 1686 907 incendia,
1706 875 1830 910 depopu-

174 925 299 954 laciones
317 928 347 955 et
365 926 454 959 cedes,
473 935 527 961 que
546 926 635 954 eciam
654 926 796 962 requisite,
814 926 889 962 quod
907 926 943 954 ad
961 926 1096 954 mandata
1107 928 1205 954 sancte
1218 927 1363 955 Romane·
1376 927 1495 954 ecclesie
1507 926 1637 958 redirent.
1657 926 1723 954 licet
1737 935 1831 954 omnen

178 977 305 1012 predicte
323 978 357 1006 de
377 978 568 1006 iurisdictione
587 978 737 1014 temporali
756 978 827 1006 sacri
847 978 957 1014 imperii
971 981 1001 1006 et
1011 978 1114 1006 nullius
1126 978 1243 1006 alterius
1255 987 1315 1006 esse
1328 980 1485 1011 noceantur,
1498 979 1563 1006 dum
1577 979 1612 1006 ad
1625 978 1702 1006 dicte
1714 978 1831 1006 ecclesie

131 1037 155 1057 u
173 1028 316 1057 redierunt
334 1029 504 1058 fiducialiter
522 1031 551 1057 et
568 1038 618 1065 spe
637 1031 714 1058 certa
732 1030 772 1057 eis
790 1030 859 1057 data
877 1030 952 1064 quod
974 1029 1044 1058 bene
1078 1032 1267 1058 tractarentur
1293 1030 1439 1062 mandata,
1461 1030 1586 1065 expulsis
1612 1029 1676 1057 inde
1703 1029 1831 1056 omnibus

173 1080 222 1115 qui
240 1089 339 1109 nomen
358 1082 430 1110 sacri
448 1082 558 1117 imperii
578 1082 756 1115 invocabant,
774 1081 887 1110 omnino
905 1082 1057 1110 crudeliter
1082 1083 1228 1117 fractaque
1241 1081 1294 1110 fide
1307 1082 1423 1110 traditi¹
1439 1084 1503 1109 sunt
1515 1081 1643 1116 nequiter
1654 1080 1830 1108 inimicorum

151 1140 153 1144 ’
172 1140 283 1160 suorum
296 1132 423 1160 faucibus
436 1133 587 1161 devorandi
606 1135 635 1162 et
647 1142 697 1169 pro
716 1133 799 1162 libito
818 1133 988 1161 dominandi.
1025 1133 1091 1160 ¹⁴¹¹}le
1109 1133 1212 1168 quibus
1227 1133 1298 1162 satis
1310 1135 1400 1169 patet,
1418 1133 1492 1168 quod
1512 1133 1585 1161 idem
1598 1133 1658 1160 fieri
1670 1132 1782 1160 fecisset
1795 1133 1829 1159 de

172 1183 300 1212 omnibus
317 1184 390 1217 aliis.
409 1184 433 1212 si
451 1185 488 1213 ad
506 1193 601 1213 eorum
626 1186 764 1220 potuisset
786 1185 959 1213 dominint
982 1185 1129 1220 pervenire
1153 1185 1227 1220 quod
1249 1185 1338 1218 absit,
1365 1185 1401 1213 ad
1424 1185 1497 1219 quod
1524 1185 1592 1212 totis
1623 1180 1764 1213 nisibus*¹
1787 1187 1831 1212 est

173 1237 299 1263 conatus.
335 1236 371 1264 Et
389 1236 545 1272 precipue·
563 1236 698 1265 Matheo*
711 1236 877 1265 Vicecomiti
896 1239 925 1264 et
941 1237 1053 1264 domino
1065 1236 1216 1265 Galeazeol
1230 1237 1396 1265 Vicecomiti
1415 1236 1528 1264 vicariis
1546 1236 1656 1272 imperii
1669 1235 1698 1263 in
1712 1235 1831 1264 civitate

130 1293 156 1314 so
173 1286 419 1322 Mediolan(ensi)k
446 1290 475 1316 et
500 1287 611 1316 domino
635 1288 702 1316 Cani
729 1288 764 1316 de
782 1288 811 1316 la
831 1288 914 1316 Scala
936 1288 1041 1316 vicario
1060 1288 1171 1323 imperii
1190 1288 1218 1315 in
1236 1288 1359 1316 civitate
1370 1288 1523 1316 Veronensi
1544 1289 1649 1322 atque
1662 1287 1830 1320 vieeu(cie)¹

156 1338 223 1366 'et''
242 1338 386 1366 Passer-ino
404 1338 438 1366 de
457 1339 638 1368 Malacolsis
657 1340 762 1368 vicario
781 1339 891 1375 imperii
906 1340 934 1368 in
953 1339 1072 1368 civitate
1094 1340 1210 1367 Mantue
1235 1341 1265 1367 et
1282 1340 1390 1368 Mutine
1407 1339 1586 1375 supradictis.
1609 1339 1719 1367 devotis
1741 1339 1830 1366 eciam

171 1389 276 1418 nostris
291 1392 378 1424 atque
395 1390 524 1419 fidelibus
543 1391 731 1423 lanuensibus.
750 1391 799 1426 qui
817 1391 846 1418 in
874 1391 1012 1419 fidelitate
1024 1391 1135 1426 imperii
1148 1391 1329 1426 persistentes
1340 1391 1449 1426 expulsi
1462 1393 1528 1418 sunt
1540 1390 1668 1425 nequiter
1679 1393 1709 1418 et
1720 1390 1830 1426 expulsi

174 1440 338 1470 detinentur
355 1442 390 1470 de
408 1442 527 1470 civitate
540 1439 651 1471 lanue¹²¹
669 1451 720 1478 per
738 1442 846 1471 vicinos
865 1451 968 1475 eorum,
987 1443 1049 1478 ipso
1067 1443 1178 1470 domino
1198 1442 1312 1471 iubente
1331 1445 1417 1478 atque
1430 1442 1600 1470 mandante·
1613 1444 1642 1470 et
1658 1442 1686 1469 in
1699 1442 1829 1470 omnibus

173 1490 296 1523 favente.
314 1494 399 1528 prout
416 1494 460 1521 est
478 1493 617 1521 notorium
641 1495 671 1522 et
691 1494 820 1521 omnibus
838 1494 1024 1526 manifestum,
1043 1494 1159 1522 eandem
1178 1494 1296 1522 heresim
1316 1495 1346 1522 et
1364 1494 1513 1522 fautoriam
1537 1493 1608 1521 falso
1629 1496 1659 1522 et
1681 1502 1829 1529 perpetum

129 1550 155 1572 ss
173 1545 292 1571 conatur
309 1542 442 1579 inponere
460 1546 490 1572 et
507 1544 598 1573 facere
626 1544 723 1580 inponi
741 1546 771 1573 et
789 1545 953 1573 civitatibus
971 1546 1000 1573 et
1018 1545 1108 1578 terris,
1131 1554 1186 1580 que
1204 1545 1367 1574 detinentur
1385 1555 1435 1581 per
1452 1546 1535 1581 ipsos,
1563 1545 1694 1574 videlicet
1717 1546 1829 1573 civitati

171 1594 289 1630 Sagana,
308 1594 442 1623 civitati⁰
456 1596 572 1629 Nolane¹
595 1596 707 1624 civitati
721 1596 879 1632 Albingane
898 1598 928 1624 et
940 1596 1069 1624 omnibus
1081 1595 1200 1632 singulis
1213 1597 1372 1625 faventibus
1385 1597 1579 1632 quoquomodo
1592 1600 1621 1624 et
1633 1598 1830 1626 assistentibus

171 1648 200 1674 et
218 1646 353 1674 auxilium
372 1649 402 1675 et
420 1647 566 1675 consilium
585 1649 614 1675 et
632 1648 755 1675 favorem
775 1648 976 1683 prebentibusv
995 1648 1107 1683 publice
1127 1649 1170 1676 vel
1188 1649 1308 1683 occulte,
1335 1649 1464 1676 omnibus
1483 1651 1510 1676 et
1527 1649 1648 1685 singulis
1661 1649 1827 1676 civitatibus

171 1699 200 1725 et
218 1698 300 1726 terris
317 1701 346 1727 et
364 1698 505 1727 nobilibus
527 1701 557 1727 et
576 1698 688 1727 vicariis
706 1699 858 1727 antedictis
882 1700 934 1727 sub
953 1699 1119 1734 quibusdam
1140 1700 1284 1728 verborum
1304 1700 1455 1728 involucris
1479 1702 1565 1735 atque
1583 1701 1828 1735 generalitatibus,

170 1757 225 1783 que
244 1750 473 1785 conprehendunt
491 1759 585 1778 omnes
603 1750 714 1786 imperii
732 1751 848 1779 devotos
871 1754 957 1786 atque
976 1751 1078 1784 fideles,
1104 1752 1237 1787 precipue
1265 1752 1412 1780 civitatem
1434 1753 1578 1780 Lucanam
1604 1755 1634 1780 et
1652 1751 1826 1780 Castrucium

131 1807 158 1828 οο
175 1800 210 1828 de
228 1801 240 1828 1
246 1801 454 1830 nterminellis
474 1802 607 1830 vicarium
627 1802 739 1838 imperii
758 1803 785 1830 in
805 1803 901 1830 eadem
920 1805 949 1830 et
961 1800 1106 1831 civitatem
1120 1803 1256 1838 Pysanam
1270 1806 1300 1832 et
1311 1804 1434 1832 nobilem
1448 1804 1536 1831 virum
1550 1804 1681 1832 comitem
1693 1803 1827 1832 Nerium«-

169 1854 311 1888 regentem
330 1853 476 1882 civitatem
495 1853 651 1888 predictam
669 1857 699 1882 et
717 1854 862 1882 civitatem
881 1854 974 1883 Arecii
993 1857 1022 1882 et
1039 1855 1156 1883 devotos
1181 1858 1211 1882 et
1236 1855 1336 1883 fideles
1358 1855 1469 1890 imperii
1492 1859 1521 1883 et
1539 1857 1650 1883 nostros
1666 1855 1776 1883 nobiles
1792 1856 1827 1883 de

169 1903 330 1932 Petramala
351 1907 381 1933 et
404 1905 551 1933 nonnullos
569 1905 657 1933 alios-r
677 1905 863 1938 marchiones.
883 1906 1071 1934 marchionem
1096 1907 1231 1942 precipue
1262 1906 1463 1934 Montisferrati
1485 1909 1515 1935 et
1536 1907 1725 1935 marchionem
1748 1907 1826 1934 Salu-

169 1955 274 1984 ciarum
293 1956 526 1985 et‘marehionem
545 1957 580 1985 de
598 1957 681 1990 Cena,
700 1960 730 1986 et
747 1966 842 1985 omnes
859 1957 946 1985 alioar
964 1958 1080 1986 comites
1092 1958 1202 1993 imperii
1215 1958 1366 1994 palatinos
1384 1961 1414 1987 et
1425 1958 1496 1986 alios
1509 1958 1691 1991 marchiones.
1710 1958 1827 1987 comites

169 2009 199 2035 et
216 2007 341 2042 barones,
359 2008 407 2043 qui
427 2016 521 2036 omnes
539 2008 612 2036 sicut
631 2009 688 2037 veri
702 2009 839 2037 katholici
858 2009 939 2037 fidem
958 2010 1131 2038 katholicam
1149 2010 1266 2038 firmiter
1292 2011 1408 2038 credunt
1426 2013 1455 2038 et
1466 2010 1635 2045 simpliciter
1652 2011 1827 2038 confitentur.

126 2064 153 2086 ιο
170 2059 314 2094 Numquid
327 2060 442 2088 devotos
460 2062 490 2088 et·
507 2061 602 2088 fideles
620 2061 733 2096 imperii
751 2061 793 2088 sic
806 2061 956 2089 crudeliter
967 2062 1105 2089 tractatos
1123 2063 1152 2089 et
1170 2061 1341 2090 inmaniter·
1353 2062 1388 2089 de
1401 2064 1482 2090 tanto
1499 2065 1529 2090 et
1547 2062 1598 2090 tali
1611 2062 1716 2090 scelere
1728 2065 1825 2090 contra

167 2110 257 2138 Deum
275 2111 305 2139 et
322 2110 463 2139 iusticiam
483 2111 622 2139 iudicatos
643 2112 806 2140 deberemus
823 2112 948 2140 deserere
965 2121 983 2140 a
1001 2115 1044 2141 tot
1057 2115 1086 2141 et
1098 2113 1186 2141 tant-is
1198 2114 1434 2149 oppressionibus.
1448 2115 1492 2141 tot
1505 2115 1534 2141 et
1548 2114 1638 2142 tantis
1652 2114 1823 2149 calumpniis

169 2163 266 2189 contra
285 2162 372 2190 Deum
390 2164 420 2190 et
432 2162 572 2190 iusticiam
588 2163 763 2191 indefensos?
801 2163 882 2191 Certe
894 2173 1079 2199 nequaquam.
1108 2165 1176 2192 Cum
1190 2165 1368 2193 manifestum
1384 2166 1422 2192 sit
1435 2168 1465 2193 et
1478 2165 1506 2192 in
1521 2173 1636 2200 corpore
1648 2165 1716 2193 iuris
1729 2165 1823 2193 redac-

170 2213 230 2240 tum
247 2204 448 2249 imperatorum
467 2216 496 2242 et
514 2214 674 2250 principum
692 2215 879 2249 antiquorum.
898 2216 972 2250 quod
985 2225 1076 2251 neque
1094 2217 1239 2245 occasione
1258 2217 1427 2253 religionum
1447 2217 1629 2251 heresumque
1648 2216 1825 2251 questionum

169 2271 224 2292 non
241 2263 443 2300 permittantur
460 2266 604 2301 provincie
623 2266 735 2301 imperii
754 2267 910 2294 conmoveri
929 2269 1015 2302 atque
1033 2268 1142 2296 turbari
1161 2270 1211 2296 aut
1229 2258 1314 2296 aliter
1330 2268 1453 2303 quadam
1472 2268 1658 2303 precepcione
1672 2268 1784 2304 iniungi
1797 2271 1827 2297 et

127 2321 154 2341 4ο
171 2314 316 2352 subiugari
325 2316 492 2352 provincias,
504 2317 588 2345 immo
601 2317 803 2353 providendum
816 2327 875 2347 esse
888 2328 950 2346 cum
964 2319 1125 2354 conpetenti
1138 2319 1268 2348 utilitate
1280 2319 1422 2348 fiscalibus
1434 2322 1464 2348 et
1477 2328 1532 2355 que
1545 2320 1622 2348 facte
1632 2322 1700 2348 sunt
1712 2322 1824 2355 oportet

169 2366 384 2403 diligentissime
402 2369 571 2404 perscrutari
589 2371 618 2398 et
636 2369 715 2397 nullo
733 2371 815 2398 modo
834 2370 996 2406 permittere
1014 2371 1089 2399 circa
1107 2371 1217 2406 imperii
1242 2371 1439 2407 precepciones
1463 2371 1573 2407 aliquid
1596 2371 1656 2399 fieri
1679 2372 1825 2400 occasione

170 2417 337 2453 religionum
356 2419 400 2447 vel
412 2419 547 2448 heresum.
577 2419 645 2449 Sed*
664 2421 798 2456 predictis
816 2422 959 2450 heresibus
978 2422 1036 2450 Deo
1054 2422 1186 2450 amabilis
1203 2425 1233 2450 et
1245 2423 1347 2451 decens
1365 2426 1395 2451 et
1407 2423 1575 2452 conveniens
1587 2423 1721 2451 terminus
1733 2424 1824 2455 detur,

170 2471 203 2497 ut
220 2470 250 2497 et
267 2469 423 2498 orthodoxa
440 2470 508 2500 fides
525 2472 701 2501 custodiatur
718 2473 800 2500 illesa
817 2475 847 2502 et
860 2473 1050 2508 idempnitasu
1064 2473 1171 2509 iuri-bus
1184 2474 1324 2502 fiscalibus
1337 2478 1502 2510 procuretur
1513 2477 1542 2503 et
1554 2474 1650 2503 devoti
1662 2477 1692 2503 et
1703 2475 1824 2503 subiecti

170 2520 281 2556 imperii
299 2529 318 2549 a
334 2521 470 2557 predictis
486 2522 567 2551 falsis
585 2523 804 2559 inposicionibus
822 2525 895 2553 illesi
914 2527 943 2553 et
961 2525 1091 2553 inviolati
1109 2527 1263 2553 serventur.
1301 2525 1415 2558 Quanta
1427 2529 1521 2555 eutem
1534 2526 1695 2554 huiusmodi
1709 2526 1747 2554 sit-
1759 2535 1824 2554 con-

127 2626 153 2646 ⁴5
273 2619 341 2649 ⁹10.
359 2621 386 2653 q)
403 2622 457 2648 uine
473 2622 547 2656 cs'ono
559 2624 727 2657 paragraphi
744 2625 771 2650 in
789 2623 813 2650 2.
884 2625 906 2658 1’)
924 2626 1009 2651 linem
1027 2625 1135 2651 {vosalia
1153 2626 1180 2651 in
1197 2625 1222 2652 2.
1299 2627 1321 2659 ⁸)
1339 2626 1449 2653 heresim
1467 2626 1492 2652 2.
1569 2627 1589 2660 ἱ)
1607 2627 1787 2660 Medyolanen.
1801 2627 1824 2653 2.

169 2663 194 2695 ὓ)
214 2664 346 2691 Novaneu.
364 2663 389 2690 2.
477 2665 502 2697 v)
519 2666 646 2692 Mutinen.
663 2666 688 2693 2.
771 2667 803 2699 w)
823 2668 933 2694 Vernen.
951 2667 977 2695 2.
1059 2668 1086 2700 ι)
1104 2669 1239 2695 civitati
1258 2669 1430 2696 Vincencie
1448 2670 1500 2696 des.
1519 2669 1545 2696 2.
1627 2670 1653 2703 1)
1670 2671 1781 2697 Celti-en.
1800 2671 1824 2696 ⁴2.

169 2707 191 2737 ¹)
211 2707 343 2734 Platenen.
355 2706 380 2733 2.
450 2707 474 2740 ⁸)
491 2708 619 2735 civitati
632 2710 828 2743 Parmen(si)
847 2711 899 2737 des.
915 2710 938 2738 1.
1010 2711 1035 2742 ι’)
1052 2713 1105 2738 Ter
1116 2720 1185 2745 sequ.
1199 2713 1250 2739 dd.
1261 2711 1288 2739 2.
1359 2712 1384 2744 Φ)
1396 2713 1538 2739 Teu-denen.
1551 2712 1576 2739 2.
1646 2712 1672 2745 d)
1692 2714 1788 2740 Belien.
1800 2715 1825 2739 ι).

168 2750 192 2782 ⁰)
211 2748 322 2776 matris
337 2749 364 2776 2.
425 2750 444 2783 f)
462 2751 580 2777 tradituri
601 2751 623 2778 1.
698 2752 736 2785 θ’)
754 2754 855 2787 siqnum
871 2755 1038 2788 pao-nymphi
1055 2755 1082 2781 in
1100 2755 1126 2781 2.
1197 2755 1224 2788 Β)
1241 2756 1272 2781 sd
1284 2756 1425 2782 dominium
1438 2764 1526 2782 eorum
1543 2755 1569 2783 2.
1638 2755 1664 2786 ¹¹)
1684 2757 1783 2782 visibus
1800 2757 1823 2782 2.

170 2787 190 2824 ¹)
210 2793 336 2819 Gelesseo
353 2792 378 2819 2.
453 2791 479 2825 Β)
497 2794 676 2828 Medyolanen.
694 2794 719 2822 2.
789 2795 809 2828 ¹)
827 2797 934 2823 vincon.
952 2797 977 2823 2.
1058 2797 1091 2829 ὓ)
1109 2802 1135 2824 et
1152 2797 1216 2824 edd.
1233 2797 1259 2825 2.
1337 2798 1363 2830 ¹²)
1381 2799 1513 2826 mandenti
1530 2798 1555 2825 9.
1634 2800 1659 2831 ⁰)
1677 2800 1783 2825 civitate
1801 2801 1825 2825 ι).

127 2839 154 2860 eo
170 2834 196 2867 Ρ)
214 2836 270 2862 loco
283 2837 334 2862 far.
347 2836 417 2870 preb.
430 2835 459 2862 2:
479 2837 666 2864 faventibus
709 2838 734 2870 q)
754 2840 852 2865 verium
864 2839 889 2866 2.
935 2840 956 2871 ¹·)
976 2859 1001 2866 ..
1015 2840 1078 2867 add.
1090 2840 1116 2867 9.
1161 2841 1183 2873 ⁸)
1201 2842 1330 2868 inu-niter
1340 2841 1365 2868 2.
1410 2843 1429 2873 ³)
1451 2843 1495 2869 Set
1506 2842 1531 2868 2.
1576 2842 1602 2874 ι1)
1621 2842 1782 2875 ydempnitas
1800 2843 1825 2867 ⁸2.

1848 320 1867 335 c.
1879 315 1911 335 ¹5.
