2184 3126
495 156 595 185 ACTA·
610 156 724 184 REGNI
743 155 927 184 LUDEWICI
946 155 994 183 IV.
1013 155 1059 183 ΕΤ
1079 155 1264 183 FRIDERICI
1283 155 1333 183 111.
1371 155 1445 183 1820.
1482 155 1531 183 Nr.
1543 156 1603 183 562.
1621 156 1680 183 563.
1855 161 1913 190 451

260 245 293 276 in
308 244 436 277 Christo
452 247 546 286 pater
569 247 602 276 et
617 244 765 276 dominus
781 243 928 275 dominus
944 242 1129 275 Baldwinus
1145 242 1353 275 Treverensis
1376 242 1638 285 archiepiscopus
1654 246 1787 285 patruus
1810 248 1918 276 noster

260 296 449 328 karissimus
477 295 519 327 ad
551 297 707 327 instantes
734 305 848 338 preces
871 294 947 327 dicti
971 294 1092 327 domini
1114 295 1213 327 nostri
1236 293 1456 326 Romanorum
1481 295 1567 336 regis
1595 306 1669 335 suo,
1698 305 1917 327 successorum

260 358 391 380 suorum
415 351 449 379 et
471 347 607 379 ecclesie
623 347 831 379 Treverensis
853 348 981 379 nomine
1004 346 1214 379 medietatem
1238 345 1449 388 pingnorumb
1469 356 1598 377 suorum
1621 346 1772 378 videlicet
1794 351 1917 379 castro-

261 409 331 431 rum
354 398 538 440 Stalberch,
562 398 725 440 Stalecke,
748 399 945 439 Brunshorn,
969 398 1079 440 oppidi
1101 397 1283 438 Bacherak,
1306 397 1398 429 vallis
1421 397 1576 437 eiusdem,
1599 397 1762 430 Rimbulle
1787 402 1820 430 et
1842 400 1917 430 atti-

230 462 242 482 ⁶
260 451 446 483 nenciarum
462 450 650 491 eorundem,
673 452 819 492 exceptis
835 450 994 482 theloneis
1010 450 1104 490 Reni,
1126 450 1187 492 ipsi
1203 460 1263 492 per
1278 449 1419 482 eundem
1434 449 1652 491 obligaturum
1675 460 1746 482 cum
1771 450 1919 482 omnibus

261 502 468 545 proventibus
492 505 525 534 et
547 501 803 543 obventionibus,
826 506 922 544 prout
944 512 984 534 ea
1006 511 1088 533 nunc
1104 500 1259 543 possidet,
1283 501 1375 532 nobis
1398 501 1503 541 cessit,
1528 511 1585 532 nos
1607 500 1667 532 sibi
1691 502 1724 533 in
1747 502 1808 533 hac
1825 507 1918 544 parte

261 553 465 594 associando,
493 553 539 585 s'ic
563 553 649 595 quod
676 564 788 585 omnes
814 553 985 594 utilitates,
1012 552 1158 584 redditus
1184 555 1218 584 et
1241 555 1415 594 proventus
1437 552 1592 584 bonorum
1617 553 1834 595 predictorum
1859 565 1918 596 pro

260 604 369 637 media
391 607 483 647 parte
505 608 614 636 nostra
636 604 852 646 percipiamus
875 607 909 637 et
931 605 1013 636 sicut
1035 604 1104 645 ipse
1127 614 1185 646 pro
1209 608 1267 635 sua
1289 603 1398 635 media
1418 607 1510 646 parte
1534 605 1672 646 percipit
1695 608 1728 636 et
1751 605 1860 646 habet,
1885 611 1919 638 et

261 667 361 689 onera
389 655 512 688 eisdem
539 655 762 688 incumbencia
786 659 851 687 tam
883 656 967 687 circa
990 666 1150 698 expensas
1173 655 1329 687 dictorum
1353 659 1529 687 castrorum
1560 660 1594 688 et
1616 659 1701 688 terre
1732 667 1770 689 ac
1793 656 1917 689 deffen-

217 719 243 739 1ο
261 708 384 747 siones⁰
407 707 583 740 eorundem
609 718 704 749 quam
737 707 818 739 alias
841 718 1047 750 quascunque
1077 711 1281 749 emergentes
1313 708 1481 739 occasione
1510 707 1727 749 predictorum
1757 710 1920 751 patiamur

260 758 420 801 equaliter
442 761 475 790 et
497 761 672 800 portemus.
711 758 755 790 Et
777 758 952 791 officiatum
975 758 1027 791 vel
1050 759 1207 791 officiatos
1229 758 1361 799 ibidem,
1385 758 1513 801 quando
1537 763 1572 791 et
1594 761 1747 802 quociens
1771 761 1917 802 voluerit,

260 811 426 842 instituere
450 813 484 842 et
506 809 682 842 destituere
705 811 836 852 poterit,
860 811 906 842 ita
928 813 1038 842 tamen
1058 810 1144 853 quod
1167 811 1404 842 institucionem
1428 821 1560 852 novam,
1584 815 1757 853 antequam
1781 812 1851 853 fiat,
1875 812 1918 844 ad

259 865 402 894 nostram
417 861 469 893 vel
489 862 589 894 nostri
612 861 749 904 dapiferi
773 861 963 894 comitatus‘³
984 862 1082 894 nostri
1106 861 1243 904 predicti
1266 865 1323 894 aut
1342 862 1457 904 quibus
1479 863 1745 903 commiserimus,
1768 863 1862 895 nobis
1885 865 1918 896 in

259 914 392 946 remotis
406 913 586 956 agentibus,
610 914 760 945 noticiam
778 913 928 946 deducat.
967 913 1029 950 Qui
1046 914 1204 946 officiatus
1227 924 1283 946 seu
1304 914 1435 946 officiati
1459 914 1551 946 nobis
1567 914 1619 946 vel
1638 918 1747 946 nostro
1763 915 1917 948 mandato

217 975 242 996 is
259 965 476 997 iuramentum
499 964 597 997 faciet
619 975 676 997 seu
699 965 819 997 facient
841 965 922 997 sieut
944 966 1005 1007 ipsi
1021 965 1150 997 domino
1167 965 1382 1006 Bald(wino)⁶
1397 965 1641 1008 archiepiscopo
1659 970 1772 1008 patruo
1796 970 1916 1008 nostro,

259 1019 432 1059 antequam
457 1015 498 1048 de
522 1017 634 1048 castris
657 1017 810 1059 predictis
826 1016 946 1048 habeat
960 1017 1014 1049 vel
1028 1016 1172 1048 habeant
1186 1019 1391 1058 potestatem.
1431 1016 1568 1053 Quando
1585 1027 1662 1049 vero
1686 1028 1744 1049 nos
1760 1018 1811 1050 vel
1834 1018 1918 1050 alter

259 1079 317 1111 pro
350 1067 444 1100 nobis
470 1069 566 1100 castri
593 1068 830 1100 Furstenberch
857 1068 909 1100 vel
937 1067 1027 1100 Gfibe
1055 1068 1292 1110 possessionem
1322 1069 1459 1100 assecuti
1490 1069 1659 1108 fuerimus,
1691 1070 1800 1101 statim
1831 1069 1918 1102 dicta

259 1121 361 1153 cessio
389 1119 482 1151 nobis
510 1129 570 1161 per
595 1119 756 1162 prefatum
783 1123 934 1162 patruum
967 1123 1111 1152 nostrum
1139 1120 1226 1151 facta
1260 1120 1302 1151 sit
1327 1120 1468 1153 invalida
1495 1112 1623 1162 penitus
1652 1125 1685 1153 et
1711 1122 1854 1153 extincta
1884 1127 1917 1154 et

260 1173 346 1205 dicta
372 1172 531 1214 pingnora
557 1171 757 1213 integraliter
783 1171 825 1203 ad
852 1173 956 1213 ipsum
984 1171 1134 1210 redeant,
1163 1171 1245 1203 sicut
1266 1172 1364 1213 prius.
1453 1172 1502 1212 (2)
1526 1172 1663 1204 Indulsit
1690 1173 1788 1205 etiam
1813 1173 1918 1206 dictus

217 1231 243 1252 ²⁰
259 1224 408 1256 dominus
430 1226 540 1254 noster
561 1222 782 1254 Romanorum
805 1233 863 1254 rex
885 1223 1074 1255 theloneum
1103 1226 1228 1265 septem
1248 1234 1437 1265 grossorum
1460 1223 1747 1266 Thuron(ensium)
1771 1225 1812 1257 de
1836 1236 1915 1268 qua-

260 1275 340 1308 libet
368 1278 494 1307 carrata
515 1275 580 1306 vini
613 1277 646 1306 et
672 1274 743 1306 aliis
766 1275 982 1306 mercimoniis
1009 1275 1099 1306 iuxta
1122 1279 1308 1307 consuetam
1331 1277 1535 1307 taxacionem
1559 1286 1618 1318 per
1641 1286 1698 1307 nos
1727 1287 1784 1308 seu
1806 1280 1916 1309 nostro

259 1327 388 1359 nomine
411 1327 528 1358 nostris
543 1325 686 1367 periculo
711 1330 744 1358 et
767 1327 918 1368 expensis
941 1329 1015 1358 ante
1031 1326 1253 1358 Bacheracum
1276 1326 1507 1368 recipiendum,
1531 1327 1573 1359 de
1590 1338 1653 1369 quo
1676 1339 1735 1360 suo
1759 1331 1792 1359 et
1807 1332 1916 1361 nostro

260 1379 388 1411 nomine
412 1377 572 1420 equaliter
592 1377 808 1410 mediantibus
830 1378 946 1410 nostris
969 1378 1091 1410 nunciis
1114 1377 1259 1410 redditus
1275 1378 1375 1410 debiti
1391 1378 1539 1411 fidelibus
1563 1383 1595 1410 et
1611 1380 1838 1422 castrensibus,
1862 1382 1917 1423 qui

260 1429 498 1462 racionabiliter
527 1429 607 1461 solvi
637 1429 770 1470 debent,
805 1429 1037 1471 persolventur.
1082 1429 1115 1461 Si
1145 1433 1253 1461 tamen
1284 1433 1317 1461 et
1344 1429 1472 1472 quando
1504 1441 1563 1462 nos
1592 1431 1729 1463 alterum
1758 1431 1916 1465 dictorum

217 1491 242 1512 18
261 1485 436 1514 castrorum
464 1481 586 1513 scilicet
608 1480 846 1512 Furstenberch
868 1481 921 1512 vel
945 1479 1036 1513 Ofibe
1064 1482 1203 1513 assecuti
1225 1482 1394 1520 fuerimus,
1423 1485 1459 1513 ut
1482 1481 1603 1514 dictum
1635 1486 1698 1523 est,
1729 1483 1916 1516 theloneum

259 1532 477 1575 predictorum
512 1535 637 1574 septem
666 1542 850 1574 grossorum
878 1532 1000 1564 ibidem
1027 1532 1257 1564 transferemus
1291 1536 1324 1565 et
1352 1533 1576 1577 njchilominus
1607 1538 1716 1566 nostro
1751 1539 1784 1566 et
1818 1536 1918 1578 ipsius

259 1585 388 1616 nomine
412 1583 505 1615 dictis
527 1583 677 1616 fidelibus
700 1588 734 1616 et
756 1584 971 1617 castrensibus
994 1585 1243 1625 satisfaciemus,
1274 1587 1310 1616 ut
1333 1589 1383 1616 est
1405 1585 1540 1625 dictum,
1574 1595 1633 1617 nec
1658 1587 1755 1618 etiam
1783 1598 1841 1618 nos
1864 1588 1917 1619 vel

261 1635 364 1668 dictus
379 1638 511 1677 patruus
533 1639 643 1667 noster
658 1635 811 1668 thelonea
833 1639 944 1668 nostra
964 1637 996 1667 in
1021 1636 1168 1667 omnibus
1185 1637 1329 1668 terminis
1344 1636 1498 1678 predictis
1519 1637 1711 1678 augebimus
1734 1638 1785 1670 vel
1808 1638 1918 1681 aliqua

260 1687 300 1719 de
328 1697 411 1719 novo
434 1686 604 1727 faciemus,
633 1687 692 1718 nisi
720 1691 816 1729 prout
842 1689 874 1719 in
900 1688 1017 1719 litteris
1044 1689 1175 1728 nostris,
1206 1698 1285 1730 quas
1309 1687 1466 1720 habemus
1495 1698 1515 1719 a
1537 1688 1624 1720 dicto
1649 1689 1779 1722 domino
1807 1695 1917 1722 nostro

216 1749 243 1770 so
259 1738 480 1772 Romanorum
503 1748 581 1780 rege
604 1738 656 1770 vel
679 1739 882 1780 habebimus,
906 1740 1095 1771 continetur.
1183 1739 1231 1781 (3)
1255 1739 1288 1770 Si
1304 1750 1381 1771 vero
1406 1739 1492 1782 quod
1515 1740 1599 1772 absit
1621 1741 1705 1772 inter
1727 1752 1785 1773 nos
1808 1742 1917 1784 alique

261 1790 420 1823 discordie
437 1791 649 1832 insurgerent,
673 1790 735 1822 illis
751 1790 939 1822 durantibus
962 1795 1077 1823 neuter
1098 1795 1242 1822 nostrum
1259 1790 1300 1822 de
1318 1791 1411 1823 dictis
1427 1791 1593 1823 fortaliciis
1609 1792 1660 1823 vel
1677 1793 1784 1835 aliquo
1805 1804 1916 1826 eorum

259 1843 292 1874 in
315 1841 492 1884 dampnum
508 1841 561 1874 vel
584 1841 813 1874 detrimentum
837 1842 968 1874 alterius
992 1853 1025 1875 se
1049 1842 1180 1874 iuvabit.
1220 1843 1324 1879 Quam
1349 1842 1404 1874 diu
1427 1846 1536 1875 autem
1559 1844 1728 1876 unanimes
1751 1844 1916 1885 fuerimus,

260 1892 438 1936 poterimus
460 1893 654 1925 coniunctim
683 1897 716 1926 et
739 1893 864 1925 divisim
889 1897 999 1926 contra
1022 1895 1167 1926 inimicos
1189 1897 1315 1925 nostros
1338 1893 1378 1925 de
1403 1894 1496 1925 dictis
1520 1894 1685 1927 fortaliciis
1716 1907 1774 1928 nos
1796 1898 1917 1929 iuvare.

260 1945 300 1977 In
322 1945 468 1977 omnibus
491 1948 524 1977 et
547 1945 679 1987 singulis
702 1946 865 1987 premissis
889 1946 962 1978 dolo
987 1949 1020 1977 et
1043 1946 1155 1978 fraude
1180 1945 1380 1977 cessantibus
1403 1949 1436 1978 et
1459 1946 1607 1978 exclusis.
1697 1947 1734 1979 In
1758 1949 1847 1980 cuius
1871 1950 1918 1981 rei

217 2007 242 2027 81
260 1997 478 2029 testimonium
501 1996 608 2038 sigilla
630 2000 738 2029 nostra
760 1997 963 2039 presentibus
986 2001 1059 2028 sunt
1082 2007 1235 2039 appensa.

368 2056 443 2088 Dat.
459 2057 619 2099 Pingwie,
650 2068 732 2089 anno
764 2057 805 2089 ab
828 2058 1052 2090 incarnacione
1075 2057 1205 2089 Domini
1228 2057 1399 2088 millesimo
1424 2058 1649 2090 trecentesimo
1673 2058 1798 2092 decimo
1822 2071 1918 2101 nono,

261 2108 413 2141 vicesima
435 2108 577 2140 secunda
601 2108 654 2140 die
678 2110 796 2141 mensis
818 2109 996 2150 Februarii,
1023 2119 1194 2151 regnorum
1218 2113 1398 2140 nostrorum
1421 2118 1505 2140 anno
1529 2108 1664 2141 decimo.

395 2248 480 2285 563.
521 2248 698 2295 Scriptum
724 2249 904 2285 Luclewici
929 2262 994 2296 pro
1022 2251 1276 2296 archiepiscopo
1306 2226 1512 2287 Trevirensi.
1609 2251 1711 2288 Febr.
1732 2253 1794 2288 23.

373 2329 533 2372 On‘yinale
562 2329 639 2373 (or.)
673 2330 795 2363 ibidem.
860 2331 1060 2363 Contulimus
1087 2342 1152 2364 noc.
1214 2332 1336 2365 Pendet
1368 2333 1508 2374 siqillum
1547 2345 1667 2375 parum
1700 2334 1818 2367 laesum
1851 2336 1917 2368 loro

218 2393 246 2414 40
262 2381 504 2414 membranaceo.
527 2399 570 2405 —
592 2381 655 2414 Ed.
679 2381 699 2414 l.
715 2393 741 2414 c.
764 2382 834 2420 III,
856 2382 920 2412 200
943 2393 991 2414 nr.
1009 2384 1073 2414 107
1094 2394 1133 2415 ex
1156 2395 1201 2416 or.

370 2440 517 2480 B5hmer,
541 2441 617 2482 Req.
634 2441 747 2475 Ludw.
767 2452 798 2482 p.
816 2442 860 2473 23
882 2453 931 2475 nr.
950 2443 1023 2475 387.

376 2500 424 2541 Cf.
447 2500 538 2541 infra
558 2511 608 2534 nr.
625 2502 698 2534 575.

371 2585 440 2618 Nos
468 2586 660 2619 Ludowicus
690 2587 754 2620 Dei
787 2589 891 2630 gratia
919 2589 1140 2621 Romanorum
1175 2601 1234 2622 rex
1267 2600 1397 2633 semper
1430 2596 1584 2634 augustus
1617 2593 1659 2625 ad
1693 2594 1914 2625 universorum

264 2635 415 2670 noticiam
439 2638 583 2680 cupimus
601 2641 779 2682 pervenire,
804 2641 890 2684 quod
907 2642 982 2684 quia
998 2642 1192 2674 venerabilis
1208 2642 1415 2675 Baldewinus
1432 2643 1639 2676 Treverensis
1654 2645 1916 2687 archiepiscopus

218 2707 245 2727 ⁴³
265 2689 414 2731 princeps
435 2694 544 2722 noster
567 2691 750 2724 carissimus
773 2692 815 2724 ad
837 2694 975 2725 seriosas
998 2694 1165 2725 instantias
1193 2698 1226 2725 et
1253 2705 1368 2736 preces
1390 2700 1515 2727 nostras
1538 2696 1748 2728 medietatem
1773 2698 1915 2738 pignoris

367 2773 433 2802 582.
461 2774 486 2808 b)
504 2777 573 2809 pign.
592 2784 691 2809 emper
708 2776 732 2803 2.
821 2779 843 2810 ⁰)
862 2779 958 2804 defens.
977 2777 1002 2804 2.
1090 2778 1115 2811 d)
1134 2781 1219 2806 comit.
1239 2780 1261 2805 1.
1350 2781 1373 2814 ο)
1392 2782 1421 2807 B.
1440 2782 1465 2807 2.

1657 2832 1706 2859 δῖ*
