2184 3126
433 182 530 211 ACTA
547 181 662 209 REGNI
680 179 866 208 LUDI-:wlcl
885 179 932 207 lv.
951 178 999 206 ΕΤ
1018 177 1202 206 mmmm!
1221 177 1270 205 111.
1307 177 1383 207 1320.
1418 178 1467 205 Nr.
1480 179 1539 206 591.
1558 179 1618 207 592.
1636 179 1695 206 593.
1834 183 1897 214 473

244 273 356 313 patum
385 272 419 302 et
441 269 617 302 marchiam
645 269 678 300 in
700 266 902 310 Lantsperch
925 277 998 299 cum
1031 265 1179 298 omnibus
1201 264 1441 306 munitionibus,
1464 265 1559 306 villis,
1583 266 1689 307 curiis,
1712 266 1805 299 bonis
1828 268 1898 310 qui-

240 321 439 364 buscumque
463 323 498 353 et
520 319 766 353 obventionibus
789 318 830 351 ab
852 322 989 361 utraque
1017 320 1110 360 parte
1139 317 1228 349 fluvii
1251 316 1327 349 Sale
1354 316 1396 348 ad
1421 316 1507 349 dicta
1533 316 1676 350 dominia
1699 328 1756 350 seu
1780 320 1898 361 princi-

239 377 337 416 patus
364 372 600 416 spectantibus,
631 382 703 404 cum
734 370 882 403 omnibus
910 370 1003 402 bonis
1032 369 1220 412 simpliciter
1248 378 1287 400 ac
1317 368 1557 410 universaliter,
1588 379 1651 411 que
1679 380 1762 402 nunc
1789 370 1901 403 inclita

239 425 373 467 Agnes·
399 424 632 457 marchionissa
654 422 956 465 Brandeburgensis
978 431 1069 453 soror
1091 423 1201 453 nostra
1224 420 1388 452 carissima
1410 419 1556 462 possidet
1579 424 1612 452 et
1635 431 1698 463 que
1725 422 1768 454 ad
1795 423 1899 464 ipsam

207 487 218 506 ι
239 476 392 509 devoluta
415 479 489 508 sunt
512 486 555 508 ex
577 475 668 507 obitu
690 474 859 506 illustrium
875 473 1022 506 Heinrici
1044 472 1179 504 senioris
1201 472 1309 504 mariti
1331 472 1431 514 ipsius
1453 482 1492 504 ac
1507 471 1654 505 Heinrici
1677 473 1810 506 iunioris
1832 474 1901 506 nati

239 527 384 560 eiusdem
419 526 641 559 marchionum
678 525 1041 567 Brandenburgensium
1081 533 1210 566 queque
1245 522 1382 566 predicti
1417 523 1459 555 ab
1492 524 1631 566 imperio
1666 527 1838 558 tenuerunt
1866 527 1900 559 in

239 578 388 620 feodum,
421 578 614 611 contulimus
642 588 680 610 ac
711 577 832 609 dictum
863 575 1103 616 Bembardum,
1131 578 1263 617 patruos
1292 575 1392 617 ipsius
1422 578 1456 607 et
1484 575 1623 608 heredes
1651 577 1829 610 eorundem
1857 577 1898 611 de

240 630 388 663 omnibus
411 630 643 673 prenominatis
667 630 860 661 auctoritate
876 629 967 671 regia
982 627 1162 660 liberaliter
1177 630 1289 659 tenore
1306 628 1504 669 presentium
1522 628 1718 660 investimus.
1765 629 1903 672 Insuper

238 681 443 714 infeodamus
466 681 630 724 predictos
653 680 694 713 de
718 681 830 713 castris
846 679 1066 722 imperialibus
1082 678 1301 711 cheffhuszen
1317 682 1350 711 et
1364 678 1499 712 Alstede
1524 690 1596 712 cum
1620 680 1769 712 omnibus
1790 680 1900 713 reddi-

195 749 220 770 ιο
241 733 336 775 tibus,
361 733 528 774 fructibus,
551 732 674 764 iuribus
697 732 918 775 spectantibus
940 731 982 764 ad
998 732 1078 773 ipsa,
1102 730 1163 763 hac
1187 730 1370 763 conditione
1393 730 1479 773 quod
1502 731 1733 764 munitionibus
1749 732 1899 774 ethonis,

243 795 324 828 quas
353 788 386 817 et
413 795 476 827 que
501 785 587 817 dicta
611 795 700 816 soror
723 787 833 816 nostra
854 782 1085 816 marchionissa
1107 782 1432 825 Brandenburgensis
1454 793 1538 815 nunc
1567 786 1657 816 tenet
1684 787 1717 816 et
1745 784 1899 827 possidet,

239 847 300 879 per
326 837 392 869 vite
423 847 480 869 sue
511 841 658 878 tempora
687 837 755 868 sine
786 835 995 867 diminutione
1020 833 1165 877 qualibet
1187 834 1288 866 libere
1311 834 1505 876 perfruatur.
1557 834 1639 867 Post
1662 837 1752 867 cuius
1775 835 1900 869 obitum

239 889 346 920 omnia
362 888 510 931 predicta
531 888 623 920 dictis
639 887 840 929 Bernhardo,
864 887 986 929 patruis
1011 886 1076 917 suis
1099 895 1137 918 ac
1159 886 1303 928 ipsorum
1326 885 1502 918 heredibus
1525 886 1621 928 plene
1645 887 1773 919 cedent.
1861 887 1900 919 In

239 940 329 972 cuius
358 941 406 972 rei
435 940 652 972 testimonium
677 942 845 982 presentes
874 938 997 971 litteras
1026 937 1182 970 conscribi
1210 940 1243 970 et
1273 940 1382 970 nostre
1409 938 1590 970 maiestatis
1617 938 1723 981 sigillo
1751 939 1900 972 iussimus

196 1006 221 1027 15
240 993 440 1024 communiri.

348 1051 470 1084 Datum
496 1053 528 1084 in
558 1051 794 1083 Franchenl'urt
821 1050 942 1092 oppido
971 1052 1080 1081 nostro
1108 1049 1221 1091 regali,
1253 1049 1292 1081 V.
1316 1049 1455 1082 Kalend.
1480 1049 1624 1089 Octobr.,
1652 1060 1736 1082 anno
1767 1050 1899 1082 Domini

239 1104 411 1136 millesimo
435 1105 665 1136 trecentesimo
689 1104 853 1143 vicesimo,
876 1103 966 1145 regni
991 1112 1068 1134 vero
1091 1102 1190 1133 nostri
1214 1112 1297 1134 anno
1321 1104 1424 1134 sexto·

507 1225 593 1262 592.
635 1225 794 1261 Litterae
821 1223 1009 1260 reversales
1035 1225 1186 1260 eiusdem
1213 1224 1356 1259 comitis.
1463 1223 1554 1269 Sept.
1574 1226 1638 1260 27.

350 1299 513 1341 Oriyinale
535 1299 612 1342 (or.)
643 1300 679 1331 in
708 1298 868 1330 tabulario
891 1297 1032 1338 ymerali
1057 1298 1147 1339 reym'
1169 1297 1346 1330 Bawarici.
1395 1297 1536 1330 Contulit
1559 1297 1602 1329 H.
1619 1297 1731 1330 Herre.
1777 1297 1898 1331 Pendet

197 1366 224 1387 πο
242 1351 381 1392 sigillum
398 1362 520 1392 parum
543 1351 662 1383 laesum
685 1350 750 1382 loro
773 1350 1014 1382 membranaceo.
1038 1368 1080 1373 —
1108 1349 1169 1381 Ed.
1191 1348 1304 1381 Riedel
1329 1349 1446 1382 ‘Codeoe
1468 1348 1704 1389 diplomaticus'
1727 1349 1761 1382 B
1783 1349 1839 1390 VI,
1856 1351 1898 1382 54

239 1413 290 1435 nr.
306 1404 393 1435 2265
415 1413 454 1435 επ
477 1413 523 1435 οι·.
547 1403 603 1443 (=
628 1402 830 1434 Heinemmm
851 1400 871 1432 l.
889 1411 914 1432 c.
931 1411 967 1441 p.
983 1401 1048 1432 265
1069 1411 1119 1432 nr.
1136 1402 1225 1442 402).

348 1489 417 1521 Nos
438 1488 648 1521 Bernhardus
670 1487 733 1519 Dei
756 1487 861 1528 gratia
883 1487 1034 1528 princeps
1061 1485 1103 1518 de
1126 1486 1250 1518 Anhalt
1272 1491 1305 1518 et
1328 1497 1437 1519 comes
1459 1488 1594 1519 Ascarie
1623 1491 1735 1520 notum
1763 1488 1899 1521 facimus

238 1541 396 1573 universis
418 1541 588 1583 presencia
610 1539 817 1581 inspecturis,
841 1538 928 1580 quod
951 1539 1059 1570 omnia
1083 1541 1116 1570 et
1139 1538 1265 1580 singula
1287 1538 1399 1579 feoda,
1423 1549 1485 1580 que
1508 1539 1614 1579 nobis,
1638 1539 1760 1582 patruis
1782 1541 1899 1572 nostris

239 1603 278 1625 ac
301 1593 418 1624 nostris
441 1591 616 1624 heredibus
639 1590 774 1622 contulit
797 1590 1020 1621 serenissimus
1043 1589 1192 1621 dominus
1214 1592 1324 1621 noster
1346 1589 1494 1622 dominus
1516 1590 1710 1623 Ludowicus
1731 1590 1898 1624 Romano-

194 1659 221 1680 „
239 1655 310 1676 rum
333 1654 393 1676 rex
416 1654 545 1686 semper
568 1645 723 1685 augustus
747 1641 788 1673 de
812 1652 868 1673 sue
892 1640 1096 1673 liberalitatis
1119 1641 1208 1683 regie
1232 1641 1432 1683 plenitudine
1456 1643 1597 1684 copiosa,
1620 1642 1680 1674 sibi
1702 1646 1735 1674 et
1750 1642 1898 1675 Romano

239 1697 376 1738 imperio
406 1695 569 1727 vacabunt
598 1694 700 1726 libere
731 1696 764 1725 et
793 1692 912 1731 solute,
939 1695 1109 1734 postquam
1140 1691 1228 1724 idem
1261 1692 1408 1725 dominus
1441 1697 1550 1726 noster
1583 1693 1674 1726 nobis
1708 1704 1747 1726 ac
1781 1696 1898 1727 nostris

239 1747 414 1780 heredibus
447 1745 703 1778 marchionatum
738 1744 1099 1795 Brandemkgurgensem
1131 1754 1204 1776 cum
1238 1744 1395 1786 dignitate
1430 1746 1517 1777 vocis
1550 1746 1582 1777 in
1620 1745 1779 1779 electione
1812 1747 1899 1789 regis

239 1799 460 1832 Romanorum
485 1801 519 1830 et
535 1797 641 1830 officio
659 1806 788 1829 camere
811 1796 939 1838 imperii
962 1806 1034 1827 cum
1058 1795 1130 1827 aliis
1146 1795 1222 1827 dicti
1237 1796 1476 1828 marchionatus
1492 1796 1702 1839 dignitatibus
1716 1798 1749 1830 in
1765 1797 1899 1830 feodum

239 1850 411 1883 contulerit
432 1860 470 1882 ac
493 1860 551 1882 nos
575 1851 608 1881 et
630 1848 770 1880 heredes
793 1850 918 1879 nostros
941 1857 1032 1879 more
1062 1847 1172 1879 debito
1195 1847 1395 1880 investiverit
1417 1847 1459 1880 de
1482 1848 1621 1889 eisdem,
1649 1852 1759 1891 preter
1781 1850 1899 1891 princi-

195 1916 222 1937 ιο
239 1905 350 1944 patum
374 1903 407 1934 in
429 1901 566 1942 Anhalt‚
591 1901 779 1932 comitatum
803 1899 937 1931 Ascarie
962 1901 996 1930 et
1018 1899 1083 1931 alia
1105 1898 1204 1938 bona,
1235 1909 1298 1941 que
1330 1910 1389 1931 nos
1417 1902 1452 1932 et
1477 1901 1702 1943 progenitores
1727 1901 1829 1933 nostri
1855 1901 1898 1934 ab

238 1955 371 1996 antiquo
400 1963 420 1985 a
448 1952 597 1985 Romano
628 1953 764 1994 imperio
796 1954 977 1983 tenuerunt.
1071 1950 1109 1982 In
1139 1951 1228 1983 cuius
1254 1951 1302 1982 rei
1330 1952 1548 1984 testimonium
1576 1955 1744 1995 presentes
1773 1952 1899 1985 litteras

241 2004 390 2038 dedimus
413 2005 510 2048 sigilli
532 2005 632 2036 nostri
656 2003 773 2035 robore
797 2003 1012 2044 consignatas.

347 2065 424 2098 Dat.
447 2065 479 2096 in
507 2063 760 2104 Franchenfffit,
793 2062 833 2094 V.
857 2062 973 2095 Kalen.
1004 2062 1154 2104 Octobr.,
1189 2073 1272 2095 anuo
1302 2062 1434 2094 Domini
1464 2062 1636 2096 millesimo
1668 2065 1897 2097 trecentesimo

237 2127 401 2150 Vicesimo.

195 2220 221 2240 ιο
609 2200 695 2236 593.
738 2198 909 2244 obligatio
937 2198 1082 2235 timeatis
1107 2198 1254 2244 imperii.
1358 2197 1450 2243 Sept.
1469 2199 1532 2234 27.

351 2274 513 2316 Oriyinalc
529 2274 606 2317 (or.)
622 2274 659 2306 in
675 2273 836 2306 tabulario
850 2273 935 2313 reyio
951 2272 1159 2306 Sleswicensi.
1197 2270 1398 2303 Contulimus
1410 2282 1478 2305 nos.
1509 2272 1611 2305 Adest
1625 2273 1765 2314 sigillum
1772 2284 1897 2315 pamm

239 2326 371 2368 laesum,
395 2327 480 2368 quod
502 2326 567 2359 loro
588 2326 822 2358 membranaceo
841 2324 1007 2365 pendebat.
1035 2342 1077 2348 --
1106 2323 1169 2355 Ed.
1190 2322 1380 2365 Sudendorf
1398 2323 1607 2364 ‘cht'strum’
1627 2325 1678 2364 ΙΙ,
1702 2325 1766 2357 182
1786 2336 1837 2358 nr.
1854 2327 1897 2358 93

237 2389 276 2412 σω
298 2389 493 2472 οΪ.Βδληιεν,
516 2433 592 2475 Rey.
608 2432 721 2466 Ludw.
741 2443 775 2474 p.
791 2432 855 2463 354
878 2441 927 2464 nr.
944 2431 1029 2462 3191
1052 2429 1178 2471 (Addit.
1196 2429 1284 2470 III).

194 2536 222 2557 ω
346 2519 416 2551 Nos
449 2519 641 2552 Ludowicus
670 2518 734 2551 Dei
766 2518 872 2560 gratia
903 2516 1125 2549 Romanorum
1158 2525 1217 2547 rex
1250 2525 1379 2558 semper
1411 2519 1566 2558 augustus
1598 2517 1640 2549 ad
1674 2517 1896 2551 universorum

238 2571 391 2603 noticiam
424 2571 570 2603 volumus
602 2571 786 2613 pervenire,
814 2568 899 2611 quod
927 2568 1003 2611 quia
1030 2566 1204 2599 illustribus
1230 2566 1368 2599 Iohanni
1395 2571 1428 2600 et
1454 2567 1550 2600 Erico
1578 2568 1714 2601 ducibus
1743 2569 1895 2611 saxonie,

239 2621 437 2664 principibus
459 2622 576 2654 nostris
599 2621 725 2654 dilectis
751 2621 784 2652 in
807 2620 933 2652 duobus
954 2619 1083 2652 milibus
1105 2619 1222 2651 marcis
1244 2619 1370 2661 argenti
1393 2623 1427 2652 et
1452 2619 1598 2653 ducentis
1621 2631 1730 2653 sumus
1750 2621 1895 2664 obligati,

240 2673 396 2706 solucioni
423 2673 500 2706 dicti
521 2673 623 2706 nostri
649 2673 751 2705 debiti
778 2671 983 2704 intendentes
1012 2670 1136 2703 eisdem
1163 2669 1296 2703 ducibus
1330 2671 1493 2704 civitatem
1525 2675 1670 2704 nostram
1704 2675 1738 2704 et
1768 2673 1895 2714 imperii

237 2724 380 2757 Lubekk
402 2734 474 2756 cum
502 2724 648 2756 omnibus
674 2724 796 2757 iuribus
827 2734 865 2756 ac
896 2723 1052 2755 fructibus
1083 2721 1303 2764 imperialibus
1329 2722 1451 2755 ibidem
1479 2734 1538 2766 pro
1569 2725 1705 2767 pignore
1733 2725 1894 2767 legittimo

194 2799 221 2820 «a
341 2792 407 2820 5⁹1.
435 2793 459 2826 ⁸)
477 2794 586 2827 Agnou.
603 2798 635 2820 tr.

343 2853 382 2872 u..
395 2851 622 2871 conari-rumosas
634 2852 660 2871 ν.
1652 2843 1687 2870 60
