2184 3126
238 2056 300 2077 Mart.
311 2060 330 2079 2.

351 166 412 197 684
510 162 607 190 ACTA
625 161 739 189 REGNI
757 159 940 187 LUDEWICI
958 159 1006 187 IV.
1025 159 1070 187 ΕΤ
1090 159 1275 186 FRIDERICI
1294 159 1343 186 111.
1381 159 1457 186 1324.
1494 158 1543 186 Nr.
1555 158 1615 186 869.
1632 158 1692 187 870.
1710 159 1770 187 871.
1788 159 1848 188 872.

350 251 382 281 in
405 249 548 281 eiusdem
564 247 709 279 Heinrici
732 246 886 278 confectis
903 245 1041 287 desuper
1056 246 1187 277 litteris¹
1203 245 1289 277 facta
1305 248 1451 287 apparet,
1475 247 1579 277 ratam
1595 247 1628 276 et
1644 247 1771 286 gratam
1790 245 1948 278 habemus
1971 250 2004 279 et

350 311 423 332 eam
439 299 639 342 presentibus
655 298 880 340 approbamus.
965 297 1091 329 Harum
1107 297 1291 329 testimonio
1304 296 1496 337 litterarum,
1509 306 1589 337 quas
1601 295 1760 328 conscribi
1775 299 1809 329 et
1823 298 2003 330 maiestatis

349 355 457 383 nostre
489 351 592 392 sigillo
622 349 809 381 communiri
838 349 987 379 iussimus
1016 349 1048 379 in
1076 348 1295 379 testimonium
1325 349 1528 379 nostrarum·
1556 347 1797 380 ratihabicionis
1823 351 1857 380 et
1883 359 2002 391 appro-

350 403 493 434 bacionis
516 401 699 433 earundem.

456 453 530 484 Dat.
565 453 597 483 in
630 451 876 491 Franchenfurt,
915 450 976 482 ΙΠ.
1010 450 1087 481 Idus
1120 449 1249 487 Marcii,
1287 460 1370 481 anno
1404 449 1536 481 Domini
1569 449 1739 482 millesimo
1774 452 2001 485 trecentesimo
2032 465 2045 485 ι

350 504 500 535 vicesimo
525 506 647 545 quarto,
672 503 762 544 regni
785 512 861 533 vero
886 501 986 533 nostri
1010 511 1094 532 anno
1118 500 1253 532 decimo.

769 689 856 725 870.
904 689 1044 725 Vocatio
1073 690 1120 724 aa
1147 689 1289 725 curiam.
1395 678 1511 724 Martss
1523 689 1582 725 18.

454 763 684 804 Autoyraphon
706 763 847 803 deperiit.
894 763 1115 796 Summarium
1138 773 1177 795 ex
1198 762 1384 795 Inventam
1413 762 1541 802 ‘Stifels
1562 763 1595 796 A
1616 763 1655 796 de
1675 773 1761 796 anno
1783 764 1893 803 1600’,
1921 763 2005 804 quod

346 818 449 848 exstat
471 816 506 847 in
528 815 655 847 archivo
671 814 916 856 burcqraviatus
933 815 970 847 de
985 815 1125 853 Sinzich,
1149 817 1225 846 tunc
1239 814 1416 846 Nassoviae
1437 814 1474 846 in
1496 814 1652 847 tabulario
1666 814 1834 848 liberorum
1849 815 2003 848 baronum

346 878 367 900 a
389 867 478 900 Stein
499 869 629 905 servato,
652 866 707 905 fol.
723 867 781 898 ‚28¹
806 866 972 907 descripsit
994 868 1036 898 A.
1060 866 1153 907 Wyss
1175 867 1201 898 b.
1219 877 1258 898 m.
1283 885 1325 889 —
1347 866 1520 900 Iraeditum.
1584 869 1586 871 ’
2020 881 2046 901 1⁰

456 927 505 966 Cf.
521 927 612 966 infra
634 927 678 958 ad
699 937 729 961 a.
747 927 842 959 1324.
865 927 946 967 Apr.
959 927 1011 959 13.

462 1021 524 1054 Ein
546 1021 734 1053 lateinische
757 1021 888 1053 missiva
910 1020 1010 1062 k6nig
1025 1020 1178 1062 Ludwigs
1201 1030 1241 1052 an
1258 1019 1406 1052 Gerhard
1429 1029 1491 1052 von
1507 1019 1710 1062 Landskron,
1726 1019 1820 1052 dorin
1834 1020 1894 1052 der
1907 1021 2008 1063 kssnig

350 1074 476 1116 begea,
501 1073 553 1105 die
575 1074 636 1105 mit
658 1072 744 1104 ihme
765 1073 878 1114 jiingst
900 1072 952 1103 bei
975 1071 1164 1104 Bacharach
1188 1071 1413 1113 angefangene
1436 1074 1618 1104 contractus
1640 1082 1680 1104 zu
1703 1071 1903 1114 volnziehen,
1933 1071 2007 1104 der-

349 1125 470 1157 halben
494 1124 663 1166 angesicht
686 1123 858 1155 derselben
874 1123 977 1155 briefe
1001 1134 1036 1155 er
1058 1123 1125 1155 sich
1147 1123 1197 1155 uff
1209 1123 1405 1155 Franekfurt
1427 1121 1569 1155 erheben
1591 1122 1658 1155 und
1679 1124 1712 1155 in
1735 1123 1794 1156 der
1813 1133 1931 1166 person
1953 1123 2009 1156 bei

348 1177 424 1208 hrer
447 1176 599 1217 majestiit
621 1175 808 1207 erscheinen
832 1175 922 1207 solle.
2019 1196 2044 1216 u

453 1227 520 1259 Sub
544 1227 619 1259 dato
647 1229 694 1259 15.
720 1226 787 1259 Cal.
811 1227 943 1269 Aprilis,
969 1227 1059 1268 regni
1086 1229 1134 1258 10.

472 1471 546 1507 871.
584 1467 831 1507 EPISCOPI
854 1469 1492 1563 BASILssggssfflllgigEPTlo
1513 1469 1871 1509 PROOESSUUM

1026 1595 1134 1631 1324.
1171 1594 1278 1631 Mart.
1296 1594 1330 1631 2.

455 1693 615 1734 Oriyinale
646 1694 722 1735 (or.)
757 1695 793 1726 in
826 1694 984 1727 tabulario
1013 1695 1167 1727 Vaticano
1201 1696 1302 1727 ‘Arm
1322 1696 1350 1728 G
1377 1695 1463 1738 fasc.
1488 1697 1530 1727 61
1563 1695 1626 1728 div.
1648 1696 1671 1727 2
1697 1705 1747 1728 nr.
1764 1696 1798 1728 7'
1830 1697 2000 1738 siynatum.
2019 1711 2046 1731 ιο

346 1745 583 1786 Descripsimus
608 1755 674 1778 iios.
719 1745 840 1778 Pendet
866 1746 1003 1787 siyillum
1032 1746 1152 1779 laesum
1183 1746 1249 1779 loro
1277 1747 1521 1780 membranaceo.
1555 1765 1599 1771 —
1627 1746 1692 1779 Ed.
1715 1746 2001 1797 ‘Oberbayerisclqes

344 1797 476 1829 Archiv'
499 1798 528 1836 I,
553 1798 593 1828 94
615 1808 663 1830 nr.
681 1799 722 1828 69
744 1808 783 1829 ea:
805 1808 867 1836 or.‚·
891 1798 1159 1831 ‘Urkundenbuch
1183 1799 1239 1831 der
1261 1798 1355 1831 stadt
1376 1798 1491 1831 Basel’
1513 1798 1563 1838 II,
1586 1799 1627 1830 50
1648 1809 1699 1832 nr.
1715 1798 1758 1830 52
1779 1809 1819 1831 ex
1840 1810 1886 1831 or.

451 1857 524 1897 Ray.
541 1857 657 1889 Mollat
679 1857 699 1889 l.
717 1868 741 1890 c.
764 1868 813 1889 nr.
829 1858 951 1890 20436.

450 1947 535 1979 N0s⁸
559 1947 743 1980 Gerhardus
767 1948 829 1980 Dei
857 1951 891 1980 et
919 1949 1005 1980 sedis
1027 1949 1206 1990 apostolice
1229 1949 1335 1991 gratia
1358 1949 1529 1991 episeopus
1551 1948 1767 1990 Basil(iensis)
1795 1948 2000 1991 presentibus

346 1999 549 2040 eonfitemur,
580 2010 638 2031 nos
673 2000 715 2031 ab
742 1999 952 2042 hon(orabili)
981 2000 1072 2032 viro*
1099 2000 1285 2033 Giselberto
1319 2000 1442 2032 decano
1476 2000 1659 2032 Brixinensi
1693 2011 1766 2032 cum
1799 2000 1909 2033 debita
1937 2011 2001 2043 qua
2019 2011 2044 2032 υ

346 2049 453 2081 decuit
476 2052 656 2083 reverentia
679 2052 839 2093 recepisse
863 2052 945 2083 feria
968 2055 1061 2084 sexta
1082 2055 1157 2094 post
1178 2052 1265 2084 diem
1281 2052 1443 2093 cinerum,
1466 2052 1499 2083 in
1513 2051 1672 2094 Basfflea)
1687 2052 1813 2094 maiori,
1835 2052 1894 2084 sub
1917 2062 2001 2084 anno

345 2100 475 2133 Domini
503 2102 765 2135 MCCCXXIIII.
796 2114 982 2145 processum
1018 2104 1231 2146 apostolieum
1265 2107 1377 2136 contra
1410 2103 1595 2135 dominum·
1637 2103 1846 2136 Ludewicum
1884 2103 2000 2136 ducem

346 2151 492 2184 Bawarie
516 2153 646 2195 editum,
670 2155 758 2186 cuius
781 2155 922 2187 narratio
946 2156 991 2187 sic
1011 2156 1135 2197 incipit:
1160 2155 1398 2197 ‘Attendentes‚
1421 2154 1509 2198 quod
1525 2154 1599 2187 dum
1624 2156 1724 2187 errori
1746 2166 1811 2187 non
1832 2155 2000 2198 resistitur,

348 2203 374 2233 is
397 2203 439 2234 ad.
462 2215 556 2246 quem
579 2206 728 2237 resistere
751 2207 891 2248 pertinet
915 2206 1021 2248 eto.’⁴²‚
1045 2207 1135 2238 cuius
1157 2207 1229 2238 finis
1252 2207 1325 2239 talis
1349 2210 1411 2238 est:
1434 2206 1541 2238 ‘Hanc
1562 2206 1661 2248 igitur
1675 2226 1716 2230 -—
1733 2207 1823 2239 ostiis
1845 2206 2002 2240 faciemus

348 2254 442 2286 etc.²³
522 2255 643 2288 Dantes
660 2257 719 2288 sibi
735 2258 793 2289 has
808 2258 933 2290 litteras
949 2261 1075 2290 nostras
1091 2258 1196 2300 sigillo
1212 2261 1322 2291 nostro
1338 2257 1522 2301 sigill(atas)
1534 2259 1567 2290 in
1582 2259 1801 2290 testimonium
1817 2269 1915 2300 super
1930 2264 2000 2291 ω’.
2019 2268 2046 2288 ω

452 2305 570 2338 Datum
594 2318 687 2349 anno,
711 2309 762 2340 die
787 2313 819 2341 et
841 2310 913 2342 loco
936 2310 1098 2352 predictis

450 2501 515 2529 869.
534 2504 556 2536 ¹²)
577 2513 643 2530 corr.
655 2514 685 2530 ex
703 2511 788 2532 nostre
807 2516 844 2533 or.

450 2570 514 2597 871.
541 2572 565 2604 θ)
585 2591 590 2598 .
606 2593 610 2598 .
630 2574 691 2599 add.
711 2584 749 2601 or.
839 2575 865 2608 b)
883 2578 995 2609 sequitur
1013 2578 1064 2604 (1135
1082 2578 1166 2610 delet„
1182 2578 1288 2611 itemque
1307 2597 1314 2605 .
1327 2597 1333 2604 .
1354 2587 1393 2604 or.

453 2639 478 2672 1)
497 2639 587 2673 Supra
604 2643 664 2668 tom.
677 2642 698 2668 I
701 2642 730 2675 V,
744 2647 758 2669 1
775 2651 816 2670 nr.
829 2647 893 2676 431‚·
910 2640 945 2677 εἰ.
964 2653 1006 2672 nr.
1020 2649 1074 2673 186.
1173 2647 1201 2680 2)
1219 2646 1364 2674 Processu-3
1376 2645 1484 2680 primus
1501 2652 1585 2680 watra
1602 2653 1646 2673 nr.
1659 2649 1712 2673 792.
1808 2646 1837 2678 3)
1855 2645 1998 2674 Proocssus

348 2681 480 2708 secundus
497 2690 581 2716 supra
598 2691 639 2710 nr.
653 2687 710 2717 839,
727 2693 790 2719 pay.
804 2690 853 2712 662
870 2687 919 2714 lin.
933 2691 1041 2715 28—33.
2016 2696 2049 2717 ’³'
