2190 3172
343 194 406 225 364
505 191 602 219 ACTA
621 191 734 219 REGNI
752 189 936 218 LUDEWICI
955 189 1002 216 IV.
1021 189 1066 216 ΕΤ
1084 189 1271 217 FRIDERICI
1289 189 1338 216 111.
1373 189 1449 217 1317.
1484 188 1534 216 Nr.
1545 188 1606 216 436.
1623 188 1682 216 437.
1700 189 1760 216 438.
1778 188 1837 216 439.

451 279 584 311 Prefate
619 277 844 319 conputacioni
881 278 965 308 inter
998 287 1055 308 nos
1089 275 1242 308 videlicet
1274 276 1524 317 Her(mannum)
1560 275 1803 317 cancellarium,
1838 274 1993 307 Georium

342 330 482 363 Irsutum
507 330 674 370 comitem,
712 328 897 360 Gunradum
925 327 965 360 de
988 327 1202 359 Rudinsheim
1224 327 1460 360 vicedominum
1490 332 1523 361 et
1549 328 1738 361 Heinricum
1762 327 1803 359 de
1827 327 1993 359 Lutthins-

344 382 420 414 dorf
438 382 636 414 thelonarios
659 380 822 422 predictos
846 380 931 411 facte
957 382 990 411 et
1012 379 1177 411 ordinate⁰
1200 379 1306 422 sigilla
1320 383 1430 412 nostra
1452 380 1484 412 in
1500 380 1719 412 testimonium
1744 382 1776 410 et
1793 378 1993 411 evidenciam

343 434 556 476 appendimus
579 433 653 464 huic
676 433 805 473 scripto.

452 486 525 517 Act.
548 485 581 516 in
604 483 829 525 Bach(eraco)‚
853 493 937 514 anno
961 481 1092 514 Domini
1114 481 1342 523 MOCOXVII,
1366 482 1399 514 in
1422 482 1474 515 die
1497 482 1587 515 beati
1609 482 1761 515 Iohannis
1784 482 1934 524 baptiste.
2024 496 2036 514 a

710 589 797 625 437.
838 589 1011 634 Scriptum
1037 588 1187 624 civitatis
1213 588 1401 635 Spirensis.
1505 589 1575 624 Iul.
1595 589 1631 624 5.

453 656 616 696 Oriyinale
642 656 713 695 (or.)
737 655 772 686 in
794 654 951 687 tabulario
978 653 1156 687 Coloniensi
1177 665 1227 687 nr.
1243 656 1318 688 891.
1371 655 1571 689 Goutulimus
1591 666 1658 688 nos.
1712 654 1833 688 Pendet
1854 655 1994 696 sigillum

341 710 408 748 fere
430 707 574 739 illaesum
597 706 662 738 loro
684 706 928 738 membranaceo.
954 724 991 729 -
1016 705 1080 738 Ed.
1097 706 1250 747 ‘Quelleu’
1274 707 1336 746 IV,
1359 707 1402 738 42
1424 718 1474 739 ur.
1491 707 1533 738 52
1555 718 1594 739 ex
1617 718 1662 739 or.

454 759 503 798 Cf.
527 758 618 798 infra
640 758 685 790 ad
706 768 736 789 a.
755 759 850 789 1317.
877 757 941 790 Oct.
961 758 1013 789 19.
1036 760 1066 790 et
1088 757 1165 790 Dec.
1181 759 1233 790 27.

450 827 584 860 Honore
609 827 714 869 dignis
737 827 811 858 viris
834 826 1044 868 prudentibus
1073 831 1107 858 et
1128 826 1299 859 laudandis
1322 827 1505 859 consulibus
1529 827 1774 860 Coloniensibus
1847 828 1994 861 consules
2013 840 2039 860 ιο

343 880 512 923 Spirenses
588 880 749 911 sincerum
772 879 915 910 animum
938 879 971 910 in
994 878 1143 910 omnibus
1166 878 1354 911 famulandi.

451 931 641 963 Heinricum
665 930 707 962 de
729 930 945 973 Regensburg
968 932 1133 963 concivem
1162 934 1305 962 nostrum
1328 931 1530 972 presencium
1554 931 1770 963 exhibitorem
1798 943 1856 975 pro
1879 933 1994 964 nuncio
2029 940 2031 942 ·

343 995 384 1016 ex
408 987 500 1026 parte
524 985 634 1014 nostra
658 981 835 1014 thelonium
859 982 947 1024 apud
969 993 1027 1014 vos
1049 982 1242 1026 respiciente
1262 982 1354 1014 vobis
1375 983 1541 1024 mittimus,
1565 983 1615 1014 cui
1639 983 1763 1015 clavem
1785 994 1883 1016 unam
1907 985 1995 1024 ciete,

342 1037 375 1067 in
398 1046 462 1078 qua
484 1034 570 1066 idem
594 1034 773 1066 thelonium
796 1037 981 1076 reponetur,
1005 1034 1184 1076 assignetis.
1230 1033 1293 1070 Qui
1317 1044 1426 1065 coram
1449 1033 1542 1066 nobis
1563 1034 1682 1066 iuravit
1703 1034 1808 1076 vobis,
1832 1035 1995 1078 Mogonti-

342 1087 495 1119 nensibus
520 1090 552 1118 et
567 1085 866 1118 Wormaciensibus
890 1086 922 1118 in
938 1086 1130 1127 recepcione
1147 1085 1222 1117 dicti
1239 1085 1375 1117 thelonii
1389 1086 1472 1117 sicut
1495 1088 1529 1117 et
1550 1085 1643 1118 nobis
1657 1086 1798 1119 fideliter
1820 1097 1855 1119 se
1872 1090 1995 1119 tenere.
2015 1099 2039 1118 ιε»

341 1138 386 1172 Et
408 1140 469 1171 hoc
493 1138 579 1170 idem
603 1139 709 1170 iurare
732 1137 853 1169 debent
876 1148 986 1169 coram
1000 1136 1092 1168 vobis
1108 1137 1207 1169 vestri
1230 1137 1333 1168 eciam
1357 1138 1464 1169 nuncii
1486 1138 1519 1168 in
1541 1138 1710 1179 presencia
1732 1138 1876 1170 eiusdem
1896 1139 1997 1171 nostri

344 1194 377 1223 et
392 1191 551 1222 dictarum
567 1190 732 1221 civitatum
749 1189 875 1220 nuncii·
890 1189 1038 1220 similiter
1060 1188 1122 1220 hoc
1142 1188 1301 1220 iurabunt.
1383 1189 1421 1220 In
1445 1189 1535 1220 cuius
1558 1190 1605 1221 rei
1621 1189 1839 1222 testimonium
1855 1190 1996 1232 sigillum

342 1246 450 1275 nostre
474 1242 612 1274 civitatis
634 1241 840 1284 presentibus
865 1244 914 1273 est
937 1251 1126 1283 appensum.

450 1295 571 1326 Datum
595 1304 678 1325 anno
702 1293 833 1325 Domini
856 1292 1086 1335 MGOGXVII,
1109 1294 1142 1325 in
1164 1294 1302 1325 crastino
1325 1291 1480 1325 Udelrici.

681 1400 769 1437 438.
809 1399 985 1446 Scriptum
1011 1400 1157 1436 civitatis
1183 1399 1424 1445 Moyuutiuae.
1530 1402 1620 1448 Auy.
1638 1402 1670 1435 1.
2015 1416 2042 1436 »ο

456 1466 618 1508 originale
633 1466 705 1508 (or.)
729 1466 843 1499 ibidem
865 1477 917 1498 nr.
933 1467 1007 1499 894.
1044 1466 1165 1498 Pendet
1179 1465 1319 1507 sigillum
1335 1477 1456 1507 parum
1472 1467 1593 1500 laesum
1609 1467 1673 1500 loro
1688 1466 1933 1500 membranaceo.
1956 1485 1999 1491 —

343 1520 416 1552 Iam
438 1519 596 1552 edidimus
618 1518 863 1560 ‘Laudfrieden’
881 1529 916 1558 p.
935 1519 978 1549 17
999 1521 1062 1551 not.
1080 1520 1100 1549 1
1123 1528 1162 1550 ex
1184 1528 1230 1550 or.

453 1587 522 1619 Nos
545 1586 656 1619 Orafto
687 1586 879 1627 soulthetus,
912 1611 944 1619 ..
972 1586 1110 1627 iudices,
1140 1612 1147 1619 .
1166 1611 1173 1619 .
1197 1586 1344 1619 consules
1373 1597 1411 1619 ac
1439 1588 1578 1620 universi
1601 1588 1688 1619 cives
1710 1586 1891 1629 Moguntini
1923 1597 1999 1629 pro-

345 1641 500 1672 mittimus
523 1650 582 1681 per
604 1639 820 1670 iuramentum
843 1642 1001 1679 nostrum,
1033 1639 1119 1681 quod
1142 1639 1341 1681 prestitimus
1369 1639 1411 1671 ad
1435 1639 1601 1671 consilium
1626 1642 1660 1671 et
1682 1638 1838 1670 honorem
1861 1638 1999 1671 civitatis

344 1695 463 1733 nostre,
488 1691 575 1733 quod
598 1701 656 1723 nos
680 1701 808 1722 omnem
832 1691 1004 1732 pecuniam
1027 1691 1272 1732 provenientem
1295 1691 1336 1723 de
1359 1690 1512 1723 theloneo
1535 1691 1568 1722 in
1591 1691 1804 1732 Confluentis,
1825 1693 1998 1732 postquam
2016 1705 2042 1725 π

344 1743 438 1776 nobis
453 1745 639 1785 presentata
660 1742 767 1784 fuerit,
790 1742 957 1784 Moguntie
973 1742 1234 1774 conservabimus
1257 1742 1316 1774 sub
1339 1744 1458 1775 nostris
1480 1742 1637 1782 clausura,
1660 1742 1802 1774 tuicione
1824 1752 1862 1774 ac
1883 1741 1997 1774 defen-

344 1796 444 1827 sione.
483 1794 526 1826 Et
548 1793 590 1826 ad
611 1794 887 1826 conservationem
910 1793 1055 1826 eiusdem
1078 1793 1221 1826 thelonei
1250 1797 1389 1836 quatuor
1411 1795 1496 1826 viros
1525 1794 1558 1826 in
1585 1797 1694 1826 nostro
1722 1794 1854 1826 consilio
1876 1794 1998 1839 iuratos

346 1850 379 1879 et
394 1846 538 1889 ydoneos
555 1846 724 1888 elegimus.
764 1845 826 1882 Qui
842 1845 1008 1877 habebunt
1025 1848 1163 1887 quatuor
1178 1846 1286 1878 claves
1301 1845 1472 1878 dissimiles
1495 1849 1528 1878 et
1542 1847 1682 1878 variatas
1705 1846 1747 1878 ad
1761 1856 1859 1878 unam
1875 1846 1998 1886 cistam,

345 1909 443 1941 quam
466 1909 640 1940 numquam
665 1898 812 1939 aperient
834 1901 944 1939 preter
967 1898 1082 1929 scitum
1105 1900 1138 1929 et
1160 1897 1360 1930 voluntatem
1384 1897 1601 1938 Ooloniensis,
1624 1898 1824 1940 Mogunfine,
1846 1897 1999 1929 Worma-

345 1951 461 1982 ciensis
489 1953 522 1982 et
545 1950 705 1992 Spirensis
736 1950 900 1981 civitatum
935 1952 969 1981 et
1002 1950 1061 1981 nisi
1091 1949 1133 1981 ad
1163 1960 1366 1982 communem
1390 1951 1616 1982 necessitatem
1645 1954 1678 1982 et
1699 1949 1873 1981 utilitatem
1895 1950 1999 1982 iurate
2017 1962 2044 1982 ιο

346 2003 434 2044 pacis
458 2003 562 2044 patrie
586 2001 783 2044 generalem.
871 2001 909 2032 In
933 2012 1068 2043 quorum
1091 2002 1311 2034 testimonium
1340 2005 1373 2034 et
1401 2002 1545 2034 debitam
1568 2001 1693 2034 roboris
1715 2001 1901 2033 firmitatem
1923 2011 1999 2042 pre-

347 2056 455 2085 sentes
477 2054 602 2085 litteras
625 2053 730 2096 sigillo
754 2056 862 2085 nostro
885 2053 1042 2085 tradimus
1064 2054 1287 2086 communitas.

455 2106 573 2137 Actum
590 2108 623 2137 et
639 2105 750 2136 datum
766 2115 850 2137 anno
865 2105 996 2137 Domini
1012 2105 1240 2145 MCOGXVH,
1264 2106 1335 2147 ipso
1359 2105 1412 2137 die
1434 2105 1524 2137 beati
1539 2105 1629 2138 Petri
1645 2105 1784 2147 apostoli
1804 2104 1847 2137 ad
1863 2104 1996 2136 vincula.

347 2274 586 2319 439-442.
620 2272 944 2318 LITTERAE
972 2272 1302 2319 LUDEWICI
1328 2271 1458 2319 PRO
1474 2270 1996 2319 ARCHIEPISCOPO

965 2337 1381 2385 MOGUNTINO.
2017 2352 2042 2372 ³⁵

957 2416 1066 2452 1317.
1103 2416 1184 2452 Iun.
1202 2415 1391 2452 26.—29.

453 2508 541 2544 439.
582 2508 796 2545 Mandatum
822 2522 925 2556 super
951 2510 1104 2556 homagio
1131 2510 1384 2557 archiepiscopo
1405 2510 1631 2556 praestando.
1733 2509 1815 2545 Iun.
1833 2510 1896 2545 26.

439 2573 601 2615 Oriyiuale
636 2575 672 2607 iu
705 2576 862 2608 tabulario
893 2576 1034 2618 yenerali
1066 2577 1156 2618 requi
1181 2577 1350 2609 Bawarici
1379 2576 1469 2608 KLS
1497 2586 1547 2607 nr.
1569 2577 1642 2607 137.
1701 2574 1901 2607 Contulimus
1931 2583 1998 2607 nos.

348 2625 470 2658 Pendet
491 2626 629 2666 siyillum
652 2626 719 2666 fere
740 2627 885 2660 illaesum
908 2628 972 2661 loro
995 2629 1239 2661 membranaceo.

457 2678 604 2716 Bo'hmer,
629 2678 705 2719 Rey.
721 2679 836 2713 Ludw.
852 2690 889 2720 p.
906 2680 948 2712 16
969 2691 1020 2713 ur.
1033 2681 1107 2713 258.
2016 2687 2043 2706 ⁴⁰

452 2762 518 2791 486.
545 2764 569 2797 c)
588 2766 657 2791 faeta
675 2770 700 2791 et
717 2766 834 2792 ordinata
851 2775 889 2792 or.

452 2814 519 2844 437.
546 2816 570 2850 ¹)
589 2819 690 2844 nunciis
709 2827 746 2844 or.
