2190 3172
378 239 441 269 214
611 234 708 263 ACTA
725 233 838 261 REGNI
855 231 1039 260 LUDEWICI
1057 230 1103 257 IV.
1121 230 1168 257 ΕΤ
1186 230 1372 258 FRIDERICI
1391 230 1440 257 111.
1477 229 1552 257 1315.
1588 229 1636 256 Nr.
1648 229 1708 257 248.
1726 229 1785 257 249.

379 321 575 354 liberalitate
607 321 786 360 confirmat,
821 330 882 361 que
911 329 930 350 a
957 319 1022 349 suis
1052 317 1335 359 predecessoribus
1361 317 1444 349 iuste
1473 316 1534 348 sibi
1561 316 1679 349 collata
1706 316 1871 353 videntur,
1898 327 1970 349 cum
1992 318 2026 349 iu

381 373 589 406 observandis
623 373 785 406 beneficiis
819 382 881 403 non
911 372 1014 403 minus
1046 380 1142 411 quam
1176 370 1208 400 in
1237 369 1412 411 largiendis
1439 369 1510 400 laus
1539 371 1703 401 accrescat
1729 369 1819 410 regie
1851 368 2028 411 dignitatis.

381 425 465 458 Sane
498 425 691 467 prudentum
725 424 863 455 virorum
899 422 1122 461 castrensium,
1157 421 1323 452 consulum
1357 423 1391 452 et
1424 421 1540 453 civium
1573 420 1615 452 de
1648 420 1808 461 Landaw,
1836 419 2027 453 dilectorum

379 480 560 508 nostrorum
594 476 736 507 fidelium
770 474 977 516 petitionibus
1010 472 1231 504 favorabiliter
1265 475 1459 512 annuentes,
1491 472 1569 513 ipsis
1598 473 1706 504 omnia
1734 473 1819 513 iura,
1849 471 2026 513 libertates,

379 528 548 570 privilegia
572 530 604 559 et
626 527 777 565 honestas
801 524 1047 557 consuetudines
1075 523 1135 555 sibi
1163 534 1182 554 a
1209 523 1291 555 divis
1312 523 1533 555 Romanorum
1561 523 1809 565 imperatoribus
1837 526 1870 555 et
1896 523 2027 565 regibus

379 581 495 611 nostris
517 577 798 621 predecessoribus
822 577 955 608 traditas
980 579 1012 606 et
1035 585 1202 607 concessas
1225 576 1418 607 auctoritate
1441 580 1550 607 nostra
1573 576 1664 617 regia
1685 576 1885 616 innovamus,
1908 586 2027 617 appro-

380 631 494 662 bamus
517 634 550 662 et
571 630 729 671 presentis
752 628 860 670 scripti
883 627 1061 669 patrocinio
1085 627 1320 658 confirmamus.
1365 626 1409 658 Et
1426 630 1462 658 ut
1479 627 1651 668 specialius
1666 627 1760 659 nobis
1774 627 1872 659 iidem
1889 627 2029 659 sentiant

381 693 414 714 se
445 682 593 722 dilectos,
623 681 800 712 addicimus
827 679 984 710 uberioris
1014 679 1118 720 gratie
1145 682 1253 710 nostre
1283 678 1424 710 donum·
1452 679 1619 720 ungeltum
1647 679 1783 721 predicti
1813 679 1900 721 opidi
1927 679 2028 711 nostri

378 733 556 773 Landawe,
591 732 677 774 quod
710 732 787 773 ipsis
821 730 943 763 civibus
971 730 1223 762 convertendum
1254 731 1285 763 in
1319 731 1491 762 memorati
1520 730 1609 772 opidi
1636 731 1894 763 fortificationem
1922 734 1956 763 et
1979 730 2027 762 ad

378 785 629 818 necessariorum
652 784 889 825 reparationem
913 793 970 813 seu
986 782 1248 814 reformationem
1265 793 1468 814 communem
1491 785 1649 824 perpetuo
1665 793 1708 815 ex
1723 783 1918 815 liberalitate
1934 783 2026 825 regia

380 836 567 870 donavimus
591 839 624 867 et
646 834 847 877 presentibus
871 834 1027 865 donamus
1051 833 1268 876 colligendum
1296 837 1330 866 et
1358 834 1579 876 recipiendum
1606 835 1741 876 pacifice
1768 838 1802 866 et
1823 835 1933 877 quiete
1957 835 2026 866 sine

378 887 608 929 impedimento
633 887 744 929 quovis
766 889 874 918 nostro
898 896 936 917 ac
958 889 1139 917 nostrorum
1163 885 1348 917 officialium
1372 896 1646 928 quorumcunque.
1690 886 1778 918 Nulli
1801 897 1880 928 ergo
1896 887 2026 919 omnino

378 939 542 972 hominum
558 939 655 970 liceat
670 939 751 970 hanc
767 941 874 969 nostre
891 938 1114 978 innovationis,
1137 937 1389 979 approbationis,
1413 937 1662 970 confirmationis
1684 941 1718 970 et
1740 938 1922 970 donationis
1943 948 2027 971 nove

378 991 515 1032 gratiam
531 990 703 1032 infringere
726 990 778 1021 vel
802 990 832 1021 ei
855 989 964 1031 aliquo
984 999 1064 1020 ausu
1080 990 1253 1021 temerario
1270 990 1438 1022 contraire.
1475 989 1570 1026 Quod
1586 991 1640 1032 qui
1663 990 1772 1022 facere
1786 990 2028 1032 presumpserit,

379 1052 510 1083 gravem
542 1045 648 1073 nostre
683 1042 860 1073 maiestatis
894 1041 1049 1073 offensam
1084 1051 1118 1073 se
1148 1042 1274 1073 noverit
1295 1042 1475 1074 incurrisse.
1564 1042 1602 1073 In
1626 1042 1716 1074 cuius
1738 1042 1786 1074 rei
1808 1042 2027 1074 testimonium

378 1097 544 1135 presentes
571 1094 695 1125 litteras
722 1093 817 1125 scribi
846 1096 879 1124 et
901 1096 1009 1124 nostre
1032 1093 1211 1125 maiestatis
1234 1093 1339 1135 sigillo
1362 1094 1512 1126 iussimus
1535 1095 1733 1126 communiri.

484 1154 605 1185 Datum
628 1154 658 1184 in
681 1152 822 1195 Sletstat,
840 1154 879 1185 V.
893 1153 1058 1185 Kalendas
1073 1153 1205 1195 Aprilis,
1222 1164 1305 1185 anno
1322 1154 1452 1185 Domini
1469 1154 1640 1186 millesimo
1657 1154 1882 1186 trecentesimo
1899 1154 2027 1196 quinto-

381 1205 519 1245 decimo,
542 1205 633 1247 regni
655 1215 731 1236 vero
754 1206 854 1237 nostri
877 1216 959 1238 anno
983 1205 1096 1247 primo.

811 1355 896 1390 249.
937 1355 1112 1400 Scriptum
1139 1355 1296 1391 alterum.
1401 1355 1512 1391 Mart.
1531 1357 1596 1391 28.

488 1428 588 1469 Copia
612 1428 666 1471 (c.)
697 1439 735 1460 ex
763 1429 865 1460 eodem
895 1429 1043 1469 Copiario
1071 1429 1126 1468 fol.
1144 1430 1185 1460 94
1215 1429 1305 1469 facta
1333 1429 1447 1461 ibidem
1477 1429 1496 1461 l.
1513 1440 1538 1462 c.
1563 1430 1618 1468 II,
1641 1430 1716 1462 234.
1740 1450 1781 1453 —
1803 1429 1866 1461 Ed.
1888 1429 2027 1462 Winkel-

378 1490 476 1511 marm
498 1479 518 1512 l.
534 1491 560 1514 c.
584 1480 634 1518 ΙΙ,
655 1481 719 1511 ,270
742 1490 792 1511 nr.
808 1480 871 1511 421
894 1491 932 1512 ex
955 1491 981 1513 c.
1026 1481 1209 1513 Editionem
1231 1481 1409 1521 repetimus.

487 1540 633 1579 Biihmer,
657 1541 732 1581 Rey.
747 1540 860 1573 Ludw.
879 1551 912 1580 p.
929 1541 993 1572 382
1015 1541 1184 1574 Friedrich
1206 1552 1256 1574 nr.
1272 1543 1337 1574 293
1359 1542 1486 1582 (Addit.
1503 1541 1587 1584 III).

486 1639 671 1676 Fridericus
693 1639 757 1672 Dei
779 1641 883 1683 gratia
905 1640 1123 1673 Romanorum
1148 1651 1208 1673 rex
1229 1639 1357 1684 semper
1379 1645 1533 1683 augustus
1613 1642 1769 1673 universis
1791 1641 1872 1673 sacri
1888 1641 2028 1674 Romani

378 1691 505 1733 imperii
528 1691 677 1726 fidelibus
763 1693 901 1734 gratiam
924 1704 1015 1725 suam
1039 1704 1111 1725 cum
1137 1693 1251 1725 notitia
1273 1693 1534 1735 subscriptorum.
1993 1686 2000 1693 ’

487 1743 537 1775 Ne
566 1744 735 1786 singularis
763 1743 943 1776 dilectionis
973 1745 1123 1786 affectus,
1154 1755 1250 1787 quem
1278 1755 1357 1787 erga
1385 1744 1516 1787 opidum
1544 1747 1688 1776 nostrum
1723 1744 1866 1777 Landaw
1896 1749 1928 1777 et
1958 1746 2027 1778 eius

377 1794 498 1826 incolas
521 1795 717 1837 augustalis⁸
733 1797 817 1839 gerit
833 1796 1014 1837 clementia,
1037 1807 1097 1839 per
1119 1797 1350 1828 alienationem
1373 1797 1514 1838 aliquam
1539 1796 1673 1828 diminui
1696 1797 1814 1837 valeat,
1838 1797 1896 1829 sed
1919 1798 2027 1839 potius

2045 1759 2077 1780 25.

381 1857 423 1877 ex
450 1846 610 1889 frequenti
637 1847 863 1879 familiaritatis
891 1847 1134 1880 assistentiaet
1161 1849 1363 1881 servitiorum
1390 1849 1630 1880 continuatione
1658 1848 1829 1880 salubriter
1857 1852 2026 1891 augeatur,
2063 1846 2065 1849 ’

380 1899 465 1930 cives
489 1899 632 1933 eiusdem
657 1899 760 1941 opidi,
789 1900 902 1932 fideles
931 1903 1056 1932 nostros
1087 1900 1223 1933 dilectos
1245 1902 1336 1943 regia
1365 1900 1537 1932 clementia
1560 1911 1744 1932 assecurare
1769 1899 1971 1933 decrevimus
1994 1904 2028 1933 et

380 1950 467 1991 ipsos
497 1951 699 1992 presentibus
726 1954 830 1983 certos
858 1951 1023 1984 reddimus
1055 1956 1087 1984 et
1110 1963 1255 1995 securos,
1285 1951 1372 1995 quod
1400 1951 1532 1994 opidum
1555 1951 1753 1984 antedictum
1775 1951 1862 1984 nullo
1885 1964 2027 1995 unquam

380 2004 525 2043 tempore
550 2003 698 2044 cuiquam
722 2002 865 2045 obligare
889 2014 946 2035 seu
969 2004 1001 2035 in
1025 2004 1155 2036 feodum
1179 2004 1325 2036 conferre
1349 2007 1405 2036 aut
1427 2004 1491 2035 alio
1515 2003 1719 2036 alienationis
1742 2004 1839 2036 modo
1855 2005 1907 2036 vel
1923 2004 2027 2037 forma

381 2053 522 2085 alienare
552 2054 697 2086 volumus
724 2066 743 2086 a
770 2056 862 2087 nobis
891 2059 924 2088 et
950 2056 1105 2097 imperio,
1133 2056 1191 2088 sed
1220 2057 1325 2098 ipsum
1353 2059 1387 2087 et
1413 2055 1589 2087 incolarum
1621 2056 1721 2097 ipsius
1749 2059 1842 2098 grata
1873 2057 2028 2099 obsequia

380 2108 487 2136 nostro
516 2106 643 2139 culmini
679 2107 862 2148 specialiter
888 2118 1064 2139 reservare.
1119 2107 1245 2140 Harum
1277 2108 1461 2140 testimonio
1494 2108 1673 2140 litterarum
1706 2111 1815 2140 nostre
1850 2109 2029 2141 maiestatis

381 2157 477 2198 sigilli
499 2158 693 2190 munimineb
716 2159 919 2200 signatarum.

487 2217 606 2250 Datum
633 2218 718 2259 apud
747 2217 893 2260 Sletstat‚
918 2219 957 2251 V.
974 2219 1139 2251 Kalendas
1161 2219 1300 2261 Aprilis,
1333 2230 1416 2251 anno
1447 2219 1578 2251 Domini
1605 2220 1776 2252 millesimo
1800 2222 2027 2253 trecentesimo

382 2268 630 2310 quintodecimo,
654 2270 745 2311 regni
768 2281 844 2302 vero
867 2271 966 2302 nostri
990 2281 1073 2302 anno
1097 2272 1210 2313 primo.

425 2624 427 2629 ,
484 2601 550 2629 248.
577 2603 601 2635 Β)
619 2605 730 2637 sequitur
749 2609 778 2630 ut
797 2614 816 2630 c.

485 2694 549 2722 249.
578 2698 601 2728 ⁵)
620 2699 772 2730 augustialis
790 2707 811 2724 c.
898 2699 923 2732 b)
940 2701 967 2725 in
986 2701 1125 2726 munimine
1144 2709 1164 2726 c.

2045 2017 2079 2036 80.
