2158 3138
416 160 514 189 scu
532 146 646 190 asem
665 159 849 189 Lunnwmi
866 160 914 189 Π.
932 160 978 189 ar
997 160 1181 190 rameruci
1200 162 1248 190 111.
1284 163 1360 191 1814.
1396 163 1445 191 Νι.
1460 165 1517 192 127.
1536 165 1595 193 ηε.
1770 170 1829 200 127

412 309 590 340 127-129.
624 306 949 340 PROMISSIONES
971 308 1061 341 PRO
1085 308 1296 342 OIVITATE
1319 310 1600 344 COLONIENSI.

853 369 945 400 1314.
979 368 1058 401 Dec.
1077 370 1105 402 3.
1130 372 1159 401 4.

368 481 451 519 127.
493 481 667 528 Scriptum
694 482 941 529 archiepiscope·
966 483 1165 529 Moywntini
1191 488 1221 520 et
1247 484 1405 521 aliorum.
1515 486 1595 523 Dec.
1614 488 1648 523 3.

293 554 453 596 Oriqinale
481 555 557 598 (or.)
586 556 624 588 in
651 556 810 589 tabulm·io
839 557 978 589 civitatis
1003 557 1196 590 Colonienst's
1224 568 1274 591 nr.
1297 560 1369 592 821.
1427 560 1626 593 Cmatulimus
1654 572 1720 594 nos.
1774 562 1832 594 Ex

153 621 166 642 s
182 609 248 640 odo
261 606 375 648 siqillis
389 607 455 639 tria
465 607 604 649 pendent
618 607 695 640 loris
714 608 967 648 membranaceis,
990 619 1124 650 quorum
1139 620 1240 642 amum
1255 610 1376 643 laesum
1391 615 1445 644 est.
1483 611 1631 653 Sigillum
1646 612 1829 646 Baldewini

181 658 408 700 wrchiepiscopi
429 669 595 701 nunquam
613 659 798 700 appendisse
817 660 957 699 videtum·
978 661 1019 700 cs.
1035 671 1084 693 nr.
1099 662 1171 694 128.
1195 680 1237 686 ——
1259 662 1321 695 Ed.
1340 663 1480 704 ‘Quellen
1494 674 1553 696 ,rur
1570 663 1753 697 Geso-hichie
1773 665 1830 697 der

181 709 277 744 stadt
290 709 408 743 law
416 708 480 750 IV,
502 712 545 743 20
567 721 617 744 nr.
634 711 676 743 19
697 721 736 744 ex
757 722 804 744 or.

288 804 356 838 Nos
377 802 495 838 Petrus
521 805 584 838 Dei
610 807 720 848 gracia
747 808 856 838 sancte
883 806 1071 849 Moguntine
1098 807 1184 840 sedis
1215 808 1475 851 archiepiscopus
1504 810 1585 842 sacri
1614 810 1740 852 imperii
1771 821 1829 853 per

182 855 390 890 Germaniam
418 857 733 898 archicancellarius,
756 858 963 891 Baldewinus
985 859 1048 891 Dei
1075 860 1180 902 gratia
1209 863 1319 892 sancte
1344 861 1542 892 Trevirensis
1565 861 1700 894 ecclesie
1724 862 1828 894 archi-

139 922 165 943 ιο
181 909 352 952 episcopus
373 909 456 941 sacri
477 910 605 952 imperii
627 920 686 952 per
708 909 848 943 Galliam
871 911 1171 943 archicancellarius
1193 922 1317 944 necnon
1333 912 1527 944 Wilhelmus
1541 913 1723 955 Hannonie,
1747 914 1827 946 Hol-

97 969 100 971 ’
137 996 140 1002 ,
181 960 304 1002 landie,
332 958 483 994 Selaudie
512 972 620 994 comes
647 965 681 994 et
709 961 855 994 dominus
883 962 1002 1004 Frisie,
1032 963 1197 995 Gerardus
1225 964 1429 1005 Iuliacensis‚
1458 964 1621 997 Arnoldus
1651 966 1828 1006 Lossensis,

181 1011 319 1045 Adolfus
348 1012 388 1045 de
411 1010 539 1054 Monte,
566 1012 726 1046 Iohannes
754 1013 794 1046 de
823 1014 1046 1057 Spaynheym,
1070 1015 1289 1047 Theodericus
1316 1015 1357 1047 de
1382 1015 1481 1048 Oleve
1504 1017 1638 1048 comites
1662 1020 1696 1048 et
1718 1017 1827 1049 Gode-

182 1063 283 1097 fridus
309 1064 455 1098 dominus
483 1064 524 1097 de
551 1065 758 1108 Heymsberg
785 1068 818 1098 et
845 1066 886 1098 de
914 1066 1145 1108 Blankenberg
1172 1070 1284 1099 notum
1314 1067 1449 1100 facimus
1478 1069 1631 1100 universis
1662 1072 1828 1111 presentes

179 1115 306 1149 litteras
331 1116 445 1149 visuris
472 1120 506 1149 et
534 1117 706 1159 audituris,
740 1117 827 1160 quod
857 1117 922 1150 fide
951 1119 1085 1160 prestita
1115 1118 1272 1161 corporali
1301 1120 1505 1162 promisimus
1531 1123 1565 1152 et
1594 1121 1828 1162 promittimus·

139 1180 164 1201 u
182 1168 303 1200 civibus
326 1168 569 1201 Coloniensibus
602 1169 825 1202 universaliter
859 1173 892 1202 et
925 1170 1130 1212 singulariter
1158 1174 1191 1202 et
1219 1182 1277 1202 uos
1307 1175 1340 1203 et
1368 1171 1505 1213 quilibet
1532 1175 1674 1204 nostrum
1705 1172 1827 1205 eisdem

182 1219 377 1262 obligamus,
401 1219 487 1263 quod
509 1220 596 1263 ipsos
620 1222 706 1254 cives
729 1224 840 1254 contra
864 1232 1082 1264 quoscumque
1106 1222 1252 1254 dominos
1274 1222 1325 1255 vel
1348 1223 1494 1255 homines
1516 1223 1752 1255 ecclesiasticos
1775 1225 1826 1256 vel

175 1271 359 1304 'mundanos
382 1282 440 1304 seu
462 1275 573 1304 contra
589 1283 824 1316 quemcumque
841 1273 1005 1306 dominum
1029 1274 1080 1306 vel
1103 1274 1266 1306 hominem
1283 1274 1535 1306 ecclesiasticum
1551 1275 1604 1306 vel
1620 1274 1825 1313 mundanum,

182 1323 408 1366 cuiuscumque
437 1323 602 1366 dignitatis
623 1325 676 1357 vel
708 1328 809 1358 status
832 1326 974 1358 existunt
996 1326 1048 1358 vel
1071 1327 1196 1366 existit,
1219 1327 1274 1368 qui
1297 1326 1399 1358 dictos
1422 1326 1508 1358 cives
1531 1327 1754 1359 universaliter
1775 1327 1827 1359 vel

182 1375 395 1418 singulariter,
421 1387 480 1418 pro
503 1387 542 1409 eo
565 1377 651 1419 quod
673 1378 734 1420 ipsi
758 1378 1062 1410 excellentissimum
1086 1378 1249 1410 dominum
1272 1382 1415 1410 nostrum
1438 1377 1602 1410 dominum
1619 1378 1825 1411 Lodewicum

139 1437 166 1459 ao
181 1425 244 1459 Dei
267 1428 372 1470 gratia
393 1427 612 1461 Romanorum
634 1439 746 1471 regem
769 1429 811 1461 ad
833 1431 997 1462 civitatem
1021 1430 1246 1464 coloniensem
1269 1431 1452 1463 venientem
1474 1431 1614 1462 letanter
1636 1436 1828 1473 receperunt

183 1481 216 1511 et
243 1478 433 1511 fidelitatem
463 1479 569 1512 eidem
599 1479 757 1522 feceruut,
781 1482 954 1524 impetunt,
978 1482 1165 1523 molestant,
1188 1486 1324 1525 gravant
1352 1482 1403 1514 vel
1433 1482 1635 1523 iniuriam-ur,
1659 1483 1825 1524 impetere,

180 1530 370 1570 molestare,
403 1541 538 1573 gravare
565 1530 617 1564 vel
650 1533 792 1565 injuriari
821 1534 965 1565 nituntur
995 1537 1049 1565 aut
1078 1535 1254 1574 voluerint,
1283 1535 1314 1565 in
1347 1534 1438 1565 bonis
1466 1544 1575 1566 eorum
1604 1534 1655 1565 vel
1683 1534 1826 1576 personis

181 1582 389 1624 spiritualiter
419 1583 470 1615 vel
499 1584 687 1616 seculariter
717 1583 944 1626 defendemus,
968 1586 1264 1626 manutenebimus,
1293 1586 1469 1618 astabimus
1492 1585 1615 1617 eisdem
1638 1586 1769 1617 consilio
1793 1591 1826 1617 et

181 1633 302 1666 auxilio
326 1634 500 1667 secundum
523 1634 694 1668 cuiuslibet
715 1647 810 1679 posse
834 1640 976 1669 nostrum
999 1639 1067 1670 sine
1099 1638 1173 1670 dolo
1203 1642 1236 1670 et
1267 1639 1482 1680 protractione
1507 1648 1565 1670 uec
1588 1637 1682 1669 alicui
1706 1637 1826 1670 homini

134 1690 165 1730 7θ’
183 1685 236 1717 vel
265 1685 394 1718 domino
422 1687 509 1730 ipsos
536 1688 623 1720 cives
653 1689 821 1721 occasione
854 1689 1001 1731 predicta
1029 1691 1201 1732 impetere,
1235 1700 1385 1732 gravare,
1415 1690 1587 1721 molestare
1610 1689 1729 1721 volenti
1752 1700 1827 1720 con-

183 1738 363 1770 senciemus
384 1749 442 1780 pro
456 1739 574 1771 ‘nostro
597 1750 703 1782 posse,
727 1741 994 1784 quandocumque
1019 1745 1052 1773 et
1067 1743 1357 1784 quocienscumque
1380 1741 1422 1774 ab
1446 1742 1522 1784 ipsis
1538 1741 1660 1773 civibus
1677 1741 1829 1773 fuerimus

183 1789 346 1832 requisiti,
373 1801 432 1823 uec
461 1790 547 1832 ipsos
575 1792 660 1824 cives
683 1791 892 1825 Colonienses
921 1793 1072 1826 deserere
1100 1804 1240 1836 unquam
1264 1793 1421 1825 debemus
1443 1794 1474 1825 in
1498 1793 1660 1835 premissis
1684 1803 1828 1835 quoquo·

182 1840 288 1874 modo.
376 1841 415 1874 In
441 1842 530 1874 cuius
556 1843 603 1875 rei
630 1844 848 1876 testimonium
872 1848 968 1887 atque
992 1845 1090 1877 fidem
1113 1845 1220 1888 sigilla
1241 1850 1350 1877 nostra
1373 1845 1575 1887 presentibus
1598 1845 1746 1876 duximus
1768 1855 1827 1886 ap-

182 1892 363 1935 pendenda.

139 1949 166 1970 ⁸⁰
288 1943 408 1977 Datum
440 1955 523 1978 anno
550 1945 682 1978 Domini
708 1946 878 1980 millesimo
906 1949 1131 1981 trecentesimo
1162 1948 1417 1991 quartodecimo,
1446 1948 1526 1980 feria
1554 1949 1653 1980 tercia
1681 1948 1828 1990 proxima

181 1999 255 2038 post
276 1995 392 2029 festum
414 1997 501 2030 beati
524 1998 654 2031 Andree
678 1998 825 2041 apostoli.

477 2147 558 2184 128.
598 2147 775 2194 Scriptum
801 2149 1046 2195 archiepiscopi
1078 2149 1299 2185 Trevirens-is.
1403 2148 1485 2185 Dec.
1505 2150 1538 2184 3.

293 2219 452 2261 originale
474 2221 547 2262 (or.)
570 2221 682 2254 ibidem
704 2232 753 2254 nr.
769 2223 843 2254 822.
884 2221 1082 2254 contulimus
1100 2232 1166 2255 nos.
1212 2221 1331 2254 Pendet
1351 2221 1490 2262 siyillum
1511 2221 1601 2254 valde
1623 2221 1741 2254 laesum
1763 2220 1828 2253 loro

181 2270 422 2305 membranaceo.
444 2291 487 2296 -—
509 2272 570 2304 Ed.
594 2272 771 2305 Lacomblet
794 2273 1072 2306 ‘Urkundenbuch’
1095 2273 1164 2312 III,
1188 2274 1249 2305 105
1272 2275 1401 2306 nr.141
1423 2284 1463 2305 ex
1485 2284 1530 2305 or.

140 2341 165 2363 ss
289 2330 411 2363 Eadem
432 2341 532 2364 manu
553 2333 706 2373 scm'paeum
728 2336 773 2366 est
794 2344 833 2366 ac
853 2345 903 2366 nr.
921 2335 992 2366 127.

288 2425 319 2457 N
322 2435 357 2457 os
379 2425 586 2459 Baldewinus
604 2427 667 2460 Dei
690 2429 799 2470 gracia
821 2433 930 2461 sancte
946 2429 1144 2461 Trevirensis
1168 2428 1303 2461 ecclesie
1320 2428 1580 2470 archiepiscopus
1603 2429 1684 2460 sacri
1699 2428 1825 2469 imperii

132 2511 136 2519 1
181 2486 240 2519 per
262 2475 402 2509 Galliam
425 2478 724 2511 archicancellarius
746 2484 855 2512 notum
881 2480 1014 2512 facimus
1038 2481 1192 2512 universis
1214 2483 1384 2522 presentes
1407 2479 1530 2511 litteras
1545 2480 1657 2511 visuris
1680 2484 1713 2511 et
1735 2479 1825 2511 audi-

181 2528 275 2570 turis,
309 2529 395 2571 quod
429 2529 491 2562 fide
522 2531 655 2572 prestita
685 2532 844 2574 corporali
873 2533 1094 2574 promisimus·
1129 2535 1162 2564 et
1190 2532 1404 2574 promittimus
1437 2531 1558 2563 civibus
1582 2530 1824 2563 Coloniensibus

182 2579 406 2622 universaliter
429 2585 462 2613 et
484 2581 689 2623 singulariter
712 2587 745 2615 et
767 2594 825 2615 nos
847 2584 878 2615 in
901 2583 1039 2615 solidum
1062 2583 1243 2625 obligamus
1259 2583 1390 2621 eisdem,
1409 2582 1495 2624 quod
1512 2583 1597 2624 ipsos
1614 2583 1699 2614 cives
1715 2589 1824 2613 contra

139 2637 167 2658 ⁴⁰
184 2641 401 2673 quoscumque
426 2631 572 2665 dominos
595 2634 646 2666 vel
669 2634 813 2667 homines
837 2635 1071 2667 ecclesiasticos
1094 2638 1149 2666 aut
1178 2634 1355 2666 mundanos
1378 2644 1434 2666 seu
1459 2638 1568 2665 contra
1592 2643 1824 2675 quemcumque

286 2725 350 2752 127.
379 2727 402 2759 ⁸)
421 2727 534 2760 nequitur
553 2746 559 2754 .
573 2747 579 2754 .
598 2738 649 2758 cir-..⁴
667 2729 772 2762 itemque
789 2730 898 2763 caepim.

287 2784 353 2813 128.
383 2786 406 2819 Ιῑ)
425 2787 537 2819 sequitur
556 2806 581 2813 ..
600 2796 650 2818 «κ’-,-
667 2788 772 2821 itemqu«
789 2789 898 2821 caepim.
