<?xml version="1.0" encoding="UTF-8"?>
<!DOCTYPE html PUBLIC "-//W3C//DTD XHTML 1.0 Transitional//EN"
    "http://www.w3.org/TR/xhtml1/DTD/xhtml1-transitional.dtd">
<html xmlns="http://www.w3.org/1999/xhtml" xml:lang="en" lang="en">
 <head>
  <title>
</title>
<meta http-equiv="Content-Type" content="text/html;charset=utf-8" />
  <meta name='ocr-system' content='tesseract 3.04.00' />
  <meta name='ocr-capabilities' content='ocr_page ocr_carea ocr_par ocr_line ocrx_word'/>
</head>
<body>
  <div class='ocr_page' id='page_1' title='image "./monumentagerma05geseuoft_0229.png"; bbox 0 0 2190 3172; ppageno 0'>
   <div class='ocr_carea' id='block_1_1' title="bbox 408 203 1814 239">
    <p class='ocr_par' dir='ltr' id='par_1_1' title="bbox 408 203 1814 239">
     <span class='ocr_line' id='line_1_1' title="bbox 408 203 1814 239; baseline 0 -6"><span class='ocrx_word' id='word_1_1' title='bbox 408 204 505 233; x_wconf 77' lang='lat' dir='ltr'>ACTA</span> <span class='ocrx_word' id='word_1_2' title='bbox 524 205 643 233; x_wconf 83' lang='lat' dir='ltr'><strong>BEGNI-</strong></span> <span class='ocrx_word' id='word_1_3' title='bbox 655 203 838 232; x_wconf 79' lang='lat' dir='ltr'>LUDEWICI</span> <span class='ocrx_word' id='word_1_4' title='bbox 856 204 904 232; x_wconf 84' lang='lat' dir='ltr'><strong>IV.</strong></span> <span class='ocrx_word' id='word_1_5' title='bbox 922 203 968 232; x_wconf 79' lang='lat' dir='ltr'><strong>m·</strong></span> <span class='ocrx_word' id='word_1_6' title='bbox 987 203 1170 232; x_wconf 80' lang='lat' dir='ltr'><strong>FRIDERICI</strong></span> <span class='ocrx_word' id='word_1_7' title='bbox 1190 204 1238 232; x_wconf 88' lang='lat'><em>111.</em></span> <span class='ocrx_word' id='word_1_8' title='bbox 1275 204 1350 232; x_wconf 82' lang='lat'>1815.</span> <span class='ocrx_word' id='word_1_9' title='bbox 1387 205 1435 232; x_wconf 86' lang='lat' dir='ltr'><strong>Nr.</strong></span> <span class='ocrx_word' id='word_1_10' title='bbox 1448 205 1506 232; x_wconf 86' lang='lat'>211.</span> <span class='ocrx_word' id='word_1_11' title='bbox 1525 205 1585 233; x_wconf 85' lang='lat'>212.</span> <span class='ocrx_word' id='word_1_12' title='bbox 1755 210 1814 239; x_wconf 64' lang='lat'><strong>1599</strong></span> 
     </span>
    </p>
   </div>
   <div class='ocr_carea' id='block_1_2' title="bbox 143 290 1814 644">
    <p class='ocr_par' dir='ltr' id='par_1_2' title="bbox 143 290 1814 644">
     <span class='ocr_line' id='line_1_2' title="bbox 172 290 1812 333; baseline 0 -9"><span class='ocrx_word' id='word_1_13' title='bbox 172 295 281 325; x_wconf 91' lang='lat' dir='ltr'><strong>nostro</strong></span> <span class='ocrx_word' id='word_1_14' title='bbox 304 291 490 324; x_wconf 73' lang='lat' dir='ltr'>sustinuerit</span> <span class='ocrx_word' id='word_1_15' title='bbox 511 291 657 331; x_wconf 89' lang='lat' dir='ltr'><strong>servicio,</strong></span> <span class='ocrx_word' id='word_1_16' title='bbox 680 290 868 323; x_wconf 87' lang='lat' dir='ltr'><strong>racionabili</strong></span> <span class='ocrx_word' id='word_1_17' title='bbox 891 291 1133 332; x_wconf 88' lang='lat' dir='ltr'><strong>computacione</strong></span> <span class='ocrx_word' id='word_1_18' title='bbox 1158 290 1307 323; x_wconf 88' lang='lat' dir='ltr'><strong>habenda</strong></span> <span class='ocrx_word' id='word_1_19' title='bbox 1331 291 1370 323; x_wconf 90' lang='lat' dir='ltr'><strong>de</strong></span> <span class='ocrx_word' id='word_1_20' title='bbox 1393 291 1466 333; x_wconf 91' lang='lat' dir='ltr'><strong>illis,</strong></span> <span class='ocrx_word' id='word_1_21' title='bbox 1483 292 1682 333; x_wconf 79' lang='lat' dir='ltr'><strong>integraliter</strong></span> <span class='ocrx_word' id='word_1_22' title='bbox 1702 304 1812 325; x_wconf 79' lang='lat' dir='ltr'><strong>consc-</strong></span> 
     </span>
     <span class='ocr_line' id='line_1_3' title="bbox 174 341 1814 388; baseline 0.001 -13"><span class='ocrx_word' id='word_1_23' title='bbox 174 346 300 386; x_wconf 84' lang='lat' dir='ltr'><strong>quatur.</strong></span> <span class='ocrx_word' id='word_1_24' title='bbox 358 341 538 375; x_wconf 86' lang='lat' dir='ltr'><strong>Adiicimus</strong></span> <span class='ocrx_word' id='word_1_25' title='bbox 568 342 680 383; x_wconf 88' lang='lat' dir='ltr'><strong>etiam,</strong></span> <span class='ocrx_word' id='word_1_26' title='bbox 715 341 802 384; x_wconf 88' lang='lat' dir='ltr'><strong>quod</strong></span> <span class='ocrx_word' id='word_1_27' title='bbox 834 341 1015 384; x_wconf 88' lang='lat' dir='ltr'><strong>predictum</strong></span> <span class='ocrx_word' id='word_1_28' title='bbox 1047 343 1197 375; x_wconf 87' lang='lat' dir='ltr'><strong>comitem</strong></span> <span class='ocrx_word' id='word_1_29' title='bbox 1232 342 1272 375; x_wconf 90' lang='lat' dir='ltr'><strong>de</strong></span> <span class='ocrx_word' id='word_1_30' title='bbox 1304 341 1532 386; x_wconf 87' lang='lat' dir='ltr'><strong>Bakeracen[si</strong></span> <span class='ocrx_word' id='word_1_31' title='bbox 1565 343 1719 388; x_wconf 88' lang='lat' dir='ltr'><strong>thelonio]</strong></span> <span class='ocrx_word' id='word_1_32' title='bbox 1752 356 1814 377; x_wconf 93' lang='lat' dir='ltr'><strong>non</strong></span> 
     </span>
     <span class='ocr_line' id='line_1_4' title="bbox 171 393 1814 437; baseline 0 -9"><span class='ocrx_word' id='word_1_33' title='bbox 171 394 407 428; x_wconf 78' lang='lat' dir='ltr'><strong>removebimus</strong></span> <span class='ocrx_word' id='word_1_34' title='bbox 431 393 540 436; x_wconf 88' lang='lat' dir='ltr'><strong>quoad</strong></span> <span class='ocrx_word' id='word_1_35' title='bbox 563 393 810 436; x_wconf 89' lang='lat' dir='ltr'><strong>percepcionem</strong></span> <span class='ocrx_word' id='word_1_36' title='bbox 833 403 889 426; x_wconf 89' lang='lat' dir='ltr'><strong>sue</strong></span> <span class='ocrx_word' id='word_1_37' title='bbox 913 394 1059 435; x_wconf 83' lang='lat' dir='ltr'>pecunie,</span> <span class='ocrx_word' id='word_1_38' title='bbox 1083 405 1180 436; x_wconf 88' lang='lat' dir='ltr'><strong>quam</strong></span> <span class='ocrx_word' id='word_1_39' title='bbox 1203 394 1258 426; x_wconf 84' lang='lat' dir='ltr'><strong>diu</strong></span> <span class='ocrx_word' id='word_1_40' title='bbox 1274 395 1378 437; x_wconf 86' lang='lat' dir='ltr'><strong>ipsum</strong></span> <span class='ocrx_word' id='word_1_41' title='bbox 1395 394 1571 427; x_wconf 85' lang='lat' dir='ltr'>thelonium</span> <span class='ocrx_word' id='word_1_42' title='bbox 1588 395 1814 428; x_wconf 86' lang='lat' dir='ltr'><strong>Bakaracense</strong></span> 
     </span>
     <span class='ocr_line' id='line_1_5' title="bbox 173 443 1813 490; baseline 0 -11"><span class='ocrx_word' id='word_1_43' title='bbox 173 449 258 479; x_wconf 87' lang='lat' dir='ltr'><strong>stare</strong></span> <span class='ocrx_word' id='word_1_44' title='bbox 282 443 485 490; x_wconf 82' lang='lat' dir='ltr'><strong>[contigeritJ.</strong></span> <span class='ocrx_word' id='word_1_45' title='bbox 552 444 590 476; x_wconf 95' lang='lat' dir='ltr'><strong>In</strong></span> <span class='ocrx_word' id='word_1_46' title='bbox 613 455 748 487; x_wconf 90' lang='lat' dir='ltr'><strong>quorum</strong></span> <span class='ocrx_word' id='word_1_47' title='bbox 772 445 998 487; x_wconf 87' lang='lat' dir='ltr'><strong>premissorum</strong></span> <span class='ocrx_word' id='word_1_48' title='bbox 1021 446 1162 477; x_wconf 91' lang='lat' dir='ltr'><strong>omnium</strong></span> <span class='ocrx_word' id='word_1_49' title='bbox 1186 446 1402 478; x_wconf 88' lang='lat' dir='ltr'><strong>testimonium</strong></span> <span class='ocrx_word' id='word_1_50' title='bbox 1426 446 1507 478; x_wconf 89' lang='lat' dir='ltr'><strong>hanc</strong></span> <span class='ocrx_word' id='word_1_51' title='bbox 1531 446 1671 479; x_wconf 80' lang='lat' dir='ltr'>litteram</span> <span class='ocrx_word' id='word_1_52' title='bbox 1696 447 1813 479; x_wconf 83' lang='lat' dir='ltr'>exinde</span> 
     </span>
     <span class='ocr_line' id='line_1_6' title="bbox 143 495 1257 540; baseline -0.002 -9"><span class='ocrx_word' id='word_1_53' title='bbox 143 512 155 533; x_wconf 75' lang='lat' dir='ltr'><strong>s</strong></span> <span class='ocrx_word' id='word_1_54' title='bbox 173 497 329 530; x_wconf 75' lang='lat' dir='ltr'><strong>conscribi</strong></span> <span class='ocrx_word' id='word_1_55' title='bbox 351 500 385 530; x_wconf 86' lang='lat' dir='ltr'><strong>et</strong></span> <span class='ocrx_word' id='word_1_56' title='bbox 406 497 585 530; x_wconf 85' lang='lat' dir='ltr'><strong>maiestatis</strong></span> <span class='ocrx_word' id='word_1_57' title='bbox 607 499 716 529; x_wconf 89' lang='lat' dir='ltr'><strong>nostre</strong></span> <span class='ocrx_word' id='word_1_58' title='bbox 739 496 844 539; x_wconf 84' lang='lat' dir='ltr'><strong>sigillo</strong></span> <span class='ocrx_word' id='word_1_59' title='bbox 867 495 1027 540; x_wconf 90' lang='lat' dir='ltr'><strong>[iussimus</strong></span> <span class='ocrx_word' id='word_1_60' title='bbox 1050 496 1257 540; x_wconf 83' lang='lat' dir='ltr'><strong>communiriJ.</strong></span> 
     </span>
     <span class='ocr_line' id='line_1_7' title="bbox 279 547 1814 591; baseline 0.001 -10"><span class='ocrx_word' id='word_1_61' title='bbox 279 549 398 581; x_wconf 82' lang='lat' dir='ltr'><strong>Actum</strong></span> <span class='ocrx_word' id='word_1_62' title='bbox 410 548 606 590; x_wconf 86' lang='lat' dir='ltr'><strong>Wormacie,</strong></span> <span class='ocrx_word' id='word_1_63' title='bbox 623 558 706 580; x_wconf 86' lang='lat' dir='ltr'><strong>anno</strong></span> <span class='ocrx_word' id='word_1_64' title='bbox 722 547 853 580; x_wconf 89' lang='lat' dir='ltr'><strong>Domini</strong></span> <span class='ocrx_word' id='word_1_65' title='bbox 868 547 1039 580; x_wconf 90' lang='lat' dir='ltr'><strong>millesimo</strong></span> <span class='ocrx_word' id='word_1_66' title='bbox 1056 549 1281 581; x_wconf 88' lang='lat' dir='ltr'><strong>trecentesimo</strong></span> <span class='ocrx_word' id='word_1_67' title='bbox 1298 549 1547 591; x_wconf 86' lang='lat' dir='ltr'><strong>quintodecimo,</strong></span> <span class='ocrx_word' id='word_1_68' title='bbox 1564 549 1640 582; x_wconf 86' lang='lat' dir='ltr'>XII.</span> <span class='ocrx_word' id='word_1_69' title='bbox 1650 550 1814 583; x_wconf 85' lang='lat' dir='ltr'><strong>Kalendas</strong></span> 
     </span>
     <span class='ocr_line' id='line_1_8' title="bbox 171 598 949 644; baseline -0.003 -10"><span class='ocrx_word' id='word_1_70' title='bbox 171 600 351 641; x_wconf 74' lang='lat' dir='ltr'><strong>Februarii,</strong></span> <span class='ocrx_word' id='word_1_71' title='bbox 374 598 476 644; x_wconf 78' lang='lat' dir='ltr'><strong>[regni</strong></span> <span class='ocrx_word' id='word_1_72' title='bbox 498 610 574 632; x_wconf 89' lang='lat' dir='ltr'><strong>vero</strong></span> <span class='ocrx_word' id='word_1_73' title='bbox 599 600 697 632; x_wconf 79' lang='lat' dir='ltr'><strong>nostri</strong></span> <span class='ocrx_word' id='word_1_74' title='bbox 719 598 814 643; x_wconf 90' lang='lat' dir='ltr'><strong>anno]</strong></span> <span class='ocrx_word' id='word_1_75' title='bbox 837 600 949 642; x_wconf 89' lang='lat' dir='ltr'><strong>primo.</strong></span> 
     </span>
    </p>
   </div>
   <div class='ocr_carea' id='block_1_3' title="bbox 475 799 1510 906">
    <p class='ocr_par' dir='ltr' id='par_1_3' title="bbox 475 799 1510 906">
     <span class='ocr_line' id='line_1_9' title="bbox 475 799 1510 839; baseline 0 -1"><span class='ocrx_word' id='word_1_76' title='bbox 475 801 549 839; x_wconf 86' lang='lat'>212.</span> <span class='ocrx_word' id='word_1_77' title='bbox 583 799 849 838; x_wconf 84' lang='lat' dir='ltr'>EXECUTIO</span> <span class='ocrx_word' id='word_1_78' title='bbox 874 799 1089 838; x_wconf 83' lang='lat' dir='ltr'>PRECUM</span> <span class='ocrx_word' id='word_1_79' title='bbox 1112 800 1510 839; x_wconf 85' lang='lat' dir='ltr'><strong>PRIMARIARUM.</strong></span> 
     </span>
     <span class='ocr_line' id='line_1_10' title="bbox 843 869 1151 906; baseline 0.006 -2"><span class='ocrx_word' id='word_1_80' title='bbox 843 869 951 905; x_wconf 88' lang='grc'><strong>1315.</strong></span> <span class='ocrx_word' id='word_1_81' title='bbox 993 869 1069 906; x_wconf 85' lang='lat' dir='ltr'><strong>Ian.</strong></span> <span class='ocrx_word' id='word_1_82' title='bbox 1091 869 1151 906; x_wconf 65' lang='lat'><strong>22.</strong></span> 
     </span>
    </p>
   </div>
   <div class='ocr_carea' id='block_1_4' title="bbox 129 968 1814 1114">
    <p class='ocr_par' dir='ltr' id='par_1_4' title="bbox 129 968 1814 1114">
     <span class='ocr_line' id='line_1_11' title="bbox 129 968 1813 1013; baseline 0.001 -9"><span class='ocrx_word' id='word_1_83' title='bbox 129 986 155 1007; x_wconf 78' lang='grc' dir='ltr'><strong>ιο</strong></span> <span class='ocrx_word' id='word_1_84' title='bbox 283 969 443 1013; x_wconf 75' lang='lat' dir='ltr'><strong>Oriyinale</strong></span> <span class='ocrx_word' id='word_1_85' title='bbox 471 970 544 1012; x_wconf 87' lang='lat' dir='ltr'><strong>(or.)</strong></span> <span class='ocrx_word' id='word_1_86' title='bbox 578 970 614 1002; x_wconf 79' lang='lat' dir='ltr'><strong>in</strong></span> <span class='ocrx_word' id='word_1_87' title='bbox 647 968 807 1002; x_wconf 78' lang='lat' dir='ltr'><strong>tabulario</strong></span> <span class='ocrx_word' id='word_1_88' title='bbox 841 968 1214 1010; x_wconf 75' lang='lat' dir='ltr'><strong>Moenofrancofurlano.</strong></span> <span class='ocrx_word' id='word_1_89' title='bbox 1274 970 1393 1002; x_wconf 77' lang='lat' dir='ltr'><strong>Pendet</strong></span> <span class='ocrx_word' id='word_1_90' title='bbox 1424 971 1562 1012; x_wconf 75' lang='lat' dir='ltr'><strong>siyillum</strong></span> <span class='ocrx_word' id='word_1_91' title='bbox 1596 971 1715 1004; x_wconf 70' lang='lat' dir='ltr'><strong>laesam</strong></span> <span class='ocrx_word' id='word_1_92' title='bbox 1748 972 1813 1005; x_wconf 78' lang='lat' dir='ltr'><strong>loro</strong></span> 
     </span>
     <span class='ocr_line' id='line_1_12' title="bbox 170 1019 1814 1064; baseline 0 -8"><span class='ocrx_word' id='word_1_93' title='bbox 170 1019 413 1056; x_wconf 52' lang='lat' dir='ltr'><strong>menbranae-eo.</strong></span> <span class='ocrx_word' id='word_1_94' title='bbox 440 1041 482 1047; x_wconf 97' lang='lat'>—</span> <span class='ocrx_word' id='word_1_95' title='bbox 510 1021 572 1054; x_wconf 79' lang='lat' dir='ltr'><strong>Ed.</strong></span> <span class='ocrx_word' id='word_1_96' title='bbox 595 1021 735 1054; x_wconf 65' lang='lat' dir='ltr'><strong>Bahmer</strong></span> <span class='ocrx_word' id='word_1_97' title='bbox 757 1021 874 1054; x_wconf 69' lang='lat' dir='ltr'><strong>‘Codex</strong></span> <span class='ocrx_word' id='word_1_98' title='bbox 896 1021 1116 1062; x_wconf 80' lang='lat' dir='ltr'><strong>diplomaticus</strong></span> <span class='ocrx_word' id='word_1_99' title='bbox 1138 1021 1533 1063; x_wconf 78' lang='lat' dir='ltr'><strong>Moenosrancofurtanus’</strong></span> <span class='ocrx_word' id='word_1_100' title='bbox 1550 1034 1586 1064; x_wconf 81' lang='lat' dir='ltr'><strong>p.</strong></span> <span class='ocrx_word' id='word_1_101' title='bbox 1601 1024 1666 1055; x_wconf 75' lang='lat'><strong>411</strong></span> <span class='ocrx_word' id='word_1_102' title='bbox 1688 1035 1728 1056; x_wconf 73' lang='lat' dir='ltr'><strong>ex</strong></span> <span class='ocrx_word' id='word_1_103' title='bbox 1749 1035 1814 1063; x_wconf 87' lang='lat' dir='ltr'><strong>or.;</strong></span> 
     </span>
     <span class='ocr_line' id='line_1_13' title="bbox 170 1073 1356 1114; baseline -0.001 -7"><span class='ocrx_word' id='word_1_104' title='bbox 170 1073 394 1107; x_wconf 60' lang='lat' dir='ltr'><strong>Bdhmer-Lau</strong></span> <span class='ocrx_word' id='word_1_105' title='bbox 416 1074 465 1113; x_wconf 87' lang='lat' dir='ltr'><strong>II,</strong></span> <span class='ocrx_word' id='word_1_106' title='bbox 491 1075 512 1106; x_wconf 84' lang='lat'><em>7</em></span> <span class='ocrx_word' id='word_1_107' title='bbox 532 1084 582 1106; x_wconf 76' lang='lat' dir='ltr'><strong>nr.</strong></span> <span class='ocrx_word' id='word_1_108' title='bbox 600 1073 619 1104; x_wconf 90' lang='lat'><em>9</em></span> <span class='ocrx_word' id='word_1_109' title='bbox 642 1084 680 1106; x_wconf 75' lang='lat' dir='ltr'><strong>ecc</strong></span> <span class='ocrx_word' id='word_1_110' title='bbox 703 1083 748 1106; x_wconf 89' lang='lat' dir='ltr'><strong>or.</strong></span> <span class='ocrx_word' id='word_1_111' title='bbox 795 1073 864 1106; x_wconf 82' lang='lat' dir='ltr'><strong>Nos</strong></span> <span class='ocrx_word' id='word_1_112' title='bbox 887 1073 970 1105; x_wconf 81' lang='lat' dir='ltr'><strong>hanc</strong></span> <span class='ocrx_word' id='word_1_113' title='bbox 991 1073 1158 1106; x_wconf 74' lang='lat' dir='ltr'><strong>editionem</strong></span> <span class='ocrx_word' id='word_1_114' title='bbox 1178 1074 1356 1114; x_wconf 77' lang='lat' dir='ltr'><strong>repetimus.</strong></span> 
     </span>
    </p>
   </div>
   <div class='ocr_carea' id='block_1_5' title="bbox 120 1158 1815 2703">
    <p class='ocr_par' dir='ltr' id='par_1_5' title="bbox 120 1158 1815 2703">
     <span class='ocr_line' id='line_1_14' title="bbox 275 1158 1815 1203; baseline 0.001 -11"><span class='ocrx_word' id='word_1_115' title='bbox 275 1160 445 1203; x_wconf 79' lang='lat' dir='ltr'><strong>Philippus</strong></span> <span class='ocrx_word' id='word_1_116' title='bbox 474 1160 632 1201; x_wconf 88' lang='lat' dir='ltr'><strong>decanus,</strong></span> <span class='ocrx_word' id='word_1_117' title='bbox 661 1158 876 1201; x_wconf 86' lang='lat' dir='ltr'><strong>Reynhardus</strong></span> <span class='ocrx_word' id='word_1_118' title='bbox 905 1163 1030 1201; x_wconf 84' lang='lat' dir='ltr'><strong>cantor,</strong></span> <span class='ocrx_word' id='word_1_119' title='bbox 1061 1159 1178 1192; x_wconf 88' lang='lat' dir='ltr'><strong>Petrus</strong></span> <span class='ocrx_word' id='word_1_120' title='bbox 1210 1163 1332 1199; x_wconf 84' lang='lat' dir='ltr'><strong>custos,</strong></span> <span class='ocrx_word' id='word_1_121' title='bbox 1356 1159 1538 1193; x_wconf 84' lang='lat' dir='ltr'><strong>Fridericus</strong></span> <span class='ocrx_word' id='word_1_122' title='bbox 1567 1161 1607 1193; x_wconf 90' lang='lat' dir='ltr'><strong>de</strong></span> <span class='ocrx_word' id='word_1_123' title='bbox 1631 1161 1758 1194; x_wconf 87' lang='lat' dir='ltr'><strong>Carben</strong></span> <span class='ocrx_word' id='word_1_124' title='bbox 1781 1165 1815 1194; x_wconf 87' lang='lat' dir='ltr'><strong>et</strong></span> 
     </span>
     <span class='ocr_line' id='line_1_15' title="bbox 169 1211 1814 1255; baseline 0.001 -10"><span class='ocrx_word' id='word_1_125' title='bbox 169 1213 325 1255; x_wconf 76' lang='lat' dir='ltr'><strong>magister</strong></span> <span class='ocrx_word' id='word_1_126' title='bbox 354 1211 560 1244; x_wconf 85' lang='lat' dir='ltr'><strong>Hermannus</strong></span> <span class='ocrx_word' id='word_1_127' title='bbox 587 1212 734 1244; x_wconf 91' lang='lat' dir='ltr'><strong>canonici</strong></span> <span class='ocrx_word' id='word_1_128' title='bbox 763 1211 899 1243; x_wconf 91' lang='lat' dir='ltr'><strong>ecclesie</strong></span> <span class='ocrx_word' id='word_1_129' title='bbox 926 1211 1245 1243; x_wconf 85' lang='lat' dir='ltr'><strong>Frankenvordensis</strong></span> <span class='ocrx_word' id='word_1_130' title='bbox 1275 1213 1534 1254; x_wconf 75' lang='lat' dir='ltr'><strong>recognoscimus</strong></span> <span class='ocrx_word' id='word_1_131' title='bbox 1557 1217 1590 1244; x_wconf 89' lang='lat' dir='ltr'><strong>et</strong></span> <span class='ocrx_word' id='word_1_132' title='bbox 1611 1213 1814 1255; x_wconf 86' lang='lat' dir='ltr'><strong>presentibus</strong></span> 
     </span>
     <span class='ocr_line' id='line_1_16' title="bbox 131 1262 1812 1307; baseline -0.001 -9"><span class='ocrx_word' id='word_1_133' title='bbox 131 1278 155 1299; x_wconf 73' lang='lat' dir='ltr'><strong>is</strong></span> <span class='ocrx_word' id='word_1_134' title='bbox 173 1264 302 1307; x_wconf 87' lang='lat' dir='ltr'><strong>publice</strong></span> <span class='ocrx_word' id='word_1_135' title='bbox 324 1263 523 1306; x_wconf 88' lang='lat' dir='ltr'><strong>profitemur,</strong></span> <span class='ocrx_word' id='word_1_136' title='bbox 547 1263 633 1306; x_wconf 90' lang='lat' dir='ltr'><strong>quod</strong></span> <span class='ocrx_word' id='word_1_137' title='bbox 657 1273 729 1295; x_wconf 92' lang='lat' dir='ltr'><strong>cum</strong></span> <span class='ocrx_word' id='word_1_138' title='bbox 752 1262 947 1295; x_wconf 89' lang='lat' dir='ltr'><strong>reverendus</strong></span> <span class='ocrx_word' id='word_1_139' title='bbox 970 1267 1064 1305; x_wconf 88' lang='lat' dir='ltr'><strong>pater</strong></span> <span class='ocrx_word' id='word_1_140' title='bbox 1087 1263 1234 1295; x_wconf 86' lang='lat' dir='ltr'><strong>dominus</strong></span> <span class='ocrx_word' id='word_1_141' title='bbox 1256 1267 1365 1295; x_wconf 88' lang='lat' dir='ltr'><strong>noster</strong></span> <span class='ocrx_word' id='word_1_142' title='bbox 1388 1264 1534 1296; x_wconf 87' lang='lat' dir='ltr'><strong>dominus</strong></span> <span class='ocrx_word' id='word_1_143' title='bbox 1549 1264 1692 1306; x_wconf 89' lang='lat' dir='ltr'><strong>P(etrus)</strong></span> <span class='ocrx_word' id='word_1_144' title='bbox 1708 1265 1812 1297; x_wconf 89' lang='lat' dir='ltr'><strong>archi·</strong></span> 
     </span>
     <span class='ocr_line' id='line_1_17' title="bbox 170 1314 1813 1358; baseline 0 -9"><span class='ocrx_word' id='word_1_145' title='bbox 170 1317 340 1358; x_wconf 86' lang='lat' dir='ltr'><strong>episcopus</strong></span> <span class='ocrx_word' id='word_1_146' title='bbox 373 1315 582 1357; x_wconf 81' lang='lat' dir='ltr'><strong>Moguntinus</strong></span> <span class='ocrx_word' id='word_1_147' title='bbox 615 1325 688 1347; x_wconf 89' lang='lat' dir='ltr'><strong>suas</strong></span> <span class='ocrx_word' id='word_1_148' title='bbox 722 1315 846 1347; x_wconf 78' lang='lat' dir='ltr'><strong>litteras</strong></span> <span class='ocrx_word' id='word_1_149' title='bbox 878 1314 970 1347; x_wconf 90' lang='lat' dir='ltr'><strong>nobis</strong></span> <span class='ocrx_word' id='word_1_150' title='bbox 1003 1318 1036 1346; x_wconf 89' lang='lat' dir='ltr'><strong>et</strong></span> <span class='ocrx_word' id='word_1_151' title='bbox 1070 1316 1129 1346; x_wconf 89' lang='lat' dir='ltr'><strong>toti</strong></span> <span class='ocrx_word' id='word_1_152' title='bbox 1163 1315 1304 1357; x_wconf 80' lang='lat' dir='ltr'><strong>capitulo</strong></span> <span class='ocrx_word' id='word_1_153' title='bbox 1342 1315 1498 1348; x_wconf 85' lang='lat' dir='ltr'><strong>direxerit</strong></span> <span class='ocrx_word' id='word_1_154' title='bbox 1530 1326 1627 1358; x_wconf 91' lang='lat' dir='ltr'><strong>super</strong></span> <span class='ocrx_word' id='word_1_155' title='bbox 1656 1317 1813 1358; x_wconf 86' lang='lat' dir='ltr'><strong>primariis</strong></span> 
     </span>
     <span class='ocr_line' id='line_1_18' title="bbox 170 1366 1811 1410; baseline 0.001 -11"><span class='ocrx_word' id='word_1_156' title='bbox 170 1367 320 1410; x_wconf 84' lang='lat' dir='ltr'><strong>precibus</strong></span> <span class='ocrx_word' id='word_1_157' title='bbox 343 1367 537 1400; x_wconf 85' lang='lat' dir='ltr'><strong>serenissimi</strong></span> <span class='ocrx_word' id='word_1_158' title='bbox 561 1366 681 1399; x_wconf 84' lang='lat' dir='ltr'><strong>domini</strong></span> <span class='ocrx_word' id='word_1_159' title='bbox 698 1366 817 1398; x_wconf 89' lang='lat' dir='ltr'><strong>domini</strong></span> <span class='ocrx_word' id='word_1_160' title='bbox 834 1366 999 1399; x_wconf 83' lang='lat' dir='ltr'><strong>Ludewici</strong></span> <span class='ocrx_word' id='word_1_161' title='bbox 1018 1366 1238 1399; x_wconf 86' lang='lat' dir='ltr'><strong>Romanorum</strong></span> <span class='ocrx_word' id='word_1_162' title='bbox 1261 1368 1356 1409; x_wconf 83' lang='lat' dir='ltr'><strong>regis,</strong></span> <span class='ocrx_word' id='word_1_163' title='bbox 1380 1368 1434 1409; x_wconf 92' lang='lat' dir='ltr'><strong>qui</strong></span> <span class='ocrx_word' id='word_1_164' title='bbox 1456 1367 1604 1399; x_wconf 90' lang='lat' dir='ltr'><strong>dominus</strong></span> <span class='ocrx_word' id='word_1_165' title='bbox 1626 1379 1684 1400; x_wconf 87' lang='lat' dir='ltr'><strong>rex</strong></span> <span class='ocrx_word' id='word_1_166' title='bbox 1706 1369 1811 1410; x_wconf 85' lang='lat' dir='ltr'><strong>quoad</strong></span> 
     </span>
     <span class='ocr_line' id='line_1_19' title="bbox 169 1418 1812 1462; baseline 0 -11"><span class='ocrx_word' id='word_1_167' title='bbox 169 1419 337 1462; x_wconf 84' lang='lat' dir='ltr'><strong>primarias</strong></span> <span class='ocrx_word' id='word_1_168' title='bbox 360 1429 473 1461; x_wconf 86' lang='lat' dir='ltr'><strong>preces</strong></span> <span class='ocrx_word' id='word_1_169' title='bbox 496 1420 527 1451; x_wconf 91' lang='lat' dir='ltr'><strong>in</strong></span> <span class='ocrx_word' id='word_1_170' title='bbox 551 1418 684 1461; x_wconf 85' lang='lat' dir='ltr'><strong>singulis</strong></span> <span class='ocrx_word' id='word_1_171' title='bbox 707 1418 850 1450; x_wconf 90' lang='lat' dir='ltr'><strong>ecclesiis</strong></span> <span class='ocrx_word' id='word_1_172' title='bbox 874 1422 907 1450; x_wconf 90' lang='lat' dir='ltr'><strong>et</strong></span> <span class='ocrx_word' id='word_1_173' title='bbox 929 1419 1131 1451; x_wconf 87' lang='lat' dir='ltr'><strong>monasteriis</strong></span> <span class='ocrx_word' id='word_1_174' title='bbox 1153 1419 1290 1451; x_wconf 84' lang='lat' dir='ltr'><strong>civitatis</strong></span> <span class='ocrx_word' id='word_1_175' title='bbox 1314 1423 1347 1450; x_wconf 88' lang='lat' dir='ltr'><strong>et</strong></span> <span class='ocrx_word' id='word_1_176' title='bbox 1370 1419 1516 1461; x_wconf 85' lang='lat' dir='ltr'><strong>dyocesis</strong></span> <span class='ocrx_word' id='word_1_177' title='bbox 1531 1420 1718 1462; x_wconf 85' lang='lat' dir='ltr'><strong>Moguntine</strong></span> <span class='ocrx_word' id='word_1_178' title='bbox 1739 1431 1812 1462; x_wconf 89' lang='lat' dir='ltr'><strong>por-</strong></span> 
     </span>
     <span class='ocr_line' id='line_1_20' title="bbox 169 1470 1812 1514; baseline 0 -11"><span class='ocrx_word' id='word_1_179' title='bbox 169 1470 296 1513; x_wconf 82' lang='lat' dir='ltr'><strong>rigendi</strong></span> <span class='ocrx_word' id='word_1_180' title='bbox 311 1481 385 1503; x_wconf 86' lang='lat' dir='ltr'><strong>suas</strong></span> <span class='ocrx_word' id='word_1_181' title='bbox 399 1471 486 1503; x_wconf 87' lang='lat' dir='ltr'><strong>vices</strong></span> <span class='ocrx_word' id='word_1_182' title='bbox 502 1471 716 1511; x_wconf 79' lang='lat' dir='ltr'><strong>commiserat,</strong></span> <span class='ocrx_word' id='word_1_183' title='bbox 727 1481 824 1512; x_wconf 88' lang='lat' dir='ltr'><strong>super</strong></span> <span class='ocrx_word' id='word_1_184' title='bbox 839 1471 1028 1502; x_wconf 78' lang='lat' dir='ltr'><strong>canonicatu</strong></span> <span class='ocrx_word' id='word_1_185' title='bbox 1044 1474 1077 1502; x_wconf 91' lang='lat' dir='ltr'><strong>et</strong></span> <span class='ocrx_word' id='word_1_186' title='bbox 1088 1470 1254 1512; x_wconf 89' lang='lat' dir='ltr'><strong>prebenda</strong></span> <span class='ocrx_word' id='word_1_187' title='bbox 1270 1471 1301 1502; x_wconf 90' lang='lat' dir='ltr'><strong>in</strong></span> <span class='ocrx_word' id='word_1_188' title='bbox 1318 1471 1456 1502; x_wconf 89' lang='lat' dir='ltr'><strong>ecclesia</strong></span> <span class='ocrx_word' id='word_1_189' title='bbox 1471 1475 1579 1503; x_wconf 89' lang='lat' dir='ltr'><strong>nostra</strong></span> <span class='ocrx_word' id='word_1_190' title='bbox 1595 1471 1739 1513; x_wconf 84' lang='lat' dir='ltr'><strong>predicta</strong></span> <span class='ocrx_word' id='word_1_191' title='bbox 1755 1483 1812 1514; x_wconf 90' lang='lat' dir='ltr'><strong>pro</strong></span> 
     </span>
     <span class='ocr_line' id='line_1_21' title="bbox 127 1521 1812 1565; baseline -0.001 -9"><span class='ocrx_word' id='word_1_192' title='bbox 127 1535 153 1557; x_wconf 74' lang='lat' dir='ltr'><strong>so</strong></span> <span class='ocrx_word' id='word_1_193' title='bbox 169 1521 376 1565; x_wconf 78' lang='lat' dir='ltr'><strong>Heylmanno</strong></span> <span class='ocrx_word' id='word_1_194' title='bbox 399 1522 516 1554; x_wconf 87' lang='lat' dir='ltr'><strong>clerico</strong></span> <span class='ocrx_word' id='word_1_195' title='bbox 539 1526 615 1554; x_wconf 88' lang='lat' dir='ltr'><strong>nato</strong></span> <span class='ocrx_word' id='word_1_196' title='bbox 631 1521 827 1564; x_wconf 85' lang='lat' dir='ltr'><strong>Heylmanni</strong></span> <span class='ocrx_word' id='word_1_197' title='bbox 851 1521 928 1553; x_wconf 86' lang='lat' dir='ltr'><strong>dicti</strong></span> <span class='ocrx_word' id='word_1_198' title='bbox 951 1521 1052 1563; x_wconf 85' lang='lat' dir='ltr'><strong>Froys</strong></span> <span class='ocrx_word' id='word_1_199' title='bbox 1075 1522 1152 1553; x_wconf 88' lang='lat' dir='ltr'><strong>civis</strong></span> <span class='ocrx_word' id='word_1_200' title='bbox 1167 1521 1494 1562; x_wconf 84' lang='lat' dir='ltr'><strong>Frankenvordensis‚</strong></span> <span class='ocrx_word' id='word_1_201' title='bbox 1511 1524 1536 1554; x_wconf 92' lang='lat' dir='ltr'><strong>si</strong></span> <span class='ocrx_word' id='word_1_202' title='bbox 1553 1523 1606 1565; x_wconf 92' lang='lat' dir='ltr'><strong>qui</strong></span> <span class='ocrx_word' id='word_1_203' title='bbox 1628 1523 1658 1554; x_wconf 95' lang='lat' dir='ltr'><strong>in</strong></span> <span class='ocrx_word' id='word_1_204' title='bbox 1676 1523 1812 1554; x_wconf 89' lang='lat' dir='ltr'><strong>ecclesia</strong></span> 
     </span>
     <span class='ocr_line' id='line_1_22' title="bbox 170 1573 1812 1616; baseline -0.001 -10"><span class='ocrx_word' id='word_1_205' title='bbox 170 1577 280 1606; x_wconf 89' lang='lat' dir='ltr'><strong>nostra</strong></span> <span class='ocrx_word' id='word_1_206' title='bbox 308 1577 461 1607; x_wconf 86' lang='lat' dir='ltr'><strong>vacarent</strong></span> <span class='ocrx_word' id='word_1_207' title='bbox 483 1574 535 1606; x_wconf 92' lang='lat' dir='ltr'><strong>vel</strong></span> <span class='ocrx_word' id='word_1_208' title='bbox 564 1584 660 1616; x_wconf 89' lang='lat' dir='ltr'><strong>quam</strong></span> <span class='ocrx_word' id='word_1_209' title='bbox 684 1574 820 1615; x_wconf 90' lang='lat' dir='ltr'><strong>primum</strong></span> <span class='ocrx_word' id='word_1_210' title='bbox 852 1573 893 1604; x_wconf 85' lang='lat' dir='ltr'><strong>ad</strong></span> <span class='ocrx_word' id='word_1_211' title='bbox 916 1573 949 1604; x_wconf 89' lang='lat' dir='ltr'><strong>id</strong></span> <span class='ocrx_word' id='word_1_212' title='bbox 973 1573 1104 1605; x_wconf 84' lang='lat' dir='ltr'><strong>offerret</strong></span> <span class='ocrx_word' id='word_1_213' title='bbox 1127 1584 1161 1605; x_wconf 90' lang='lat' dir='ltr'><strong>se</strong></span> <span class='ocrx_word' id='word_1_214' title='bbox 1185 1573 1334 1614; x_wconf 82' lang='lat' dir='ltr'><strong>facultas,</strong></span> <span class='ocrx_word' id='word_1_215' title='bbox 1358 1584 1394 1606; x_wconf 92' lang='lat' dir='ltr'><strong>ac</strong></span> <span class='ocrx_word' id='word_1_216' title='bbox 1418 1574 1536 1616; x_wconf 88' lang='lat' dir='ltr'><strong>pluries</strong></span> <span class='ocrx_word' id='word_1_217' title='bbox 1558 1575 1681 1606; x_wconf 79' lang='lat' dir='ltr'><strong>iteratis</strong></span> <span class='ocrx_word' id='word_1_218' title='bbox 1704 1574 1812 1606; x_wconf 88' lang='lat' dir='ltr'><strong>huius-</strong></span> 
     </span>
     <span class='ocr_line' id='line_1_23' title="bbox 169 1624 1811 1668; baseline -0.001 -9"><span class='ocrx_word' id='word_1_219' title='bbox 169 1625 259 1658; x_wconf 82' lang='lat' dir='ltr'><strong>modi</strong></span> <span class='ocrx_word' id='word_1_220' title='bbox 280 1625 429 1668; x_wconf 83' lang='lat' dir='ltr'><strong>precibus</strong></span> <span class='ocrx_word' id='word_1_221' title='bbox 453 1629 486 1658; x_wconf 92' lang='lat' dir='ltr'><strong>et</strong></span> <span class='ocrx_word' id='word_1_222' title='bbox 508 1625 637 1665; x_wconf 85' lang='lat' dir='ltr'><strong>litteris,</strong></span> <span class='ocrx_word' id='word_1_223' title='bbox 661 1635 719 1657; x_wconf 93' lang='lat' dir='ltr'><strong>nos</strong></span> <span class='ocrx_word' id='word_1_224' title='bbox 743 1649 775 1657; x_wconf 87' lang='lat'><strong>..</strong></span> <span class='ocrx_word' id='word_1_225' title='bbox 800 1624 941 1657; x_wconf 90' lang='lat' dir='ltr'><strong>decanus</strong></span> <span class='ocrx_word' id='word_1_226' title='bbox 969 1628 1002 1657; x_wconf 89' lang='lat' dir='ltr'><strong>et</strong></span> <span class='ocrx_word' id='word_1_227' title='bbox 1030 1625 1174 1657; x_wconf 90' lang='lat' dir='ltr'><strong>canonici</strong></span> <span class='ocrx_word' id='word_1_228' title='bbox 1201 1625 1336 1667; x_wconf 87' lang='lat' dir='ltr'><strong>predicti</strong></span> <span class='ocrx_word' id='word_1_229' title='bbox 1366 1636 1489 1658; x_wconf 90' lang='lat' dir='ltr'><strong>necnon</strong></span> <span class='ocrx_word' id='word_1_230' title='bbox 1512 1626 1565 1658; x_wconf 89' lang='lat' dir='ltr'><strong>alii</strong></span> <span class='ocrx_word' id='word_1_231' title='bbox 1596 1625 1637 1658; x_wconf 90' lang='lat' dir='ltr'><strong>de</strong></span> <span class='ocrx_word' id='word_1_232' title='bbox 1661 1626 1811 1668; x_wconf 89' lang='lat' dir='ltr'><strong>capitulo,</strong></span> 
     </span>
     <span class='ocr_line' id='line_1_24' title="bbox 172 1677 1815 1720; baseline -0.001 -9"><span class='ocrx_word' id='word_1_233' title='bbox 172 1688 283 1711; x_wconf 87' lang='lat' dir='ltr'><strong>omnes</strong></span> <span class='ocrx_word' id='word_1_234' title='bbox 305 1679 406 1711; x_wconf 90' lang='lat' dir='ltr'><strong>nostri</strong></span> <span class='ocrx_word' id='word_1_235' title='bbox 428 1678 648 1717; x_wconf 83' lang='lat' dir='ltr'><strong>concanonici,</strong></span> <span class='ocrx_word' id='word_1_236' title='bbox 671 1677 812 1710; x_wconf 90' lang='lat' dir='ltr'><strong>nondum</strong></span> <span class='ocrx_word' id='word_1_237' title='bbox 835 1677 995 1720; x_wconf 82' lang='lat' dir='ltr'><strong>aliquibus</strong></span> <span class='ocrx_word' id='word_1_238' title='bbox 1018 1678 1207 1709; x_wconf 82' lang='lat' dir='ltr'><strong>canonicatu</strong></span> <span class='ocrx_word' id='word_1_239' title='bbox 1236 1681 1268 1709; x_wconf 91' lang='lat' dir='ltr'><strong>et</strong></span> <span class='ocrx_word' id='word_1_240' title='bbox 1295 1677 1459 1719; x_wconf 87' lang='lat' dir='ltr'><strong>prebenda</strong></span> <span class='ocrx_word' id='word_1_241' title='bbox 1486 1678 1517 1709; x_wconf 93' lang='lat' dir='ltr'><strong>in</strong></span> <span class='ocrx_word' id='word_1_242' title='bbox 1545 1677 1681 1709; x_wconf 88' lang='lat' dir='ltr'><strong>ecclesia</strong></span> <span class='ocrx_word' id='word_1_243' title='bbox 1707 1682 1815 1710; x_wconf 85' lang='lat' dir='ltr'><strong>nostra</strong></span> 
     </span>
     <span class='ocr_line' id='line_1_25' title="bbox 173 1728 1814 1772; baseline -0.001 -9"><span class='ocrx_word' id='word_1_244' title='bbox 173 1730 375 1772; x_wconf 80' lang='lat' dir='ltr'><strong>vacantibus,</strong></span> <span class='ocrx_word' id='word_1_245' title='bbox 405 1730 437 1762; x_wconf 89' lang='lat' dir='ltr'><strong>in</strong></span> <span class='ocrx_word' id='word_1_246' title='bbox 463 1733 571 1762; x_wconf 88' lang='lat' dir='ltr'><strong>nostro</strong></span> <span class='ocrx_word' id='word_1_247' title='bbox 601 1729 742 1771; x_wconf 89' lang='lat' dir='ltr'><strong>capitulo</strong></span> <span class='ocrx_word' id='word_1_248' title='bbox 765 1739 889 1761; x_wconf 87' lang='lat' dir='ltr'><strong>necnon</strong></span> <span class='ocrx_word' id='word_1_249' title='bbox 913 1739 1020 1761; x_wconf 88' lang='lat' dir='ltr'><strong>coram</strong></span> <span class='ocrx_word' id='word_1_250' title='bbox 1049 1729 1120 1761; x_wconf 90' lang='lat' dir='ltr'><strong>aliis</strong></span> <span class='ocrx_word' id='word_1_251' title='bbox 1142 1728 1251 1771; x_wconf 83' lang='lat' dir='ltr'><strong>probis</strong></span> <span class='ocrx_word' id='word_1_252' title='bbox 1274 1733 1307 1761; x_wconf 89' lang='lat' dir='ltr'><strong>et</strong></span> <span class='ocrx_word' id='word_1_253' title='bbox 1329 1729 1470 1761; x_wconf 88' lang='lat' dir='ltr'><strong>honestis</strong></span> <span class='ocrx_word' id='word_1_254' title='bbox 1494 1729 1622 1771; x_wconf 88' lang='lat' dir='ltr'><strong>publice</strong></span> <span class='ocrx_word' id='word_1_255' title='bbox 1646 1731 1814 1771; x_wconf 78' lang='lat' dir='ltr'><strong>protestati</strong></span> 
     </span>
     <span class='ocr_line' id='line_1_26' title="bbox 126 1780 1813 1823; baseline -0.001 -9"><span class='ocrx_word' id='word_1_256' title='bbox 126 1792 152 1814; x_wconf 75' lang='lat' dir='ltr'><strong>as</strong></span> <span class='ocrx_word' id='word_1_257' title='bbox 170 1780 324 1813; x_wconf 82' lang='lat' dir='ltr'><strong>fuerimus</strong></span> <span class='ocrx_word' id='word_1_258' title='bbox 348 1784 381 1814; x_wconf 87' lang='lat' dir='ltr'><strong>et</strong></span> <span class='ocrx_word' id='word_1_259' title='bbox 403 1781 551 1822; x_wconf 85' lang='lat' dir='ltr'><strong>confessi,</strong></span> <span class='ocrx_word' id='word_1_260' title='bbox 576 1781 663 1823; x_wconf 88' lang='lat' dir='ltr'><strong>quod</strong></span> <span class='ocrx_word' id='word_1_261' title='bbox 685 1780 834 1822; x_wconf 87' lang='lat' dir='ltr'><strong>precibus</strong></span> <span class='ocrx_word' id='word_1_262' title='bbox 850 1781 1072 1822; x_wconf 86' lang='lat' dir='ltr'><strong>suprascriptis</strong></span> <span class='ocrx_word' id='word_1_263' title='bbox 1087 1780 1256 1812; x_wconf 84' lang='lat' dir='ltr'><strong>reverendi</strong></span> <span class='ocrx_word' id='word_1_264' title='bbox 1273 1781 1372 1823; x_wconf 86' lang='lat' dir='ltr'><strong>patris</strong></span> <span class='ocrx_word' id='word_1_265' title='bbox 1388 1780 1507 1812; x_wconf 88' lang='lat' dir='ltr'><strong>domini</strong></span> <span class='ocrx_word' id='word_1_266' title='bbox 1531 1781 1630 1812; x_wconf 85' lang='lat' dir='ltr'><strong>nostri</strong></span> <span class='ocrx_word' id='word_1_267' title='bbox 1655 1807 1660 1813; x_wconf 94' lang='lat'><em>.</em></span> <span class='ocrx_word' id='word_1_268' title='bbox 1680 1806 1686 1812; x_wconf 90' lang='lat'><em>.</em></span> <span class='ocrx_word' id='word_1_269' title='bbox 1710 1781 1813 1812; x_wconf 81' lang='lat' dir='ltr'><strong>archi-</strong></span> 
     </span>
     <span class='ocr_line' id='line_1_27' title="bbox 171 1831 1814 1875; baseline 0 -11"><span class='ocrx_word' id='word_1_270' title='bbox 171 1833 315 1875; x_wconf 87' lang='lat' dir='ltr'><strong>episcopi</strong></span> <span class='ocrx_word' id='word_1_271' title='bbox 338 1832 565 1875; x_wconf 87' lang='lat' dir='ltr'><strong>obtemperare</strong></span> <span class='ocrx_word' id='word_1_272' title='bbox 587 1832 744 1864; x_wconf 83' lang='lat' dir='ltr'><strong>vellemus</strong></span> <span class='ocrx_word' id='word_1_273' title='bbox 759 1832 918 1872; x_wconf 90' lang='lat' dir='ltr'><strong>benivole,</strong></span> <span class='ocrx_word' id='word_1_274' title='bbox 943 1843 1013 1864; x_wconf 93' lang='lat' dir='ltr'><strong>cum</strong></span> <span class='ocrx_word' id='word_1_275' title='bbox 1032 1832 1073 1864; x_wconf 87' lang='lat' dir='ltr'><strong>ad</strong></span> <span class='ocrx_word' id='word_1_276' title='bbox 1089 1832 1122 1864; x_wconf 85' lang='lat' dir='ltr'><strong>id</strong></span> <span class='ocrx_word' id='word_1_277' title='bbox 1138 1832 1269 1864; x_wconf 86' lang='lat' dir='ltr'><strong>offerret</strong></span> <span class='ocrx_word' id='word_1_278' title='bbox 1288 1843 1322 1864; x_wconf 85' lang='lat' dir='ltr'><strong>se</strong></span> <span class='ocrx_word' id='word_1_279' title='bbox 1339 1832 1484 1864; x_wconf 81' lang='lat' dir='ltr'><strong>facultas.</strong></span> <span class='ocrx_word' id='word_1_280' title='bbox 1529 1831 1597 1863; x_wconf 84' lang='lat' dir='ltr'><strong>Nos</strong></span> <span class='ocrx_word' id='word_1_281' title='bbox 1621 1857 1627 1863; x_wconf 92' lang='lat'><em>.</em></span> <span class='ocrx_word' id='word_1_282' title='bbox 1644 1856 1651 1864; x_wconf 92' lang='lat'><strong>.</strong></span> <span class='ocrx_word' id='word_1_283' title='bbox 1674 1832 1814 1864; x_wconf 88' lang='lat' dir='ltr'><strong>decanus</strong></span> 
     </span>
     <span class='ocr_line' id='line_1_28' title="bbox 170 1884 1813 1927; baseline -0.001 -11"><span class='ocrx_word' id='word_1_284' title='bbox 170 1886 204 1916; x_wconf 86' lang='lat' dir='ltr'><strong>et</strong></span> <span class='ocrx_word' id='word_1_285' title='bbox 226 1885 372 1917; x_wconf 88' lang='lat' dir='ltr'><strong>canonici</strong></span> <span class='ocrx_word' id='word_1_286' title='bbox 395 1885 557 1927; x_wconf 84' lang='lat' dir='ltr'><strong>prenotati</strong></span> <span class='ocrx_word' id='word_1_287' title='bbox 579 1884 784 1927; x_wconf 87' lang='lat' dir='ltr'><strong>postmodum</strong></span> <span class='ocrx_word' id='word_1_288' title='bbox 807 1884 995 1916; x_wconf 88' lang='lat' dir='ltr'><strong>vacantibus</strong></span> <span class='ocrx_word' id='word_1_289' title='bbox 1016 1885 1049 1916; x_wconf 92' lang='lat' dir='ltr'><strong>in</strong></span> <span class='ocrx_word' id='word_1_290' title='bbox 1073 1884 1209 1916; x_wconf 88' lang='lat' dir='ltr'><strong>ecclesia</strong></span> <span class='ocrx_word' id='word_1_291' title='bbox 1239 1889 1347 1916; x_wconf 88' lang='lat' dir='ltr'><strong>nostra</strong></span> <span class='ocrx_word' id='word_1_292' title='bbox 1375 1884 1565 1915; x_wconf 86' lang='lat' dir='ltr'><strong>canonicatu</strong></span> <span class='ocrx_word' id='word_1_293' title='bbox 1593 1887 1627 1915; x_wconf 90' lang='lat' dir='ltr'><strong>et</strong></span> <span class='ocrx_word' id='word_1_294' title='bbox 1649 1884 1813 1926; x_wconf 83' lang='lat' dir='ltr'><strong>prebenda</strong></span> 
     </span>
     <span class='ocr_line' id='line_1_29' title="bbox 170 1935 1813 1978; baseline 0 -10"><span class='ocrx_word' id='word_1_295' title='bbox 170 1945 231 1978; x_wconf 87' lang='lat' dir='ltr'><strong>per</strong></span> <span class='ocrx_word' id='word_1_296' title='bbox 251 1939 389 1968; x_wconf 90' lang='lat' dir='ltr'><strong>mortem</strong></span> <span class='ocrx_word' id='word_1_297' title='bbox 412 1935 496 1968; x_wconf 88' lang='lat' dir='ltr'><strong>bone</strong></span> <span class='ocrx_word' id='word_1_298' title='bbox 513 1937 668 1968; x_wconf 88' lang='lat' dir='ltr'><strong>memorie</strong></span> <span class='ocrx_word' id='word_1_299' title='bbox 682 1935 855 1968; x_wconf 89' lang='lat' dir='ltr'><strong>Wernheri</strong></span> <span class='ocrx_word' id='word_1_300' title='bbox 879 1936 919 1968; x_wconf 90' lang='lat' dir='ltr'><strong>de</strong></span> <span class='ocrx_word' id='word_1_301' title='bbox 936 1936 1150 1978; x_wconf 84' lang='lat' dir='ltr'><strong>Appenheym</strong></span> <span class='ocrx_word' id='word_1_302' title='bbox 1174 1935 1251 1968; x_wconf 90' lang='lat' dir='ltr'><strong>olim</strong></span> <span class='ocrx_word' id='word_1_303' title='bbox 1274 1936 1373 1967; x_wconf 86' lang='lat' dir='ltr'><strong>nostri</strong></span> <span class='ocrx_word' id='word_1_304' title='bbox 1396 1936 1600 1967; x_wconf 85' lang='lat' dir='ltr'><strong>concanonici</strong></span> <span class='ocrx_word' id='word_1_305' title='bbox 1625 1940 1657 1967; x_wconf 85' lang='lat' dir='ltr'><strong>et</strong></span> <span class='ocrx_word' id='word_1_306' title='bbox 1679 1946 1813 1978; x_wconf 89' lang='lat' dir='ltr'><strong>corpore</strong></span> 
     </span>
     <span class='ocr_line' id='line_1_30' title="bbox 171 1987 1812 2030; baseline -0.001 -10"><span class='ocrx_word' id='word_1_307' title='bbox 171 1987 239 2020; x_wconf 84' lang='lat' dir='ltr'><strong>eius</strong></span> <span class='ocrx_word' id='word_1_308' title='bbox 267 1987 384 2020; x_wconf 85' lang='lat' dir='ltr'><strong>tradito</strong></span> <span class='ocrx_word' id='word_1_309' title='bbox 417 1988 635 2020; x_wconf 87' lang='lat' dir='ltr'><strong>ecclesiastice</strong></span> <span class='ocrx_word' id='word_1_310' title='bbox 662 1988 843 2030; x_wconf 86' lang='lat' dir='ltr'><strong>sepulture,</strong></span> <span class='ocrx_word' id='word_1_311' title='bbox 871 1987 1089 2019; x_wconf 90' lang='lat' dir='ltr'><strong>insistentibus</strong></span> <span class='ocrx_word' id='word_1_312' title='bbox 1117 1991 1150 2019; x_wconf 87' lang='lat' dir='ltr'><strong>et</strong></span> <span class='ocrx_word' id='word_1_313' title='bbox 1177 1987 1360 2029; x_wconf 88' lang='lat' dir='ltr'><strong>petentibus</strong></span> <span class='ocrx_word' id='word_1_314' title='bbox 1388 1997 1459 2018; x_wconf 89' lang='lat' dir='ltr'><strong>cum</strong></span> <span class='ocrx_word' id='word_1_315' title='bbox 1487 1988 1637 2019; x_wconf 86' lang='lat' dir='ltr'><strong>instantia</strong></span> <span class='ocrx_word' id='word_1_316' title='bbox 1660 1998 1812 2029; x_wconf 91' lang='lat' dir='ltr'><strong>procura-</strong></span> 
     </span>
     <span class='ocr_line' id='line_1_31' title="bbox 129 2038 1813 2081; baseline -0.001 -10"><span class='ocrx_word' id='word_1_317' title='bbox 129 2050 156 2071; x_wconf 72' lang='lat' dir='ltr'><strong>ns</strong></span> <span class='ocrx_word' id='word_1_318' title='bbox 173 2039 295 2071; x_wconf 87' lang='lat' dir='ltr'><strong>toribus</strong></span> <span class='ocrx_word' id='word_1_319' title='bbox 319 2042 352 2071; x_wconf 92' lang='lat' dir='ltr'><strong>et</strong></span> <span class='ocrx_word' id='word_1_320' title='bbox 374 2039 484 2071; x_wconf 88' lang='lat' dir='ltr'><strong>amicis</strong></span> <span class='ocrx_word' id='word_1_321' title='bbox 506 2038 701 2081; x_wconf 86' lang='lat' dir='ltr'><strong>Heylmanni</strong></span> <span class='ocrx_word' id='word_1_322' title='bbox 725 2039 831 2071; x_wconf 86' lang='lat' dir='ltr'><strong>clerici</strong></span> <span class='ocrx_word' id='word_1_323' title='bbox 855 2039 1026 2081; x_wconf 87' lang='lat' dir='ltr'><strong>prenotati,</strong></span> <span class='ocrx_word' id='word_1_324' title='bbox 1050 2050 1121 2071; x_wconf 89' lang='lat' dir='ltr'><strong>cum</strong></span> <span class='ocrx_word' id='word_1_325' title='bbox 1146 2039 1281 2071; x_wconf 84' lang='lat' dir='ltr'><strong>facultas</strong></span> <span class='ocrx_word' id='word_1_326' title='bbox 1303 2049 1338 2070; x_wconf 91' lang='lat' dir='ltr'><strong>se</strong></span> <span class='ocrx_word' id='word_1_327' title='bbox 1361 2038 1524 2079; x_wconf 89' lang='lat' dir='ltr'><strong>obtulerit,</strong></span> <span class='ocrx_word' id='word_1_328' title='bbox 1541 2039 1730 2081; x_wconf 87' lang='lat' dir='ltr'><strong>providendi</strong></span> <span class='ocrx_word' id='word_1_329' title='bbox 1753 2038 1813 2071; x_wconf 89' lang='lat' dir='ltr'><strong>sibi</strong></span> 
     </span>
     <span class='ocr_line' id='line_1_32' title="bbox 168 2090 1811 2133; baseline -0.001 -10"><span class='ocrx_word' id='word_1_330' title='bbox 168 2091 204 2123; x_wconf 86' lang='lat' dir='ltr'><strong>in</strong></span> <span class='ocrx_word' id='word_1_331' title='bbox 231 2090 369 2123; x_wconf 87' lang='lat' dir='ltr'><strong>ecclesia</strong></span> <span class='ocrx_word' id='word_1_332' title='bbox 397 2095 506 2123; x_wconf 83' lang='lat' dir='ltr'><strong>nostra</strong></span> <span class='ocrx_word' id='word_1_333' title='bbox 533 2091 574 2123; x_wconf 89' lang='lat' dir='ltr'><strong>de</strong></span> <span class='ocrx_word' id='word_1_334' title='bbox 603 2091 792 2123; x_wconf 87' lang='lat' dir='ltr'><strong>canonicatu</strong></span> <span class='ocrx_word' id='word_1_335' title='bbox 822 2095 855 2123; x_wconf 89' lang='lat' dir='ltr'><strong>et</strong></span> <span class='ocrx_word' id='word_1_336' title='bbox 882 2090 1048 2133; x_wconf 89' lang='lat' dir='ltr'><strong>prebenda</strong></span> <span class='ocrx_word' id='word_1_337' title='bbox 1071 2090 1245 2123; x_wconf 88' lang='lat' dir='ltr'><strong>secundum</strong></span> <span class='ocrx_word' id='word_1_338' title='bbox 1269 2094 1413 2122; x_wconf 87' lang='lat' dir='ltr'><strong>tenorem</strong></span> <span class='ocrx_word' id='word_1_339' title='bbox 1437 2101 1566 2132; x_wconf 90' lang='lat' dir='ltr'><strong>precum</strong></span> <span class='ocrx_word' id='word_1_340' title='bbox 1590 2091 1811 2133; x_wconf 84' lang='lat' dir='ltr'><strong>primariamm</strong></span> 
     </span>
     <span class='ocr_line' id='line_1_33' title="bbox 169 2142 1813 2185; baseline 0 -11"><span class='ocrx_word' id='word_1_341' title='bbox 169 2143 418 2185; x_wconf 85' lang='lat' dir='ltr'><strong>prescriptarum</strong></span> <span class='ocrx_word' id='word_1_342' title='bbox 452 2142 544 2175; x_wconf 88' lang='lat' dir='ltr'><strong>nobis</strong></span> <span class='ocrx_word' id='word_1_343' title='bbox 577 2146 613 2175; x_wconf 89' lang='lat' dir='ltr'><strong>ut</strong></span> <span class='ocrx_word' id='word_1_344' title='bbox 646 2142 822 2184; x_wconf 88' lang='lat' dir='ltr'><strong>predicitur</strong></span> <span class='ocrx_word' id='word_1_345' title='bbox 852 2146 885 2174; x_wconf 91' lang='lat' dir='ltr'><strong>et</strong></span> <span class='ocrx_word' id='word_1_346' title='bbox 912 2143 970 2174; x_wconf 87' lang='lat' dir='ltr'><strong>toti</strong></span> <span class='ocrx_word' id='word_1_347' title='bbox 998 2142 1137 2184; x_wconf 87' lang='lat' dir='ltr'><strong>capitulo</strong></span> <span class='ocrx_word' id='word_1_348' title='bbox 1166 2142 1286 2184; x_wconf 90' lang='lat' dir='ltr'><strong>pluries</strong></span> <span class='ocrx_word' id='word_1_349' title='bbox 1314 2142 1525 2183; x_wconf 87' lang='lat' dir='ltr'><strong>directarum,</strong></span> <span class='ocrx_word' id='word_1_350' title='bbox 1549 2147 1698 2184; x_wconf 83' lang='lat' dir='ltr'><strong>presente</strong></span> <span class='ocrx_word' id='word_1_351' title='bbox 1721 2142 1813 2174; x_wconf 89' lang='lat' dir='ltr'><strong>nobis</strong></span> 
     </span>
     <span class='ocr_line' id='line_1_34' title="bbox 170 2193 1812 2236; baseline -0.001 -9"><span class='ocrx_word' id='word_1_352' title='bbox 170 2204 243 2227; x_wconf 87' lang='lat' dir='ltr'><strong>cum</strong></span> <span class='ocrx_word' id='word_1_353' title='bbox 270 2194 400 2228; x_wconf 89' lang='lat' dir='ltr'><strong>domino</strong></span> <span class='ocrx_word' id='word_1_354' title='bbox 431 2194 576 2227; x_wconf 85' lang='lat' dir='ltr'><strong>Iohanne</strong></span> <span class='ocrx_word' id='word_1_355' title='bbox 607 2195 776 2226; x_wconf 89' lang='lat' dir='ltr'><strong>scolastico</strong></span> <span class='ocrx_word' id='word_1_356' title='bbox 805 2195 837 2226; x_wconf 89' lang='lat' dir='ltr'><strong>in</strong></span> <span class='ocrx_word' id='word_1_357' title='bbox 860 2195 1018 2236; x_wconf 88' lang='lat' dir='ltr'><strong>capitulo,</strong></span> <span class='ocrx_word' id='word_1_358' title='bbox 1047 2194 1087 2226; x_wconf 92' lang='lat' dir='ltr'><strong>ob</strong></span> <span class='ocrx_word' id='word_1_359' title='bbox 1110 2195 1328 2227; x_wconf 81' lang='lat' dir='ltr'><strong>reverenciam</strong></span> <span class='ocrx_word' id='word_1_360' title='bbox 1352 2193 1553 2226; x_wconf 89' lang='lat' dir='ltr'><strong>dominorum</strong></span> <span class='ocrx_word' id='word_1_361' title='bbox 1576 2200 1755 2226; x_wconf 89' lang='lat' dir='ltr'><strong>nostrorum</strong></span> <span class='ocrx_word' id='word_1_362' title='bbox 1780 2217 1812 2225; x_wconf 90' lang='lat'><strong>..</strong></span> 
     </span>
     <span class='ocr_line' id='line_1_35' title="bbox 169 2245 1813 2290; baseline -0.002 -11"><span class='ocrx_word' id='word_1_363' title='bbox 169 2246 256 2290; x_wconf 70' lang='lat' dir='ltr'><strong>regis</strong></span> <span class='ocrx_word' id='word_1_364' title='bbox 289 2250 323 2279; x_wconf 87' lang='lat' dir='ltr'><strong>et</strong></span> <span class='ocrx_word' id='word_1_365' title='bbox 355 2246 587 2289; x_wconf 89' lang='lat' dir='ltr'><strong>archiepiscopi</strong></span> <span class='ocrx_word' id='word_1_366' title='bbox 623 2247 871 2289; x_wconf 88' lang='lat' dir='ltr'><strong>prescriptorum</strong></span> <span class='ocrx_word' id='word_1_367' title='bbox 903 2250 936 2278; x_wconf 91' lang='lat' dir='ltr'><strong>et</strong></span> <span class='ocrx_word' id='word_1_368' title='bbox 966 2246 1081 2278; x_wconf 84' lang='lat' dir='ltr'><strong>merita</strong></span> <span class='ocrx_word' id='word_1_369' title='bbox 1114 2247 1212 2288; x_wconf 89' lang='lat' dir='ltr'><strong>ipsius</strong></span> <span class='ocrx_word' id='word_1_370' title='bbox 1245 2245 1485 2288; x_wconf 84' lang='lat' dir='ltr'><strong>Heyl(manni)‚</strong></span> <span class='ocrx_word' id='word_1_371' title='bbox 1520 2256 1631 2278; x_wconf 84' lang='lat' dir='ltr'><strong>eorum</strong></span> <span class='ocrx_word' id='word_1_372' title='bbox 1666 2245 1813 2287; x_wconf 87' lang='lat' dir='ltr'><strong>precibus</strong></span> 
     </span>
     <span class='ocr_line' id='line_1_36' title="bbox 128 2296 1811 2337; baseline -0.001 -8"><span class='ocrx_word' id='word_1_373' title='bbox 128 2307 154 2328; x_wconf 69' lang='lat' dir='ltr'><strong>a</strong></span> <span class='ocrx_word' id='word_1_374' title='bbox 171 2301 207 2330; x_wconf 92' lang='lat' dir='ltr'><strong>ut</strong></span> <span class='ocrx_word' id='word_1_375' title='bbox 239 2298 430 2330; x_wconf 87' lang='lat' dir='ltr'><strong>tenebamur</strong></span> <span class='ocrx_word' id='word_1_376' title='bbox 461 2298 608 2331; x_wconf 84' lang='lat' dir='ltr'><strong>volentes</strong></span> <span class='ocrx_word' id='word_1_377' title='bbox 642 2297 790 2330; x_wconf 89' lang='lat' dir='ltr'><strong>benivole</strong></span> <span class='ocrx_word' id='word_1_378' title='bbox 825 2301 858 2330; x_wconf 87' lang='lat' dir='ltr'><strong>et</strong></span> <span class='ocrx_word' id='word_1_379' title='bbox 889 2308 962 2330; x_wconf 89' lang='lat' dir='ltr'><strong>cum</strong></span> <span class='ocrx_word' id='word_1_380' title='bbox 996 2299 1081 2330; x_wconf 93' lang='lat' dir='ltr'><strong>omni</strong></span> <span class='ocrx_word' id='word_1_381' title='bbox 1115 2298 1300 2330; x_wconf 78' lang='lat' dir='ltr'><strong>reverencia</strong></span> <span class='ocrx_word' id='word_1_382' title='bbox 1334 2297 1482 2337; x_wconf 86' lang='lat' dir='ltr'><strong>obedire,</strong></span> <span class='ocrx_word' id='word_1_383' title='bbox 1513 2297 1683 2329; x_wconf 88' lang='lat' dir='ltr'><strong>Gerlacum</strong></span> <span class='ocrx_word' id='word_1_384' title='bbox 1714 2296 1811 2328; x_wconf 83' lang='lat' dir='ltr'><strong>Fabri</strong></span> 
     </span>
     <span class='ocr_line' id='line_1_37' title="bbox 169 2348 1812 2392; baseline -0.001 -10"><span class='ocrx_word' id='word_1_385' title='bbox 169 2349 320 2382; x_wconf 84' lang='lat' dir='ltr'><strong>vicarium</strong></span> <span class='ocrx_word' id='word_1_386' title='bbox 345 2350 482 2383; x_wconf 84' lang='lat' dir='ltr'><strong>ecclesie</strong></span> <span class='ocrx_word' id='word_1_387' title='bbox 505 2354 613 2382; x_wconf 89' lang='lat' dir='ltr'><strong>nostre</strong></span> <span class='ocrx_word' id='word_1_388' title='bbox 637 2350 800 2392; x_wconf 87' lang='lat' dir='ltr'><strong>predicte,</strong></span> <span class='ocrx_word' id='word_1_389' title='bbox 822 2353 1064 2392; x_wconf 88' lang='lat' dir='ltr'><strong>procuratorem</strong></span> <span class='ocrx_word' id='word_1_390' title='bbox 1091 2350 1123 2381; x_wconf 92' lang='lat' dir='ltr'><strong>in</strong></span> <span class='ocrx_word' id='word_1_391' title='bbox 1153 2349 1212 2381; x_wconf 89' lang='lat' dir='ltr'><strong>hac</strong></span> <span class='ocrx_word' id='word_1_392' title='bbox 1243 2353 1334 2391; x_wconf 90' lang='lat' dir='ltr'><strong>parte</strong></span> <span class='ocrx_word' id='word_1_393' title='bbox 1358 2349 1434 2380; x_wconf 86' lang='lat' dir='ltr'><strong>dieti</strong></span> <span class='ocrx_word' id='word_1_394' title='bbox 1458 2348 1681 2391; x_wconf 83' lang='lat' dir='ltr'><strong>Heyl(manni)</strong></span> <span class='ocrx_word' id='word_1_395' title='bbox 1705 2349 1812 2380; x_wconf 89' lang='lat' dir='ltr'><strong>clerici</strong></span> 
     </span>
     <span class='ocr_line' id='line_1_38' title="bbox 169 2401 1811 2444; baseline -0.001 -11"><span class='ocrx_word' id='word_1_396' title='bbox 169 2402 297 2434; x_wconf 87' lang='lat' dir='ltr'><strong>nomine</strong></span> <span class='ocrx_word' id='word_1_397' title='bbox 324 2403 543 2444; x_wconf 84' lang='lat' dir='ltr'><strong>procuratorio</strong></span> <span class='ocrx_word' id='word_1_398' title='bbox 571 2402 670 2444; x_wconf 86' lang='lat' dir='ltr'><strong>ipsius</strong></span> <span class='ocrx_word' id='word_1_399' title='bbox 698 2401 919 2443; x_wconf 87' lang='lat' dir='ltr'><strong>Heyl(manni)</strong></span> <span class='ocrx_word' id='word_1_400' title='bbox 948 2402 980 2432; x_wconf 93' lang='lat' dir='ltr'><strong>in</strong></span> <span class='ocrx_word' id='word_1_401' title='bbox 1010 2404 1151 2432; x_wconf 91' lang='lat' dir='ltr'><strong>nostrum</strong></span> <span class='ocrx_word' id='word_1_402' title='bbox 1184 2401 1364 2443; x_wconf 88' lang='lat' dir='ltr'><strong>recepimus</strong></span> <span class='ocrx_word' id='word_1_403' title='bbox 1392 2401 1639 2432; x_wconf 89' lang='lat' dir='ltr'><strong>concanonicum</strong></span> <span class='ocrx_word' id='word_1_404' title='bbox 1673 2404 1706 2432; x_wconf 89' lang='lat' dir='ltr'><strong>et</strong></span> <span class='ocrx_word' id='word_1_405' title='bbox 1737 2410 1811 2431; x_wconf 87' lang='lat' dir='ltr'><strong>con-</strong></span> 
     </span>
     <span class='ocr_line' id='line_1_39' title="bbox 170 2452 1812 2496; baseline -0.002 -11"><span class='ocrx_word' id='word_1_406' title='bbox 170 2452 312 2494; x_wconf 71' lang='lat' dir='ltr'><strong>fratrem,</strong></span> <span class='ocrx_word' id='word_1_407' title='bbox 335 2453 394 2486; x_wconf 87' lang='lat' dir='ltr'><strong>sibi</strong></span> <span class='ocrx_word' id='word_1_408' title='bbox 419 2453 618 2496; x_wconf 88' lang='lat' dir='ltr'><strong>prebendam</strong></span> <span class='ocrx_word' id='word_1_409' title='bbox 643 2464 684 2485; x_wconf 86' lang='lat' dir='ltr'><strong>ex</strong></span> <span class='ocrx_word' id='word_1_410' title='bbox 706 2456 809 2485; x_wconf 87' lang='lat' dir='ltr'><strong>morte</strong></span> <span class='ocrx_word' id='word_1_411' title='bbox 833 2452 910 2484; x_wconf 89' lang='lat' dir='ltr'><strong>dicti</strong></span> <span class='ocrx_word' id='word_1_412' title='bbox 927 2453 1088 2495; x_wconf 87' lang='lat' dir='ltr'><strong>quondam</strong></span> <span class='ocrx_word' id='word_1_413' title='bbox 1100 2452 1272 2484; x_wconf 86' lang='lat' dir='ltr'><strong>Wernheri</strong></span> <span class='ocrx_word' id='word_1_414' title='bbox 1288 2452 1407 2484; x_wconf 90' lang='lat' dir='ltr'><strong>ibidem</strong></span> <span class='ocrx_word' id='word_1_415' title='bbox 1425 2456 1591 2484; x_wconf 82' lang='lat' dir='ltr'><strong>vacantem</strong></span> <span class='ocrx_word' id='word_1_416' title='bbox 1613 2452 1812 2493; x_wconf 82' lang='lat' dir='ltr'><strong>assignantes</strong></span> 
     </span>
     <span class='ocr_line' id='line_1_40' title="bbox 170 2503 1810 2548; baseline -0.002 -11"><span class='ocrx_word' id='word_1_417' title='bbox 170 2514 209 2537; x_wconf 80' lang='lat' dir='ltr'><strong>ac</strong></span> <span class='ocrx_word' id='word_1_418' title='bbox 230 2505 335 2548; x_wconf 89' lang='lat' dir='ltr'><strong>ipsum</strong></span> <span class='ocrx_word' id='word_1_419' title='bbox 358 2505 530 2537; x_wconf 84' lang='lat' dir='ltr'><strong>Gerlacum</strong></span> <span class='ocrx_word' id='word_1_420' title='bbox 552 2506 681 2538; x_wconf 89' lang='lat' dir='ltr'><strong>nomine</strong></span> <span class='ocrx_word' id='word_1_421' title='bbox 703 2505 924 2547; x_wconf 88' lang='lat' dir='ltr'><strong>procuratorio</strong></span> <span class='ocrx_word' id='word_1_422' title='bbox 945 2505 1122 2547; x_wconf 88' lang='lat' dir='ltr'><strong>prescripto</strong></span> <span class='ocrx_word' id='word_1_423' title='bbox 1146 2505 1176 2536; x_wconf 94' lang='lat' dir='ltr'><strong>in</strong></span> <span class='ocrx_word' id='word_1_424' title='bbox 1200 2505 1434 2546; x_wconf 84' lang='lat' dir='ltr'><strong>possessionem</strong></span> <span class='ocrx_word' id='word_1_425' title='bbox 1458 2504 1658 2546; x_wconf 88' lang='lat' dir='ltr'><strong>corporalem</strong></span> <span class='ocrx_word' id='word_1_426' title='bbox 1682 2503 1810 2534; x_wconf 88' lang='lat' dir='ltr'><strong>canoni-</strong></span> 
     </span>
     <span class='ocr_line' id='line_1_41' title="bbox 120 2554 1811 2600; baseline -0.002 -12"><span class='ocrx_word' id='word_1_427' title='bbox 120 2556 155 2585; x_wconf 73' lang='grc' dir='ltr'><strong>’ω</strong></span> <span class='ocrx_word' id='word_1_428' title='bbox 172 2558 261 2588; x_wconf 84' lang='lat' dir='ltr'><strong>catus</strong></span> <span class='ocrx_word' id='word_1_429' title='bbox 284 2560 317 2589; x_wconf 89' lang='lat' dir='ltr'><strong>et</strong></span> <span class='ocrx_word' id='word_1_430' title='bbox 338 2556 501 2600; x_wconf 90' lang='lat' dir='ltr'><strong>prebende</strong></span> <span class='ocrx_word' id='word_1_431' title='bbox 525 2556 719 2597; x_wconf 77' lang='lat' dir='ltr'><strong>induximus,</strong></span> <span class='ocrx_word' id='word_1_432' title='bbox 743 2556 870 2588; x_wconf 87' lang='lat' dir='ltr'><strong>stallum</strong></span> <span class='ocrx_word' id='word_1_433' title='bbox 893 2557 924 2588; x_wconf 90' lang='lat' dir='ltr'><strong>in</strong></span> <span class='ocrx_word' id='word_1_434' title='bbox 948 2556 1046 2588; x_wconf 89' lang='lat' dir='ltr'><strong>choro</strong></span> <span class='ocrx_word' id='word_1_435' title='bbox 1070 2559 1102 2588; x_wconf 89' lang='lat' dir='ltr'><strong>et</strong></span> <span class='ocrx_word' id='word_1_436' title='bbox 1125 2556 1230 2588; x_wconf 91' lang='lat' dir='ltr'><strong>locum</strong></span> <span class='ocrx_word' id='word_1_437' title='bbox 1253 2557 1284 2588; x_wconf 92' lang='lat' dir='ltr'><strong>in</strong></span> <span class='ocrx_word' id='word_1_438' title='bbox 1308 2556 1447 2598; x_wconf 89' lang='lat' dir='ltr'><strong>capitulo</strong></span> <span class='ocrx_word' id='word_1_439' title='bbox 1471 2566 1543 2588; x_wconf 92' lang='lat' dir='ltr'><strong>cum</strong></span> <span class='ocrx_word' id='word_1_440' title='bbox 1566 2556 1651 2587; x_wconf 92' lang='lat' dir='ltr'><strong>omni</strong></span> <span class='ocrx_word' id='word_1_441' title='bbox 1674 2554 1811 2597; x_wconf 84' lang='lat' dir='ltr'><strong>plenitu-</strong></span> 
     </span>
     <span class='ocr_line' id='line_1_42' title="bbox 171 2605 1811 2651; baseline -0.002 -11"><span class='ocrx_word' id='word_1_442' title='bbox 171 2607 245 2640; x_wconf 89' lang='lat' dir='ltr'><strong>dine</strong></span> <span class='ocrx_word' id='word_1_443' title='bbox 267 2609 344 2640; x_wconf 91' lang='lat' dir='ltr'><strong>iuris</strong></span> <span class='ocrx_word' id='word_1_444' title='bbox 366 2609 512 2640; x_wconf 90' lang='lat' dir='ltr'><strong>canonici</strong></span> <span class='ocrx_word' id='word_1_445' title='bbox 534 2609 734 2651; x_wconf 80' lang='lat' dir='ltr'><strong>assignantes</strong></span> <span class='ocrx_word' id='word_1_446' title='bbox 757 2608 873 2649; x_wconf 87' lang='lat' dir='ltr'><strong>eidem,</strong></span> <span class='ocrx_word' id='word_1_447' title='bbox 897 2608 1049 2640; x_wconf 88' lang='lat' dir='ltr'><strong>adhibitis</strong></span> <span class='ocrx_word' id='word_1_448' title='bbox 1073 2609 1169 2640; x_wconf 86' lang='lat' dir='ltr'><strong>etiam</strong></span> <span class='ocrx_word' id='word_1_449' title='bbox 1193 2609 1277 2640; x_wconf 89' lang='lat' dir='ltr'><strong>circa</strong></span> <span class='ocrx_word' id='word_1_450' title='bbox 1300 2608 1361 2640; x_wconf 89' lang='lat' dir='ltr'><strong>hoc</strong></span> <span class='ocrx_word' id='word_1_451' title='bbox 1384 2607 1673 2649; x_wconf 88' lang='lat' dir='ltr'><strong>sollempnitatibus</strong></span> <span class='ocrx_word' id='word_1_452' title='bbox 1696 2605 1811 2637; x_wconf 84' lang='lat' dir='ltr'><strong>debitis</strong></span> 
     </span>
     <span class='ocr_line' id='line_1_43' title="bbox 171 2657 1812 2703; baseline -0.003 -11"><span class='ocrx_word' id='word_1_453' title='bbox 171 2661 205 2692; x_wconf 85' lang='lat' dir='ltr'><strong>et</strong></span> <span class='ocrx_word' id='word_1_454' title='bbox 230 2661 399 2693; x_wconf 88' lang='lat' dir='ltr'><strong>consuetis.</strong></span> <span class='ocrx_word' id='word_1_455' title='bbox 486 2660 524 2692; x_wconf 92' lang='lat' dir='ltr'><strong>In</strong></span> <span class='ocrx_word' id='word_1_456' title='bbox 553 2660 640 2692; x_wconf 89' lang='lat' dir='ltr'><strong>cuius</strong></span> <span class='ocrx_word' id='word_1_457' title='bbox 670 2661 718 2693; x_wconf 91' lang='lat' dir='ltr'><strong>rei</strong></span> <span class='ocrx_word' id='word_1_458' title='bbox 741 2661 958 2693; x_wconf 87' lang='lat' dir='ltr'><strong>testimonium</strong></span> <span class='ocrx_word' id='word_1_459' title='bbox 986 2660 1124 2703; x_wconf 81' lang='lat' dir='ltr'><strong>sigillum</strong></span> <span class='ocrx_word' id='word_1_460' title='bbox 1149 2660 1285 2693; x_wconf 88' lang='lat' dir='ltr'><strong>ecclesie</strong></span> <span class='ocrx_word' id='word_1_461' title='bbox 1312 2665 1419 2692; x_wconf 89' lang='lat' dir='ltr'><strong>nostre</strong></span> <span class='ocrx_word' id='word_1_462' title='bbox 1443 2660 1587 2702; x_wconf 86' lang='lat' dir='ltr'><strong>predicte</strong></span> <span class='ocrx_word' id='word_1_463' title='bbox 1611 2657 1812 2700; x_wconf 80' lang='lat' dir='ltr'><strong>presentibus</strong></span> 
     </span>
    </p>
   </div>
   <div class='ocr_carea' id='block_1_6' title="bbox 172 2714 1333 2803">
    <p class='ocr_par' dir='ltr' id='par_1_6' title="bbox 172 2714 1333 2803">
     <span class='ocr_line' id='line_1_44' title="bbox 172 2714 429 2754; baseline -0.004 -10"><span class='ocrx_word' id='word_1_464' title='bbox 172 2714 220 2744; x_wconf 86' lang='lat' dir='ltr'><strong>est</strong></span> <span class='ocrx_word' id='word_1_465' title='bbox 243 2719 429 2754; x_wconf 83' lang='lat' dir='ltr'><strong>appensum.</strong></span> 
     </span>
     <span class='ocr_line' id='line_1_45' title="bbox 278 2762 1333 2803; baseline 0 -8"><span class='ocrx_word' id='word_1_466' title='bbox 278 2762 399 2795; x_wconf 87' lang='lat' dir='ltr'><strong>Datum</strong></span> <span class='ocrx_word' id='word_1_467' title='bbox 421 2773 504 2795; x_wconf 90' lang='lat' dir='ltr'><strong>anno</strong></span> <span class='ocrx_word' id='word_1_468' title='bbox 527 2762 657 2795; x_wconf 91' lang='lat' dir='ltr'><strong>Domini</strong></span> <span class='ocrx_word' id='word_1_469' title='bbox 681 2762 872 2803; x_wconf 83' lang='lat' dir='ltr'><strong>MGOOXV,</strong></span> <span class='ocrx_word' id='word_1_470' title='bbox 896 2763 953 2795; x_wconf 89' lang='lat' dir='ltr'><strong>XI.</strong></span> <span class='ocrx_word' id='word_1_471' title='bbox 971 2763 1134 2795; x_wconf 86' lang='lat' dir='ltr'><strong>Kalendas</strong></span> <span class='ocrx_word' id='word_1_472' title='bbox 1157 2763 1333 2795; x_wconf 87' lang='lat' dir='ltr'><strong>Februarii.</strong></span> 
     </span>
    </p>
   </div>
  </div>
 </body>
</html>
