2184 3126
149 726 174 746 10

150 2529 178 2548 ⁴0

412 155 509 184 ACTA
528 155 641 183 REGNI
658 154 843 183 LUDEWICI
862 154 910 182 IV.
929 154 976 182 ΕΤ
996 155 1181 184 mmmmm
1200 156 1249 183 111.
1286 156 1362 184 1322.
1398 156 1447 184 Nr.
1459 157 1520 185 671.
1539 157 1598 185 672.
1617 157 1676 185 673.

193 243 344 284 secondo,
367 243 541 275 indictione
564 246 667 284 sexta,
691 242 743 274 die
767 242 880 275 Martis
896 252 993 285 quar-

192 295 354 328 todecimo
377 294 586 337 Septembris.
631 294 839 326 Presentibus
855 294 993 326 Alberto

193 347 234 379 de
265 347 368 379 Turre
397 346 496 379 fratre
525 346 624 378 nostri
658 345 811 378 Iohannis
847 345 993 388 predicti,

194 397 315 430 Ottone
339 397 380 429 de
403 397 556 430 Gutueris
579 398 710 430 Astensi
741 400 774 429 et
796 397 994 430 Fredericho

195 449 280 482 dicto
298 450 361 481 Bet
383 449 424 481 de
442 448 577 481 Scasusa
601 452 634 481 et
649 448 796 491 pluribus
818 449 890 480 aliis
906 450 996 481 testi-

193 500 252 533 bus
286 501 410 532 vocatis
445 504 478 532 et
511 501 631 542 rogatis
666 500 848 532 huiusmodi
883 500 997 532 confir-

193 552 353 584 mationis.

259 611 304 652 (S.
321 611 376 652 N.)
399 611 442 643 Et
470 621 532 654 ego
557 611 758 644 Oonradinus
786 611 889 643 dictus
912 610 994 642 Gar-

193 662 342 705 baglinus
354 663 395 695 de
408 663 546 695 Arochis
558 663 705 705 publicus
713 661 994 703 Mediolanen(sis)

192 715 352 757 imperiali
367 715 560 747 auctoritate
578 715 731 755 notarius,
755 714 911 746 dictorum
935 713 994 745 do-

192 767 351 799 minorum
367 766 472 798 scriba
488 766 643 808 predictis
658 766 789 798 interfui
810 769 843 797 et
863 768 995 807 rogatus

192 818 355 861 publicavi
379 821 412 850 et
434 819 467 850 in
489 819 707 850 testimonium
735 828 787 849 me
811 817 994 859 subscripsi.

258 869 304 912 (S.
322 869 377 909 N.)
402 869 472 912 Ego
495 869 647 901 Petrinus
669 869 753 901 filius
781 869 901 901 domini
923 878 993 900 ma-

193 922 284 964 gistri
317 921 474 953 Zamboni
514 921 556 953 de
590 921 717 953 Oascho
755 920 796 953 de
831 920 993 962 Pergamo

191 973 335 1005 notarius
358 972 505 1015 publicus
520 972 679 1014 imperiali
696 973 888 1004 auctoritate
911 971 994 1004 hanc

192 1028 315 1057 cartam
348 1026 435 1056 iussu
469 1025 675 1066 suprascripti
709 1023 883 1056 Conradini
917 1023 994 1055 dicti

192 1075 351 1108 Gai-ballii
373 1076 489 1108 notarii
511 1076 632 1118 scripsi.

259 1127 305 1168 (S.
323 1127 378 1169 N.)
402 1127 474 1169 Ego
491 1126 625 1159 Gabriel
641 1127 682 1159 de
699 1126 893 1159 Cermenate
908 1126 993 1158 filius

193 1179 356 1222 quondam
373 1179 494 1211 domini
508 1179 655 1221 Dyonisii
670 1178 819 1221 publicus
834 1178 993 1220 imperiali

193 1231 386 1263 auctoritate
398 1230 540 1262 notarius
548 1230 799 1263 Mediolanensis
812 1233 904 1272 porte
910 1230 992 1263 Ver-

193 1282 308 1314 celline
338 1282 491 1324 parochie
521 1285 631 1314 sancte
659 1281 762 1314 Marie
790 1282 832 1314 ad
865 1285 993 1324 portam

192 1335 351 1376 premissa
373 1333 543 1376 privilegia
569 1337 602 1366 et
624 1335 836 1366 instrumenta
858 1343 991 1365 numero

193 1384 307 1417 decem
330 1389 476 1418 extracta
499 1388 532 1418 et
547 1386 733 1427 exemplata
756 1385 798 1417 ab
815 1385 992 1426 ortiginali-

192 1436 253 1469 bus
286 1437 462 1479 privilegiis
494 1437 694 1479 prefatorum
729 1437 803 1469 dive
837 1437 993 1468 memorie

193 1489 470 1521 serenissimorum
482 1489 661 1531 principum
675 1488 876 1520 dominorum
888 1488 992 1530 impe-

193 1545 335 1572 ratorum
365 1550 403 1572 ac
430 1540 558 1572 vicariis
586 1540 703 1582 prefati
738 1539 857 1571 domini
888 1539 992 1572 ultimi

192 1591 327 1624 Hem-ici
359 1592 563 1634 imperatoris
595 1595 628 1624 et
661 1602 719 1634 per
753 1602 805 1623 me
840 1602 912 1623 cum
947 1592 994 1623 eis

192 1643 369 1686 privilegiis
399 1647 433 1675 et
452 1645 681 1676 instrumentis
715 1644 886 1675 autenticis
921 1643 992 1675 dili-

193 1698 308 1737 genter
336 1695 523 1727 examinata
549 1699 582 1727 et
610 1695 769 1727 ascultata
795 1705 869 1727 cum
895 1694 994 1727 infra-

193 1747 318 1788 scriptis
349 1748 494 1789 personis
527 1746 700 1788 subscripsi
731 1747 862 1788 propria
897 1757 995 1779 manu

192 1807 266 1830 meo
290 1799 471 1840 anteposito
498 1799 589 1841 signo
614 1798 827 1830 tabelionatus
850 1799 881 1829 in
903 1798 993 1830 testi-

191 1850 334 1882 monium
358 1850 511 1882 veritatis.

1789 160 1852 191 535

1046 243 1176 284 tembr.‚
1208 244 1301 286 regni
1326 254 1405 277 vero
1433 243 1554 276 domini
1583 245 1683 276 nostri
1716 244 1854 287 predicti

1046 305 1130 328 anno
1153 297 1278 328 octavo.

271 2037 346 2074 673.
381 2035 649 2074 IOHANNIS
673 2036 798 2074 XXII.
824 2035 999 2072 PAPAE
1029 2035 1295 2072 LITTERAE
1319 2035 1394 2072 AD
1419 2033 1767 2073 LUDEWICUM„

859 2104 968 2141 1322.
1008 2105 1110 2150 Sept.
1131 2104 1192 2140 23.

306 2205 406 2245 Copia
428 2207 482 2246 (ο.)
506 2205 542 2236 in
557 2205 760 2246 Reyestorum
783 2204 938 2236 tabularii
961 2203 1109 2236 Vaticana
1132 2206 1203 2236 tom.
1222 2205 1283 2235 111
1308 2203 1362 2242 soz.
1380 2203 1444 2235 256
1466 2214 1516 2235 m.
1534 2204 1627 2235 1068.
1667 2181 1848 2244 Descripsi-

197 2265 268 2287 mus
283 2255 330 2288 vel
343 2256 533 2289 contulimus
547 2267 612 2289 nos.
651 2256 862 2288 Decurtatam
877 2256 924 2288 ed.
938 2255 1063 2288 Riezler
1078 2255 1320 2287 ‘Vatikamsche
1332 2255 1451 2287 Aklen'
1469 2265 1503 2295 p.
1521 2254 1584 2286 151
1606 2265 1656 2287 nr.
1672 2255 1737 2287 295
1759 2266 1798 2288 ex
1820 2266 1846 2287 c.

302 2315 379 2356 Ray.
390 2315 493 2348 Lo'her
507 2316 571 2349 loco
586 2327 687 2357 supra
701 2317 746 2349 ad
760 2317 881 2349 nr.289
896 2317 992 2348 citato
1001 2316 1110 2356 p.249
1126 2326 1175 2348 nr.
1190 2317 1270 2355 137‚·
1286 2315 1580 2357 Preyer-Reinkens
1592 2315 1701 2356 p.249
1715 2326 1764 2347 nr.
1774 2317 1847 2346 119.

305 2375 354 2414 Of.
378 2375 503 2408 Riezler
525 2376 544 2409 l.
561 2387 587 2408 c.
605 2387 640 2417 p.
658 2378 720 2408 144
743 2387 791 2409 nr.
808 2377 872 2408 275
895 2379 924 2408 et
941 2387 976 2416 p.
994 2376 1055 2407 151
1078 2386 1128 2407 nr.
1144 2376 1218 2407 293.

301 2469 474 2502 Carissimo
498 2471 530 2502 in
553 2470 680 2503 Christo
704 2471 770 2503 filio
792 2470 959 2503 Ludovico
981 2471 1014 2502 in
1037 2481 1148 2512 regem
1173 2470 1390 2502 Romanorum
1416 2469 1530 2503 electo.

306 2523 333 2552 1.
364 2520 606 2564 Magnificentie
629 2523 718 2564 regie
742 2522 866 2554 litteras
892 2533 951 2564 per
979 2522 1131 2553 dilectum
1160 2521 1260 2553 filium
1286 2523 1475 2564 magistrum
1498 2521 1642 2554 Ulricum
1667 2521 1847 2553 Wildonis·

195 2570 356 2611 clericum,
380 2573 530 2604 nuncium
552 2576 640 2605 tuum
665 2577 698 2606 et
720 2573 943 2614 familiai-emb,
976 2583 1035 2615 per
1065 2583 1145 2615 quas
1172 2574 1202 2605 ei
1229 2572 1328 2605 fidem
1356 2572 1505 2605 adhiberi
1527 2572 1692 2605 credulam
1715 2574 1847 2615 petiisti,

192 2625 300 2655 nostro
317 2623 511 2664 apostolatui
528 2628 729 2666 presentatus
752 2623 923 2656 affectione
940 2627 1076 2666 paterna
1099 2625 1280 2666 recepimus
1303 2628 1337 2656 et
1359 2628 1425 2657 tam
1454 2635 1494 2657 ea
1516 2634 1579 2667 que
1602 2624 1848 2657 continebantur

192 2674 225 2705 in
248 2674 295 2705 eis
318 2684 415 2716 quam
439 2685 502 2717 que
525 2675 629 2708 dictus
651 2677 783 2708 nuncius
806 2676 866 2708 sub
893 2675 993 2708 verbo
1017 2675 1181 2708 credentis
1204 2686 1385 2719 proponere
1408 2677 1510 2708 voluit
1532 2676 1752 2709 intelleximus
1774 2676 1846 2708 dili-

298 2767 365 2796 ⁶78.
393 2768 418 2802 ⁵)
436 2770 572 2796 wudonu·
590 2779 612 2797 e.
698 2770 724 2803 b)
742 2771 840 2797 familia
858 2779 878 2797 c.
