2190 3172
411 192 508 221 ACTA
526 192 640 222 REGNI
656 192 845 222 LUanlcl
864 191 910 219 IV.
929 190 975 218 m·
994 190 1177 220 famame!
1197 191 1246 219 111.
1284 192 1358 221 1814.
1394 192 1514 220 Nr.157.
1534 194 1591 221 158.
1613 195 1668 221 159.
1802 199 1857 228 151

205 281 378 314 *civitatem
402 279 566 322 dyocesim
589 282 623 312 et
645 279 842 322 provinciam
865 291 916 318 per
938 282 1087 317 primarias
1110 291 1206 318 preces
1229 284 1338 318 regales
1362 283 1395 312 et
1417 279 1602 321 imperiales
1625 286 1750 312 conferre
1768 286 1861 313 vale-t

214 335 572 373 prehenduaquemem,
596 334 821 367 Traiectensem.
851 334 1012 369 spiren-em
1039 336 1069 362 et
1096 335 1288 363 Leodieusem.
1332 331 1455 363 Dantes
1483 331 1589 363 eidem
1619 331 1745 374 plenum
1769 339 1860 374 pote-

213 387 332 417 statem
359 383 520 426 predictas
547 392 661 424 preces
688 385 814 414 nostras
843 382 1012 424 primarias
1040 382 1231 414 auctoritate
1263 386 1370 415 nostra
1393 382 1576 425 porrigendi
1599 383 1761 425 capitulis,
1785 394 1860 415 con-

204 436 363 470 ,ventibus
389 444 514 467 necnon
545 433 617 466 aliis
643 433 860 475 singularibus
883 433 1038 475 personis,
1061 433 1102 464 ad
1126 444 1206 476 quas
1229 433 1455 467 beneficiorum
1480 438 1606 476 spectat
1628 434 1762 466 collacio
1785 445 1860 466 con-

161 499 194 529 „s
213 485 419 519 ferendorum
442 495 500 527 pro
523 482 667 526 personis
690 483 834 525 ydoneis,
851 494 930 526 quas
946 483 1031 516 idem
1045 483 1251 516 Treverensis
1267 485 1525 527 archiepiscopus
1541 485 1669 518 duxerit
1684 486 1861 528 eligendas,

213 548 251 571 ao
273 535 467 570 cohercendi
490 535 629 568 rebelles
654 538 687 567 et
709 535 967 567 contradicentes
989 539 1098 567 nostra
1121 537 1312 568 auctoritate
1335 538 1425 579 regia
1449 537 1593 579 predicta
1620 537 1741 569 eisdem
1771 538 1860 580 penis

207 593 248 623 et
275 587 536 629 cohercionibus‚
566 587 682 630 quibus
711 598 771 620 nos
799 597 855 619 eos
882 587 1078 630 compellere
1108 592 1142 620 et
1168 588 1340 621 cohercere
1368 600 1534 631 possemus
1561 592 1594 621 et
1617 588 1863 631 predecessores

212 641 312 674 nostri
334 639 552 672 Romanorum
576 649 672 681 reges
695 642 728 671 et
750 639 964 681 imperatores
985 639 1017 671 in
1041 639 1258 672 consimilibus
1273 640 1399 672 casibus
1414 641 1586 673 cohercere
1611 646 1644 673 et
1666 640 1862 683 compellere

206 694 465 727 consveverunt.
553 690 591 722 In
614 691 703 723 cuius
725 691 772 723 rei
797 690 996 723 evidenciam
1015 695 1196 732 presentem
1213 691 1351 724 litteram
1369 691 1524 723 conscribi
1540 692 1689 724 iussimus
1709 696 1742 723 et
1756 691 1861 734 sigillo

170 757 196 778 ιο
206 743 403 788 *magestatis
425 742 514 784 regie
538 743 738 775 communiri.

161 831 163 834 ,
320 795 395 828 Dat.
411 795 443 827 in
460 793 606 836 colonia,
623 798 737 836 quarto
753 793 783 826 N
786 804 835 827 cn.
855 792 1055 833 Decembris,
1071 803 1154 826 anno
1170 793 1287 826 Christi
1303 793 1473 826 millesimo
1490 794 1714 825 trecentesimo
1731 798 1861 836 quarto·

203 847 349 890 decime,
373 846 465 889 regni
486 842 563 878 vero
586 846 686 878 nostri
709 856 792 878 anno
816 845 930 888 primo.

464 976 547 1013 158.
588 976 815 1022 Confirmatio
837 976 1011 1023 privilegii
1036 977 1078 1012 de
1102 987 1170 1012 non
1197 977 1378 1012 evocando.
1482 976 1564 1012 Dec
1581 979 1617 1012 2.

161 1081 170 1094 ,
327 1050 507 1094 Oriqinalia
529 1051 592 1084 duo
618 1054 632 1085 1
658 1053 688 1083 et
709 1052 728 1083 2
752 1051 866 1083 ibidem
889 1050 908 1084 l.
930 1062 955 1083 c.
977 1062 1027 1083 nr.
1051 1051 1114 1083 116
1136 1053 1164 1083 et
1187 1052 1259 1084 117.
1308 1051 1448 1085 Contulit
1470 1051 1510 1084 R.
1527 1051 1675 1084 Ia'c'dicke.
1721 1051 1862 1084 Pendent

170 1118 195 1140 u
204 1106 391 1148 fraumenta
414 1103 581 1144 utriusque
602 1102 700 1144 siyilli
720 1102 786 1143 fiilis
807 1103 917 1136 sericis
938 1103 1027 1135 rubei
1048 1102 1186 1144 flavique
1208 1103 1327 1136 coloris.

319 1164 464 1203 Belin-er,
487 1163 564 1205 Rey.
580 1163 693 1196 Ludw.
712 1174 747 1205 p.
762 1164 786 1195 2
807 1174 858 1197 nr.
875 1165 927 1196 17.

323 1226 411 1267 Quae
438 1224 631 1257 concordant
663 1234 734 1256 cum
763 1224 1019 1257 Promissionum
1051 1234 1151 1266 supra
1183 1235 1233 1256 nr.
1256 1224 1298 1256 63
1329 1235 1398 1264 cap.
1421 1227 1474 1262 16,
1507 1235 1545 1256 ea
1574 1225 1658 1266 typis
1688 1223 1863 1256 minonbue

211 1287 345 1311 amsa
366 1279 453 1311 sunt.

319 1358 531 1396 Ludo'wious·
555 1361 619 1394 Dei
634 1362 743 1404 gracia
759 1362 979 1394 Romanorum
1005 1373 1063 1394 rex
1086 1373 1215 1405 semper
1237 1367 1391 1406 augustus
1456 1362 1611 1394 universis
1627 1362 1707 1394 sacri
1723 1362 1860 1394 Romani

169 1411 196 1448 so
212 1415 340 1459 imperii
363 1414 513 1447 fidelibus
601 1413 743 1455 graciam
767 1424 856 1446 suam
881 1417 914 1447 et
937 1425 1031 1447 omne
1055 1414 1183 1447 bonum.

322 1466 482 1504 Quoniam
504 1465 649 1509 regalem
673 1465 768 1497 decet
791 1466 1010 1498 celsitudinem
1034 1466 1179 1498 subditos
1202 1476 1275 1498 suos
1299 1465 1459 1508 quoslibet
1482 1464 1698 1497 benemeritos
1714 1475 1860 1497 remune-

206 1513 286 1552 rare
310 1521 344 1551 et
367 1517 535 1560 condignis
558 1518 675 1559 graciis
698 1521 731 1550 et
753 1517 918 1549 favoribus
942 1518 1099 1550 extollere
1129 1521 1162 1550 et
1189 1517 1373 1560 specialiter
1395 1516 1548 1548 ecclesias
1572 1521 1605 1548 et
1627 1516 1860 1549 ecclesiasticas

205 1571 385 1614 personas,
415 1579 479 1612 que
508 1570 706 1612 principatus
732 1570 834 1601 titulis
861 1572 934 1601 sunt
962 1569 1084 1602 honore
1112 1573 1145 1601 et
1172 1570 1299 1601 nomine
1326 1569 1491 1610 insignite,
1522 1568 1595 1600 hinc
1623 1572 1672 1599 est
1695 1568 1779 1610 quod
1803 1579 1860 1600 nos

162 1616 165 1622 ’
207 1619 419 1654 ¹attendentes
447 1624 541 1664 grata
574 1624 608 1653 et
637 1621 800 1653 fructuosa
829 1620 997 1664 obsequia,
1026 1632 1088 1663 que
1119 1621 1210 1653 nobis
1238 1624 1271 1653 et
1303 1621 1438 1663 imperio
1460 1620 1653 1652 venerabilis
1676 1619 1861 1662 Balduynus

170 1686 197 1708 as
214 1672 423 1706 Treverensis
453 1672 714 1715 archiepiscopus
741 1673 892 1715 princeps
923 1676 1032 1704 noster
1055 1672 1190 1704 dilectus
1213 1672 1363 1714 gravibus
1385 1671 1548 1704 laboribus
1572 1675 1604 1703 et
1626 1672 1775 1714 expensis
1798 1672 1861 1703 iam

215 1723 335 1757 dudum
371 1723 519 1757 exhibuit
553 1727 586 1756 et
619 1724 725 1756 adhuc
758 1724 891 1756 cottidie
925 1724 1083 1766 impendit
1119 1735 1242 1756 necnon
1275 1724 1461 1766 impendere
1495 1724 1613 1765 poterit
1645 1723 1676 1755 in
1709 1723 1860 1763 futurum,

214 1777 360 1809 volentes
395 1775 502 1808 eidem
538 1779 571 1807 et
605 1775 741 1808 ecclesie
774 1786 831 1808 sue
865 1786 923 1818 pro
953 1776 1106 1818 predictis
1135 1775 1248 1819 dignas
1277 1775 1415 1808 reddere
1445 1775 1671 1807 retributiones
1682 1776 1703 1814 ¹,
1732 1779 1860 1807 dictum
1874 1776 1906 1791 '²¹‘

216 1827 450 1861 Treverensem
473 1831 726 1867 archiepiscopum,
749 1832 859 1860 nobiles
882 1834 912 1859 et
935 1832 1074 1865 vasallos,
1099 1834 1254 1860 castrenses
1284 1834 1313 1859 et
1335 1831 1542 1863 ministeriales,
1566 1831 1649 1863 cives,
1673 1831 1809 1866 opidanos
1832 1833 1861 1858 et

160 1875 165 1886 ¹
215 1876 408 1920 quoscumque
431 1880 559 1912 subditos
583 1883 791 1912 ecclesiasticos
814 1885 844 1913 et
866 1884 1006 1912 seculares
1029 1892 1094 1912 suos
1117 1886 1146 1911 et
1169 1883 1285 1911 ecclesie
1308 1892 1357 1911 sue
1380 1883 1571 1919 promittimus
1598 1891 1788 1910 conservare
1811 1891 1862 1917 per

171 1945 198 1967 ¹⁰
216 1944 326 1964 sacrum
349 1935 500 1971 imperium
523 1936 553 1963 et
575 1935 661 1963 tueri
683 1935 713 1963 in
736 1935 926 1970 libertatibus,
948 1936 1031 1964 bonis
1054 1936 1171 1964 statutis
1194 1938 1224 1964 et
1246 1935 1495 1964 consuetudinibus
1510 1935 1568 1962 suis
1589 1934 1733 1969 hucusque
1755 1933 1861 1961 habitis

216 1996 267 2024 por
296 1997 344 2017 ecs
372 1989 402 2016 et
428 1987 552 2015 usitatis.
603 1986 641 2014 Et
667 1987 744 2022 quod
774 1988 883 2016 nullum
913 1998 947 2016 ex
976 1988 1122 2024 promissis
1149 1988 1186 2015 ad
1215 1987 1349 2015 iudicium
1376 1987 1452 2015 curie
1481 1989 1577 2014 nostre
1604 1984 1782 2014 evocabimns
1809 1993 1862 2012 neo

216 2039 329 2068 evocari
350 2039 559 2075 permittemus.
583 2047 668 2074 quam
690 2039 739 2067 diu
762 2039 942 2068 Treverensis
964 2039 1192 2074 archiepiscopus
1215 2040 1331 2074 paratus
1360 2038 1446 2066 fuerit
1468 2039 1560 2066 facere
1583 2035 1803 2072 querelantibus
1826 2035 1861 2063 de

216 2090 257 2129 eis
279 2090 392 2119 iusticie
416 2091 663 2126 complementum.
707 2087 928 2119 Decernentes
957 2096 1082 2118 exnunc
1109 2086 1232 2118 irritum
1261 2089 1294 2118 et
1315 2086 1426 2125 inane,
1454 2084 1627 2127 quiequidb
1654 2086 1764 2115 contra
1786 2092 1860 2125 pre-

158 2135 166 2150 ”
214 2138 312 2170 missa
334 2137 387 2170 vel
409 2137 542 2180 aliquod
565 2138 793 2180 premissorum
821 2138 887 2171 ullo
914 2148 1067 2180 umquam
1096 2142 1240 2179 tempore
1270 2137 1366 2169 fuerit
1388 2140 1624 2178 attemptatum.
1713 2135 1750 2166 In
1772 2135 1862 2166 cuius

171 2188 264 2226 arrei
284 2190 507 2222 testimonium
530 2193 696 2232 presentes
718 2190 842 2222 litteras
866 2190 972 2232 sigillo
994 2193 1102 2221 nostre
1124 2189 1303 2221 maiestatis
1326 2188 1481 2220 tradimus
1503 2187 1723 2220 communitas.

323 2241 445 2274 Datum
475 2241 656 2283 Gelonos),
683 2246 796 2285 quarto
823 2242 906 2274 Non.
930 2241 1134 2282 Decembris,
1165 2251 1248 2273 anno
1278 2239 1409 2272 Domini
1438 2239 1609 2271 millesimo
1638 2238 1861 2270 trecentesimo

216 2293 470 2337 quartodecimo,
494 2294 586 2335 regni
608 2303 685 2326 vero
707 2294 807 2326 nostri
830 2304 914 2326 anno
936 2294 1050 2336 primo.

493 2462 496 2465 ,
534 2425 616 2462 159.
657 2426 882 2471 Confirmatio
902 2425 1165 2472 privilegiorum
1194 2424 1316 2460 altera.
1421 2424 1505 2460 Dec.
1525 2424 1560 2458 3.

325 2499 352 2532 Ο
367 2523 374 2531 .
397 2509 437 2531 eu
459 2509 499 2531 ra
521 2509 572 2531 nr.
589 2499 661 2531 154.

170 2568 199 2590 ιο
325 2498 490 2596 Οζίρίκίῑο
514 2555 589 2599 (cr.)
612 2555 725 2588 ibidem
747 2555 767 2589 Ζ.
783 2566 808 2588 e.
834 2566 882 2588 nr.
899 2556 972 2588 328.
1026 2554 1166 2588 Contulit
1189 2554 1229 2586 R.
1247 2553 1393 2586 Lt'a'dicke.
1444 2552 1562 2584 Pendet
1584 2551 1719 2593 siyillnm
1742 2551 1859 2583 Ζαωκηι

163 2651 166 2655 ⁴
215 2604 284 2646 filis
315 2607 426 2639 sevicie
458 2607 549 2640 rubei
580 2606 718 2648 flavique
749 2607 870 2640 coloris.
938 2607 981 2639 In
1013 2617 1099 2639 verso
1135 2606 1296 2647 loquutur.-
1336 2605 1510 2647 Privilegia
1544 2614 1696 2636 concessa
1731 2603 1860 2635 domino

159 2655 177 2667 ''
215 2655 430 2701 Bal(dewino)
461 2658 504 2691 ad
519 2659 618 2691 vitam
634 2659 678 2691 11.
716 2658 798 2692 Lud.
814 2658 907 2691 Bald.
931 2677 972 2682 —
995 2658 1037 2691 In
1053 2658 1195 2695 editione,
1218 2667 1314 2698 quam
1332 2657 1462 2697 paravit
1478 2655 1687 2687 Hontltemius
1703 2654 1861 2686 ‘Historia

321 2747 388 2776 158.
417 2747 442 2783 Ι)
460 2749 614 2776 Ludewicus
631 2749 656 2776 2.
742 2748 768 2783 1θ)
786 2750 911 2783 quidquid
929 2749 954 2775 2.

321 2815 347 2851 1)
367 2816 410 2851 Of.
428 2824 558 2853 orengam
575 2825 660 2852 supra
677 2825 720 2844 nr.
734 2822 786 2845 164.

1874 294 1892 309 ev
1905 292 1938 311 lu.

1874 1799 1937 1818 &16-
