2190 3172
204 732 231 753 10

204 991 228 1011 1}

200 1509 225 1529 25

193 2284 226 2304 ⁴0

528 172 623 201 ACTA
642 172 757 201 REGNI
774 173 959 202 LUDEWICI
979 174 1024 202 Ν.
1046 174 1090 203 ΕΤ
1109 174 1294 203 Fami-:3101
1313 174 1362 203 111.
1400 175 1474 203 1316.
1511 175 1560 204 Nr.
1573 176 1632 204 376.
1846 180 1908 211 317

250 258 426 301 aliqualem
449 260 582 292 tristicie
606 270 736 292 causam
759 260 881 302 intulit,
916 261 991 304 quia
1021 262 1047 293 si
1075 262 1250 304 placuisset
1277 266 1310 294 et
1332 262 1483 302 Domino,
1514 262 1555 295 de
1583 263 1707 295 aviticis
1736 264 1848 296 fuisset
1876 271 1908 297 et

251 311 347 351 votis,
377 315 412 344 ut
435 322 509 344 eum
532 311 718 344 Altissimus
741 311 867 345 dierum
890 312 1091 355 longitudine
1114 313 1315 356 replevisset.
1361 313 1524 348 Instanter
1545 318 1654 346 autem
1679 314 1808 357 placida
1831 326 1906 347 con-

250 362 422 395 solacionis
444 373 502 394 nos
523 363 676 395 excitavit
691 363 828 395 materia
851 363 1051 396 confidenter
1066 364 1236 406 habentes,
1259 368 1294 397 ut
1317 365 1371 407 qui
1391 366 1455 397 iam
1472 375 1528 397 vos
1545 369 1577 398 et
1600 365 1719 398 dictam
1736 368 1906 409 coniugem

251 417 392 446 vestram
414 414 447 446 in
470 414 514 446 sic
537 415 628 447 annis
650 416 771 447 teneris
799 416 915 448 florere
943 416 1042 458 prolis
1065 412 1248 448 huiusmodi
1276 416 1382 449 fructu
1412 415 1504 458 fecit,
1537 428 1578 450 ex
1610 418 1769 450 ambobus
1798 420 1906 451 multi-

250 465 370 507 plicata
392 466 501 508 gracia
525 466 605 498 alios
628 465 783 510 prodi[re]
807 471 840 499 et
863 468 1046 509 germinare
1070 468 1168 500 faciet
1195 468 1237 500 ad
1260 467 1390 501 laudem
1415 472 1447 501 et
1469 469 1607 511 gloriam
1631 469 1818 502 Salvatoris.
1856 471 1906 503 De

249 520 335 549 statu
358 521 468 550 autem
491 521 598 550 vestro
622 521 655 550 et
678 517 763 550 dicte
786 518 955 551 karissime
979 522 1055 552 nate
1078 522 1201 560 nostre,
1233 529 1330 562 quem
1357 520 1552 553 incolumem
1575 520 1747 552 intimastis
1774 525 1806 553 et
1830 532 1905 564 pro-

249 578 395 611 sperum,
429 568 546 601 fuimus
578 569 721 602 novitate
750 569 861 612 gaudii
890 571 1046 603 renovati.
1139 572 1186 612 (3)
1214 570 1265 603 De
1295 571 1482 613 significatis
1510 582 1588 604 vero
1618 573 1780 605 exercitus
1807 575 1905 606 vestri

248 620 451 663 processibus
478 623 589 652 contra
618 621 727 653 hostes
756 621 916 664 sperando
944 622 1103 664 proficere
1131 626 1243 655 contra
1271 633 1344 664 eos,
1374 634 1433 655 nos
1461 624 1678 666 prosperitate
1704 625 1905 666 agendorum

248 675 428 704 vestrorum
451 672 553 705 veluti
574 672 736 705 karissimi
758 673 817 705 filii
840 674 959 715 iugiter
981 673 1184 712 affectantes,
1208 674 1250 706 ab
1273 674 1339 707 alto
1360 676 1499 717 petimus
1522 676 1554 707 in
1570 677 1693 708 cunctis
1709 687 1765 708 vos
1781 677 1906 709 actibus

250 720 388 756 feliciter
410 724 594 766 prosperari
624 727 657 757 et
683 728 910 767 prosperatum
938 725 1006 768 iugi
1035 726 1241 768 proteccione
1264 726 1386 759 fovere.
1475 727 1524 768 (4)
1547 727 1600 759 Ad
1622 727 1672 767 id,
1696 728 1737 760 de
1761 739 1825 771 quo
1848 739 1906 761 nos

247 778 353 808 certos
374 774 496 807 fecistis
518 776 551 807 in
570 775 678 808 littera
694 775 850 819 predicta,
875 776 962 819 quod
978 777 1158 819 preclaram
1174 777 1360 810 Caterinam
1376 788 1520 810 sororem
1536 782 1677 811 vestram
1699 781 1783 812 sicut
1804 780 1904 813 filiam

247 826 401 859 dilectam
423 837 443 859 a
465 827 557 859 vobis
580 827 689 860 inclito
713 827 834 860 Karolo
859 828 933 861 duci
955 828 1107 861 Calabris
1130 828 1261 861 illustris
1287 829 1373 871 regis
1395 829 1532 862 Roberti
1554 831 1770 873 primogenito
1793 834 1904 865 matri-

246 879 379 911 moniali
407 878 520 911 federe
550 879 724 921 copulastis
753 879 879 922 hocque
907 879 999 912 nobis
1026 880 1158 912 minime
1186 879 1386 923 displiceret,
1421 882 1497 924 quia
1530 882 1614 914 inter
1641 882 1761 915 dictum
1792 894 1903 927 regem

245 929 426 963 Robertum
457 934 491 963 et
517 930 673 963 illustrem
701 930 910 963 Frederiemn
939 941 1051 973 regem
1081 931 1190 964 Sicilie
1220 932 1424 965 karissimum
1459 933 1592 966 fratrem
1624 939 1768 967 nostrum
1795 937 1904 979 vigent

246 981 408 1015 discordie
432 985 466 1015 et
488 986 622 1015 actenus
644 983 789 1025 viguere,
813 993 886 1015 cum
909 982 1050 1015 credatis
1073 983 1160 1026 quod
1183 984 1424 1016 matrimonium
1446 985 1553 1026 ipsum
1568 985 1660 1018 vobis
1676 987 1760 1019 viam
1783 987 1904 1020 debeat

247 1035 389 1076 aperire,
418 1037 454 1066 ut
476 1044 574 1076 super
596 1034 657 1066 hiis
681 1034 932 1067 dissensionibus
956 1045 1027 1068 esse
1051 1035 1200 1068 debeatis
1230 1046 1290 1078 pro
1313 1037 1479 1079 utriusque
1502 1041 1578 1069 voto
1602 1038 1738 1070 idoneus
1761 1043 1794 1072 et
1816 1039 1903 1072 utilis

245 1085 415 1127 mediator,
492 1087 658 1118 serenitati
674 1090 782 1118 vestre
805 1095 902 1129 super
917 1087 979 1119 hoc
994 1087 1038 1119 sic
1054 1086 1201 1119 ducimus
1216 1087 1487 1130 respondendum,
1511 1088 1599 1131 quod
1615 1095 1798 1132 perspecto,
1822 1102 1902 1134 qua-

245 1136 319 1170 liter
333 1136 448 1170 domus
464 1141 571 1170 vestra
586 1141 759 1180 nostraque
779 1142 852 1170 sunt
873 1138 1071 1171 indisolubili
1092 1139 1244 1171 firmitate
1268 1140 1439 1172 coniuncte
1462 1141 1631 1183 equaliter,
1655 1141 1722 1174 dux
1739 1142 1903 1185 predictus

245 1192 354 1222 nostre
382 1191 500 1222 sororis
529 1189 614 1222 filius
642 1193 752 1222 noster
782 1193 834 1223 est
859 1190 1049 1224 karissimus
1071 1201 1173 1233 nepos
1209 1194 1243 1223 et
1268 1195 1466 1224 memoratus
1499 1202 1558 1224 rex
1580 1192 1743 1226 Robertus
1770 1198 1804 1227 et
1832 1206 1902 1236 nos,

245 1244 366 1284 quanta
381 1252 491 1274 sumus
513 1245 550 1273 ut
564 1241 652 1274 scitis
667 1241 825 1274 affinitate
841 1242 990 1284 connexi,
1013 1251 1056 1274 ex
1079 1253 1143 1285 qua
1162 1253 1222 1274 nos
1238 1253 1312 1275 eum
1329 1243 1487 1276 habemus
1509 1245 1541 1275 in
1557 1243 1701 1285 fratrem,
1724 1246 1902 1288 coniugalis

244 1292 305 1325 hec
333 1293 496 1335 copulatio
525 1293 738 1335 beneplacitis
760 1293 877 1325 nostris
903 1293 1145 1336 displicenciam
1174 1304 1240 1327 non
1269 1294 1408 1335 inducit,
1438 1296 1515 1338 quin
1537 1295 1603 1328 imo
1634 1306 1707 1328 eam
1739 1297 1901 1339 placidam

243 1344 416 1387 plurimmn
442 1345 584 1387 gerimus
615 1347 713 1387 atque
741 1347 879 1387 gratam.
930 1345 1025 1378 Licet
1058 1346 1143 1378 enim
1176 1356 1249 1378 nos
1271 1349 1405 1379 actenus
1438 1347 1523 1379 inter
1554 1352 1753 1380 memoratos
1787 1359 1899 1391 regem

243 1395 424 1429 Robertum
452 1400 485 1429 et
511 1406 625 1439 regem
647 1396 856 1430 Fredericum
883 1407 943 1439 pro
966 1397 1193 1430 confirmandis
1227 1398 1273 1430 eis
1307 1398 1350 1430 ad
1377 1409 1492 1440 pacem
1520 1410 1653 1442 operam
1676 1400 1901 1443 prebuerimus

245 1447 426 1488 efficacem,
461 1448 549 1490 quod
574 1458 678 1490 usque
701 1458 784 1480 nunc
807 1448 992 1481 ineffectum
1017 1451 1081 1490 est,
1115 1449 1310 1482 arbitramur
1331 1460 1434 1492 acque
1458 1451 1662 1492 confidimus,
1696 1455 1732 1484 ut
1761 1463 1813 1484 res
1840 1453 1900 1485 hec

244 1500 359 1532 vestris
382 1498 687 1544 interces[s]ionibus
710 1510 814 1542 acque
838 1501 953 1532 nostris
977 1511 1106 1533 causam
1134 1501 1271 1543 prebeat
1305 1506 1339 1534 et
1364 1502 1450 1534 viam
1485 1503 1604 1545 dirigat
1630 1502 1673 1535 ad
1699 1503 1901 1537 reducendos

243 1555 439 1584 memoratos
469 1552 630 1594 principes
657 1553 689 1584 in
717 1553 866 1584 semitam
894 1553 984 1595 pacis
1017 1555 1051 1585 et
1078 1553 1250 1585 concordie
1273 1555 1428 1586 resecatis
1451 1565 1640 1596 guerrarum
1664 1555 1900 1588 discriminibus

242 1603 325 1635 intra
348 1613 414 1636 eos.
453 1603 558 1646 Super
573 1614 637 1646 quo
660 1607 696 1636 ut
719 1607 934 1646 opportunum
950 1604 1104 1636 videbitis
1127 1609 1160 1637 et
1183 1606 1402 1647 cogitaciones
1425 1616 1463 1638 ac
1487 1608 1699 1648 operaciones
1723 1608 1900 1641 extendere

242 1654 372 1697 placeat
394 1655 553 1688 efficaces.
635 1657 680 1696 (5)
703 1655 758 1688 Ad
780 1655 929 1688 ultimum
952 1657 984 1687 in
1007 1657 1116 1688 littera
1134 1659 1241 1689 vestra
1256 1658 1482 1700 conscriptum,
1506 1662 1541 1690 ut
1563 1659 1774 1692 incontinenti
1790 1664 1900 1692 creato

243 1717 368 1739 summo
396 1707 547 1750 pontifice
579 1707 667 1750 apud
701 1707 792 1739 illum
821 1707 978 1740 vellemus
1006 1709 1231 1750 promociones
1258 1713 1382 1741 vestras
1417 1709 1539 1742 utiliter
1572 1721 1759 1753 procurare,
1794 1716 1900 1745 vestre

243 1759 486 1801 magnificencie
509 1758 756 1801 respondemus,
786 1758 872 1801 quod
900 1759 1012 1791 habita
1036 1770 1139 1803 nuper
1162 1761 1397 1793 certificacione
1421 1761 1462 1793 de
1486 1773 1570 1794 nova
1591 1764 1760 1795 creacione
1783 1765 1900 1796 summi

242 1811 411 1853 pontilicis,
435 1810 476 1843 de
500 1821 564 1854 qua
587 1815 706 1843 extunc
728 1821 785 1843 vos
808 1810 970 1843 credimus
993 1812 1212 1853 informatum,
1235 1813 1380 1845 misimus
1402 1813 1600 1856 sollempnes
1622 1816 1756 1847 nuncios
1774 1819 1901 1848 nostros

242 1862 285 1894 ad
308 1863 376 1895 eius
399 1863 610 1906 presenciam,
633 1861 740 1906 [quo]s
763 1873 821 1905 pro
845 1864 989 1906 negociis
1004 1865 1118 1896 vestris
1141 1863 1279 1896 feliciter
1295 1864 1472 1907 dirigendis
1492 1866 1739 1909 assistendoque
1755 1868 1899 1907 consilio,

242 1914 362 1947 auxilio
394 1918 427 1947 et
454 1914 566 1947 favore
590 1916 704 1947 vestris
733 1914 1025 1956 ambaxiatoribus‚
1060 1926 1142 1958 quos
1169 1926 1226 1948 vos
1254 1917 1379 1948 misisse
1402 1917 1454 1949 vel
1480 1918 1652 1950 missurum
1680 1919 1829 1960 proxime
1857 1919 1900 1951 ad

241 1965 422 1998 Romanam
439 1966 560 1998 curiam
576 1966 780 2009 arbitramur,
796 1967 982 2009 specialiter
998 1971 1031 1999 et
1047 1978 1201 2009 expresse
1218 1967 1370 2000 duximus
1385 1968 1615 2001 informandos.
1682 1971 1730 2011 (6)
1750 1970 1900 2014 Denique

241 2028 300 2060 pro
323 2019 458 2061 negocio
482 2018 578 2051 electi
601 2019 634 2050 in
657 2019 844 2061 episcopum
861 2018 997 2051 ecclesie
1013 2019 1289 2062 Herbipolensis·‚
1313 2030 1372 2062 pro
1395 2031 1459 2063 quo
1482 2031 1540 2053 vos
1554 2021 1713 2053 intencius
1730 2023 1900 2064 rogavistis

241 2069 274 2101 in
295 2068 444 2102 Romana
468 2070 556 2102 curia
580 2071 812 2112 promovendo,
836 2071 1047 2103 intercessum
1070 2075 1214 2103 nostrum
1237 2071 1488 2114 interposuimus
1511 2083 1614 2115 acque
1630 2074 1770 2106 intentas
1786 2085 1900 2116 preces

242 2120 328 2163 apud
351 2122 546 2154 reverendos
570 2126 680 2164 patres
703 2122 853 2155 dominos
867 2122 1048 2155 cardinales
1063 2123 1185 2154 amicos
1207 2126 1344 2164 nostros,
1367 2127 1463 2165 prout
1478 2124 1616 2156 vidimus
1631 2126 1768 2167 negocio
1791 2126 1900 2158 utilius

243 2172 408 2214 expedire.
503 2174 551 2217 (7)
575 2174 660 2207 Sane
689 2176 766 2217 quia
793 2174 833 2207 de
866 2177 952 2206 statu
980 2178 1089 2207 nostro
1117 2175 1289 2207 cerciorari
1316 2176 1474 2208 continuis
1497 2177 1716 2209 voluntatibus
1739 2178 1899 2219 afectatis,

242 2224 519 2266 magnificenciam
542 2230 682 2259 vestram
706 2227 840 2259 facimus
863 2230 1001 2267 certam,
1026 2226 1113 2268 quod
1139 2227 1280 2259 faciente
1304 2226 1460 2259 bonorum
1484 2229 1626 2261 omnium
1650 2228 1818 2262 Donatore
1842 2241 1900 2262 nos

242 2279 306 2308 una
328 2286 401 2309 cum
423 2280 492 2310 tota
515 2277 612 2310 domo
636 2281 745 2311 nostra
768 2278 946 2310 incolumes
969 2279 1105 2310 vivimus
1133 2282 1166 2310 et
1189 2289 1362 2321 regnorum
1385 2283 1566 2312 nostrorum
1590 2282 1738 2323 regimini
1763 2282 1900 2314 feliciter

241 2327 457 2369 presidemus,
490 2334 661 2372 precantes
690 2333 849 2373 quatenus
881 2329 921 2362 de
950 2332 1052 2362 status
1080 2331 1178 2362 vestri
1204 2331 1419 2373 prosperitate
1449 2342 1508 2363 nos
1535 2332 1617 2364 scire
1647 2333 1760 2365 avidos
1789 2335 1897 2376 sepius

206 2387 208 2390 ·
242 2378 429 2412 informetis.

197 2654 222 2673 ⁴5

348 2431 468 2464 Datum
492 2432 610 2474 Ilerde,
633 2433 728 2466 XIII.
746 2434 916 2467 Kalendas
940 2434 1100 2476 Octobris,
1124 2445 1208 2467 anno
1231 2435 1362 2467 Domini
1385 2434 1597 2468 MGCCXVI.

755 2495 940 2528 Bernardus
964 2495 1004 2528 de
1029 2496 1196 2528 Aversone
1222 2495 1402 2536 m(andato)
1426 2496 1540 2538 r(egis)
1566 2500 1599 2528 et
1622 2495 1682 2528 fuit
1705 2497 1734 2528 ei
1759 2497 1854 2528 lecta.

346 2648 412 2678 876.
439 2651 463 2683 Ι)
482 2652 689 2686 Herbispolensis
706 2653 744 2680 sd.
