2184 3126
152 771 178 791 1⁰

152 1029 176 1049 15

150 1661 175 1682 2³

150 2587 176 2606 ⁴0

392 211 488 240 ACTA
506 211 620 240 REGNI
637 210 820 239 LUDEWICI
839 210 885 238 lV.
904 210 950 238 m*
968 208 1153 238 mesmlcl
1171 208 1221 237 111.
1257 208 1332 237 1824.
1369 208 1417 235 Νι.
1430 207 1489 237 939.
1507 208 1567 236 940.
1585 209 1645 237 ⁹41.
1784 211 1846 241 777

302 298 495 330 Ludowicus
517 298 580 330 Dei
602 298 707 340 gratia
728 297 948 330 Romanorum
972 306 1030 329 rex
1058 306 1187 338 semper
1213 298 1368 338 augustus
1479 294 1691 337 prudentibus
1714 295 1790 327 viris
1814 320 1821 327 .
1839 320 1847 328 .

193 348 378 382 consulibus
404 352 437 382 et
464 349 662 381 universitati
690 349 806 381 civium
829 348 920 381 Nove
949 349 1087 380 civitatis
1115 349 1147 380 in
1170 346 1451 388 Brandemburch,
1483 346 1634 379 fidelibus
1657 347 1723 379 suis
1745 346 1846 379 dilec-

194 401 235 432 tis
322 401 459 443 gratiam
481 410 571 433 suam
595 404 629 433 et
651 410 746 433 omne
769 400 898 432 bonum.

303 451 409 494 Regia
430 452 652 484 munificencia
674 453 750 485 licet
773 451 920 484 omnibus
942 461 1013 483 esse
1037 450 1247 483 consweverit
1269 449 1422 490 liberalis,
1445 450 1517 482 illos
1540 454 1648 482 tamen
1671 450 1848 492 graciosius

194 503 399 546 amplectitur
421 506 456 536 et
478 503 588 536 favore
612 503 816 546 prosequitur
838 502 1001 545 ampliori,
1025 512 1105 545 quos
1128 501 1206 542 fide,
1236 501 1413 534 devocione
1445 504 1478 534 et
1507 502 1614 544 operis
1642 500 1848 534 exhibicione

195 554 256 587 sibi
290 554 360 587 fore
395 555 551 597 conspicit
582 555 811 597 prompciores.
870 553 1090 587 Oonsideratis
1123 554 1220 596 igitur
1252 553 1416 585 fidelitatis
1450 556 1483 585 et
1521 553 1708 585 devocionis
1740 557 1847 586 vestre

194 606 331 647 meritis,
359 606 515 648 porrectis
542 605 634 638 nobis
661 606 774 638 vestris
801 604 1014 648 peticionibus
1040 604 1280 637 benivolencius
1306 608 1498 644 annuentes,
1526 604 1625 637 nostri
1652 614 1691 636 ac
1717 604 1849 637 illustris

193 656 360 689 Ludowici
382 657 575 690 marchionis
591 656 924 699 Brandemburgensis
946 656 1151 699 primogeniti
1174 659 1208 688 et
1230 656 1382 698 principis
1403 657 1503 688 nostri
1525 656 1685 688 karissimi
1708 657 1848 698 nomine,

194 709 244 741 cui
259 718 317 741 vos
339 707 456 741 devote
480 711 513 741 et
535 708 699 741 humiliter
721 708 917 749 subdidistis,
940 708 1048 740 omnia
1070 708 1250 750 privilegia,
1273 707 1450 748 libertates,
1473 708 1544 740 iura
1567 711 1602 740 et
1622 709 1742 751 scripta
1764 709 1848 740 anti-

197 759 304 802 quitus
334 770 353 791 a
379 759 565 792 marchione
588 759 801 792 Woldemaro
836 762 870 792 et
894 758 1054 802 prioribus
1081 758 1319 791 marchionibus
1348 759 1728 802 Brandemburgensibus
1756 760 1848 792 vobis

194 810 313 843 tradita
337 814 370 843 et
392 821 554 852 concessa,
577 811 660 843 sicut
682 821 722 844 ea
743 810 982 844 racionabiliter
1003 813 1077 842 sunt
1098 810 1216 842 tradita
1239 813 1273 842 et
1295 820 1458 852 concessa,
1481 810 1708 853 approbamus,
1732 812 1847 844 confir-

194 872 320 895 mamus
351 866 384 895 et
414 862 617 904 presentibus
646 863 759 895 litteris
788 863 984 895 innovamus.
1041 861 1093 894 Ad
1123 861 1184 894 hec
1213 860 1431 903 declaramus,
1467 862 1640 895 diffinimus
1670 873 1708 895 ac
1736 866 1847 895 notum

194 913 328 946 facimus
350 915 520 954 universis,
548 913 635 956 quod
659 924 714 946 vos
741 924 779 946 ac
807 913 919 946 civitas
946 915 1053 946 vestra
1080 922 1153 945 cum
1181 913 1439 955 contingentibus
1466 923 1628 946 murorum
1658 914 1792 946 edificiis
1815 919 1849 948 et

194 968 262 998 toto
286 975 343 998 suo
367 965 492 998 ambitu
514 969 611 1008 atque
635 965 733 998 fundo
756 975 777 998 a
798 965 885 998 nullo
908 965 1052 1008 principe
1077 965 1310 1004 ecclesiastico,
1333 964 1594 1007 archiepiscopo,
1621 966 1774 1008 episcopo
1797 967 1847 999 vel

194 1016 354 1049 inferioris
376 1016 496 1059 gradus
518 1017 643 1059 prelato
665 1017 716 1049 vel
739 1027 877 1059 persona
899 1026 960 1049 nec
983 1017 1087 1048 eciam
1110 1016 1257 1057 seculari,
1280 1026 1369 1059 rege,
1393 1016 1474 1049 duce
1490 1017 1541 1048 vel
1564 1016 1724 1049 inferioris
1746 1021 1848 1050 status

195 1068 323 1109 comite,
347 1067 477 1100 domino
492 1068 544 1100 vel
567 1068 688 1100 barone
711 1068 743 1100 in
765 1067 897 1101 feodum
913 1066 1118 1108 descenditis,
1141 1066 1199 1099 sed
1215 1066 1391 1100 inmediate
1406 1067 1447 1100 ad
1463 1068 1545 1100 sacri
1560 1067 1699 1101 Romani
1722 1069 1848 1111 imperii

195 1123 228 1152 et
251 1130 364 1162 regum
387 1130 424 1152 ac
446 1120 625 1162 principum
649 1119 858 1152 collacionem
881 1123 915 1151 et
937 1119 1069 1152 feodum
1092 1118 1268 1161 pertinetis.
1357 1118 1395 1150 In
1423 1129 1560 1161 quorum
1587 1120 1730 1152 omnium
1756 1121 1847 1153 testi-

195 1171 337 1203 monium
360 1174 527 1213 presentes
549 1171 640 1203 vobis
663 1171 810 1204 dedimus
833 1174 866 1203 et
888 1171 994 1213 sigillo
1016 1171 1194 1202 maiestatis
1215 1173 1323 1202 nostre
1346 1170 1495 1202 iussimus
1518 1171 1718 1203 communiri.

302 1230 377 1264 Dat.
405 1232 437 1263 in
464 1231 715 1271 Franchenfurt,
749 1231 806 1263 VI.
829 1230 995 1263 Kalendas
1021 1230 1111 1272 Iulii,
1145 1240 1228 1263 anno
1255 1229 1385 1262 Domini
1422 1230 1592 1263 millesimo
1621 1232 1847 1264 trecentesimo

194 1283 346 1315 vicesimo
369 1286 494 1325 quarto,
518 1283 609 1325 regni
632 1292 709 1315 vero
732 1283 831 1315 nostri
854 1293 938 1314 anno
961 1282 1097 1315 decimo.

410 1413 495 1450 940.
535 1413 690 1450 Litterae
714 1413 937 1450 credentiales
962 1415 1035 1458 reqi
1062 1413 1200 1448 Daniae
1226 1414 1360 1449 missae.
1465 1413 1546 1449 Iun.
1566 1415 1629 1450 27.

305 1486 467 1528 Oriyinale
489 1488 562 1528 (or.)
591 1487 626 1520 in
654 1487 814 1520 tabulario
836 1487 1061 1528 Meininqcnsi.
1109 1486 1251 1520 Contulit
1282 1486 1328 1519 W.
1345 1486 1505 1519 Fasslein.
1558 1486 1678 1519 Pendet
1706 1487 1846 1530 siyillum

194 1539 314 1571 laesum
337 1538 401 1571 loro
422 1538 663 1571 membranaceo.
708 1539 750 1571 In
771 1539 863 1572 dorso
885 1549 986 1571 manu
1006 1539 1072 1578 sere
1094 1548 1207 1571 coaeva
1229 1538 1349 1578 scripm
1373 1537 1538 1579 loquutur:
1566 1539 1741 1572 auctoritas
1763 1540 1846 1573 reci-

194 1589 303 1632 piendi
326 1590 496 1631 pecuniam
519 1601 539 1622 a
562 1600 639 1633 rege
662 1590 827 1623 Danorum
850 1590 980 1623 nomine
1003 1590 1097 1622 dotis.

301 1649 446 1688 Bo'hmer,
469 1648 544 1690 Rey.
562 1648 672 1681 Ludw.
693 1659 724 1689 p.
740 1650 783 1681 43
804 1659 854 1681 nr.
872 1648 944 1681 729.

301 1734 494 1767 Ludowicus
522 1734 585 1767 Dei
617 1735 727 1777 gracia
755 1733 976 1767 Romanorum
1011 1743 1070 1766 rex
1103 1744 1232 1776 semper
1261 1738 1418 1777 augustus
1518 1734 1634 1767 illustri
1668 1734 1846 1768 Cristoforo

192 1786 359 1819 Danorum
375 1787 445 1829 regi
460 1786 551 1819 fratri
566 1797 624 1819 suo
640 1786 804 1819 carissimo
891 1785 1023 1818 fraterni
1038 1786 1157 1818 amoris
1176 1788 1210 1818 et
1224 1786 1369 1818 amicicie
1393 1786 1579 1818 continuum
1601 1786 1845 1819 incrementum.

301 1837 460 1870 Dedimus
491 1842 525 1871 et
552 1837 755 1880 presentibus
783 1837 896 1869 damus
923 1836 1092 1879 spectabili
1122 1837 1190 1869 viro
1215 1837 1373 1869 Bertoldo
1405 1838 1515 1870 comiti
1542 1837 1584 1870 de
1611 1837 1847 1881 Hennemberg

193 1890 366 1922 secretario
396 1892 506 1922 nostro
533 1889 651 1922 dilecto
677 1889 813 1922 liberam
843 1889 1030 1922 facultatem
1058 1888 1189 1930 petendi
1220 1893 1254 1921 et
1283 1889 1459 1931 recipiendi
1485 1899 1505 1921 a
1533 1893 1565 1921 te
1594 1890 1765 1931 pecuniam
1793 1890 1846 1922 vel

193 1941 345 1982 pecunias
379 1940 420 1973 de
448 1941 524 1973 dote
554 1951 612 1973 seu
638 1940 815 1973 donacione
843 1943 976 1983 propter
1003 1940 1136 1982 nupcias
1165 1939 1271 1972 danda
1299 1940 1365 1972 filio
1394 1944 1502 1973 nostro
1531 1941 1646 1973 illustri
1669 1941 1845 1973 Ludowico

191 1991 370 2024 marchioni
384 1992 701 2035 Brandemburgensi
724 1995 758 2024 et
779 1992 844 2024 filie
867 1995 922 2024 tue
938 1991 1123 2034 Margarete
1145 1991 1187 2023 ad
1210 1992 1351 2034 ipsorum
1376 1992 1601 2025 necessitatem
1625 1995 1659 2024 et
1672 1992 1845 2024 utilitatem

192 2054 230 2076 ac
252 2043 457 2076 commodum
480 2046 514 2076 et
536 2043 780 2086 quomodolibet
795 2044 886 2085 alias,
909 2044 991 2076 sicut
1005 2043 1109 2075 visum
1132 2043 1191 2075 sibi
1215 2043 1322 2085 fuerit,
1346 2043 1528 2085 erogandas
1551 2047 1585 2075 et
1600 2043 1844 2076 convertendas.

190 2094 380 2128 Reddentes
396 2098 428 2127 te
445 2095 579 2137 quitum,
603 2095 741 2128 liberum
757 2098 791 2127 et
805 2094 945 2127 solutum
968 2094 1010 2127 de
1033 2094 1181 2126 omnibus
1203 2094 1263 2127 sibi
1287 2094 1370 2127 datis
1394 2099 1428 2127 et
1449 2095 1586 2136 traditis,
1610 2104 1707 2137 super
1729 2095 1846 2137 quibus

194 2146 252 2179 tibi
274 2146 398 2180 litteras
420 2157 494 2178 suas
517 2146 647 2178 duxerit
669 2147 701 2177 in
724 2146 941 2178 testimouium
964 2145 1197 2178 concedendas.

300 2205 376 2239 Dat.
400 2207 433 2238 in
455 2205 705 2246 Franchenffirt,
739 2205 778 2238 V.
801 2205 966 2238 Kalendas
993 2205 1083 2246 Iulii,
1115 2216 1199 2238 anno
1228 2205 1358 2238 Domini
1389 2205 1508 2239 MCCC
1538 2207 1690 2239 vicesimo
1720 2210 1845 2249 quarto,

194 2258 285 2300 regni
307 2259 406 2291 nostri
429 2267 512 2290 anno
537 2257 672 2290 decimo.

422 2389 510 2425 941.
550 2389 724 2435 Scriptum
748 2400 814 2434 pro
842 2388 1017 2425 comitibus
1043 2389 1084 2423 (Ie
1112 2387 1353 2434 Furstenbery.
1457 2389 1537 2425 Iun.
1556 2390 1618 2425 27.

303 2461 463 2503 Oriyinale
478 2463 551 2504 (or.)
575 2463 610 2494 in
632 2462 790 2495 tabulario
805 2462 1092 2502 Furstenberyensi.
1138 2461 1286 2502 St'qillum
1308 2461 1517 2494 desideratur.
1538 2480 1580 2486 —
1603 2461 1667 2495 Ed.
1679 2462 1845 2495 ‘Farsten-

193 2511 363 2554 beryisches
389 2512 653 2546 Urkundenbuch’
675 2514 725 2552 11,
737 2515 780 2545 82
801 2524 850 2546 nr.
865 2513 928 2544 126
949 2523 988 2545 ex
1009 2523 1055 2545 or.
1099 2512 1281 2546 Editionem
1303 2513 1480 2553 repetimus.

299 2571 443 2610 Bo'hmer,
467 2572 542 2614 Rey.
561 2572 672 2606 Dudw.
687 2583 724 2613 p.
739 2574 804 2605 356
825 2584 875 2606 nr.
890 2573 975 2604 3221
998 2573 1125 2614 (Addit.
1142 2573 1228 2615 ΙΙΙ).

299 2657 372 2690 Wir
397 2657 574 2690 Lu'dowich
601 2669 663 2691 von
686 2658 768 2691 Gots
796 2659 924 2702 gnaden
952 2658 1144 2691 Remischer
1169 2659 1306 2692 chunich
1333 2658 1372 2691 zfi
1399 2659 1485 2692 allen
1513 2660 1618 2692 zeiten
1650 2670 1757 2692 meter
1786 2660 1844 2691 des

192 2709 296 2742 riches
319 2708 375 2741 tfln
398 2709 496 2741 chunt
521 2709 607 2742 allen
633 2709 696 2742 den
720 2710 773 2742 die
796 2710 887 2742 disen
914 2709 1002 2742 brief
1025 2710 1182 2742 ansehent
1208 2710 1288 2743 oder
1321 2711 1438 2743 librent
1465 2711 1570 2752 lesen,
1604 2710 1664 2743 daz
1686 2711 1743 2743 wir
1766 2711 1842 2743 umb

191 2761 381 2793 besunderir
402 2764 511 2803 gunst,
539 2760 593 2793 die
623 2762 680 2794 wir
705 2760 744 2793 κῆ
774 2761 837 2794 den
864 2761 958 2795 edeln
987 2771 1125 2794 mannen
1148 2761 1271 2794 Iohann
1298 2762 1363 2794 und
1386 2761 1557 2795 Gotfriden
1587 2762 1707 2794 bruder
1729 2762 1842 2804 grafen

191 2811 230 2843 zfi
245 2811 483 2844 Furstenberch
505 2822 622 2844 unsern
638 2812 745 2845 lieben
768 2813 924 2855 getriwen
946 2812 1064 2855 haben,
1086 2813 1151 2845 und
1174 2813 1257 2846 auch
1274 2813 1389 2854 dienst,
1413 2813 1465 2846 die
1481 2814 1507 2846 si
1523 2825 1582 2846 uns
1598 2818 1695 2857 getan
1711 2814 1842 2854 habent,

294 2879 332 2899 u..
343 2879 568 2899 consu-runem
576 2880 602 2899 v.
1215 2891 1219 2894 -
1601 2874 1635 2900 98
