2190 3172
218 1319 270 1340 Mai.
282 1322 313 1340 u.

325 151 387 182 218
547 148 643 175 ACTA
661 147 775 175 REGNI
794 148 978 175 LUDEWICI
997 148 1043 174 IV.
1062 147 1108 174 ET
1128 147 1314 174 FRIDERICI
1333 147 1382 173 III.
1419 146 1494 174 1315.
1531 146 1580 173 Nr.
1593 146 1654 173 254.
1672 146 1732 173 255.

325 234 567 266 consencientes
596 234 648 266 die
675 233 716 265 ad
742 234 804 265 hoc
831 233 956 275 prefixa
985 233 1044 265 rite
1073 236 1105 265 et
1134 233 1285 265 canonice
1317 232 1438 265 electus
1468 235 1501 264 et
1523 242 1582 274 per
1603 243 1675 274 nos,
1710 233 1765 274 qui
1788 231 1830 264 de
1853 232 1922 264 iure
1946 234 1980 264 et

325 285 480 317 hactenus
503 286 638 327 pacifice
663 286 834 317 observata
858 285 1088 317 consuetudine
1112 284 1333 316 Romanorum
1356 294 1468 326 regem
1492 294 1647 316 coronare
1671 282 1844 323 habemus,
1867 285 1981 314 unctus

328 339 361 366 et
392 339 562 368 coronatus
596 338 628 368 in
663 337 811 368 omnibus
841 337 906 368 suis
936 337 1030 368 factis
1060 340 1093 368 et
1121 336 1257 378 agendis
1286 336 1394 368 divina
1422 335 1612 377 disponente
1641 335 1819 367 clemencia
1845 343 1980 376 prospe-

327 390 424 419 ratur.
515 389 560 428 (2)
584 388 669 420 Nam
692 389 753 420 hiis
777 388 901 429 diebus,
924 399 997 420 cum
1019 388 1151 419 illustris
1174 387 1367 419 Ludewicus
1390 387 1456 419 dux
1478 387 1645 428 Bawarie,
1678 387 1733 428 qui
1755 396 1790 418 se
1814 386 1847 417 iu
1869 394 1982 427 regem

326 437 547 471 Romanorum
574 451 593 472 a
627 439 819 481 quibusdam
849 440 921 470 aliis
948 439 1147 481 principibus
1175 439 1314 471 electum
1341 439 1471 478 asserit,
1503 449 1566 471 non
1594 441 1704 470 tamen
1731 437 1783 469 die
1812 436 1856 468 ad
1877 436 1939 468 hoc
1962 445 1982 467 a
2011 451 2023 469 s

327 489 523 532 principibus
552 492 676 533 prefixa
705 501 764 523 nec
796 491 836 522 de
865 501 1023 522 consensu
1050 491 1230 532 principum
1254 494 1445 533 prorogata,
1477 495 1526 523 set
1547 491 1719 524 Dominioa
1745 489 1799 521 die
1823 486 1981 530 sequenti,

327 551 399 572 cum
435 542 475 574 de
510 544 578 574 iure
613 554 675 574 non
707 545 835 584 poterat
869 542 984 574 electio
1015 542 1188 581 celebrari,
1217 543 1300 574 vires
1328 546 1361 574 et
1387 543 1531 575 fautores
1559 554 1633 576 suos
1661 540 1910 587 congregaverit
1939 537 1982 570 ad

326 594 544 626 invadendum
568 598 678 636 partes
700 595 793 635 regni
807 594 1039 634 Romanorum,
1062 594 1151 626 idem
1175 594 1321 626 dominus
1344 597 1454 626 noster
1476 599 1608 627 econtra
1623 596 1765 628 validam
1783 590 1982 630 armatorum

327 645 567 677 multitudinem
600 646 791 677 instauravit
825 648 859 677 et
893 646 1084 677 continuatis
1123 645 1218 677 dietis
1250 645 1396 688 pluribus
1432 646 1475 678 ad
1511 647 1754 689 reprimendum
1791 650 1982 682 temerarios

327 700 460 728 conatus
483 697 560 729 dicti
584 697 674 728 ducis
699 697 818 728 direxit
839 707 969 739 gressus
997 708 1081 728 suos.
1128 697 1275 739 Cumque
1303 697 1391 729 idem
1419 698 1486 730 dux
1511 699 1618 740 ipsum
1646 699 1811 731 dominum
1838 703 1982 733 nostrum
2001 705 2026 725 1⁰

327 748 388 779 sibi
416 750 677 790 appropinquare
707 749 868 790 percepit,
897 752 990 790 terga
1017 749 1114 780 vertit
1149 752 1183 780 et
1216 749 1298 791 fugit
1332 749 1375 781 ad
1408 750 1572 782 civitatem
1599 749 1799 792 Spirensem,
1833 762 1896 794 que
1924 763 1982 784 sue

327 801 520 832 temeritatis
548 800 656 832 fautor
685 800 864 840 existebat,
901 803 935 831 et
963 800 996 831 in
1021 800 1093 832 loco
1117 800 1282 842 sepulture
1305 801 1481 833 Iudeorum
1503 801 1625 834 ibidem
1649 802 1711 844 ipsi
1733 803 1856 835 civitati
1879 802 1982 847 c[on]—

327 850 439 894 tig[uo]
465 876 471 883 .
489 876 496 883 .
515 876 523 883 .
541 857 578 893 .⁸,
603 862 642 883 eo
667 851 753 893 quod
777 852 943 883 civitatem
967 851 1104 883 eandem
1127 853 1246 884 intrare
1262 863 1326 884 non
1341 854 1457 894 potuit,
1473 863 1508 885 se
1524 854 1658 895 recepit.
1703 853 1742 886 In
1758 865 1821 896 quo
1837 854 1982 897 prefatus

327 903 475 935 dominus
498 906 607 935 noster
630 914 689 945 per
712 903 836 945 aliquot
858 903 927 935 dies
955 903 1084 935 obsedit
1107 903 1260 944 eundem,
1295 905 1428 946 cupiens
1454 907 1491 936 ut
1512 905 1656 937 animum
1678 906 1824 948 recipere
1847 906 1983 939 deberet

327 955 478 986 exeundi.
525 955 620 992 Quod
644 965 716 986 cum
739 965 804 986 non
826 955 959 995 faceret,
983 955 1088 997 ipsum
1105 955 1226 986 dimisit
1248 966 1305 987 sua
1321 955 1507 988 confusione
1525 957 1715 998 depressum
1738 961 1772 990 et
1793 968 1829 990 se
1852 957 1982 990 divertit
2001 963 2024 982 ¹⁶

328 1005 370 1037 ad
393 1006 540 1038 civitates
563 1006 759 1047 imperiales,
784 1017 846 1048 que
869 1007 986 1048 ipsum,
1011 1017 1082 1037 cum
1106 1007 1288 1048 potenciam
1312 1017 1404 1038 suam
1427 1012 1670 1049 cognoscerent,
1694 1013 1860 1052 tamquam
1877 1009 1982 1041 domi-

327 1067 404 1088 num
437 1068 528 1089 suum
564 1062 597 1089 et
626 1058 847 1089 Romanorum
883 1068 995 1099 regem
1024 1057 1200 1089 honorifice
1234 1061 1429 1100 receperunt
1462 1062 1496 1090 et
1522 1060 1682 1102 recipiunt
1711 1062 1799 1094 omni
1825 1061 1893 1103 die,
1921 1060 1982 1092 sibi

327 1109 436 1140 multis
458 1109 632 1140 honoribus
656 1109 803 1140 certatim
827 1112 1032 1140 occurrentes
1055 1112 1089 1140 et
1108 1109 1274 1141 fidelitatis
1290 1109 1435 1141 debitum
1460 1110 1568 1142 eidem
1584 1111 1785 1144 exhibentes.
1823 1112 1862 1144 In
1877 1114 1982 1144 estate

326 1160 424 1201 igitur
453 1160 560 1192 futura
587 1163 784 1202 cooperante
814 1160 981 1192 Altissimo
1013 1161 1122 1192 taliter
1145 1160 1231 1192 facta
1253 1171 1311 1192 sua
1333 1161 1503 1203 expediet,
1531 1163 1620 1205 quod
1642 1164 1841 1196 cessantibus
1863 1163 1980 1196 adver-

325 1212 469 1243 sancium
503 1212 672 1243 insultibus
706 1222 776 1244 rem
807 1212 970 1254 publicam
1005 1213 1088 1244 sacri
1115 1211 1255 1244 Romani
1284 1213 1413 1254 imperii
1441 1212 1561 1245 debeat
1588 1214 1621 1246 in
1649 1215 1870 1257 tranquilitate
1892 1215 1982 1257 pacis
2000 1225 2026 1245 so

326 1263 463 1295 feliciter
486 1264 679 1305 gubernare.
769 1263 816 1306 (3)
841 1264 980 1305 Insuper
1008 1264 1134 1295 noverit
1168 1263 1368 1296 excellencia
1402 1267 1524 1306 vestra,
1559 1266 1647 1308 quod
1678 1267 1713 1298 in
1740 1267 1870 1298 instanti
1901 1266 1987 1299 festo·

327 1314 562 1346 Penthecostes
592 1315 840 1347 illustrissimam
872 1315 1036 1346 dominam
1063 1317 1206 1346 nostram
1234 1314 1397 1347 dominam
1424 1315 1573 1348 Elizabet
1607 1317 1708 1349 filiam
1735 1321 1878 1350 vestram
1910 1328 1983 1350 cum

325 1365 443 1397 debitis
470 1370 504 1398 et
530 1366 746 1408 preordinatis
776 1366 819 1398 ad
846 1367 907 1398 hoc
937 1366 1149 1398 festivitatum
1175 1367 1320 1408 insigniis
1349 1367 1383 1398 in
1409 1368 1540 1401 civitate
1563 1368 1735 1401 Basiliensi
1758 1369 1984 1402 coronabimus

325 1418 358 1448 in
379 1418 525 1459 reginam
548 1417 780 1450 Romanorum.
869 1418 917 1460 (4)
946 1418 1012 1449 Ista
1040 1420 1146 1450 vestre
1171 1417 1385 1450 dominacioni
1408 1419 1594 1462 scribimus,
1617 1421 1669 1452 cui
1694 1432 1752 1453 nos
1779 1422 1812 1453 in
1835 1421 1983 1454 omnibus

326 1469 491 1509 expositos
507 1469 683 1511 reddimus,
708 1480 748 1502 ne
766 1470 894 1501 sinistra
913 1470 1091 1512 etssveritati
1107 1470 1267 1501 contraria
1282 1470 1403 1502 relacio
1420 1471 1652 1504 circumveniat
1667 1476 1810 1504 mentem
1827 1476 1977 1505 vestram.
1998 1482 2023 1502 ²⁵

324 1519 452 1551 Utimur
475 1524 600 1552 secreto
625 1524 734 1552 nostro
757 1522 789 1552 in
812 1521 873 1552 hac
897 1524 999 1563 parte.

431 1579 553 1611 Datum
576 1580 702 1622 Baden,
726 1580 785 1611 IX.
810 1580 863 1612 die
886 1582 1005 1613 mensis
1028 1581 1159 1623 Aprilis.

346 1813 419 1849 255.
454 1814 720 1851 LITTERAE
748 1814 1022 1853 LUDEWICI
1044 1816 1120 1853 AD
1145 1816 1449 1854 CIVITATEM
1471 1816 1964 1854 ARGENTINENSEM.

996 1891 1104 1926 1315.
1146 1891 1236 1936 Apr.
1263 1893 1320 1928 11.

436 1992 595 2033 Oriyinale
618 1993 692 2036 (or.)
716 1994 751 2025 in
767 1994 926 2028 tabulario
941 1997 1081 2028 civitatis
1094 1997 1346 2038 Arqentinensis.
1386 1996 1493 2038 Siyilli
1506 1997 1616 2028 secreti
1637 2006 1726 2028 cerae
1747 1996 1862 2028 rubeae
1884 1996 1976 2028 dorso
1998 2005 2024 2025 το

324 2044 470 2083 impressi
491 2047 622 2087 vestiyia
645 2048 773 2079 adsunt.
817 2049 860 2080 In
882 2059 968 2081 verso
990 2050 1143 2089 scriptum
1165 2052 1229 2081 est:
1260 2050 1478 2082 Prudentibus
1500 2050 1576 2081 viris
1599 2048 1620 2092 [.
1634 2047 1654 2092 .]
1677 2049 1831 2091 magistro
1855 2049 1982 2090 civium,

327 2120 358 2126 ..
384 2098 567 2129 consulibus
596 2103 629 2131 et
651 2100 807 2132 universis
830 2101 951 2133 civibus
973 2102 1279 2144 Argentinensibus,
1309 2102 1458 2135 fidelibus
1486 2103 1551 2134 suis
1579 2101 1714 2134 dilectis.
1747 2119 1788 2123 —
1819 2100 1883 2133 Ed.
1907 2100 1982 2133 ‘Ur-

325 2147 532 2181 kundenbuck
555 2151 610 2182 der
632 2151 726 2183 Stadt
748 2152 953 2194 Strassbury’
975 2153 1025 2192 11,
1048 2155 1113 2185 274
1135 2164 1184 2186 nr.
1201 2155 1265 2186 329
1287 2165 1326 2186 ex
1348 2165 1394 2186 or.
1439 2154 1621 2186 Editionem
1642 2153 1822 2194 repetimus.

434 2211 577 2250 Bo'hmer,
602 2212 677 2253 Rey.
694 2212 806 2245 Ludw.
823 2225 860 2254 p.
878 2217 896 2246 5
920 2225 969 2246 nr.
987 2215 1038 2246 83.

433 2309 627 2342 Ludowicus
652 2311 715 2343 Dei
745 2314 853 2354 gracia
876 2313 1096 2345 Romanorum
1123 2323 1182 2345 rex
1210 2324 1339 2355 semper
1367 2317 1522 2356 augustus
1610 2312 1823 2354 prudentibus
1846 2313 1922 2344 viris
1946 2337 1952 2344 .
1972 2336 1979 2343 .
1999 2326 2023 2344 ³5

327 2360 480 2401 magistro
511 2362 640 2403 civium,
676 2362 694 2406 [.
718 2364 737 2405 .]
767 2365 950 2396 consulibus
983 2368 1016 2397 et
1047 2365 1204 2397 universis
1238 2365 1361 2397 civibus
1390 2365 1696 2407 ArgentinensibUS,
1730 2364 1881 2396 fidelibus
1915 2364 1980 2396 suis

327 2410 453 2442 dilectis
541 2415 684 2454 graciam
708 2426 798 2447 suam
823 2419 857 2447 et
880 2427 974 2448 omne
997 2417 1125 2448 bonum.

436 2463 483 2505 (1)
507 2464 636 2497 Sincere
668 2466 852 2498 devocionis
887 2471 920 2499 et
952 2468 1029 2499 fidei
1062 2468 1245 2510 puritatem,
1276 2478 1374 2510 quam
1405 2478 1483 2510 erga
1515 2478 1574 2499 nos
1607 2471 1641 2500 et
1670 2468 1841 2510 imperium
1871 2468 1980 2508 inper-

326 2514 460 2545 mixtam
497 2514 654 2548 fermento
690 2518 817 2550 malicie
851 2520 996 2561 gessistis
1030 2519 1202 2561 hactenus,
1237 2522 1270 2551 et
1304 2519 1409 2551 adhuc
1439 2520 1570 2562 geritis,
1597 2520 1680 2551 sicut
1706 2520 1874 2552 evidencia
1902 2518 1981 2551 facti

327 2564 470 2597 declarat
508 2569 692 2608 specialiter
730 2570 763 2600 in
801 2580 858 2611 eo,
901 2570 988 2612 quod
1024 2595 1030 2602 .
1060 2595 1068 2603 .
1103 2571 1218 2603 ducem
1252 2571 1398 2612 Austris,
1442 2572 1497 2613 qui
1536 2581 1571 2603 se
1606 2575 1697 2603 veste
1730 2572 1827 2603 vestit
1864 2570 1980 2611 aliena,
1998 2579 2024 2598 4⁰

327 2617 455 2648 nomine
490 2619 580 2659 regio
615 2630 649 2650 se
691 2620 891 2662 describens,
931 2633 995 2654 non
1022 2625 1058 2654 ut
1086 2633 1212 2664 regem,
1239 2621 1298 2654 sed
1327 2626 1363 2654 ut
1386 2622 1484 2654 alium
1511 2623 1791 2665 supervenientem
1818 2622 1981 2664 hospitem

327 2667 490 2700 civitatem
527 2670 797 2712 Argentinensem
834 2673 960 2715 ingredi
997 2675 1200 2716 permisistis,
1245 2675 1277 2706 in
1317 2674 1405 2706 nullo
1449 2674 1511 2706 sibi
1548 2675 1820 2706 communicantes
1857 2673 1979 2706 auxilio

430 2767 495 2795 254.
523 2768 547 2800 ⁸)
566 2769 658 2794 desunt
674 2770 750 2794 verba
769 2770 820 2796 duo
839 2780 892 2802 or.‚·
910 2772 1023 2805 forsitam
1041 2773 1212 2805 supplendum
1230 2773 1330 2798 firmato
1349 2774 1465 2804 fossatis;
1483 2774 1518 2807 cf.
1537 2782 1619 2806 supra
1632 2783 1695 2808 paq.
1709 2777 1758 2800 210
1777 2773 1821 2799 lin.
1836 2775 1874 2799 12.
