2190 3172
343 192 403 224 162
574 190 671 218 ACTA
690 189 803 217 REGNI
822 188 1007 216 LUDEWICI
1026 189 1072 216 IV.
1090 188 1137 215 ΕΤ
1156 188 1341 216 FRIDERICI
1359 189 1410 216 111.
1446 189 1521 217 1314.
1557 189 1678 216 Nr.169.
1699 189 1756 216 170.

339 277 379 309 ‘uf
399 277 461 308 den
485 277 530 308 eit
550 278 583 308 in
606 276 691 308 dirre
714 276 917 317 zweiungen,
941 275 993 307 die
1016 275 1140 307 iezzent
1161 275 1202 307 ist
1225 275 1318 307 undir
1340 276 1430 308 disen
1454 276 1556 307 zwein
1578 275 1695 308 herren
1717 276 1857 318 herzoge
1879 275 1989 308 Lude-

341 330 424 371 wige
449 339 509 360 von
533 329 662 370 Beyern
686 328 751 359 und
775 328 914 369 herzoge
937 326 1125 359 Frideriche
1149 337 1210 358 von
1239 327 1433 368 Ostirriche,
1463 327 1521 359 der
1547 327 1705 360 ieweddir
1731 327 1833 369 kfinig
1855 327 1907 359 wil
1930 329 1988 369 sin,

342 380 400 412 daz
417 381 474 412 wir
487 391 550 412 von
575 380 681 411 beden
700 379 837 411 stedden
858 379 916 410 mit
933 378 1086 410 einander
1108 389 1147 410 uz
1164 379 1248 410 einm
1264 379 1384 411 munde
1406 379 1492 411 unde
1515 378 1603 411 mfite
1620 382 1800 411 antwurten
1815 378 1900 410 unde
1924 379 1990 411 dun

341 432 445 464 sollen
466 432 551 464 unde
575 431 710 470 wellen,
741 431 799 462 daz
822 431 931 462 unsirn
953 429 1089 462 stedden
1112 429 1208 471 ffigit,
1237 441 1304 462 waz
1331 431 1398 462 und
1420 431 1481 463 wie
1505 441 1546 462 an
1569 442 1629 462 uns
1651 429 1816 473 gevordirt
1839 430 1910 462 odir
1931 431 1990 463 mit

341 494 400 515 uns
423 484 538 526 gereht
561 484 669 515 werde
692 494 754 515 von
784 482 973 514 ieweddirm
1000 482 1133 523 herren,
1164 481 1230 514 und
1253 482 1311 514 daz
1335 483 1407 515 eine
1435 486 1499 515 stat
1525 493 1585 515 ane
1614 482 1667 514 die
1694 482 1816 515 andern
1845 483 1892 514 nit
1919 485 1989 514 ant-
2021 500 2034 519 ι,

341 539 463 567 wurten
487 535 569 567 noch
593 535 658 567 dun
681 535 730 567 sol
751 535 784 566 in
806 534 903 566 heine
919 535 985 565 wis.
1023 533 1084 565 Diz
1100 533 1215 566 wellen
1231 535 1289 565 wir
1311 534 1422 566 halten
1445 545 1486 566 an
1508 534 1571 567 alle
1588 534 1731 577 geverde
1754 535 1813 566 mit
1835 534 1990 576 einandir‚

341 587 395 618 die
418 587 491 619 wile
520 587 587 619 dise
616 587 781 628 zweiunge
809 589 906 626 wert,
936 585 1020 617 unde
1044 595 1115 616 wan
1142 584 1195 617 die
1224 586 1389 628 zweiunge
1413 586 1476 617 abe
1503 589 1573 628 get,
1602 597 1637 617 so
1668 585 1784 618 sollent
1807 585 1876 617 dise
1900 585 1990 618 brive

341 638 425 670 auch
449 638 505 670 dot
527 640 575 670 sin
597 638 684 670 unde
708 637 869 669 creftelos.
916 637 989 669 Und
1013 637 1073 668 daz
1097 636 1146 668 diz
1175 637 1270 669 undir
1295 648 1355 669 uns
1378 637 1470 670 stede
1496 637 1562 669 und
1584 641 1675 670 veste
1698 637 1836 678 verIibe,
1867 637 1915 669 als
1937 638 1990 670 hie

340 701 398 721 vor
420 690 591 732 geseriben
615 692 689 730 stat,
713 700 748 721 so
771 689 837 721 han
853 690 910 721 wir
933 689 991 720 der
1013 688 1071 720 rad
1087 689 1173 720 unde
1197 688 1249 720 die
1274 688 1392 731 burger
1406 700 1468 720 von
1492 689 1598 721 beden
1620 689 1758 722 stedden
1780 700 1876 722 unser
1898 689 1992 721 bedir

341 742 457 774 stedde
480 742 596 783 insigel
619 741 795 783 gehenckit
816 752 858 772 an
881 741 971 773 disen
995 740 1086 773 brief.
2009 757 2035 777 1⁰

449 801 518 833 Der
540 804 621 833 wart
644 801 751 843 geben
775 801 815 833 do
838 811 914 833 man
937 801 1020 832 zalte
1043 811 1105 833 von
1121 800 1202 832 Gots
1226 800 1362 843 geburte
1379 800 1629 833 druzenhundirt
1647 802 1700 843 jar
1721 802 1754 833 in
1777 801 1852 834 dem
1868 803 1991 834 virzen-

340 854 499 886 hendeste
519 854 591 894 jare
617 853 658 885 da
681 853 773 895 nach,
797 863 838 885 an
861 852 936 885 dem
960 853 1202 895 Sammesztage
1225 853 1308 884 nach
1331 856 1422 884 sante
1446 852 1577 885 Niclaus
1600 856 1685 895 tage.

342 1168 416 1204 170.
446 1166 713 1204 LITTERAE
740 1165 1016 1203 LUDEWICI
1044 1164 1290 1202 CIVITATI
1313 1162 1746 1202 CONSTANTIENSI
1772 1165 1990 1204 MISSAE.

1023 1242 1131 1278 1314.
1177 1242 1262 1278 Dec.
1282 1242 1317 1278 9.

455 1351 615 1393 Oriyinale
632 1351 707 1394 (or.)
724 1352 760 1383 in
779 1351 939 1383 tabulario
957 1350 1097 1392 qenerali
1111 1350 1338 1383 Kamlsruhano
1354 1350 1462 1383 ‘Select
1475 1350 1531 1382 der
1545 1350 1841 1383 Kaisemrkunden'
1856 1362 1906 1384 nr.
1919 1353 1992 1385 198.
2012 1363 2036 1383 u

342 1405 457 1438 Denuo
484 1404 684 1437 contuli-mus.
736 1403 908 1444 Inscriptio
935 1405 998 1435 est:
1031 1402 1251 1434 Prudentibus
1278 1403 1354 1433 viris
1380 1403 1539 1443 ministro,
1570 1403 1723 1444 magistro
1752 1403 1886 1445 civium,
1915 1414 1992 1436 con-

342 1457 464 1489 sulibus
496 1460 529 1488 et
557 1456 680 1488 civibus
703 1455 927 1488 Constancien.
950 1454 1099 1486 fidelibus
1128 1454 1245 1485 nostris
1269 1453 1404 1486 dilectis.
1451 1453 1557 1494 Siyilli
1582 1454 1673 1486 dorso
1698 1455 1844 1496 impressi
1865 1456 1996 1497 vestiyia

338 1519 442 1548 parva
464 1508 591 1540 adsunt.
616 1526 658 1530 ———
687 1507 758 1539 Iam
781 1507 938 1538 edidimus
960 1506 1076 1538 ‘Neues
1090 1506 1218 1538 Archiv'
1244 1505 1380 1544 XXIII,
1402 1506 1466 1536 314
1488 1516 1537 1537 nr.
1554 1507 1597 1536 37
1619 1516 1657 1537 ea:
1680 1516 1725 1537 or.

453 1569 502 1609 Cf.
525 1578 625 1608 supra
647 1578 697 1599 nr.
716 1568 779 1598 113
801 1570 830 1599 et
853 1567 925 1599 126.

450 1672 645 1703 Ludowicus
676 1671 739 1702 Dei
770 1671 879 1713 gracia
906 1671 1126 1702 Romanorum
1154 1680 1213 1701 rex
1240 1680 1369 1711 semper
1399 1673 1553 1712 augustus
1624 1669 1834 1712 prudentibus
1861 1671 1936 1702 viris
1959 1697 1966 1703 .
1983 1696 1990 1703 .
2010 1686 2036 1706 20

342 1724 503 1764 ministro,
532 1722 558 1766 [.
577 1722 604 1765 .]
628 1723 781 1764 magistro
805 1723 938 1763 civium,
969 1722 1152 1754 consulibus
1179 1725 1213 1753 et
1235 1721 1357 1753 civibus
1384 1722 1417 1753 in
1440 1721 1647 1763 Oonstancia,
1677 1721 1826 1753 fidelibus
1855 1723 1920 1754 suis
1943 1723 1991 1755 di-

342 1776 435 1808 lectis
501 1776 642 1817 graciam
666 1785 757 1806 suam
780 1778 813 1806 et
836 1784 930 1806 omne
954 1774 1082 1806 bonum.

452 1826 533 1859 Cum
557 1826 666 1858 divina
693 1826 947 1868 preordinante·
975 1826 1151 1858 clemencia
1179 1825 1292 1857 solium
1321 1826 1411 1866 regie
1440 1826 1619 1858 maiestatis
1647 1826 1899 1859 conscendentes
1927 1826 1991 1865 sol-

343 1879 485 1921 lempnia
512 1882 621 1910 nostre
650 1878 887 1918 coronacionis,
923 1881 1018 1920 prout
1046 1887 1150 1920 nuper
1178 1878 1276 1909 etiam
1304 1877 1396 1908 vobis
1423 1877 1607 1919 scripsimus
1619 1878 1641 1917 ¹,
1668 1879 1701 1910 in
1728 1879 1857 1910 civitate
1884 1882 1993 1910 nostra

343 1931 487 1973 Aquensi
514 1931 696 1972 recepimus
724 1930 853 1962 solitum
882 1931 972 1962 iuxta
1004 1940 1142 1971 morem,
1175 1932 1208 1961 et
1239 1929 1314 1971 quia
1345 1929 1477 1971 dignum
1506 1932 1568 1970 est,
1602 1933 1638 1961 ut
1671 1931 1759 1962 cuius
1788 1930 1993 1973 precellimus
2011 1944 2036 1963 25

343 1994 492 2024 munere,
522 1983 629 2014 eidem
657 1992 828 2024 pareamus
858 1983 986 2014 omnino
1014 1982 1046 2013 in
1077 1981 1284 2023 operacione‚
1318 1981 1456 2023 qualiter
1477 1991 1535 2012 vos
1565 1983 1598 2012 et
1624 1981 1679 2013 alii
1702 1982 1822 2014 subditi
1844 1982 1992 2014 Romano

343 2035 478 2076 imperio
513 2045 594 2076 pace
631 2037 665 2066 et
699 2035 807 2076 quiete
838 2034 1003 2066 leteminib
1028 2037 1062 2065 et
1088 2033 1241 2074 letentur,
1269 2033 1352 2064 curis
1381 2033 1590 2065 sollicitamur
1619 2034 1776 2066 continuis
1803 2037 1836 2066 et
1864 2034 1993 2066 assidua

343 2086 559 2118 meditacione
590 2097 753 2128 urgemur.
806 2086 914 2122 Quare
943 2085 1134 2118 fidelitatem
1161 2089 1302 2117 vestram
1337 2085 1494 2117 attencius
1527 2086 1719 2127 requirimus
1753 2089 1787 2118 et
1814 2096 1992 2127 monemus,

344 2139 493 2180 quatinus
517 2138 558 2170 ad
581 2149 639 2169 nos
660 2138 806 2170 volentes
829 2149 893 2170 una
916 2149 988 2170 oum
1011 2137 1218 2179 principibus,
1240 2137 1412 2178 nobilibus,
1435 2136 1598 2169 vobiscum
1621 2141 1655 2169 et
1670 2138 1805 2169 aliarum
1828 2138 1992 2170 civitatum

345 2189 526 2221 consulibus
560 2193 593 2221 et
627 2189 826 2231 sapientibus
857 2189 897 2221 de
927 2189 1109 2221 huiusmodi
1139 2189 1274 2231 negocio
1308 2188 1433 2230 plenius
1466 2192 1664 2230 pertractare
1699 2189 1779 2221 duos
1812 2189 1853 2221 de
1881 2190 1994 2221 vestris
2012 2203 2038 2223 so

345 2241 526 2273 consulibus
549 2252 621 2273 cum
645 2241 741 2283 pleno
765 2241 919 2273 mandato
943 2240 1134 2283 recipiendi,
1165 2239 1303 2272 faciendi
1327 2243 1360 2272 et
1383 2240 1580 2282 exequendi,
1605 2241 1759 2283 quidquid
1782 2252 1840 2283 pro
1865 2251 1993 2273 conser-

344 2293 478 2325 vacione
502 2294 590 2334 pacis
615 2296 648 2324 et
671 2293 902 2335 tranquillitate
927 2297 1012 2325 terre
1036 2293 1227 2333 ordinatum,
1251 2292 1420 2324 diffinitum
1445 2292 1497 2323 vel
1520 2292 1685 2324 decretum
1715 2293 1824 2333 fuerit,
1854 2294 1909 2335 qui
1931 2293 1995 2325 sint

234 2353 330 2374 nomn.
344 2344 431 2386 apud
454 2355 511 2376 nos
535 2344 626 2387 Spire
650 2345 812 2376 constituti
835 2345 868 2376 in
891 2345 973 2376 festo
997 2345 1173 2376 nativitatis
1194 2343 1325 2376 Domini
1347 2347 1482 2376 venturo
1504 2345 1662 2386 proxime,
1686 2345 1916 2377 transmittatis.

451 2404 525 2436 Dat.
550 2406 581 2436 in
606 2405 717 2437 castris
740 2404 827 2447 apud
850 2405 1052 2446 Montabfire,
1076 2405 1116 2438 V.
1132 2405 1181 2437 Id.
1205 2404 1389 2446 Decembr.‚
1414 2405 1506 2446 regni
1527 2406 1626 2437 nostri
1649 2415 1732 2437 anno
1756 2406 1870 2447 primo.

449 2713 514 2741 170.
542 2715 565 2746 ¹)
586 2715 746 2748 preordinata
764 2724 801 2740 or.
893 2715 918 2748 b)
937 2716 1051 2741 letamini
1070 2724 1106 2741 or.
2010 2723 2034 2742 ³⁵

450 2800 476 2833 1)
494 2799 582 2833 Supra
599 2808 642 2826 nr.
656 2804 711 2827 1:26.
