2184 3126
353 140 416 170 502
593 135 690 163 ACTA
709 134 822 161 anem
840 131 1024 160 LUDEWIOI
1043 131 1089 158 1v.
1109 130 1155 156 Er
1173 127 1360 156 FRIDERICI
1378 128 1428 155 111.
1463 127 1539 155 1321.
1575 127 1624 154 Νι.
1637 127 1696 155 633.
1715 108 1773 154 634.

461 222 529 254 Nos
551 221 745 253 Ludowicus
768 220 831 251 Dei
854 219 963 261 gracia
985 218 1206 249 Romanorum
1229 225 1288 247 rex
1310 224 1440 256 semper
1462 217 1618 257 augustus
1640 217 1752 245 notum
1780 213 1915 245 facimus
1937 214 2008 246 uni-

353 275 465 314 versis,
488 273 575 316 quod
599 283 671 304 cum
694 276 862 304 teneamur
876 268 1052 302 venerabili
1067 267 1257 299 Baldewino
1274 266 1466 298 Treverensi
1488 266 1731 308 archiepiscopo
1746 265 1884 307 principi
1899 268 2008 297 nostro

353 326 523 358 karissimo
545 325 578 356 in
602 326 739 366 quatuor
761 322 888 354 milibus
911 321 1026 352 marcis
1055 319 1181 360 argenti
1208 318 1280 360 puri
1306 318 1376 350 veri
1403 320 1436 350 et
1461 318 1537 349 iusti
1565 317 1718 359 ponderis
1745 316 1839 348 nobis
1868 316 1909 348 ab
1936 317 2008 359 ipso

354 377 597 418 archiepiscopo
621 374 795 406 numeratis
826 375 859 404 et
882 371 1035 403 mutuatis
1059 380 1096 401 ac
1119 370 1152 401 in
1174 372 1316 401 nostram
1341 372 1375 401 et
1396 369 1525 411 imperii
1546 369 1713 411 Rom(ani)
1737 368 1921 400 evidentem
1944 368 2008 399 nti-

354 429 479 460 litatem
510 427 670 459 conversis
700 425 821 456 dudum
852 426 927 454 ante
956 423 1065 463 plures
1096 432 1198 452 annos
1226 424 1302 453 ante
1332 421 1567 453 confectionem
1599 420 1799 462 presentium
1827 419 2009 452 litterarum

354 490 478 512 necnon
500 480 532 510 in
556 477 680 509 duabus
702 476 831 507 milibus
853 474 970 506 marcis
987 474 1085 505 etiam
1109 472 1236 514 argenti
1258 473 1330 514 puri
1345 473 1414 504 veri
1436 475 1470 504 et
1491 473 1566 504 iusti
1582 472 1734 514 ponderis
1749 472 1880 503 racione
1897 471 2010 513 damp-

354 541 466 562 norum
496 533 528 561 et
558 537 787 569 expensarum,
821 536 883 567 que
914 525 1063 558 sustinuit
1091 527 1124 556 et
1153 534 1234 566 quas
1264 523 1343 555 fecit
1374 523 1462 555 idem
1494 523 1754 565 archiepiscopus
1787 523 1820 554 in
1851 522 2009 565 obsequio

353 584 461 612 nostro
486 583 518 611 et
540 580 668 610 racione
690 577 818 619 imperii
840 577 872 607 in
896 576 1109 617 expedicione
1131 577 1242 606 nostra
1264 585 1324 616 per
1338 575 1509 616 Alsatiam,
1532 575 1573 607 de
1590 575 1705 617 quibus
1728 575 1789 617 ipsi
1811 574 2009 607 solucionem

354 644 417 665 non
441 632 574 664 fecimus
596 640 702 671 neque
725 629 833 660 facere
858 638 1028 670 possumus
1050 627 1134 660 bono
1158 626 1266 668 modo,
1289 629 1325 658 ut
1347 629 1456 659 tamen
1479 627 1520 659 de
1543 627 1604 659 hac
1627 627 1790 659 solucione
1814 627 1932 658 certior
1953 626 2011 658 fiat

354 684 536 725 aliqualiter
568 682 601 712 in
631 681 785 721 futurum,
821 679 927 711 eidem
962 679 1205 720 archiepiscopo
1235 677 1328 710 titulo
1362 678 1505 720 pignoris
1539 689 1597 710 seu
1622 679 1753 710 nomine
1781 681 1919 720 ypotece
1948 688 2008 720 pro

354 735 515 766 solucione
540 733 625 764 dicte
649 732 784 774 pecunie
809 731 869 762 sibi
892 730 1042 762 facienda
1065 740 1190 762 exnunc
1207 729 1388 771 obligamus
1404 730 1511 762 omnia
1528 732 1562 762 et
1576 730 1702 772 singula
1725 730 1809 762 bona
1830 731 1864 762 in
1887 731 2010 772 castris,

353 786 528 825 fortaliciis,
553 784 667 825 opidis,
690 782 934 823 municionibus,
959 781 1184 822 castrensibus,
1206 781 1366 823 fidelibus,
1381 781 1644 814 ministerialibus
1659 785 1692 814 et
1705 781 1888 814 hominibus
1903 783 2009 814 cuius-

354 847 490 879 cumque
514 847 610 868 sexus
632 837 688 866 aut
710 834 905 866 condicionis
929 833 1154 874 existentibus,
1177 832 1451 864 iurisdictionibus
1467 833 1541 864 altis
1564 836 1597 865 et
1615 833 1728 871 bassis,
1750 844 1841 866 mero
1858 836 1892 865 et
1906 834 2010 865 mixto

353 890 499 930 imperio,
523 888 625 927 terris,
648 886 763 925 fundis,
786 884 976 926 redditibus,
999 885 1123 918 iuribus
1139 888 1172 917 et
1195 895 1307 917 eorum
1322 885 1523 926 pertinentiis
1545 886 1711 926 universis,
1735 885 1862 918 etiamsi
1877 895 2010 927 presen-

353 941 508 981 taciones,
532 939 724 971 collaciones
747 937 799 968 vel
822 937 1022 978 provisiones
1046 937 1339 969 ecclesiasticorum
1354 936 1587 968 beneficiorum
1603 947 1675 969 cum
1692 947 1769 970 cura
1783 936 1836 968 vel
1852 936 2010 978 dignitate

354 995 411 1024 aut
433 993 500 1023 sine
525 992 571 1023 eis
594 990 817 1022 nichilominus
840 990 872 1020 in
895 988 1129 1030 temporalibus
1151 989 1286 1020 annexis
1315 988 1458 1021 habeant
1485 988 1538 1020 vel
1571 988 1778 1030 dependeant
1804 988 1845 1020 ab
1875 987 2010 1030 eisdem,

357 1043 563 1076 consistentia
586 1041 628 1073 ad
651 1052 708 1073 nos
732 1051 788 1072 seu
805 1039 1015 1082 Rom(anum)
1032 1041 1204 1083 imperium
1227 1050 1354 1072 exnunc
1376 1040 1506 1072 inantea
1523 1050 1566 1072 ex
1581 1040 1711 1073 defectu
1727 1040 1868 1082 heredis,
1890 1039 2012 1072 felonia

355 1095 408 1127 vel
431 1095 563 1126 crimine
586 1093 763 1124 commissis
779 1092 831 1123 vel
854 1092 1092 1125 committendis
1115 1095 1172 1124 aut
1194 1091 1274 1123 alias
1298 1101 1502 1134 quocumque
1524 1092 1621 1124 modo
1639 1092 1851 1134 devolvenda,
1874 1101 2012 1134 quorum

354 1146 644 1187 apprehensionem
666 1145 736 1185 ipse
760 1143 1021 1185 archiepiscopus
1043 1143 1137 1176 nobis
1160 1144 1259 1176 etiam
1281 1144 1474 1186 irrequisitis
1489 1143 1620 1176 duxerit
1642 1143 1886 1186 acceptandam,
1908 1153 2012 1186 usque

355 1197 397 1228 ad
419 1207 578 1228 summam
601 1206 660 1227 sex
682 1195 807 1227 milium
829 1205 1012 1227 marcarum
1035 1195 1162 1237 argenti
1184 1196 1257 1237 puri
1272 1205 1422 1227 verorum
1444 1195 1630 1228 reddituum
1653 1205 1841 1227 annuorum.
1885 1195 2012 1228 Dentes

354 1249 415 1290 ipsi
438 1248 680 1290 archiepiscopo
703 1250 812 1279 nostro
835 1247 965 1279 nomine
994 1247 1232 1280 institucionem
1262 1250 1294 1278 et
1317 1247 1566 1279 destitucionem
1590 1247 1768 1279 eorundem
1790 1246 1948 1279 bonorum
1978 1249 2012 1279 et

353 1303 550 1341 potestatem
573 1310 611 1331 ac
634 1299 822 1331 mandatum
846 1298 1113 1341 apprehendendi
1137 1299 1251 1331 eadem
1280 1302 1314 1331 et
1340 1299 1472 1331 tenendi
1503 1310 1542 1331 ac
1573 1299 1840 1340 contradictores,
1869 1298 2013 1331 rebelles

356 1354 389 1383 et
410 1351 538 1383 illicitos
561 1351 748 1383 detentores
771 1350 949 1382 eorundem
971 1350 1127 1392 puniendi
1148 1361 1208 1392 per
1230 1350 1367 1383 mulctas
1382 1361 1441 1383 seu
1463 1351 1544 1383 alias
1560 1361 1779 1393 quascumque
1795 1361 1896 1393 penas
1910 1361 2011 1393 pecu-

354 1403 472 1434 niarias
494 1403 547 1434 vel
575 1403 759 1445 corporales
787 1413 824 1434 ac
852 1402 916 1434 alia
947 1403 1055 1434 omnia
1082 1402 1238 1443 faciendi,
1266 1413 1328 1444 que
1355 1413 1415 1434 nos
1441 1402 1549 1435 facere
1579 1413 1748 1445 possemus
1773 1404 1806 1435 in
1836 1404 2011 1446 premissis,

355 1454 622 1496 quandocumque
650 1458 683 1486 et
711 1455 1004 1497 quocienscumque
1027 1454 1165 1490 voluerit
1188 1457 1222 1486 et
1243 1454 1361 1487 viderit
1383 1454 1554 1497 expedire,
1585 1458 1618 1487 et
1640 1455 1768 1497 prefata
1791 1454 1878 1487 bone.
1899 1455 2010 1488 deser-

355 1506 462 1538 viendi
486 1509 519 1538 et
534 1506 666 1538 tenendi
690 1516 749 1547 per
771 1516 805 1538 se
830 1509 864 1538 et
879 1517 954 1538 suos
977 1516 1179 1539 successores
1201 1506 1463 1548 archiepiscopos
1479 1506 1706 1548 Treverenses,
1722 1511 1818 1548 prout
1833 1506 2012 1540 eorundem

354 1558 511 1590 bonorum
535 1558 720 1589 detentores
744 1568 804 1589 seu
824 1568 1028 1600 possessores
1051 1557 1208 1591 tenebant
1235 1561 1268 1590 et
1290 1561 1402 1590 tenere
1425 1568 1464 1590 ac
1487 1558 1651 1590 deservire
1675 1563 1920 1600 consueverunt,
1943 1561 2012 1591 tam

355 1609 409 1641 diu
432 1620 597 1651 quousque
620 1620 678 1641 nos
706 1609 772 1641 sive
795 1609 896 1641 nostri
919 1620 1120 1643 successores
1149 1612 1259 1641 nostra
1286 1620 1345 1641 seu
1368 1620 1480 1642 eorum
1503 1611 1634 1652 propria
1656 1611 1794 1652 pecunia
1821 1611 1883 1653 ipsi
1906 1610 2012 1650 archi—

356 1661 507 1702 episcopo
532 1671 589 1692 seu
611 1661 675 1692 suis
698 1661 937 1693 successoribus
961 1661 1001 1693 de
1024 1672 1150 1694 summa
1172 1662 1310 1703 pecunie
1334 1661 1587 1694 satisfecerimus
1610 1665 1800 1695 memorata.
1846 1662 1880 1694 Si
1902 1665 2012 1695 tamen

354 1712 462 1743 medio
486 1715 633 1754 tempore
657 1715 732 1744 ante
756 1713 951 1754 completam
975 1713 1173 1749 solucionem
1197 1724 1239 1745 ex
1260 1716 1354 1755 parte
1377 1714 1478 1755 ipsius
1494 1714 1729 1756 archiepiscopi
1751 1713 1794 1746 ad
1810 1714 2012 1746 satisfacien—

357 1763 432 1795 dum
465 1763 526 1795 sibi
555 1763 595 1796 de
626 1764 711 1795 dicta
741 1775 866 1796 summa
895 1765 1033 1806 pecunie
1061 1765 1208 1807 requisiti
1236 1765 1405 1805 fuerimus,
1439 1765 1501 1807 ipsi
1531 1766 1766 1798 satisfaciemus
1797 1765 1850 1798 vel
1876 1766 2014 1808 pignora

356 1814 546 1847 sufficientia
583 1815 644 1847 sibi
675 1815 910 1857 assignabimus
943 1817 976 1847 in
1010 1818 1241 1858 premissorum
1269 1816 1483 1859 solucionem,
1523 1820 1619 1859 prout
1649 1818 1718 1860 ipse
1750 1817 2013 1860 archiepiscopus

357 1866 485 1898 duxerit
508 1867 752 1909 acceptandum,
775 1868 802 1898 si
825 1867 887 1899 hoc
910 1869 1088 1910 poterimus
1111 1868 1302 1910 adimplere.
1389 1869 1428 1900 In
1451 1879 1588 1911 quorum
1608 1870 1827 1902 testimonium
1844 1872 2014 1912 presentes

356 1917 480 1950 litteras
503 1918 660 1950 conscribi
683 1922 717 1950 et
738 1922 847 1951 nostre
871 1921 1052 1952 maiestatis
1075 1920 1181 1962 sigillo
1203 1921 1354 1952 iussimus
1377 1921 1574 1952 communiri.

463 1970 538 2002 Dat.
561 1970 749 2012 Bacheraci,
773 1971 854 2003 feria
878 1974 994 2013 quarta
1015 1975 1090 2013 post
1112 1973 1369 2014 assumpcionem
1394 1972 1508 2013 Marie,
1533 1982 1616 2004 anno
1638 1971 1770 2004 Domini
1784 1971 1903 2004 Mccc
1925 1973 2012 2004 vice-

357 2021 437 2053 simo
461 2022 575 2062 primo,
598 2022 689 2063 regni
711 2033 788 2054 vero
811 2023 912 2055 nostri
934 2034 1018 2055 anno
1042 2025 1190 2066 septimo.

691 2149 776 2185 634.
818 2150 1011 2187 Libertatio
1038 2152 1144 2188 castri
1170 2152 1407 2188 Baldenstein.
1514 2152 1603 2197 Auq.
1624 2154 1682 2187 19.

470 2221 628 2261 Oriqinale
655 2223 690 2254 in
720 2224 878 2256 tabulario
903 2226 987 2265 reqio
1007 2225 1217 2259 Wisbadensi.
1269 2225 1448 2265 Descripsit
1471 2225 1513 2258 E.
1537 2225 1666 2257 Schaua
1717 2225 1865 2266 Siyillum
1895 2225 2015 2258 laesum

353 2272 471 2310 pendet
493 2272 557 2304 Zoro
579 2274 818 2307 membranaceo.
844 2293 882 2299 —
907 2277 971 2310 Ed.
987 2277 1178 2317 Lamprecht
1193 2276 1375 2309 ‘Deutsches
1391 2276 1695 2315 Wirtschaftsleben’
1711 2277 1782 2315 III,
1799 2277 1862 2308 123
1883 2288 1934 2309 nr.
1952 2277 2016 2309 102

360 2333 399 2354 ex
422 2333 455 2354 co
479 2348 486 2355 .

454 2333 616 2418 29ΒόῙιφηεν,
638 2379 714 2420 Rey.
732 2381 844 2414 Dadw.
863 2393 897 2422 p.
913 2383 979 2415 272
999 2394 1049 2416 nr.
1065 2384 1152 2416 2644
1174 2384 1301 2425 (Addit.
1317 2384 1362 2425 I).

474 2438 523 2476 Os.
539 2439 676 2471 Bohmer
698 2440 717 2471 l.
734 2452 759 2472 c.
782 2451 832 2472 nr.
848 2442 943 2475 2647.

474 2498 671 2539 Conferenda
699 2511 762 2532 esse
788 2502 882 2534 etiam
912 2504 1135 2536 ordinamenta
1163 2503 1315 2544 officialis
1342 2503 1382 2536 ab
1411 2503 1642 2544 archiepiscopo
1667 2503 1845 2536 Trevirensi
1871 2514 1902 2536 a.
1919 2503 2014 2537 1339.

362 2548 465 2580 Mart.
477 2550 529 2581 30.
553 2550 726 2582 ratihabita
748 2551 905 2592 (Herquet
921 2555 1190 2588 ‘Urkundenbuch
1211 2556 1265 2587 des
1279 2555 1780 2587 Praemonstratenser-Klosters
1794 2556 1949 2588 Amstein
1971 2566 2016 2588 an

363 2600 418 2631 der
432 2599 527 2631 Lahn
542 2600 566 2632 I
584 2600 791 2641 (Wiesbaden
814 2605 912 2645 1883)
929 2616 965 2646 p.
981 2608 1024 2637 86
1046 2617 1096 2639 nr.
1114 2607 1179 2647 90),
1202 2607 1324 2639 ›nonuit
1345 2617 1373 2639 v.
1389 2607 1419 2639 d.
1437 2606 1478 2639 Ε.
1497 2606 1630 2639 Schaus.

472 2677 665 2709 Ludowicus
680 2678 743 2710 Dei
765 2681 869 2720 gratia
884 2681 1105 2715 Romanorum
1129 2694 1187 2716 rex
1211 2695 1341 2726 semper
1363 2687 1518 2727 augustus
1605 2685 1761 2716 universis
1783 2684 1866 2716 sacri
1888 2683 2016 2725 imperii

363 2727 512 2759 fidelibus
534 2732 700 2769 presentes
724 2730 846 2762 litteras
869 2733 1060 2774 inspecturis
1148 2737 1285 2778 gratiam
1308 2746 1398 2768 suam
1422 2739 1455 2767 et
1479 2746 1573 2768 omne
1596 2735 1726 2768 bonum.

2027 686 2055 706 1⁰

2029 947 2054 967 ΙΙ

2030 1979 2057 1999 86

2032 2342 2062 2362 40

2032 2614 2060 2634 45
