2190 3172
484 188 582 216 ACTA
600 188 715 216 REGNI
731 188 920 217 LUDEWICI
940 188 987 216 IV.
1006 188 1052 216 ΕΤ
1070 187 1255 216 FRIDERICI
1275 188 1324 216 111.
1362 188 1437 216 1316.
1474 188 1522 216 ΝΥ.
1535 188 1595 216 373.
1803 194 1865 223 313

211 275 419 318 dispendiosa
443 280 590 318 tempora
614 275 776 308 obstinata
799 275 1061 308 contradictionis
1083 276 1253 309 reluctatio
1276 275 1465 318 profusioris
1488 275 1646 318 dispendii
1664 278 1865 309 occasionem

209 326 393 368 induceret,
421 338 480 360 nos
510 338 705 370 quamquam
733 326 774 359 de
798 330 907 360 nostra
930 338 1027 370 quam
1049 330 1160 359 noster
1182 326 1274 359 nobis
1296 327 1423 359 animus
1445 331 1618 360 attestatur
1640 328 1867 360 insufficientia

210 378 435 422 desperantes,
470 379 609 412 humiles
642 382 769 411 nostros
800 378 843 411 ad
871 382 1015 411 montem
1043 378 1134 410 illum
1165 379 1381 411 convertimus
1407 378 1532 419 oculos,
1566 378 1652 411 unde
1686 379 1779 411 nobis
1806 390 1865 422 spe

211 430 313 464 multa
336 431 534 474 promittitur
556 430 711 463 auxilium
736 435 939 473 oportunum.
979 429 1097 473 Sicque
1120 429 1162 462 de
1185 430 1505 472 superhabundantia
1527 431 1612 463 illius
1628 432 1865 474 omnipoteneie

181 498 192 517 ε.
211 486 369 526 concepta
390 482 522 524 fiducia,
550 483 601 515 cui
625 493 696 515 cum
721 482 858 515 voluerit
880 482 992 515 subest
1013 493 1122 525 posse,
1145 492 1270 514 necnon
1295 482 1335 514 de
1359 483 1502 524 ipsorum
1526 482 1660 514 fratrum
1684 487 1866 516 nostrorum

210 535 364 567 eminenti
387 534 538 576 scientia,
570 534 727 567 industria
754 535 987 577 circumspecta
1014 538 1048 567 et
1071 534 1278 576 experiencia
1306 534 1408 566 multa
1439 535 1471 566 in
1494 534 1630 577 agendis
1653 535 1865 577 comprobata

209 587 336 628 confisi,
368 596 503 629 quorum
526 596 604 618 sano
629 586 762 618 consilio
786 586 880 628 dirigi
904 596 1072 628 speramus
1098 586 1131 618 iu
1159 585 1265 618 dubiis
1288 590 1322 618 et
1345 585 1449 618 fulciri
1472 586 1632 628 suffragiis
1655 586 1688 618 in
1710 586 1865 628 adversis,

208 639 240 670 in
268 638 457 671 humilitatis
488 638 602 681 spiritu
629 648 820 670 consensum
848 637 1035 680 prebuimus
1062 638 1212 671 electioni
1243 637 1389 680 predicte
1423 638 1569 680 tantique
1604 639 1711 670 oneris
1739 640 1866 671 sareine

208 690 408 723 imbeccillos
436 690 662 732 supposuimus
685 690 851 730 humeros,
886 689 1011 722 debiles
1038 690 1184 722 misimus
1213 700 1328 722 manus
1361 689 1402 723 ad
1437 689 1538 721 forcia
1572 693 1606 722 et
1638 690 1722 722 colla
1755 695 1866 723 nostra

167 756 191 775 ιο
210 742 393 775 huiusmodi
415 742 492 784 iugo
515 741 720 774 submisimus
743 741 920 784 apostolice
943 741 1121 781 servitutis,
1156 741 1344 784 suppliciter
1373 741 1598 783 implorantes,
1632 745 1668 774 ut
1690 743 1774 784 ipse,
1810 743 1865 785 qui

207 803 266 836 per
289 793 470 825 huiusmodi
494 794 695 826 vocationem
726 794 757 825 in
786 793 884 825 maris
912 793 1022 826 mundi
1045 792 1248 825 altitudinem
1272 804 1331 825 nos
1360 793 1510 834 deduxit,
1541 804 1605 826 non
1637 795 1783 837 paciatur
1806 805 1866 826 nos

208 844 249 877 ab
278 845 378 887 ipsius
406 848 601 887 tempestate
631 844 795 887 demergi,
830 849 879 877 set
907 845 996 877 illam
1024 845 1118 877 nobis
1145 855 1202 877 sue
1230 845 1375 887 potentie
1404 844 1575 877 dexteram
1603 846 1765 888 porrigat,
1800 857 1864 888 que

207 896 427 939 apostolorum
450 897 628 939 principem
652 896 872 929 ambulantem
895 900 928 929 et
950 897 1144 930 hesitantem
1175 897 1207 928 in
1233 897 1383 928 fluctibus
1409 907 1450 929 ne
1478 901 1681 939 mergeretur
1704 899 1809 930 erexit
1831 902 1866 930 et

207 947 429 991 coapostolum
453 949 522 980 eius
544 947 683 980 Paulum
714 951 808 980 nocte
838 958 876 980 ac
906 948 959 980 die
988 949 1021 980 in
1044 947 1204 990 profundo
1234 948 1331 980 maris
1358 949 1500 990 positum
1523 948 1689 990 liberavit,
1712 949 1863 992 viamque

165 1016 190 1036 η
208 999 300 1032 nobis
324 1003 357 1032 et
379 999 438 1032 tibi
462 1000 648 1042 cunctisque
673 999 839 1032 catholicis
862 999 1059 1042 principibus
1088 1010 1126 1032 ac
1149 1000 1266 1031 ceteris
1289 999 1487 1040 christianis,
1517 1000 1581 1032 illis
1610 1001 1781 1042 presertim
1809 1002 1863 1044 qui

207 1051 250 1084 ad
272 1052 333 1084 hoc
356 1051 480 1084 vivifice
504 1052 606 1084 crucis
629 1051 829 1093 signaculum
852 1054 1103 1094 assumpserunt,
1126 1051 1289 1083 salubrem
1313 1055 1346 1083 et
1366 1055 1513 1094 paratam
1530 1052 1666 1094 operiat,
1691 1053 1807 1084 nostris
1831 1057 1865 1086 et

206 1103 334 1136 illorum
358 1103 508 1135 cordibus
530 1104 619 1146 pium
641 1102 789 1136 infundat
811 1103 964 1136 affectum
987 1107 1021 1136 et
1042 1103 1182 1135 infusum
1205 1106 1327 1146 augeat
1349 1107 1383 1135 et
1406 1107 1576 1136 conservet
1591 1103 1742 1146 viresque
1765 1115 1862 1147 opor-

206 1158 300 1188 tunas
323 1165 381 1188 sua
404 1155 590 1198 dignatione
613 1155 734 1187 tribuat
760 1155 804 1187 ad
831 1155 1010 1198 parandum
1033 1155 1183 1188 festinum
1214 1159 1248 1187 et
1274 1154 1392 1188 efficax
1417 1155 1518 1187 Terre
1543 1154 1661 1188 Sancte
1685 1155 1863 1188 subsidium

207 1211 241 1240 et
263 1207 306 1239 ad
329 1207 583 1250 recuperandam
607 1207 797 1239 hereditatis
821 1206 980 1239 dominice
1004 1207 1151 1250 preclare
1174 1206 1351 1239 funiculum
1375 1206 1416 1239 de
1439 1206 1617 1239 infidelium
1637 1207 1796 1248 manibus,
1820 1208 1862 1240 ad

163 1272 190 1294 πο
208 1259 295 1302 quod
319 1259 428 1302 utique
453 1258 649 1291 desiderium
673 1258 831 1291 habemus
854 1259 1025 1292 insensum.
1063 1258 1107 1291 Et
1129 1260 1206 1302 quia
1229 1258 1315 1302 quod
1338 1259 1370 1290 in
1392 1259 1454 1290 hac
1477 1262 1570 1301 parte
1593 1259 1710 1291 nostris
1733 1260 1863 1302 assequi

205 1311 329 1343 meritis
345 1321 408 1343 non
424 1310 579 1351 valemus,
602 1310 823 1352 multiplicatis
839 1310 1105 1343 intercessoribus
1120 1311 1212 1343 nobis
1228 1310 1418 1343 confidimus
1434 1310 1576 1354 elargiri,
1600 1314 1656 1343 tua
1676 1314 1711 1342 et
1725 1310 1861 1343 aliorum

207 1362 353 1395 fidelium
369 1362 523 1405 suffragia
538 1362 702 1395 humiliter
718 1362 936 1404 imploramus.
1012 1362 1158 1405 Ideoque
1174 1363 1449 1405 magnificentiam
1466 1366 1554 1395 tuam
1570 1365 1694 1395 attente
1710 1373 1864 1405 rogamus

207 1419 241 1447 et
256 1414 463 1447 obsecramus
478 1414 634 1447 instanter
655 1414 688 1446 in
705 1414 834 1446 domino
850 1414 926 1446 Iesu
941 1414 1081 1456 Christo,
1105 1415 1254 1457 quatinus
1269 1414 1328 1446 sub
1345 1415 1461 1447 timore
1476 1414 1607 1447 Domini
1623 1418 1696 1446 tuas
1710 1414 1862 1446 continue

207 1466 349 1509 dirigens
380 1466 538 1506 actiones,
572 1469 714 1498 mentem
749 1469 892 1498 nostram
926 1466 1032 1498 filialis
1059 1466 1238 1498 devotionis
1273 1465 1474 1498 exhibitione
1502 1465 1653 1507 letifices,
1690 1466 1863 1498 ecclesiam

164 1532 189 1552 τε
208 1521 345 1550 matrem
362 1521 450 1549 tuam
473 1520 507 1550 et
526 1517 729 1560 presidentes
745 1517 851 1550 eidem
869 1521 1059 1560 ceterasque
1075 1528 1230 1560 personas
1246 1518 1492 1558 ecclesiasticas,
1515 1517 1746 1560 Redemptoris
1762 1519 1862 1550 nostri

209 1570 385 1610 ministros,
419 1580 477 1612 pro
510 1570 559 1600 sui
587 1570 724 1601 nominis
754 1569 858 1612 gloria
885 1570 1021 1602 solerter
1043 1569 1181 1602 honores
1213 1573 1246 1602 et
1280 1580 1335 1602 eas
1363 1570 1522 1612 promptis
1550 1569 1714 1601 favoribus
1743 1571 1774 1601 in
1798 1570 1864 1602 suis

208 1621 329 1654 iuribus
353 1626 386 1653 et
409 1621 680 1663 oportunitatibus
703 1621 832 1654 tuearis.

315 1673 362 1716 (2)
386 1673 539 1706 Ceterum
563 1676 683 1715 quanta
707 1672 747 1706 de
771 1672 943 1704 concordia
965 1673 1049 1704 inter
1072 1675 1104 1703 te
1129 1677 1162 1704 et
1177 1673 1376 1704 carissimum
1399 1673 1431 1704 in
1447 1672 1576 1704 Christo
1601 1672 1702 1704 filium
1718 1676 1862 1704 nostrum

598 1727 623 1756 1.
1447 1726 1476 1756 2.

165 1791 192 1811 ιο
208 1775 408 1809 Fridericum
425 1775 539 1808 ducem
557 1776 687 1808 Austrie
710 1776 742 1808 in
759 1785 870 1818 regem
887 1775 1008 1808 Roma·
1060 1775 1269 1807 Ludowicum
1286 1775 1400 1808 ducem
1412 1775 1551 1807 Bavarie
1566 1776 1599 1807 in
1614 1785 1727 1817 regem
1739 1774 1862 1807 Roma-

201 1838 321 1866 norum
345 1827 494 1869 electum,
1062 1837 1174 1859 norum
1198 1827 1349 1867 electum,

209 1880 236 1911 si
257 1879 340 1911 votis
359 1879 477 1911 nostris
500 1883 657 1911 annueret
671 1879 839 1919 Dominus,
863 1878 1069 1911 reformanda
1088 1878 1208 1910 utilitas
1225 1879 1419 1921 proveniret,
1443 1879 1513 1921 ipsa
1529 1877 1783 1920 dispendiorum,
1800 1888 1863 1920 que

206 1931 272 1964 iam
295 1941 337 1963 ex
358 1931 533 1973 pernitiosa
555 1931 639 1963 inter
663 1934 694 1962 te
719 1933 753 1962 et
774 1930 880 1972 ipsum
904 1929 1065 1962 discordia
1088 1930 1150 1962 hiis
1173 1930 1373 1972 temporibus
1397 1934 1612 1969 emerserunt,
1644 1929 1862 1962 consideratio

208 1982 403 2015 manifestat.
448 1982 578 2025 Sopiret
600 1982 730 2025 quidem
755 1982 843 2024 pacis
867 1981 982 2013 lenitas
1004 1981 1100 2021 mala,
1124 1992 1186 2024 que
1209 1992 1399 2024 guerrarum
1423 1981 1590 2013 calamitas
1612 1981 1804 2022 introduxit,
1829 1986 1863 2013 et

165 2048 189 2069 as
208 2034 421 2077 multiplicata
455 2034 593 2066 comoda
626 2044 668 2066 ex
701 2033 787 2065 illius
820 2032 1051 2065 reformatione
1082 2037 1337 2071 succrescerent,
1371 2034 1504 2075 precisis
1534 2032 1763 2073 incommodis,
1798 2043 1862 2075 que

209 2085 412 2119 dissentionis
433 2086 584 2128 iniquitas
606 2085 809 2128 geminavit.
854 2085 1034 2127 Propterea
1058 2095 1242 2127 quesumus,
1266 2085 1475 2118 dilectissime
1498 2085 1554 2125 fili,
1577 2088 1614 2116 ut
1636 2085 1864 2127 persuasiones

208 2140 360 2180 paternas
383 2137 502 2170 devota
524 2141 632 2170 mente
655 2137 841 2179 suscipiens,
865 2136 907 2168 ad
931 2137 1019 2179 pacis
1043 2141 1076 2168 et
1099 2137 1270 2169 concordie
1294 2137 1408 2170 federa
1432 2147 1504 2169 cum
1528 2135 1645 2168 eodem
1667 2136 1773 2168 electo
1789 2135 1861 2168 Deo

209 2189 348 2232 propitio
377 2188 583 2222 reformanda
613 2189 751 2220 cuiusvis
782 2189 950 2220 occasione
984 2189 1126 2220 rancoris
1160 2188 1308 2228 exclusa,
1343 2192 1486 2221 mentem
1513 2191 1601 2220 tuam
1633 2187 1805 2220 habilites·
1829 2192 1863 2220 et

208 2244 351 2284 coaptes,
374 2245 409 2274 ut
430 2241 542 2273 matris
564 2240 709 2273 eiusdem
733 2241 858 2273 sincera
880 2240 1060 2283 precordia,
1083 2250 1146 2282 que
1171 2244 1257 2272 tuam
1282 2244 1315 2272 et
1338 2239 1484 2272 eiusdem
1509 2239 1604 2272 electi
1620 2239 1862 2281 multorumque

165 2306 191 2326 ιο
208 2292 401 2334 populorum
423 2293 521 2325 sentit
546 2293 579 2324 in
606 2292 733 2334 prefata
757 2291 952 2324 dissentione
976 2292 1148 2333 iacturam,
1181 2292 1368 2324 reformatio
1397 2291 1543 2334 predicte
1574 2290 1745 2323 concordie
1768 2295 1862 2333 grata

209 2343 342 2377 letificet
363 2345 498 2387 ipseque
521 2344 813 2377 misericordiarum
830 2344 986 2376 Dominus
1010 2348 1085 2376 vota
1109 2348 1164 2376 tua
1186 2344 1252 2376 suis
1275 2343 1487 2386 beneplacitis
1511 2347 1543 2375 te
1568 2343 1761 2375 conformari
1785 2353 1860 2374 con-

208 2395 346 2438 spiciens
367 2399 477 2438 preter
498 2395 717 2428 retributionis
741 2399 852 2428 eterne
874 2395 1070 2436 mercedem,
1094 2406 1190 2438 quam
1213 2395 1288 2427 inde
1308 2395 1496 2435 mereberis,
1520 2394 1683 2436 adaugeat
1706 2394 1737 2426 in
1761 2394 1860 2426 bene-

209 2446 401 2479 dictionibus
424 2446 602 2480 dulcedinis
626 2447 696 2479 dies
719 2450 800 2480 tuos.
839 2446 907 2479 Nos
930 2448 1015 2479 enim
1039 2458 1097 2489 pro
1120 2447 1266 2479 eiusdem
1287 2446 1519 2479 reformatione
1535 2447 1625 2489 pacis
1649 2456 1688 2478 eo
1710 2445 1862 2477 libentius

209 2497 314 2530 studia
329 2498 537 2540 proponimus
551 2498 728 2541 apostolice
745 2499 907 2531 servitutis
920 2499 1120 2541 impendere,
1145 2509 1208 2540 quo
1227 2499 1332 2541 magis
1347 2498 1436 2530 illam
1452 2499 1667 2531 necessariam
1692 2502 1725 2530 et
1747 2497 1860 2529 utilem

165 2562 189 2581 aa
209 2550 242 2582 in
265 2550 358 2582 terris
379 2550 582 2592 agnoscimus
605 2553 639 2582 et
660 2550 730 2582 sore
754 2560 922 2592 speramus
946 2550 1106 2592 placidam
1130 2550 1161 2582 in
1186 2550 1332 2582 excelsis.

316 2600 392 2633 Dat.
409 2601 570 2644 Lugduni,
593 2600 676 2633 Non.
692 2600 885 2643 Septembr.,
909 2602 1112 2644 pontificatus
1135 2602 1234 2633 nostri
1257 2612 1339 2633 anno
1362 2602 1479 2644 primo.

312 2797 377 2824 878.
405 2798 428 2830 ·)
446 2798 549 2824 abnues
569 2798 591 2823 1.

308 2865 347 2884 u..
361 2865 587 2884 cessuro-noxas
600 2865 626 2883 v.
752 2855 755 2858 ’
1616 2857 1650 2883 40
