2184 3126
392 148 490 176 ACTA
508 147 620 176 amm
639 146 825 176 LUDEWICI
845 145 892 174 lv.
910 145 956 174 ET
975 144 1160 173 FRlDERlCI
1180 144 1229 173 111.
1267 144 1343 173 1323.
1379 144 1428 172 Nr.
1442 144 1500 172 769.
1520 143 1579 172 770.
1599 144 1657 172 771.
1794 147 1854 178 601

337 279 527 311 769—772.
563 276 753 311 SCRIPTA
776 276 838 309 AD
861 275 1098 309 OIVITA'I'ES
1121 273 1406 308 THURINGIAE
1430 273 1720 307 SPECTANTIA.

854 338 945 369 1323.
973 336 1058 379 Aug.
1074 336 1206 367 9.—21.

410 444 495 481 769.
536 444 698 489 Receptio
723 443 873 480 civitatis
901 442 1148 479 Northusensis
1172 442 1212 478 in
1234 442 1396 487 qratiam.
1502 441 1593 487 Aug).
1614 443 1648 477 9.

311 517 473 558 Oriyinale
506 517 581 559 (or.)
616 517 652 549 in
684 517 844 550 tabulario
878 515 1099 549 Northusensi.
1156 514 1277 548 Pendet
1310 514 1459 555 siqt’llum.
1491 534 1532 538 —
1562 514 1625 547 Ed.
1646 514 1860 548 Fo‘rstemann

167 578 180 598 ο
200 569 394 603 ¹Geechichte
417 569 473 601 der
495 568 591 602 Stadt
613 568 836 600 Nordhausen’
859 568 888 607 I,
910 568 933 599 2
948 578 984 608 p.
1000 569 1043 599 44
1064 578 1114 600 nr.
1132 567 1173 599 14
1195 577 1234 599 ex
1257 577 1302 599 οι·.
1348 566 1532 599 Editiomm
1555 567 1734 607 repetimus.

307 629 452 668 Bo'hmer,
475 628 552 670 Rey.
569 629 683 662 Ludw.
694 639 729 669 p.
747 629 790 660 36
811 639 861 661 nr.
879 629 951 661 608.

307 706 376 739 Nos
390 705 584 739 Ludowicus
600 706 661 738 Dei
685 707 795 749 gracia
810 706 1030 738 Romanorum
1054 715 1113 738 rex
1136 715 1266 747 semper
1281 708 1435 747 augustus
1452 704 1655 747 presentibus
1670 705 1860 748 profitemur

198 757 374 802 prudentes
395 759 482 790 viros
504 759 590 790 cives
605 758 844 790 Northusenses
866 757 980 790 fideles
1002 760 1128 790 nostros
1151 756 1287 789 dilectos
1310 767 1408 799 super
1429 757 1578 789 omnibus
1601 757 1860 799 impeticionibus

198 810 292 843 nobis
320 814 431 843 contra
460 821 517 843 eos
547 809 806 852 competentibus
833 813 867 841 et
895 809 995 842 etiam
1024 819 1123 851 super
1152 809 1287 841 retentis
1318 818 1377 851 per
1407 819 1478 850 eos,
1513 819 1576 851 que
1608 808 1701 841 nobis
1731 809 1861 842 fuerant

158 873 184 894 ιο
201 861 411 904 assignanda,
441 861 662 893 favorabiliter
690 861 782 893 nobis
810 860 1002 893 reformatos
1032 864 1065 892 et
1093 861 1126 892 in
1156 863 1307 893 eventum
1335 860 1515 903 quemlibet
1537 860 1758 893 concordatos.
1805 860 1859 893 Sic

200 913 287 956 quod
311 913 414 946 omnis
436 913 536 954 accio,
560 923 623 955 que
647 913 739 945 nobis
761 914 793 944 in
816 913 904 955 ipsos
926 923 983 945 seu
1007 912 1139 955 opidum
1161 913 1266 955 ipsum
1290 922 1391 953 usque
1415 913 1447 944 in
1468 915 1652 954 presentem
1677 913 1774 954 diem,
1797 913 1860 945 hoc

201 967 250 998 est
271 965 304 997 in
327 963 380 997 die
403 963 491 996 beati
515 963 641 1006 Cyriaci
664 965 824 1007 martyris,
850 964 1058 1007 competebat
1080 965 1131 996 vel
1154 967 1342 1006 competere
1365 967 1505 1006 poterat,
1529 964 1635 1006 sopita
1658 968 1708 997 est
1731 965 1860 1007 penitus
1874 976 1963 1001 Anas.

201 1019 235 1048 et
257 1015 408 1048 extincta.
458 1014 578 1048 Iudeos
606 1026 735 1058 quoque
771 1017 910 1048 civitatis
938 1015 1083 1048 eiusdem
1113 1025 1223 1048 servos
1255 1026 1383 1048 camere
1414 1018 1524 1048 nostre
1553 1015 1647 1048 nobis
1677 1015 1862 1058 specialiter

201 1077 412 1100 reservamus.
501 1067 540 1100 In
564 1068 653 1100 cuius
676 1069 722 1100 rei
745 1069 964 1100 testimonium
987 1071 1155 1111 presentes
1177 1068 1303 1100 litteras
1329 1067 1436 1110 sigillo
1459 1068 1639 1101 maiestatis
1661 1072 1771 1100 nostre
1794 1069 1860 1100 ius-

157 1130 182 1151 ιε
202 1120 301 1152 simus
324 1119 524 1152 communiri.

171 1166 172 1169 '
308 1170 385 1204 Dat.
407 1171 441 1204 in
462 1171 669 1213 Arensteten‚
693 1170 733 1203 V.
758 1171 806 1203 Id.
831 1171 979 1214 Augusti,
1003 1181 1087 1204 anno
1103 1171 1235 1204 Domini
1257 1171 1429 1203 millesimo
1452 1171 1682 1204 trecentesimo
1706 1171 1860 1204 vicesimo

203 1223 315 1264 tercio,
338 1223 429 1266 regni
452 1233 529 1255 vero
551 1223 651 1255 nostri
674 1233 758 1255 anno
780 1233 875 1255 nono.

490 1337 576 1374 770.
619 1337 796 1383 Scriptum
819 1349 885 1383 pro
913 1338 1048 1374 civitate
1074 1337 1305 1374 Mulhusensi.
1411 1338 1501 1383 Auy.
1519 1339 1577 1373 11.

315 1411 476 1453 Onyimle
492 1411 564 1454 (or.)
580 1412 616 1443 in
631 1411 789 1444 tabulario
805 1411 1021 1444 Mulhusensi.
1060 1410 1179 1443 Pendet
1193 1411 1331 1452 sigillum
1347 1411 1467 1444 laesum
1482 1411 1547 1444 loro
1562 1412 1806 1445 membranaceo.
1819 1430 1859 1437 —

158 1473 186 1494 ⁹⁰
203 1465 267 1499 Ed.
282 1464 424 1506 Herquet
446 1462 726 1498 ‘Urkundenbuch’
744 1473 779 1504 p.
796 1463 861 1495 369
883 1473 933 1495 nr.
950 1463 1013 1496 785
1035 1473 1075 1495 ex
1097 1473 1143 1495 or.
1187 1463 1370 1496 Editionem
1393 1463 1571 1504 repetimus.

310 1523 458 1564 Bb'hmer,
480 1523 556 1565 Req.
573 1523 686 1556 Ludw.
700 1534 733 1565 p.
749 1525 793 1555 36
814 1534 864 1555 nr.
881 1524 932 1556 60.

315 1584 365 1626 Os.
388 1585 530 1638 Herquet
552 1584 571 1616 Z.
590 1596 616 1616 c.
626 1595 662 1625 p.
677 1585 742 1616 370
764 1594 814 1616 nr.
833 1585 904 1615 786.

310 1663 504 1697 Ludowicus
519 1662 582 1695 Dei
605 1663 716 1705 gracia
730 1661 951 1694 Romanorum
974 1671 1033 1692 rex
1056 1670 1186 1702 semper
1200 1663 1355 1703 augustus
1441 1661 1599 1693 universis
1621 1662 1705 1694 sacri
1721 1662 1861 1695 Romani

202 1716 329 1759 imperii
351 1714 501 1748 fidelibus
524 1717 691 1756 presentes
714 1714 838 1746 litteras
860 1713 1051 1755 inspecturis
1138 1713 1281 1754 graciam
1304 1722 1395 1745 suam
1419 1715 1454 1745 et
1476 1723 1571 1745 omne
1594 1713 1723 1746 bonum.

160 1776 184 1797 ²⁵
311 1767 468 1800 volentes
491 1766 666 1808 prudentes
693 1766 778 1797 viros
806 1766 892 1797 cives
914 1764 1141 1797 Mulhusenses
1163 1764 1277 1796 fideles
1306 1767 1432 1796 nostros
1456 1764 1591 1797 dilectos
1613 1765 1655 1797 ad
1678 1766 1779 1798 instar
1801 1766 1861 1798 ali-

204 1830 294 1853 orum
317 1819 435 1851 civium
457 1818 616 1860 regalium
639 1818 670 1849 in
687 1817 870 1849 civitatibus
893 1817 990 1858 regiis
1006 1816 1277 1848 commorancium
1301 1827 1320 1847 a
1343 1815 1507 1848 laboribus
1528 1817 1687 1858 relevare,
1710 1818 1862 1860 periculis

204 1875 237 1905 et
263 1871 446 1913 expensus,
481 1870 588 1903 edicto
617 1872 775 1912 perpetuo
806 1868 1029 1911 prohibemus,
1063 1879 1103 1900 ne
1127 1868 1295 1910 quisquam
1319 1868 1550 1911 cuiuscumque
1572 1872 1675 1901 status
1703 1879 1761 1902 seu
1784 1880 1861 1902 cou-

204 1922 338 1956 dicionis
360 1923 479 1955 existat
508 1923 595 1964 ipsos
623 1922 709 1953 cives
733 1920 775 1952 ad
799 1929 1036 1963 quemcumque
1060 1919 1255 1961 prefectum,
1288 1919 1482 1951 advocatum
1512 1930 1570 1952 seu
1598 1920 1737 1952 iudicem
1768 1925 1862 1954 extra

203 1968 366 2007 civitatem
389 1973 647 2006 Mfilhusenssem
672 1972 799 2004 trahere
828 1971 948 2003 audeat
970 1971 1022 2002 vel
1046 1974 1225 2013 presumat,
1255 1970 1313 2002 scd
1341 1981 1449 2002 coram
1478 1971 1585 2003 iudice
1614 1972 1753 2004 civitatis
1776 1972 1861 2004 Mul-

158 2037 185 2058 ιο
202 2025 349 2058 busensis
372 2025 561 2067 cuicumque
585 2027 695 2056 contra
718 2024 805 2065 ipsos
827 2033 885 2056 seu
908 2023 1094 2065 quempiam
1117 2022 1260 2064 ipsorum
1276 2022 1361 2054 actio
1378 2026 1540 2065 conpetat,
1565 2023 1685 2056 debeat
1708 2025 1861 2066 experiri.

202 2077 291 2110 Nulli
315 2087 393 2119 ergo
417 2077 546 2108 omnino
570 2076 735 2108 hominum
757 2075 856 2107 liceat
878 2075 961 2107 hanc
983 2075 1060 2116 ipsis
1084 2084 1142 2115 per
1164 2084 1223 2105 nos
1245 2074 1365 2106 factam
1387 2075 1530 2116 graciam
1554 2075 1728 2118 infringere
1752 2076 1803 2108 vel
1830 2077 1862 2108 ei

202 2130 235 2162 in
250 2129 359 2171 aliquo
375 2138 456 2161 ausu
472 2128 644 2160 temerario
661 2127 830 2159 contraire.
870 2125 964 2163 Quod
986 2126 1040 2168 qui
1056 2125 1164 2157 facere
1180 2127 1438 2167 presumpsserit,
1461 2126 1721 2168 indignacionem
1737 2127 1860 2169 regiam

203 2191 238 2213 se
261 2181 387 2213 noverit
409 2181 635 2212 incurssurum.
725 2179 764 2210 In
792 2179 880 2211 cuius
910 2178 956 2209 rei
985 2177 1184 2209 evidenciam
1214 2181 1381 2218 presentes
1411 2178 1489 2220 ipsis
1513 2178 1660 2210 dedimus
1682 2180 1862 2212 maiestatis

202 2235 311 2264 nostre
333 2231 430 2274 sigilli
452 2231 628 2264 munimine
652 2230 829 2262 roboratas.

160 2295 185 2316 ει»
311 2282 434 2316 Datum
450 2283 482 2315 in
497 2283 702 2323 Arensteten,
726 2292 809 2314 anno
826 2281 956 2313 Domini
974 2280 1144 2312 millesimo
1161 2280 1388 2311 trecentesimo
1408 2281 1561 2313 vicesimo
1577 2282 1687 2323 tercio,
1709 2282 1770 2314 111.
1784 2282 1861 2315 Idus

203 2334 353 2378 Augusti,
376 2335 469 2377 regni
491 2344 568 2367 vero
592 2334 690 2365 nostri
715 2342 798 2365 anno
822 2343 916 2364 nono.

309 2445 395 2482 771.
436 2444 610 2491 Scriptum
637 2445 769 2481 comitis
797 2445 838 2480 de
866 2443 1068 2488 Henneberq
1093 2454 1158 2488 pro
1185 2443 1302 2478 eadem
1330 2442 1479 2479 civitate.
1586 2444 1677 2490 Any.
1697 2447 1753 2480 19.

314 2513 476 2559 Or'iyinale
508 2519 582 2561 (or.)
609 2518 733 2551 ibidem.
779 2517 901 2550 Pendet
929 2517 1067 2558 siqillum
1095 2516 1184 2548 valde
1211 2516 1331 2549 laesum
1359 2516 1426 2550 loro
1452 2518 1695 2551 membranaceo.
1723 2537 1765 2544 —
1796 2519 1859 2552 Ed.

204 2569 345 2610 Hei-quet
367 2568 388 2601 l.
404 2579 429 2601 e.
442 2579 475 2609 p.
491 2571 556 2601 370
576 2580 627 2602 nr.
644 2571 708 2602 787
729 2580 767 2602 ex
790 2580 835 2602 or.
881 2569 1062 2601 Editionem
1085 2568 1263 2608 repet-imus.

161 2638 187 2659 ⁴0
315 2629 367 2671 Cf.
391 2629 484 2671 infra
505 2629 550 2661 ad
570 2639 602 2661 α.
619 2631 714 2662 1324.
737 2630 818 2670 Apr.
835 2631 888 2662 20.

312 2707 386 2739 Wir
407 2707 541 2739 Bertold
570 2718 631 2740 von
655 2708 737 2740 Gots
767 2707 895 2750 gnaden
924 2707 1015 2749 grcfe
1043 2716 1105 2738 von
1128 2705 1362 2750 Hennemberg
1392 2708 1563 2741 bekennen
1596 2708 1787 2740 offcnlichen
1819 2719 1860 2740 an

205 2759 307 2792 diesm
331 2759 434 2792 briefe
457 2759 520 2791 alln
545 2759 608 2791 den
632 2759 683 2791 die
706 2759 738 2790 in
762 2759 861 2791 sehen
885 2759 965 2791 oder
986 2759 1087 2791 horon
1111 2757 1211 2798 lesen,
1239 2759 1298 2791 daz
1320 2760 1378 2792 wir
1401 2760 1460 2792 daz
1484 2761 1805 2802 schultheyzenampt
1828 2761 1859 2790 in

307 2827 344 2846 u..
363 2827 576 2846 consti-furmure
595 2827 619 2846 v.
1620 2821 1652 2848 '16
