2190 3172
353 194 449 222 ACTA
467 193 581 222 REGNI
600 193 782 222 LUDEWICI
798 193 848 222 lv,
867 193 913 221 m·
932 193 1117 222 FRlDERICI
1136 193 1183 221 111.
1223 194 1296 222 1814.
1319 195 1391 222 1315.
1428 194 1476 222 Νι.
1492 195 1548 222 186.
1569 196 1625 223 187.
1648 196 1702 223 188.
1790 199 1848 230 173

203 291 264 326 per
284 283 390 326 ipsum
413 285 469 314 aut
490 292 565 314 suos
589 281 727 314 heredes
749 280 853 313 libere
876 280 1017 313 tenenda
1041 284 1075 313 et
1096 281 1302 323 possidenda,
1326 292 1491 324 quousque
1510 292 1568 324 per
1582 293 1639 313 nos
1655 288 1709 314 aut
1726 290 1851 314 nostros

204 335 235 366 in
258 334 394 377 imperio
418 343 619 365 successores
643 343 700 375 pro
723 332 869 375 predicte
892 343 1016 364 summa
1033 333 1168 374 pecunie
1185 332 1391 365 redimantur.
1438 333 1561 366 Dantes
1577 333 1635 365 sibi
1652 333 1710 365 has
1725 340 1849 366 nostras

203 386 328 419 litteras
351 385 530 418 maiestatis
552 388 660 417 nostre
683 384 790 427 sigillo
813 385 1026 416 communitas
1049 386 1080 416 in
1104 385 1321 417 testimonium
1346 395 1442 427 super
1465 395 1514 419 eo.

311 444 431 478 Datum
460 445 494 477 in
516 443 622 487 Solae,
646 445 720 477 VII.
743 444 908 477 Kalendas
936 445 1091 484 Ianuarii,
1122 455 1205 477 anno
1233 444 1363 477 Domini
1387 444 1621 484 MCCCXIIII,
1654 446 1743 487 regni
1775 456 1852 477 vero

165 498 184 530 's
202 498 302 531 nostri
324 508 407 530 anno
431 497 544 539 primo.

656 603 740 640 187.
780 602 958 648 Scriptum
985 602 1138 638 alterum.
1246 603 1326 639 Dec.
1347 605 1406 638 26.

314 676 476 718 Originale
499 676 574 719 (or.)
598 676 720 709 ibidem.
766 675 886 709 Pendet
912 676 1050 717 siqilzum
1081 676 1200 708 laesum
1223 676 1288 710 loro
1310 677 1548 709 membranaceo.
1582 694 1623 699 —
1660 676 1720 708 Ed.
1738 676 1851 708 Weller

203 729 223 762 l.
240 741 266 762 c.
289 729 340 768 II,
366 731 408 761 67
428 739 478 760 nr.
494 730 538 760 88
560 739 599 760 ea:
622 739 667 760 or.
712 727 895 760 Editionem
917 728 1095 768 repetimus.

309 789 457 828 Bdhmer,
479 788 555 830 Rey.
573 788 686 822 Ludw.
705 798 739 830 p.
757 789 819 819 165
842 788 1010 820 Friedrich
1033 799 1082 820 nr.
1100 788 1129 820 4.

161 893 186 914 ιο
311 883 494 916 Fridericus
516 883 579 915 Dei
602 883 707 925 gratia
723 882 943 914 Romanorum
967 892 1025 914 rex
1048 892 1178 924 semper
1200 886 1353 924 augustus
1441 883 1595 914 universis
1617 883 1698 914 sacri
1715 882 1850 914 Romani

161 938 164 948 ¹
203 936 330 979 imperii
353 935 512 976 fidelibus,
536 934 579 966 ad
602 945 683 977 quos
705 938 874 976 presentes
896 934 1102 976 pervenerint
1189 934 1324 976 gratiam
1349 944 1439 966 suam
1464 937 1497 966 et
1519 944 1613 965 omne
1637 933 1765 966 bonum.

311 987 365 1020 Ad
388 986 460 1019 illos
483 985 655 1028 specialius
678 985 797 1028 regalis
819 988 927 1018 nostre
951 985 1154 1018 liberalitatis
1176 986 1393 1018 munificentia
1415 997 1450 1018 se
1474 985 1628 1021 extendit,
1650 996 1730 1027 quos
1752 986 1854 1017 noscit

204 1049 283 1083 erga
311 1049 437 1071 sacrum
459 1037 642 1070 Romanum
671 1037 842 1079 imperium
865 1036 928 1069 fide
952 1038 1152 1080 perspicuos,
1182 1037 1401 1079 prepollentes
1427 1038 1573 1079 potentia
1600 1041 1633 1069 et
1659 1047 1757 1079 opere
1781 1037 1851 1068 effi-

203 1101 307 1127 caces.
358 1089 444 1122 Sane
478 1088 596 1122 nobilis
628 1089 688 1120 viri
719 1088 886 1121 Krestonia
917 1088 958 1120 de
987 1088 1180 1121 Hohenloch
1214 1089 1320 1120 fidelis
1351 1089 1451 1120 nostri
1484 1088 1594 1121 dilecti
1628 1088 1790 1120 fructuosa
1820 1094 1853 1120 et

160 1151 184 1172 ns
202 1142 381 1183 indefessa,
415 1151 478 1184 que
508 1140 600 1173 nobis
629 1144 662 1172 et
689 1141 825 1183 imperio
856 1140 1020 1183 hucusque
1044 1141 1282 1173 continuatione
1305 1140 1460 1173 laudabili
1483 1139 1640 1182 impendit
1662 1141 1796 1172 servicia
1819 1144 1853 1172 et

162 1228 164 1234 ,
202 1195 235 1234 in
257 1194 398 1227 futurum
415 1192 605 1235 impendere
622 1193 765 1235 gratiora
788 1193 917 1234 poterit,
942 1203 999 1235 pro
1024 1193 1124 1225 oculis
1146 1192 1350 1233 collocantes,
1374 1192 1435 1224 sibi
1457 1193 1586 1234 suisque
1609 1191 1793 1232 heredibus,
1816 1196 1853 1224 nt

201 1246 304 1279 maior
325 1245 465 1287 imperio
489 1243 576 1286 apud
599 1254 656 1276 eos
678 1248 804 1277 crescat
826 1244 955 1276 devotio
980 1247 1014 1276 et
1035 1248 1285 1286 augmententur
1306 1244 1451 1284 servicia,
1481 1248 1619 1275 castrum
1644 1242 1851 1285 Geylenowe,

206 1297 338 1340 opidum
361 1295 569 1338 Kreylsheim
592 1306 629 1328 ac
653 1296 762 1328 villam
786 1295 979 1328 Hohenhart
993 1306 1077 1341 *cum
1101 1295 1249 1328 omnibus
1272 1297 1337 1327 suis
1359 1295 1480 1327 iuribus
1503 1299 1537 1326 et
1558 1295 1766 1338 pertinentiis,
1789 1305 1852 1337 que

184 1348 367 1392 >quondam
392 1347 491 1380 nobili
513 1348 581 1379 viro
606 1347 756 1380 Ounrado
781 1349 890 1380 comiti
919 1347 959 1379 de
984 1348 1125 1390 Otingen
1153 1347 1228 1380 dum
1253 1348 1375 1379 viveret
1397 1346 1616 1389 pertinebant,
1646 1357 1689 1378 ex
1711 1346 1851 1378 liberali-

162 1407 188 1428 ²⁰
205 1403 274 1434 tate
296 1400 388 1443 regia
412 1399 562 1433 duximus
584 1399 809 1432 concedendos
832 1410 852 1432 a
874 1399 966 1431 nobis
989 1403 1022 1431 et
1044 1400 1179 1441 imperio
1204 1399 1323 1431 feodali
1346 1399 1438 1430 titulo
1459 1402 1615 1441 perpetuo
1631 1398 1851 1440 possidendos.

204 1452 330 1487 Harum
353 1451 538 1484 testimonio
561 1451 741 1483 litterarum
765 1454 873 1483 nostre
896 1451 1075 1484 maiestatis
1097 1450 1193 1493 sigilli
1215 1451 1331 1483 robore
1354 1451 1562 1492 signatarum.

313 1512 434 1545 Datum
464 1511 497 1543 in
529 1510 637 1552 Selse,
661 1511 735 1544 VII.
758 1510 922 1543 Kalendas
950 1510 1105 1550 Ianuarii,
1140 1521 1223 1542 anno
1254 1511 1383 1543 Domini
1405 1510 1438 1542 M
1466 1511 1691 1542 trecentesimo
1721 1513 1851 1552 quarto-

205 1564 341 1605 decimo,
366 1563 458 1606 regni
480 1573 558 1595 vero
581 1564 681 1595 nostri
704 1574 787 1595 anno
811 1563 925 1605 primo.

1011 1670 1016 1679 2
1043 1676 1131 1679 ---.
1156 1676 1234 1679 Ϋ-,κ

334 1800 407 1838 188.
443 1798 723 1846 PROMISSIO
746 1796 1015 1836 LUDEWICI
1038 1797 1141 1835 PRO
1167 1795 1364 1834 COMITE
1388 1797 1458 1834 DE
1483 1796 1724 1834 FRIBURG.

162 1881 187 1902 ss
891 1867 998 1903 1315.
1040 1867 1117 1903 lan.
1140 1866 1174 1902 2.

316 1968 476 2010 originale
492 1970 565 2010 (or.)
587 1969 622 2001 in
638 1969 796 2002 tabulario
811 1967 950 2010 yenerali
963 1967 1190 1999 Karlsruhano
1206 1966 1314 1999 ‘Select
1329 1966 1385 1998 der
1400 1965 1694 1998 Kaiserurkunden'
1714 1965 1849 1997 νιν-[200.

207 2021 325 2054 Pendet
346 2021 485 2063 siyillum
507 2021 626 2054 laesum
648 2021 712 2054 loro
734 2021 977 2054 membranaceo.
1001 2038 1042 2043 -—
1064 2019 1126 2051 Ed.
1143 2019 1240 2051 Mene
1255 2017 1451 2059 ‘Zeu-schrift
1470 2018 1495 2056 f.
1510 2017 1540 2049 d.
1556 2016 1666 2049 Gescb.
1683 2017 1736 2048 des
1754 2016 1848 2049 Ober-

204 2073 320 2106 rheine'
342 2073 426 2112 XII,
449 2074 500 2105 96.
552 2073 734 2113 Editionem
756 2073 932 2115 repetimus.

311 2133 459 2172 Bfflumer,
482 2133 558 2174 Rey.
575 2134 687 2166 Ludw.
709 2144 740 2174 p.
758 2134 823 2165 317
844 2143 894 2165 nr.
908 2133 994 2163 2936
1017 2131 1143 2172 (Addit.
1161 2130 1205 2163 II
1199 2132 1226 2172 ).

161 2208 188 2229 ιο
316 2194 364 2234 Cf.
388 2194 462 2235 Req.
478 2193 590 2226 Dudw.
614 2205 663 2226 nr.
680 2195 766 2226 2935
788 2196 819 2226 et
840 2193 930 2234 infra
952 2192 996 2224 ad
1017 2202 1048 2225 a.
1066 2192 1160 2224 1315.
1184 2191 1285 2223 Mart.
1302 2191 1353 2222 20.

311 2289 384 2321 Wir
399 2288 557 2331 Ludewig
577 2299 638 2321 von
656 2288 771 2321 Gottes
794 2288 922 2331 gnaden
938 2286 1138 2319 Romescher
1160 2286 1260 2328 kunig
1283 2285 1439 2327 allewege
1463 2285 1514 2316 ein
1538 2294 1644 2315 merer
1667 2283 1724 2315 dez
1748 2283 1851 2315 richen

204 2340 375 2382 verJehent
401 2351 442 2373 an
470 2341 594 2373 disemc
623 2341 886 2383 gegenwertigen
908 2339 1035 2382 brieve,
1068 2337 1126 2369 daz
1149 2338 1206 2369 wir
1229 2337 1324 2369 deme
1348 2336 1463 2368 edelen
1486 2346 1601 2367 manne
1625 2345 1743 2377 graven
1766 2335 1850 2366 Con-

206 2395 297 2426 raten
320 2403 383 2425 von
406 2391 546 2435 Friburg
568 2402 718 2424 unserme
741 2391 806 2424 und
831 2391 888 2423 des
911 2390 1016 2422 riches
1038 2393 1204 2432 getruwen
1230 2388 1328 2421 umbe
1352 2389 1414 2420 den
1438 2387 1618 2420 dancberen
1643 2387 1760 2421 dienst.
1789 2386 1850 2418 den

207 2451 243 2476 er
263 2454 323 2476 uns
345 2447 442 2487 getan
466 2443 524 2476 hat
546 2444 610 2476 und
633 2443 716 2476 noch
741 2442 795 2476 tfin
823 2443 870 2475 sol
894 2442 958 2474 und
982 2452 1040 2473 uns
1062 2440 1194 2483 gelobet
1215 2440 1272 2472 bet
1294 2440 1332 2472 zu
1355 2439 1453 2472 tfinde
1477 2450 1582 2481 gegen
1606 2438 1667 2470 den
1690 2438 1851 2481 herzogen

162 2507 188 2529 as
208 2505 270 2528 von
294 2495 458 2528 Osterrich
486 2495 552 2527 und
576 2496 660 2528 allen
687 2496 755 2527 iren
784 2494 947 2534 helferen,
977 2504 1074 2525 unser
1101 2492 1164 2524 und
1189 2492 1247 2524 des
1270 2491 1373 2524 riches
1396 2491 1512 2523 viende
1535 2490 1599 2523 und
1623 2490 1852 2529 widersachen,

206 2546 354 2589 schuldig
388 2548 450 2580 sint
478 2548 658 2580 zweitusint
685 2547 788 2589 phunt
814 2545 930 2578 Haller
965 2555 1002 2577 zu
1037 2545 1138 2576 zwein
1168 2545 1251 2575 ziten
1286 2554 1324 2575 zu
1352 2542 1520 2586 geltende,
1558 2543 1655 2574 tusint
1685 2541 1786 2583 phunt
1813 2551 1851 2572 zu

176 2631 178 2633 ,
206 2601 310 2631 santte
333 2598 501 2631 Johannes
528 2609 598 2631 mes
625 2610 663 2631 zu
690 2598 879 2640 sunjechten
908 2597 967 2629 daz
995 2596 1189 2629 allernechst
1212 2595 1331 2627 komen
1354 2596 1401 2626 sol
1425 2594 1490 2626 und
1512 2594 1565 2626 die
1588 2594 1729 2626 anderen
1755 2593 1851 2624 tusint

205 2650 308 2694 phunt
330 2650 389 2683 dar
411 2650 492 2683 nach
517 2650 717 2683 zwusschunt
740 2650 803 2682 den
826 2649 927 2681 zwein
949 2659 1044 2680 unser
1067 2647 1201 2679 Frowen
1225 2658 1361 2679 messen.
1407 2647 1506 2678 Were
1530 2645 1610 2677 aber
1633 2645 1691 2676 daz
1714 2645 1772 2676 daz
1796 2645 1852 2675 wir

207 2701 260 2734 die
289 2701 391 2735 sellen
422 2702 555 2734 sohulde
585 2713 623 2734 zu
651 2702 714 2734 den
745 2702 827 2733 zilen
853 2701 911 2733 mit
934 2700 1088 2742 ungolten
1111 2699 1179 2731 also
1203 2699 1244 2731 da
1268 2710 1324 2730 vor
1352 2697 1544 2739 geschriben
1573 2698 1628 2735 ist,
1659 2707 1694 2727 so
1717 2695 1851 2727 urloben

159 2761 191 2786 Δο
208 2754 266 2786 wir
293 2753 367 2786 dem
395 2757 616 2795 vorgenanten
640 2752 781 2785 Cfinrate
815 2763 874 2784 uns
904 2751 942 2783 zfi
970 2751 1163 2793 phendende
1195 2750 1260 2782 und
1287 2748 1526 2792 anzugriffende
1560 2759 1620 2780 ane
1655 2748 1739 2779 allen
1766 2757 1851 2785 zorn,

207 2805 325 2838 sunder
346 2815 545 2848 usgenomen
577 2816 673 2838 unser
696 2804 926 2847 hovegesinde,
956 2803 1015 2835 daz
1040 2805 1096 2835 wir
1119 2804 1150 2835 in
1174 2802 1232 2834 der
1255 2801 1448 2844 phandunge
1471 2804 1527 2833 nut
1550 2800 1663 2832 wellen
1688 2799 1850 2832 beslossen

1866 2600 1911 2620 lun.
1923 2602 1956 2621 u.

1868 2644 1921 2664 Ant.
1934 2645 1964 2663 15.

1866 2670 1926 2694 Sept.
1939 2670 1956 2688 s.
