2190 3172
502 204 598 233 ACTA
616 204 729 233 mmm
746 204 932 233 LUDEWICI
951 205 998 233 IV.
1017 204 1063 233 m·
1081 204 1266 234 FRIDERICI
1283 205 1332 233 111.
1371 205 1445 233 1318.
1482 205 1530 233 Nr.
1543 206 1602 234 517.
1813 209 1876 239 415

251 372 325 409 517.
360 371 597 410 EIUSDEM
622 371 932 410 INSTITUTIO
955 371 1135 410 STUDII
1159 371 1477 411 GENERALIS
1501 372 1849 410 TERVISINAE.

894 440 1003 477 1318.
1043 439 1128 478 Dec.
1154 440 1210 477 15.

312 559 316 563 -
336 540 434 580 Copia
460 544 472 573 1
502 541 539 573 in
560 540 656 574 Libro
679 541 879 574 Statutorum
900 540 1020 583 collegii
1042 542 1232 574 medicorum
1257 542 1415 574 Tervisini
1440 542 1477 574 in
1499 541 1679 574 bibliotheca
1704 541 1873 574 Tmisina

224 601 274 624 nr.
291 591 354 623 575
376 594 554 632 asservato5
575 592 761 635 exemplavit
775 591 976 630 Bethmomm
1061 594 1081 626 2
1104 594 1141 626 in
1162 594 1266 626 codice
1283 593 1467 627 stevisiano
1489 593 1645 626 tabularii
1665 594 1745 635 regii
1766 593 1877 626 Veneti

194 655 206 675 s
224 642 279 682 fol.
294 643 377 682 341,·
410 643 575 685 descripsit
605 644 645 677 G.
661 644 705 677 H.
723 644 825 677 Perta.
859 661 903 668 —·
935 644 998 677 Ed.
1024 644 1266 678 Winckelmann
1293 645 1387 678 ‘Acta
1413 646 1540 686 imperii
1567 645 1704 678 inedita’
1734 645 1788 684 II,
1811 646 1875 678 275

224 704 275 727 nr.
292 694 356 727 434
379 705 418 727 eoe
438 696 468 727 2.

331 755 478 794 Biihmcr,
502 755 578 796 Rey.
595 755 707 788 Ludw.
727 765 761 797 p.
779 755 842 788 172
863 756 1033 789 Friedrich
1055 766 1105 788 nr.
1123 757 1196 788 130.

331 858 514 891 Fridericus
536 858 600 891 Dei
622 859 727 900 gratia
742 859 962 892 Romanorum
985 870 1043 892 rex
1066 870 1195 903 semper
1217 863 1372 902 augustus
1458 862 1614 893 universis
1637 863 1719 894 sacri
1735 862 1873 895 Romani

226 910 353 954 imperii
376 909 526 942 fidelibus
548 913 717 953 presentes
739 910 863 944 litteras
885 911 1077 954 inspecturis
1164 912 1302 955 gratiam
1325 922 1417 944 suam
1440 916 1474 944 et
1497 923 1591 945 omne
1615 913 1744 946 bonum.

180 973 206 994 ιο
331 961 421 994 Inter
443 964 552 994 cetera
575 962 726 994 virtutum
750 962 888 1005 insignia
910 963 1045 995 scientia
1070 963 1168 996 animi
1190 964 1351 1006 possessio
1374 974 1543 1006 generosa,
1567 974 1629 1007 que
1652 975 1763 1008 sparsa
1786 965 1875 998 colli-

224 1013 319 1057 gitur,
343 1016 477 1056 erogata
500 1013 680 1054 revertitur,
704 1013 844 1046 humana
868 1014 966 1046 corda
988 1013 1138 1047 nobilitat
1161 1018 1195 1047 et
1216 1025 1279 1047 non
1301 1015 1509 1048 mediocriter
1524 1017 1737 1059 multiplicata
1759 1018 1875 1060 peritia

224 1066 440 1099 subiectorum
464 1065 641 1107 potentiam
663 1065 815 1108 principis
839 1066 978 1107 exaltat,
1007 1066 1083 1109 quia
1113 1069 1202 1099 tanto
1231 1066 1356 1099 felicius
1383 1067 1510 1111 imperii
1539 1071 1641 1100 status
1664 1069 1875 1111 componitur,

225 1120 344 1162 quanto
373 1116 487 1149 maiori
514 1117 695 1159 sapientum
725 1127 858 1149 numero
886 1117 1094 1158 fecundatur,
1126 1128 1322 1162 semperque
1348 1119 1526 1162 reipublice
1556 1130 1710 1162 prospera
1739 1119 1876 1153 felicitas

225 1169 330 1212 affuit,
361 1170 513 1212 quociens
540 1168 628 1201 illam
655 1169 831 1211 peritorum
862 1172 895 1201 et
916 1169 1090 1212 proborum
1112 1170 1315 1212 providentia
1337 1170 1538 1213 gubernavit.
1583 1170 1656 1203 Hac
1679 1172 1777 1215 igitur
1799 1182 1875 1204 con-

182 1232 207 1252 ιι
225 1221 421 1254 sideratione
445 1221 598 1253 commoti
621 1223 655 1252 et
677 1221 710 1253 in
731 1221 794 1253 hoc
817 1221 980 1253 civitatem
1003 1225 1145 1254 nostram
1169 1221 1382 1264 Tarvisinam,
1412 1234 1475 1266 que
1498 1234 1558 1266 per
1580 1223 1688 1256 debite
1711 1223 1876 1256 fidelitatis

222 1273 422 1317 propositum
445 1275 552 1304 nostre
575 1271 766 1312 celsitudini,
790 1273 872 1304 sicut
897 1271 1018 1314 debuit,
1042 1283 1076 1305 se
1100 1273 1246 1315 subiecit,
1269 1274 1476 1316 magnificare
1499 1275 1656 1315 volentes,
1679 1275 1786 1308 eidem
1809 1279 1875 1308 sta-

223 1323 343 1358 tuendo
360 1323 576 1365 concedimus,
601 1323 687 1367 quod
703 1324 736 1356 in
758 1324 828 1367 ipsa
843 1325 973 1357 civitate
990 1325 1156 1368 utriusque
1172 1325 1250 1357 iuris
1266 1325 1455 1376 traditiopes
1478 1330 1512 1359 et
1526 1327 1660 1359 scientia
1683 1331 1717 1360 et
1732 1327 1876 1370 quelibet

223 1376 356 1410 scientie
379 1375 589 1418 solempniter
615 1378 648 1407 et
676 1375 874 1419 generaliter
902 1375 966 1419 legi
989 1377 1114 1419 possint
1139 1380 1173 1409 et
1195 1376 1337 1410 studeri·
1358 1378 1531 1421 negocioso
1557 1378 1663 1411 studio
1687 1379 1719 1411 in
1742 1379 1875 1418 eisdem,

223 1427 438 1461 concedentes
460 1430 526 1459 tam
549 1427 730 1470 legentibus
754 1438 850 1470 quam
867 1427 1071 1460 studentibus
1086 1429 1118 1460 in
1134 1428 1198 1461 iam
1215 1428 1302 1461 dicta
1318 1430 1458 1472 civitate,
1481 1434 1517 1462 ut
1532 1429 1678 1462 omnibus
1694 1434 1727 1463 et
1741 1431 1875 1474 singulis

180 1491 207 1512 ao
224 1479 402 1523 privilegiis
424 1479 602 1522 pociantur,
626 1479 741 1522 quibus
764 1480 796 1511 in
818 1479 889 1511 aliis
912 1479 1117 1522 generalibus
1140 1480 1253 1513 studiis
1275 1481 1422 1524 legentes
1449 1483 1482 1514 et
1504 1481 1671 1514 studentes
1694 1481 1780 1514 soliti
1802 1486 1875 1515 sunt

223 1530 376 1574 gaudere.
419 1530 464 1563 Et
492 1531 567 1574 quia
597 1532 702 1573 ipsum
724 1530 925 1563 Tarvisinnm
956 1532 1096 1564 studium
1125 1535 1291 1575 tamquam
1323 1534 1464 1566 virorum
1487 1533 1598 1566 talium
1622 1534 1807 1566 nutritivum
1831 1534 1873 1567 ad

223 1583 456 1616 incrementum
471 1581 647 1615 laudabille
670 1582 802 1625 perduci
819 1583 974 1625 cupimus,
997 1583 1172 1616 venerabili
1195 1583 1362 1617 Tarvisino
1380 1585 1544 1627 episcopo,
1567 1585 1622 1628 qni
1645 1596 1703 1628 pro
1726 1590 1872 1628 tempore

224 1635 336 1677 fuerit,
371 1637 482 1667 tenore
517 1635 714 1676 presentium
741 1634 910 1667 tribuimus
935 1636 1177 1678 auctoritatem,
1212 1639 1248 1668 ut
1275 1637 1429 1679 quociens
1456 1636 1571 1680 aliquis
1602 1637 1746 1670 eiusdem
1775 1637 1871 1670 studii

223 1686 397 1719 occurrerit
419 1686 588 1728 alumpnus
603 1686 736 1718 alicuius
755 1686 888 1718 scientie
905 1685 1057 1719 doctrinis
1071 1687 1223 1727 imbutus,
1246 1687 1335 1720 illum
1358 1691 1507 1731 prompte
1530 1688 1572 1721 ad
1588 1690 1726 1731 gratiam
1742 1699 1871 1731 promo-

180 1749 206 1771 ιε
223 1742 355 1780 vestiet
376 1738 418 1770 ad
437 1738 592 1770 honorem
615 1737 753 1770 libenter
775 1737 921 1779 extollat,
945 1739 989 1770 sic
1012 1739 1038 1770 si
1062 1738 1135 1771 talis
1158 1738 1199 1771 de
1223 1750 1280 1772 sua
1296 1740 1429 1772 scientia
1444 1750 1631 1783 presumens
1655 1740 1871 1773 conscendere

223 1789 267 1823 ad
282 1793 400 1822 statum
424 1790 532 1832 cupiat
547 1790 763 1831 magistratus,
787 1790 891 1831 ipsum
915 1800 974 1832 per
997 1790 1145 1823 doctores
1161 1790 1323 1823 facultatis
1338 1791 1520 1823 huiusmodi
1535 1792 1567 1823 in
1583 1791 1749 1825 Tarvisino
1765 1792 1872 1825 studio

223 1844 459 1874 commorantes
487 1844 701 1883 congregatos
728 1841 759 1872 in
787 1852 883 1873 unum
912 1842 943 1873 in
974 1842 1116 1884 ipsorum
1139 1843 1301 1884 presentia
1324 1843 1501 1876 examinari
1527 1843 1627 1876 faciat
1653 1854 1725 1876 cum
1747 1854 1871 1876 summa

224 1893 390 1936 diligentia
418 1892 627 1935 solempniter
654 1896 686 1925 et
715 1893 862 1925 discrete.
907 1893 949 1925 Et
977 1894 1003 1925 si
1034 1894 1247 1926 sufficientem
1280 1905 1353 1926 eum
1382 1895 1519 1927 inveniri
1548 1896 1579 1927 in
1609 1895 1695 1928 dicta
1718 1895 1871 1929 facultate

223 1945 415 1988 contingerit
437 1955 495 1986 per
518 1945 790 1977 examinationem
814 1945 977 1987 publicam
1001 1949 1033 1977 et
1056 1947 1229 1988 privatam,
1259 1957 1357 1989 super
1383 1958 1446 1989 quo
1470 1947 1638 1980 doctorum
1660 1949 1871 1981 conscientias

179 2008 206 2029 ao
223 1997 256 2029 in
283 1997 399 2028 virtute
428 1996 598 2028 iuramenti
627 1996 668 2028 ad
697 1997 758 2028 hoc
785 1996 970 2038 specialiter
999 1998 1123 2039 prestiti
1153 1998 1300 2030 volumus
1329 1999 1469 2039 onerari,
1505 1999 1650 2041 aliasque
1677 1999 1738 2032 sibi
1765 2011 1871 2032 mores

222 2047 404 2081 laudabiles
419 2047 644 2090 suffragantur,
668 2052 800 2091 recepto
824 2048 866 2080 ab
889 2059 928 2081 eo
944 2049 1103 2091 corporali
1119 2049 1162 2081 ad
1178 2053 1288 2082 sancta
1304 2050 1367 2083 Dei
1383 2051 1554 2093 euangelia
1570 2052 1761 2093 iuramento,
1784 2052 1871 2095 quod

224 2109 302 2143 erga
324 2100 446 2143 regiam
470 2100 673 2131 maiestatem
697 2110 731 2132 se
754 2104 848 2142 gerat
863 2099 1003 2132 fideliter
1026 2104 1060 2133 et
1075 2100 1204 2142 devote,
1228 2101 1287 2134 sibi
1304 2102 1336 2134 in
1352 2102 1506 2134 facultate
1522 2102 1592 2144 ipsa
1608 2113 1667 2145 per
1682 2104 1870 2145 magistrum

181 2150 183 2155 “
223 2150 363 2194 aliquem
386 2151 486 2193 ipsius
509 2150 674 2183 doctorem
698 2151 748 2183 vel
772 2151 880 2191 alium,
904 2155 999 2194 prout
1015 2162 1189 2184 consonum
1213 2153 1320 2193 fuerit,
1343 2154 1476 2186 scientie
1491 2155 1714 2196 magistratum
1739 2158 1772 2187 et
1794 2166 1869 2188 con-

222 2207 354 2235 ventum
382 2202 516 2235 concedi
539 2203 729 2236 auctoritate
753 2204 950 2245 presentium
974 2203 1071 2236 faciat
1101 2208 1134 2236 et
1162 2204 1324 2238 licentiam
1351 2205 1482 2248 legendi
1504 2205 1690 2238 facultatem
1715 2206 1801 2239 illam
1825 2207 1869 2239 ibi

178 2266 204 2287 as
223 2257 257 2287 et
278 2254 397 2297 ubique
421 2254 482 2286 sibi
505 2254 640 2295 tribuat,
669 2258 705 2286 ut
728 2265 770 2287 ex
793 2254 854 2287 hoc
878 2255 1114 2297 promovendus
1137 2256 1315 2298 reipublice
1339 2260 1440 2289 status
1463 2257 1638 2290 honorifica
1661 2258 1869 2300 ampliatione

223 2309 409 2339 concrescat
438 2310 472 2339 et
497 2310 533 2338 ut
561 2306 789 2347 licentiandus,
823 2307 898 2349 quia
930 2306 1086 2339 bonorum
1125 2307 1271 2339 laborum
1300 2307 1459 2350 gloriosus
1488 2313 1537 2341 est
1566 2308 1700 2350 fructus,
1735 2309 1776 2342 de
1806 2311 1870 2342 suis

222 2356 386 2390 laboribus
401 2357 537 2400 gloriam
553 2361 775 2400 consequatur.
849 2357 892 2389 Et
914 2358 945 2389 in
962 2358 1054 2390 huius
1070 2358 1116 2390 rei
1133 2358 1265 2390 evidens
1281 2359 1500 2392 testimonium
1517 2364 1550 2392 et
1565 2360 1662 2393 robur
1678 2366 1869 2404 perpetuum

221 2419 354 2451 presens
376 2410 530 2451 scriptum
553 2409 672 2452 regalis
694 2410 793 2441 nostri
816 2409 899 2451 sigili
923 2410 1088 2452 signaculo
1112 2410 1262 2442 duximus
1284 2411 1545 2453 consignandum.

328 2468 402 2501 Dat.
420 2468 506 2511 apud
523 2468 685 2517 Gretzam,
702 2469 828 2502 XVIII.
845 2469 1010 2502 Kalendas
1027 2470 1183 2509 Ianuarii,
1206 2481 1288 2503 anno
1305 2471 1436 2503 Domini
1451 2472 1485 2504 M
1501 2474 1727 2505 trecentesimo
1743 2473 1868 2506 decimo

178 2532 204 2552 ιο
221 2523 346 2561 octavo,
370 2522 461 2563 regni
484 2531 561 2553 vero
584 2522 683 2554 nostri
706 2531 789 2553 anno
814 2522 934 2564 quinto.

327 2827 391 2854 517.
419 2828 443 2862 ἱ)
462 2829 563 2855 studere
583 2829 605 2855 1.
618 2829 642 2854 2.
