<?xml version="1.0" encoding="UTF-8"?>
<!DOCTYPE html PUBLIC "-//W3C//DTD XHTML 1.0 Transitional//EN"
    "http://www.w3.org/TR/xhtml1/DTD/xhtml1-transitional.dtd">
<html xmlns="http://www.w3.org/1999/xhtml" xml:lang="en" lang="en">
 <head>
  <title>
</title>
<meta http-equiv="Content-Type" content="text/html;charset=utf-8" />
  <meta name='ocr-system' content='tesseract 3.04.00' />
  <meta name='ocr-capabilities' content='ocr_page ocr_carea ocr_par ocr_line ocrx_word'/>
</head>
<body>
  <div class='ocr_page' id='page_1' title='image "./monumentagerma05geseuoft_0054.png"; bbox 0 0 2124 3132; ppageno 0'>
   <div class='ocr_carea' id='block_1_1' title="bbox 284 163 1491 197">
    <p class='ocr_par' dir='ltr' id='par_1_1' title="bbox 284 163 1491 197">
     <span class='ocr_line' id='line_1_1' title="bbox 284 163 1491 197; baseline -0.001 -7"><span class='ocrx_word' id='word_1_1' title='bbox 284 169 319 197; x_wconf 77' lang='lat'>14</span> <span class='ocrx_word' id='word_1_2' title='bbox 721 163 937 190; x_wconf 82' lang='lat' dir='ltr'>TRACTATUS</span> <span class='ocrx_word' id='word_1_3' title='bbox 956 163 1004 190; x_wconf 85' lang='lat' dir='ltr'>DE</span> <span class='ocrx_word' id='word_1_4' title='bbox 1022 163 1237 190; x_wconf 82' lang='lat' dir='ltr'>ELECTIONE.</span> <span class='ocrx_word' id='word_1_5' title='bbox 1275 163 1350 190; x_wconf 86' lang='lat'>1314.</span> <span class='ocrx_word' id='word_1_6' title='bbox 1386 163 1491 190; x_wconf 80' lang='lat' dir='ltr'>Nr.16.</span> 
     </span>
    </p>
   </div>
   <div class='ocr_carea' id='block_1_2' title="bbox 388 286 1634 393">
    <p class='ocr_par' dir='ltr' id='par_1_2' title="bbox 388 286 1634 393">
     <span class='ocr_line' id='line_1_2' title="bbox 580 286 1634 332; baseline -0.005 -9"><span class='ocrx_word' id='word_1_7' title='bbox 580 288 637 323; x_wconf 88' lang='grc'>16.</span> <span class='ocrx_word' id='word_1_8' title='bbox 677 287 840 332; x_wconf 77' lang='lat' dir='ltr'><em>Epistola</em></span> <span class='ocrx_word' id='word_1_9' title='bbox 868 287 1116 332; x_wconf 78' lang='lat' dir='ltr'>archiepiscopi</span> <span class='ocrx_word' id='word_1_10' title='bbox 1143 287 1366 323; x_wconf 77' lang='lat' dir='ltr'>Coloniensis.</span> <span class='ocrx_word' id='word_1_11' title='bbox 1474 286 1555 321; x_wconf 80' lang='lat' dir='ltr'>Ian.</span> <span class='ocrx_word' id='word_1_12' title='bbox 1575 286 1634 321; x_wconf 89' lang='lat'>15.</span> 
     </span>
     <span class='ocr_line' id='line_1_3' title="bbox 388 352 1552 393; baseline -0.001 -9"><span class='ocrx_word' id='word_1_13' title='bbox 388 353 534 391; x_wconf 70' lang='lat' dir='ltr'>Bcihmer,</span> <span class='ocrx_word' id='word_1_14' title='bbox 558 353 632 393; x_wconf 72' lang='lat' dir='ltr'>Req.</span> <span class='ocrx_word' id='word_1_15' title='bbox 649 353 761 385; x_wconf 79' lang='lat' dir='ltr'>Ludw.</span> <span class='ocrx_word' id='word_1_16' title='bbox 781 363 814 392; x_wconf 79' lang='lat' dir='ltr'>p.</span> <span class='ocrx_word' id='word_1_17' title='bbox 831 354 895 383; x_wconf 80' lang='lat'>413</span> <span class='ocrx_word' id='word_1_18' title='bbox 918 352 1147 384; x_wconf 78' lang='lat' dir='ltr'>Reichssachen</span> <span class='ocrx_word' id='word_1_19' title='bbox 1169 362 1219 384; x_wconf 78' lang='lat' dir='ltr'>nr.</span> <span class='ocrx_word' id='word_1_20' title='bbox 1236 353 1301 383; x_wconf 79' lang='lat'>392</span> <span class='ocrx_word' id='word_1_21' title='bbox 1322 352 1448 393; x_wconf 75' lang='lat' dir='ltr'>(Addit.</span> <span class='ocrx_word' id='word_1_22' title='bbox 1466 352 1509 383; x_wconf 90' lang='lat' dir='ltr'>II</span> <span class='ocrx_word' id='word_1_23' title='bbox 1510 352 1552 392; x_wconf 86' lang='grc' dir='ltr'>Ι).</span> 
     </span>
    </p>
   </div>
   <div class='ocr_carea' id='block_1_3' title="bbox 280 436 1938 582">
    <p class='ocr_par' dir='ltr' id='par_1_3' title="bbox 280 436 1938 582">
     <span class='ocr_line' id='line_1_4' title="bbox 388 436 1937 479; baseline 0 -9"><span class='ocrx_word' id='word_1_24' title='bbox 388 439 594 470; x_wconf 84' lang='lat' dir='ltr'>Sanctissimo</span> <span class='ocrx_word' id='word_1_25' title='bbox 618 439 650 469; x_wconf 91' lang='lat' dir='ltr'>in</span> <span class='ocrx_word' id='word_1_26' title='bbox 674 438 801 470; x_wconf 87' lang='lat' dir='ltr'>Christo</span> <span class='ocrx_word' id='word_1_27' title='bbox 825 438 910 479; x_wconf 88' lang='lat' dir='ltr'>patri</span> <span class='ocrx_word' id='word_1_28' title='bbox 933 442 966 469; x_wconf 89' lang='lat' dir='ltr'>et</span> <span class='ocrx_word' id='word_1_29' title='bbox 989 437 1119 469; x_wconf 91' lang='lat' dir='ltr'>domino</span> <span class='ocrx_word' id='word_1_30' title='bbox 1143 448 1200 469; x_wconf 93' lang='lat' dir='ltr'>suo</span> <span class='ocrx_word' id='word_1_31' title='bbox 1225 437 1354 468; x_wconf 85' lang='lat' dir='ltr'>domino</span> <span class='ocrx_word' id='word_1_32' title='bbox 1379 436 1541 473; x_wconf 81' lang='lat' dir='ltr'>Clementi</span> <span class='ocrx_word' id='word_1_33' title='bbox 1564 440 1767 469; x_wconf 88' lang='lat' dir='ltr'>sacrosancte</span> <span class='ocrx_word' id='word_1_34' title='bbox 1790 437 1937 470; x_wconf 80' lang='lat' dir='ltr'>Romane</span> 
     </span>
     <span class='ocr_line' id='line_1_5' title="bbox 280 488 1938 531; baseline -0.001 -9"><span class='ocrx_word' id='word_1_35' title='bbox 280 491 414 522; x_wconf 81' lang='lat' dir='ltr'>ecclesie</span> <span class='ocrx_word' id='word_1_36' title='bbox 446 501 571 521; x_wconf 90' lang='lat' dir='ltr'>summo</span> <span class='ocrx_word' id='word_1_37' title='bbox 600 490 742 531; x_wconf 90' lang='lat' dir='ltr'>pontifici</span> <span class='ocrx_word' id='word_1_38' title='bbox 809 489 969 521; x_wconf 89' lang='lat' dir='ltr'>Henricus</span> <span class='ocrx_word' id='word_1_39' title='bbox 992 489 1055 520; x_wconf 90' lang='lat' dir='ltr'>Dei</span> <span class='ocrx_word' id='word_1_40' title='bbox 1079 492 1112 520; x_wconf 90' lang='lat' dir='ltr'>et</span> <span class='ocrx_word' id='word_1_41' title='bbox 1135 489 1183 520; x_wconf 88' lang='lat' dir='ltr'>sui</span> <span class='ocrx_word' id='word_1_42' title='bbox 1207 489 1311 530; x_wconf 82' lang='lat' dir='ltr'>gratia</span> <span class='ocrx_word' id='word_1_43' title='bbox 1336 488 1537 520; x_wconf 79' lang='lat' dir='ltr'>coloniensis</span> <span class='ocrx_word' id='word_1_44' title='bbox 1561 489 1838 530; x_wconf 89' lang='lat' dir='ltr'>archiepiscopus,</span> <span class='ocrx_word' id='word_1_45' title='bbox 1870 490 1938 521; x_wconf 79' lang='lat' dir='ltr'>eius</span> 
     </span>
     <span class='ocr_line' id='line_1_6' title="bbox 280 540 1180 582; baseline -0.002 -9"><span class='ocrx_word' id='word_1_46' title='bbox 280 545 427 574; x_wconf 87' lang='lat' dir='ltr'>creatura</span> <span class='ocrx_word' id='word_1_47' title='bbox 494 541 700 573; x_wconf 86' lang='lat' dir='ltr'>devotissima</span> <span class='ocrx_word' id='word_1_48' title='bbox 724 541 844 582; x_wconf 89' lang='lat' dir='ltr'>pedum</span> <span class='ocrx_word' id='word_1_49' title='bbox 869 541 976 572; x_wconf 87' lang='lat' dir='ltr'>oscula</span> <span class='ocrx_word' id='word_1_50' title='bbox 1000 540 1180 572; x_wconf 89' lang='lat' dir='ltr'>beatorum.</span> 
     </span>
    </p>
   </div>
   <div class='ocr_carea' id='block_1_4' title="bbox 175 591 1936 633">
    <p class='ocr_par' dir='ltr' id='par_1_4' title="bbox 175 591 1936 633">
     <span class='ocr_line' id='line_1_7' title="bbox 175 591 1936 633; baseline 0.003 -14"><span class='ocrx_word' id='word_1_51' title='bbox 175 599 264 620; x_wconf 73' lang='lat' dir='ltr'>lan.12.</span> <span class='ocrx_word' id='word_1_52' title='bbox 387 594 528 624; x_wconf 77' lang='lat' dir='ltr'>Litteras</span> <span class='ocrx_word' id='word_1_53' title='bbox 551 593 729 623; x_wconf 80' lang='lat' dir='ltr'>sanctitatis</span> <span class='ocrx_word' id='word_1_54' title='bbox 751 595 858 623; x_wconf 82' lang='lat' dir='ltr'>vestre</span> <span class='ocrx_word' id='word_1_55' title='bbox 881 592 959 623; x_wconf 91' lang='lat' dir='ltr'>XII.</span> <span class='ocrx_word' id='word_1_56' title='bbox 984 592 1036 623; x_wconf 93' lang='lat' dir='ltr'>die</span> <span class='ocrx_word' id='word_1_57' title='bbox 1059 591 1178 623; x_wconf 83' lang='lat' dir='ltr'>mensis</span> <span class='ocrx_word' id='word_1_58' title='bbox 1201 591 1343 622; x_wconf 80' lang='lat' dir='ltr'>Ianuarii</span> <span class='ocrx_word' id='word_1_59' title='bbox 1367 592 1476 633; x_wconf 87' lang='lat' dir='ltr'>recepi</span> <span class='ocrx_word' id='word_1_60' title='bbox 1499 592 1715 632; x_wconf 86' lang='lat' dir='ltr'>continentes,</span> <span class='ocrx_word' id='word_1_61' title='bbox 1745 596 1780 623; x_wconf 90' lang='lat' dir='ltr'>ut</span> <span class='ocrx_word' id='word_1_62' title='bbox 1803 591 1844 623; x_wconf 87' lang='lat' dir='ltr'>ad</span> <span class='ocrx_word' id='word_1_63' title='bbox 1869 593 1936 624; x_wconf 86' lang='lat' dir='ltr'>evi-</span> 
     </span>
    </p>
   </div>
   <div class='ocr_carea' id='block_1_5' title="bbox 187 1269 223 1290">
    <p class='ocr_par' dir='ltr' id='par_1_5' title="bbox 187 1269 223 1290">
     <span class='ocr_line' id='line_1_8' title="bbox 187 1269 223 1290; baseline 0 -1"><span class='ocrx_word' id='word_1_64' title='bbox 187 1269 223 1290; x_wconf 77' lang='lat' dir='ltr'>lan</span> 
     </span>
    </p>
   </div>
   <div class='ocr_carea' id='block_1_6' title="bbox 277 643 1940 1253">
    <p class='ocr_par' dir='ltr' id='par_1_6' title="bbox 277 643 1940 1253">
     <span class='ocr_line' id='line_1_9' title="bbox 278 643 1936 686; baseline 0.001 -11"><span class='ocrx_word' id='word_1_65' title='bbox 278 644 409 676; x_wconf 88' lang='lat' dir='ltr'>tandum</span> <span class='ocrx_word' id='word_1_66' title='bbox 434 645 630 686; x_wconf 73' lang='lat' dir='ltr'>gravamina,</span> <span class='ocrx_word' id='word_1_67' title='bbox 655 654 716 685; x_wconf 91' lang='lat' dir='ltr'>que</span> <span class='ocrx_word' id='word_1_68' title='bbox 741 654 969 685; x_wconf 83' lang='lat' dir='ltr'>nonnunquam</span> <span class='ocrx_word' id='word_1_69' title='bbox 993 643 1129 675; x_wconf 84' lang='lat' dir='ltr'>ecclesie</span> <span class='ocrx_word' id='word_1_70' title='bbox 1153 643 1355 684; x_wconf 85' lang='lat' dir='ltr'>pertulerunt</span> <span class='ocrx_word' id='word_1_71' title='bbox 1379 653 1420 674; x_wconf 88' lang='lat' dir='ltr'>ex</span> <span class='ocrx_word' id='word_1_72' title='bbox 1444 653 1483 674; x_wconf 91' lang='lat' dir='ltr'>eo</span> <span class='ocrx_word' id='word_1_73' title='bbox 1508 643 1595 685; x_wconf 88' lang='lat' dir='ltr'>quod</span> <span class='ocrx_word' id='word_1_74' title='bbox 1610 643 1772 685; x_wconf 84' lang='lat' dir='ltr'>principes</span> <span class='ocrx_word' id='word_1_75' title='bbox 1786 644 1936 686; x_wconf 80' lang='lat' dir='ltr'>Romani,</span> 
     </span>
     <span class='ocr_line' id='line_1_10' title="bbox 278 693 1939 737; baseline 0.001 -11"><span class='ocrx_word' id='word_1_76' title='bbox 278 696 331 737; x_wconf 95' lang='lat' dir='ltr'>qui</span> <span class='ocrx_word' id='word_1_77' title='bbox 364 695 439 727; x_wconf 90' lang='lat' dir='ltr'>dum</span> <span class='ocrx_word' id='word_1_78' title='bbox 469 696 500 726; x_wconf 93' lang='lat' dir='ltr'>in</span> <span class='ocrx_word' id='word_1_79' title='bbox 530 705 625 737; x_wconf 88' lang='lat' dir='ltr'>reges</span> <span class='ocrx_word' id='word_1_80' title='bbox 652 694 872 726; x_wconf 85' lang='lat' dir='ltr'>Romanorum</span> <span class='ocrx_word' id='word_1_81' title='bbox 908 694 1003 726; x_wconf 91' lang='lat' dir='ltr'>electi</span> <span class='ocrx_word' id='word_1_82' title='bbox 1038 694 1156 726; x_wconf 84' lang='lat' dir='ltr'>fuerint</span> <span class='ocrx_word' id='word_1_83' title='bbox 1186 693 1228 725; x_wconf 84' lang='lat' dir='ltr'>ad</span> <span class='ocrx_word' id='word_1_84' title='bbox 1260 695 1429 736; x_wconf 88' lang='lat' dir='ltr'>imperium</span> <span class='ocrx_word' id='word_1_85' title='bbox 1461 695 1685 736; x_wconf 89' lang='lat' dir='ltr'>promovendi,</span> <span class='ocrx_word' id='word_1_86' title='bbox 1723 695 1872 727; x_wconf 83' lang='lat' dir='ltr'>advocati</span> <span class='ocrx_word' id='word_1_87' title='bbox 1905 700 1939 728; x_wconf 90' lang='lat' dir='ltr'>et</span> 
     </span>
     <span class='ocr_line' id='line_1_11' title="bbox 278 745 1938 789; baseline 0.001 -11"><span class='ocrx_word' id='word_1_88' title='bbox 278 746 464 778; x_wconf 89' lang='lat' dir='ltr'>defensores</span> <span class='ocrx_word' id='word_1_89' title='bbox 488 747 624 778; x_wconf 84' lang='lat' dir='ltr'>ecclesie</span> <span class='ocrx_word' id='word_1_90' title='bbox 648 746 716 777; x_wconf 83' lang='lat' dir='ltr'>fore</span> <span class='ocrx_word' id='word_1_91' title='bbox 733 746 956 787; x_wconf 84' lang='lat' dir='ltr'>credebantur,</span> <span class='ocrx_word' id='word_1_92' title='bbox 981 749 1107 777; x_wconf 83' lang='lat' dir='ltr'>atroces</span> <span class='ocrx_word' id='word_1_93' title='bbox 1127 746 1331 777; x_wconf 88' lang='lat' dir='ltr'>iniuriatores</span> <span class='ocrx_word' id='word_1_94' title='bbox 1349 749 1381 777; x_wconf 90' lang='lat' dir='ltr'>et</span> <span class='ocrx_word' id='word_1_95' title='bbox 1397 745 1688 789; x_wconf 80' lang='lat' dir='ltr'>impugn[atores]·</span> <span class='ocrx_word' id='word_1_96' title='bbox 1712 747 1848 779; x_wconf 85' lang='lat' dir='ltr'>ecclesie</span> <span class='ocrx_word' id='word_1_97' title='bbox 1866 751 1938 780; x_wconf 87' lang='lat' dir='ltr'>sunt</span> 
     </span>
     <span class='ocr_line' id='line_1_12' title="bbox 278 796 1938 841; baseline 0.002 -12"><span class='ocrx_word' id='word_1_98' title='bbox 278 799 412 840; x_wconf 87' lang='lat' dir='ltr'>reperti,</span> <span class='ocrx_word' id='word_1_99' title='bbox 443 799 487 829; x_wconf 90' lang='lat' dir='ltr'>sic</span> <span class='ocrx_word' id='word_1_100' title='bbox 517 797 650 840; x_wconf 84' lang='lat' dir='ltr'>provide</span> <span class='ocrx_word' id='word_1_101' title='bbox 682 801 714 829; x_wconf 89' lang='lat' dir='ltr'>et</span> <span class='ocrx_word' id='word_1_102' title='bbox 744 797 960 839; x_wconf 67' lang='lat' dir='ltr'>premeditato.</span> <span class='ocrx_word' id='word_1_103' title='bbox 990 797 1248 828; x_wconf 86' lang='lat' dir='ltr'>consideratione</span> <span class='ocrx_word' id='word_1_104' title='bbox 1277 798 1309 828; x_wconf 90' lang='lat' dir='ltr'>in</span> <span class='ocrx_word' id='word_1_105' title='bbox 1340 797 1499 829; x_wconf 85' lang='lat' dir='ltr'>electione</span> <span class='ocrx_word' id='word_1_106' title='bbox 1527 796 1748 830; x_wconf 84' lang='lat' dir='ltr'>Romanorum</span> <span class='ocrx_word' id='word_1_107' title='bbox 1780 800 1867 841; x_wconf 83' lang='lat' dir='ltr'>regis</span> <span class='ocrx_word' id='word_1_108' title='bbox 1896 799 1938 832; x_wconf 86' lang='lat' dir='ltr'>ad</span> 
     </span>
     <span class='ocr_line' id='line_1_13' title="bbox 278 848 1937 892; baseline 0.001 -11"><span class='ocrx_word' id='word_1_109' title='bbox 278 861 410 891; x_wconf 87' lang='lat' dir='ltr'>presens</span> <span class='ocrx_word' id='word_1_110' title='bbox 432 849 637 881; x_wconf 85' lang='lat' dir='ltr'>incumbente</span> <span class='ocrx_word' id='word_1_111' title='bbox 661 860 724 880; x_wconf 88' lang='lat' dir='ltr'>una</span> <span class='ocrx_word' id='word_1_112' title='bbox 747 859 819 880; x_wconf 89' lang='lat' dir='ltr'>cum</span> <span class='ocrx_word' id='word_1_113' title='bbox 843 849 914 880; x_wconf 88' lang='lat' dir='ltr'>aliis</span> <span class='ocrx_word' id='word_1_114' title='bbox 937 849 1017 880; x_wconf 91' lang='lat' dir='ltr'>meis</span> <span class='ocrx_word' id='word_1_115' title='bbox 1041 848 1277 880; x_wconf 85' lang='lat' dir='ltr'>coelectoribus</span> <span class='ocrx_word' id='word_1_116' title='bbox 1299 848 1485 891; x_wconf 82' lang='lat' dir='ltr'>procedam,</span> <span class='ocrx_word' id='word_1_117' title='bbox 1511 848 1596 890; x_wconf 91' lang='lat' dir='ltr'>quod</span> <span class='ocrx_word' id='word_1_118' title='bbox 1621 848 1661 881; x_wconf 90' lang='lat' dir='ltr'>de</span> <span class='ocrx_word' id='word_1_119' title='bbox 1682 849 1844 891; x_wconf 85' lang='lat' dir='ltr'>probitate</span> <span class='ocrx_word' id='word_1_120' title='bbox 1862 852 1937 892; x_wconf 89' lang='lat' dir='ltr'>vite,</span> 
     </span>
     <span class='ocr_line' id='line_1_14' title="bbox 278 900 1939 944; baseline 0.002 -12"><span class='ocrx_word' id='word_1_121' title='bbox 278 902 434 944; x_wconf 85' lang='lat' dir='ltr'>religione</span> <span class='ocrx_word' id='word_1_122' title='bbox 458 901 533 932; x_wconf 85' lang='lat' dir='ltr'>fidei</span> <span class='ocrx_word' id='word_1_123' title='bbox 559 905 591 932; x_wconf 92' lang='lat' dir='ltr'>et</span> <span class='ocrx_word' id='word_1_124' title='bbox 614 912 738 932; x_wconf 88' lang='lat' dir='ltr'>morum</span> <span class='ocrx_word' id='word_1_125' title='bbox 762 911 800 932; x_wconf 86' lang='lat' dir='ltr'>ac</span> <span class='ocrx_word' id='word_1_126' title='bbox 817 901 970 932; x_wconf 89' lang='lat' dir='ltr'>virtutum</span> <span class='ocrx_word' id='word_1_127' title='bbox 992 901 1116 932; x_wconf 90' lang='lat' dir='ltr'>meritis</span> <span class='ocrx_word' id='word_1_128' title='bbox 1139 900 1350 943; x_wconf 90' lang='lat' dir='ltr'>promovendi</span> <span class='ocrx_word' id='word_1_129' title='bbox 1375 904 1463 932; x_wconf 89' lang='lat' dir='ltr'>certo</span> <span class='ocrx_word' id='word_1_130' title='bbox 1487 900 1605 932; x_wconf 87' lang='lat' dir='ltr'>iudicio</span> <span class='ocrx_word' id='word_1_131' title='bbox 1630 900 1819 943; x_wconf 85' lang='lat' dir='ltr'>eligentium</span> <span class='ocrx_word' id='word_1_132' title='bbox 1842 902 1939 944; x_wconf 86' lang='lat' dir='ltr'>plena</span> 
     </span>
     <span class='ocr_line' id='line_1_15' title="bbox 277 952 1939 996; baseline 0.002 -12"><span class='ocrx_word' id='word_1_133' title='bbox 277 954 378 994; x_wconf 85' lang='lat' dir='ltr'>possit</span> <span class='ocrx_word' id='word_1_134' title='bbox 415 954 533 984; x_wconf 83' lang='lat' dir='ltr'>noticia</span> <span class='ocrx_word' id='word_1_135' title='bbox 576 953 712 984; x_wconf 88' lang='lat' dir='ltr'>obtineri</span> <span class='ocrx_word' id='word_1_136' title='bbox 754 963 812 994; x_wconf 91' lang='lat' dir='ltr'>pro</span> <span class='ocrx_word' id='word_1_137' title='bbox 851 952 1007 983; x_wconf 88' lang='lat' dir='ltr'>similibus</span> <span class='ocrx_word' id='word_1_138' title='bbox 1044 952 1282 994; x_wconf 86' lang='lat' dir='ltr'>gravaminibus</span> <span class='ocrx_word' id='word_1_139' title='bbox 1321 952 1496 991; x_wconf 76' lang='lat' dir='ltr'>evitandis,</span> <span class='ocrx_word' id='word_1_140' title='bbox 1536 955 1707 995; x_wconf 77' lang='lat' dir='ltr'>vestroque</span> <span class='ocrx_word' id='word_1_141' title='bbox 1746 953 1939 996; x_wconf 80' lang='lat' dir='ltr'>benignitati</span> 
     </span>
     <span class='ocr_line' id='line_1_16' title="bbox 277 1003 1940 1047; baseline 0.001 -11"><span class='ocrx_word' id='word_1_142' title='bbox 277 1004 512 1036; x_wconf 86' lang='lat' dir='ltr'>deliberatione</span> <span class='ocrx_word' id='word_1_143' title='bbox 547 1015 644 1046; x_wconf 88' lang='lat' dir='ltr'>super</span> <span class='ocrx_word' id='word_1_144' title='bbox 681 1004 741 1035; x_wconf 89' lang='lat' dir='ltr'>hiis</span> <span class='ocrx_word' id='word_1_145' title='bbox 775 1003 937 1046; x_wconf 87' lang='lat' dir='ltr'>pendente</span> <span class='ocrx_word' id='word_1_146' title='bbox 975 1005 1226 1036; x_wconf 85' lang='lat' dir='ltr'>transmitterem</span> <span class='ocrx_word' id='word_1_147' title='bbox 1260 1004 1385 1035; x_wconf 85' lang='lat' dir='ltr'>litteras</span> <span class='ocrx_word' id='word_1_148' title='bbox 1419 1015 1509 1035; x_wconf 83' lang='lat' dir='ltr'>meas</span> <span class='ocrx_word' id='word_1_149' title='bbox 1543 1004 1584 1036; x_wconf 93' lang='lat' dir='ltr'>de</span> <span class='ocrx_word' id='word_1_150' title='bbox 1619 1004 1704 1036; x_wconf 89' lang='lat' dir='ltr'>dicto</span> <span class='ocrx_word' id='word_1_151' title='bbox 1739 1006 1870 1047; x_wconf 89' lang='lat' dir='ltr'>negotio</span> <span class='ocrx_word' id='word_1_152' title='bbox 1905 1008 1940 1037; x_wconf 87' lang='lat' dir='ltr'>et</span> 
     </span>
     <span class='ocr_line' id='line_1_17' title="bbox 277 1055 1938 1098; baseline 0.002 -11"><span class='ocrx_word' id='word_1_153' title='bbox 277 1057 400 1088; x_wconf 88' lang='lat' dir='ltr'>meritis</span> <span class='ocrx_word' id='word_1_154' title='bbox 430 1056 571 1098; x_wconf 87' lang='lat' dir='ltr'>eligendi</span> <span class='ocrx_word' id='word_1_155' title='bbox 598 1056 858 1087; x_wconf 83' lang='lat' dir='ltr'>informationem</span> <span class='ocrx_word' id='word_1_156' title='bbox 886 1056 1063 1097; x_wconf 86' lang='lat' dir='ltr'>plenariam</span> <span class='ocrx_word' id='word_1_157' title='bbox 1093 1057 1303 1087; x_wconf 86' lang='lat' dir='ltr'>continentes.</span> <span class='ocrx_word' id='word_1_158' title='bbox 1350 1055 1455 1098; x_wconf 81' lang='lat' dir='ltr'>Super</span> <span class='ocrx_word' id='word_1_159' title='bbox 1478 1055 1592 1098; x_wconf 90' lang='lat' dir='ltr'>quibus</span> <span class='ocrx_word' id='word_1_160' title='bbox 1615 1060 1721 1088; x_wconf 85' lang='lat' dir='ltr'>vestre</span> <span class='ocrx_word' id='word_1_161' title='bbox 1745 1057 1938 1090; x_wconf 80' lang='lat' dir='ltr'>beatitudini</span> 
     </span>
     <span class='ocr_line' id='line_1_18' title="bbox 278 1107 1938 1150; baseline 0.002 -12"><span class='ocrx_word' id='word_1_162' title='bbox 278 1107 354 1139; x_wconf 82' lang='lat' dir='ltr'>duxi</span> <span class='ocrx_word' id='word_1_163' title='bbox 383 1118 451 1139; x_wconf 91' lang='lat' dir='ltr'>rem</span> <span class='ocrx_word' id='word_1_164' title='bbox 483 1111 609 1149; x_wconf 85' lang='lat' dir='ltr'>gestam</span> <span class='ocrx_word' id='word_1_165' title='bbox 640 1107 888 1139; x_wconf 85' lang='lat' dir='ltr'>rescribendam.</span> <span class='ocrx_word' id='word_1_166' title='bbox 934 1107 1036 1147; x_wconf 86' lang='lat' dir='ltr'>Ecce,</span> <span class='ocrx_word' id='word_1_167' title='bbox 1067 1111 1160 1149; x_wconf 89' lang='lat' dir='ltr'>pater</span> <span class='ocrx_word' id='word_1_168' title='bbox 1189 1107 1391 1148; x_wconf 85' lang='lat' dir='ltr'>beatissime,</span> <span class='ocrx_word' id='word_1_169' title='bbox 1423 1107 1588 1150; x_wconf 85' lang='lat' dir='ltr'>divulgata</span> <span class='ocrx_word' id='word_1_170' title='bbox 1617 1108 1698 1140; x_wconf 85' lang='lat' dir='ltr'>alias</span> <span class='ocrx_word' id='word_1_171' title='bbox 1724 1112 1828 1140; x_wconf 89' lang='lat' dir='ltr'>morte</span> <span class='ocrx_word' id='word_1_172' title='bbox 1852 1109 1938 1142; x_wconf 86' lang='lat' dir='ltr'>clare</span> 
     </span>
     <span class='ocr_line' id='line_1_19' title="bbox 277 1158 1939 1202; baseline 0.002 -12"><span class='ocrx_word' id='word_1_173' title='bbox 277 1160 434 1190; x_wconf 91' lang='lat' dir='ltr'>memorie</span> <span class='ocrx_word' id='word_1_174' title='bbox 467 1159 587 1190; x_wconf 87' lang='lat' dir='ltr'>domini</span> <span class='ocrx_word' id='word_1_175' title='bbox 617 1159 749 1191; x_wconf 87' lang='lat' dir='ltr'>Henrici</span> <span class='ocrx_word' id='word_1_176' title='bbox 777 1159 998 1190; x_wconf 85' lang='lat' dir='ltr'>Romanorum</span> <span class='ocrx_word' id='word_1_177' title='bbox 1028 1159 1233 1200; x_wconf 89' lang='lat' dir='ltr'>imperatoris</span> <span class='ocrx_word' id='word_1_178' title='bbox 1264 1158 1423 1190; x_wconf 90' lang='lat' dir='ltr'>electores</span> <span class='ocrx_word' id='word_1_179' title='bbox 1452 1159 1551 1190; x_wconf 88' lang='lat' dir='ltr'>futuri</span> <span class='ocrx_word' id='word_1_180' title='bbox 1580 1160 1682 1202; x_wconf 87' lang='lat' dir='ltr'>regis,</span> <span class='ocrx_word' id='word_1_181' title='bbox 1712 1160 1767 1202; x_wconf 90' lang='lat' dir='ltr'>qui</span> <span class='ocrx_word' id='word_1_182' title='bbox 1799 1171 1839 1192; x_wconf 81' lang='lat' dir='ltr'>ea</span> <span class='ocrx_word' id='word_1_183' title='bbox 1867 1162 1939 1194; x_wconf 89' lang='lat' dir='ltr'>vice</span> 
     </span>
     <span class='ocr_line' id='line_1_20' title="bbox 279 1209 1938 1253; baseline 0.002 -12"><span class='ocrx_word' id='word_1_184' title='bbox 279 1211 362 1241; x_wconf 89' lang='lat' dir='ltr'>circa</span> <span class='ocrx_word' id='word_1_185' title='bbox 390 1214 499 1252; x_wconf 89' lang='lat' dir='ltr'>partes</span> <span class='ocrx_word' id='word_1_186' title='bbox 522 1210 605 1242; x_wconf 89' lang='lat' dir='ltr'>Reni</span> <span class='ocrx_word' id='word_1_187' title='bbox 633 1211 803 1242; x_wconf 90' lang='lat' dir='ltr'>convenire</span> <span class='ocrx_word' id='word_1_188' title='bbox 834 1213 996 1251; x_wconf 84' lang='lat' dir='ltr'>poterant,</span> <span class='ocrx_word' id='word_1_189' title='bbox 1029 1209 1232 1241; x_wconf 86' lang='lat' dir='ltr'>considerato</span> <span class='ocrx_word' id='word_1_190' title='bbox 1262 1213 1396 1251; x_wconf 89' lang='lat' dir='ltr'>propter</span> <span class='ocrx_word' id='word_1_191' title='bbox 1419 1211 1622 1242; x_wconf 89' lang='lat' dir='ltr'>vacationem</span> <span class='ocrx_word' id='word_1_192' title='bbox 1651 1211 1780 1253; x_wconf 85' lang='lat' dir='ltr'>imperii</span> <span class='ocrx_word' id='word_1_193' title='bbox 1809 1212 1938 1244; x_wconf 83' lang='lat' dir='ltr'>turbato</span> 
     </span>
    </p>
   </div>
   <div class='ocr_carea' id='block_1_7' title="bbox 227 1261 1940 1304">
    <p class='ocr_par' dir='ltr' id='par_1_7' title="bbox 227 1261 1940 1304">
     <span class='ocr_line' id='line_1_21' title="bbox 227 1261 1940 1304; baseline 0.002 -12"><span class='ocrx_word' id='word_1_194' title='bbox 227 1271 260 1291; x_wconf 83' lang='lat'>.2.</span> <span class='ocrx_word' id='word_1_195' title='bbox 276 1265 362 1293; x_wconf 86' lang='lat' dir='ltr'>statu</span> <span class='ocrx_word' id='word_1_196' title='bbox 395 1263 514 1303; x_wconf 89' lang='lat' dir='ltr'>patrie,</span> <span class='ocrx_word' id='word_1_197' title='bbox 549 1273 645 1303; x_wconf 86' lang='lat' dir='ltr'>super</span> <span class='ocrx_word' id='word_1_198' title='bbox 679 1263 852 1293; x_wconf 85' lang='lat' dir='ltr'>crastinum</span> <span class='ocrx_word' id='word_1_199' title='bbox 886 1262 1135 1293; x_wconf 87' lang='lat' dir='ltr'>circumcisionis</span> <span class='ocrx_word' id='word_1_200' title='bbox 1167 1261 1298 1293; x_wconf 90' lang='lat' dir='ltr'>Domini</span> <span class='ocrx_word' id='word_1_201' title='bbox 1332 1262 1521 1303; x_wconf 86' lang='lat' dir='ltr'>preteritum</span> <span class='ocrx_word' id='word_1_202' title='bbox 1555 1262 1639 1294; x_wconf 88' lang='lat' dir='ltr'>inter</span> <span class='ocrx_word' id='word_1_203' title='bbox 1668 1262 1868 1304; x_wconf 84' lang='lat' dir='ltr'>Maguntiam</span> <span class='ocrx_word' id='word_1_204' title='bbox 1906 1267 1940 1296; x_wconf 87' lang='lat' dir='ltr'>et</span> 
     </span>
    </p>
   </div>
   <div class='ocr_carea' id='block_1_8' title="bbox 277 1313 1940 2648">
    <p class='ocr_par' dir='ltr' id='par_1_8' title="bbox 277 1313 1940 2545">
     <span class='ocr_line' id='line_1_22' title="bbox 277 1313 1937 1355; baseline 0.001 -10"><span class='ocrx_word' id='word_1_205' title='bbox 277 1313 444 1345; x_wconf 81' lang='lat' dir='ltr'>Coloniam</span> <span class='ocrx_word' id='word_1_206' title='bbox 468 1315 500 1345; x_wconf 90' lang='lat' dir='ltr'>in</span> <span class='ocrx_word' id='word_1_207' title='bbox 523 1313 594 1346; x_wconf 86' lang='lat' dir='ltr'>loco</span> <span class='ocrx_word' id='word_1_208' title='bbox 618 1314 659 1345; x_wconf 88' lang='lat' dir='ltr'>ab</span> <span class='ocrx_word' id='word_1_209' title='bbox 683 1314 758 1345; x_wconf 91' lang='lat' dir='ltr'>olim</span> <span class='ocrx_word' id='word_1_210' title='bbox 782 1313 824 1344; x_wconf 88' lang='lat' dir='ltr'>ad</span> <span class='ocrx_word' id='word_1_211' title='bbox 848 1313 909 1344; x_wconf 88' lang='lat' dir='ltr'>hoc</span> <span class='ocrx_word' id='word_1_212' title='bbox 933 1317 1087 1344; x_wconf 88' lang='lat' dir='ltr'>consueto</span> <span class='ocrx_word' id='word_1_213' title='bbox 1112 1313 1153 1344; x_wconf 86' lang='lat' dir='ltr'>de</span> <span class='ocrx_word' id='word_1_214' title='bbox 1177 1313 1275 1344; x_wconf 86' lang='lat' dir='ltr'>futuri</span> <span class='ocrx_word' id='word_1_215' title='bbox 1291 1314 1378 1355; x_wconf 87' lang='lat' dir='ltr'>regis</span> <span class='ocrx_word' id='word_1_216' title='bbox 1395 1314 1553 1345; x_wconf 88' lang='lat' dir='ltr'>electione</span> <span class='ocrx_word' id='word_1_217' title='bbox 1571 1313 1657 1345; x_wconf 88' lang='lat' dir='ltr'>diem</span> <span class='ocrx_word' id='word_1_218' title='bbox 1673 1313 1716 1345; x_wconf 87' lang='lat' dir='ltr'>ad</span> <span class='ocrx_word' id='word_1_219' title='bbox 1734 1315 1937 1348; x_wconf 83' lang='lat' dir='ltr'>tractandum</span> 
     </span>
     <span class='ocr_line' id='line_1_23' title="bbox 278 1360 1939 1407; baseline 0.002 -11"><span class='ocrx_word' id='word_1_220' title='bbox 278 1368 472 1406; x_wconf 88' lang='lat' dir='ltr'>statuerunt,</span> <span class='ocrx_word' id='word_1_221' title='bbox 500 1365 716 1407; x_wconf 87' lang='lat' dir='ltr'>significantes</span> <span class='ocrx_word' id='word_1_222' title='bbox 739 1365 940 1405; x_wconf 86' lang='lat' dir='ltr'>absentibus,</span> <span class='ocrx_word' id='word_1_223' title='bbox 970 1367 1005 1395; x_wconf 89' lang='lat' dir='ltr'>ut</span> <span class='ocrx_word' id='word_1_224' title='bbox 1027 1364 1069 1396; x_wconf 89' lang='lat' dir='ltr'>ad</span> <span class='ocrx_word' id='word_1_225' title='bbox 1094 1364 1179 1396; x_wconf 89' lang='lat' dir='ltr'>diem</span> <span class='ocrx_word' id='word_1_226' title='bbox 1205 1364 1341 1396; x_wconf 87' lang='lat' dir='ltr'>eandem</span> <span class='ocrx_word' id='word_1_227' title='bbox 1366 1375 1439 1396; x_wconf 92' lang='lat' dir='ltr'>cum</span> <span class='ocrx_word' id='word_1_228' title='bbox 1463 1366 1580 1397; x_wconf 90' lang='lat' dir='ltr'>ceteris</span> <span class='ocrx_word' id='word_1_229' title='bbox 1603 1365 1821 1398; x_wconf 85' lang='lat' dir='ltr'>convenirent.</span> <span class='ocrx_word' id='word_1_230' title='bbox 1867 1360 1939 1403; x_wconf 80' lang='lat' dir='ltr'>Qua</span> 
     </span>
     <span class='ocr_line' id='line_1_24' title="bbox 279 1416 1938 1460; baseline 0.001 -12"><span class='ocrx_word' id='word_1_231' title='bbox 279 1417 331 1448; x_wconf 92' lang='lat' dir='ltr'>die</span> <span class='ocrx_word' id='word_1_232' title='bbox 355 1417 430 1458; x_wconf 91' lang='lat' dir='ltr'>quia</span> <span class='ocrx_word' id='word_1_233' title='bbox 453 1417 561 1459; x_wconf 90' lang='lat' dir='ltr'>plures</span> <span class='ocrx_word' id='word_1_234' title='bbox 585 1417 629 1448; x_wconf 87' lang='lat' dir='ltr'>de·</span> <span class='ocrx_word' id='word_1_235' title='bbox 649 1417 843 1449; x_wconf 88' lang='lat' dir='ltr'>electoribus</span> <span class='ocrx_word' id='word_1_236' title='bbox 866 1417 1057 1448; x_wconf 85' lang='lat' dir='ltr'>tractatibus</span> <span class='ocrx_word' id='word_1_237' title='bbox 1082 1416 1204 1448; x_wconf 91' lang='lat' dir='ltr'>ibidem</span> <span class='ocrx_word' id='word_1_238' title='bbox 1227 1416 1386 1448; x_wconf 88' lang='lat' dir='ltr'>habendis</span> <span class='ocrx_word' id='word_1_239' title='bbox 1409 1417 1564 1449; x_wconf 88' lang='lat' dir='ltr'>interesse</span> <span class='ocrx_word' id='word_1_240' title='bbox 1588 1427 1651 1448; x_wconf 91' lang='lat' dir='ltr'>non</span> <span class='ocrx_word' id='word_1_241' title='bbox 1674 1417 1831 1458; x_wconf 86' lang='lat' dir='ltr'>valentes,</span> <span class='ocrx_word' id='word_1_242' title='bbox 1855 1419 1938 1460; x_wconf 90' lang='lat' dir='ltr'>peti-</span> 
     </span>
     <span class='ocr_line' id='line_1_25' title="bbox 278 1468 1938 1510; baseline 0.001 -10"><span class='ocrx_word' id='word_1_243' title='bbox 278 1471 393 1500; x_wconf 87' lang='lat' dir='ltr'>verunt</span> <span class='ocrx_word' id='word_1_244' title='bbox 416 1471 571 1500; x_wconf 85' lang='lat' dir='ltr'>tractatus</span> <span class='ocrx_word' id='word_1_245' title='bbox 595 1468 727 1500; x_wconf 90' lang='lat' dir='ltr'>eosdem</span> <span class='ocrx_word' id='word_1_246' title='bbox 751 1479 919 1510; x_wconf 89' lang='lat' dir='ltr'>quousque</span> <span class='ocrx_word' id='word_1_247' title='bbox 943 1468 1096 1500; x_wconf 90' lang='lat' dir='ltr'>advenire</span> <span class='ocrx_word' id='word_1_248' title='bbox 1120 1469 1243 1510; x_wconf 91' lang='lat' dir='ltr'>possint</span> <span class='ocrx_word' id='word_1_249' title='bbox 1266 1468 1429 1510; x_wconf 84' lang='lat' dir='ltr'>suspendi,</span> <span class='ocrx_word' id='word_1_250' title='bbox 1452 1468 1550 1500; x_wconf 90' lang='lat' dir='ltr'>nichil</span> <span class='ocrx_word' id='word_1_251' title='bbox 1573 1471 1681 1500; x_wconf 85' lang='lat' dir='ltr'>actum</span> <span class='ocrx_word' id='word_1_252' title='bbox 1704 1468 1774 1500; x_wconf 81' lang='lat' dir='ltr'>fuit.</span> <span class='ocrx_word' id='word_1_253' title='bbox 1801 1469 1938 1501; x_wconf 89' lang='lat' dir='ltr'>Verum-</span> 
     </span>
     <span class='ocr_line' id='line_1_26' title="bbox 278 1519 1940 1562; baseline 0.002 -11"><span class='ocrx_word' id='word_1_254' title='bbox 278 1523 387 1551; x_wconf 89' lang='lat' dir='ltr'>tamen</span> <span class='ocrx_word' id='word_1_255' title='bbox 411 1519 530 1551; x_wconf 90' lang='lat' dir='ltr'>diversi</span> <span class='ocrx_word' id='word_1_256' title='bbox 552 1524 721 1562; x_wconf 87' lang='lat' dir='ltr'>magnates</span> <span class='ocrx_word' id='word_1_257' title='bbox 744 1523 856 1562; x_wconf 86' lang='lat' dir='ltr'>utpote</span> <span class='ocrx_word' id='word_1_258' title='bbox 874 1519 1071 1551; x_wconf 89' lang='lat' dir='ltr'>Wilhelmus</span> <span class='ocrx_word' id='word_1_259' title='bbox 1087 1519 1263 1551; x_wconf 85' lang='lat' dir='ltr'>Hollandie</span> <span class='ocrx_word' id='word_1_260' title='bbox 1281 1523 1314 1551; x_wconf 89' lang='lat' dir='ltr'>et</span> <span class='ocrx_word' id='word_1_261' title='bbox 1331 1519 1481 1552; x_wconf 87' lang='lat' dir='ltr'>Hanonie</span> <span class='ocrx_word' id='word_1_262' title='bbox 1506 1531 1625 1562; x_wconf 87' lang='lat' dir='ltr'>comes,</span> <span class='ocrx_word' id='word_1_263' title='bbox 1649 1521 1702 1562; x_wconf 93' lang='lat' dir='ltr'>qui</span> <span class='ocrx_word' id='word_1_264' title='bbox 1726 1521 1940 1562; x_wconf 86' lang='lat' dir='ltr'>personaliter</span> 
     </span>
     <span class='ocr_line' id='line_1_27' title="bbox 278 1571 1940 1614; baseline 0.001 -11"><span class='ocrx_word' id='word_1_265' title='bbox 278 1572 399 1603; x_wconf 86' lang='lat' dir='ltr'>ibidem</span> <span class='ocrx_word' id='word_1_266' title='bbox 430 1582 563 1613; x_wconf 89' lang='lat' dir='ltr'>presens</span> <span class='ocrx_word' id='word_1_267' title='bbox 591 1572 664 1613; x_wconf 84' lang='lat' dir='ltr'>fuit,</span> <span class='ocrx_word' id='word_1_268' title='bbox 698 1583 823 1604; x_wconf 89' lang='lat' dir='ltr'>necnon</span> <span class='ocrx_word' id='word_1_269' title='bbox 847 1596 853 1603; x_wconf 92' lang='lat'>.</span> <span class='ocrx_word' id='word_1_270' title='bbox 873 1598 879 1604; x_wconf 95' lang='lat'>.</span> <span class='ocrx_word' id='word_1_271' title='bbox 902 1583 962 1604; x_wconf 82' lang='lat' dir='ltr'>rex</span> <span class='ocrx_word' id='word_1_272' title='bbox 990 1571 1150 1603; x_wconf 86' lang='lat' dir='ltr'>Bohemie</span> <span class='ocrx_word' id='word_1_273' title='bbox 1180 1572 1263 1603; x_wconf 88' lang='lat' dir='ltr'>filius</span> <span class='ocrx_word' id='word_1_274' title='bbox 1295 1572 1416 1603; x_wconf 89' lang='lat' dir='ltr'>domini</span> <span class='ocrx_word' id='word_1_275' title='bbox 1444 1572 1648 1614; x_wconf 84' lang='lat' dir='ltr'>imperatoris</span> <span class='ocrx_word' id='word_1_276' title='bbox 1678 1572 1837 1614; x_wconf 85' lang='lat' dir='ltr'>defuncti,</span> <span class='ocrx_word' id='word_1_277' title='bbox 1874 1573 1940 1604; x_wconf 90' lang='lat' dir='ltr'>dux</span> 
     </span>
     <span class='ocr_line' id='line_1_28' title="bbox 277 1623 1939 1666; baseline 0.001 -12"><span class='ocrx_word' id='word_1_278' title='bbox 277 1624 439 1663; x_wconf 85' lang='lat' dir='ltr'>Bawarie,</span> <span class='ocrx_word' id='word_1_279' title='bbox 465 1648 497 1656; x_wconf 89' lang='lat'>..</span> <span class='ocrx_word' id='word_1_280' title='bbox 523 1624 588 1655; x_wconf 84' lang='lat' dir='ltr'>dux</span> <span class='ocrx_word' id='word_1_281' title='bbox 610 1625 740 1655; x_wconf 88' lang='lat' dir='ltr'>Austrie</span> <span class='ocrx_word' id='word_1_282' title='bbox 765 1627 798 1655; x_wconf 92' lang='lat' dir='ltr'>et</span> <span class='ocrx_word' id='word_1_283' title='bbox 822 1648 854 1655; x_wconf 91' lang='lat'>..</span> <span class='ocrx_word' id='word_1_284' title='bbox 879 1634 988 1655; x_wconf 90' lang='lat' dir='ltr'>comes</span> <span class='ocrx_word' id='word_1_285' title='bbox 1010 1623 1233 1665; x_wconf 78' lang='lat' dir='ltr'>Nivernensis,</span> <span class='ocrx_word' id='word_1_286' title='bbox 1264 1625 1318 1666; x_wconf 91' lang='lat' dir='ltr'>qui</span> <span class='ocrx_word' id='word_1_287' title='bbox 1348 1624 1480 1655; x_wconf 90' lang='lat' dir='ltr'>nuncios</span> <span class='ocrx_word' id='word_1_288' title='bbox 1509 1623 1705 1666; x_wconf 89' lang='lat' dir='ltr'>sollempnes</span> <span class='ocrx_word' id='word_1_289' title='bbox 1733 1623 1775 1655; x_wconf 90' lang='lat' dir='ltr'>ad</span> <span class='ocrx_word' id='word_1_290' title='bbox 1799 1624 1939 1656; x_wconf 83' lang='lat' dir='ltr'>eandem</span> 
     </span>
     <span class='ocr_line' id='line_1_29' title="bbox 279 1674 1939 1719; baseline 0.001 -13"><span class='ocrx_word' id='word_1_291' title='bbox 279 1675 365 1706; x_wconf 90' lang='lat' dir='ltr'>diem</span> <span class='ocrx_word' id='word_1_292' title='bbox 394 1676 648 1716; x_wconf 86' lang='lat' dir='ltr'>transmiserant,</span> <span class='ocrx_word' id='word_1_293' title='bbox 678 1675 829 1707; x_wconf 84' lang='lat' dir='ltr'>laborant</span> <span class='ocrx_word' id='word_1_294' title='bbox 855 1679 923 1707; x_wconf 91' lang='lat' dir='ltr'>toto</span> <span class='ocrx_word' id='word_1_295' title='bbox 952 1675 1036 1715; x_wconf 91' lang='lat' dir='ltr'>nisu,</span> <span class='ocrx_word' id='word_1_296' title='bbox 1066 1679 1102 1707; x_wconf 91' lang='lat' dir='ltr'>ut</span> <span class='ocrx_word' id='word_1_297' title='bbox 1130 1675 1290 1717; x_wconf 86' lang='lat' dir='ltr'>eligantur</span> <span class='ocrx_word' id='word_1_298' title='bbox 1318 1675 1350 1707; x_wconf 92' lang='lat' dir='ltr'>in</span> <span class='ocrx_word' id='word_1_299' title='bbox 1381 1675 1539 1707; x_wconf 88' lang='lat' dir='ltr'>electione</span> <span class='ocrx_word' id='word_1_300' title='bbox 1567 1676 1710 1717; x_wconf 87' lang='lat' dir='ltr'>presenti</span> <span class='ocrx_word' id='word_1_301' title='bbox 1737 1675 1779 1707; x_wconf 84' lang='lat' dir='ltr'>ad</span> <span class='ocrx_word' id='word_1_302' title='bbox 1802 1674 1939 1719; x_wconf 84' lang='lat' dir='ltr'>regnum</span> 
     </span>
     <span class='ocr_line' id='line_1_30' title="bbox 279 1727 1939 1769; baseline 0.001 -11"><span class='ocrx_word' id='word_1_303' title='bbox 279 1727 506 1759; x_wconf 85' lang='lat' dir='ltr'>Romanorum.</span> <span class='ocrx_word' id='word_1_304' title='bbox 542 1727 612 1769; x_wconf 87' lang='lat' dir='ltr'>Ego</span> <span class='ocrx_word' id='word_1_305' title='bbox 637 1731 746 1758; x_wconf 88' lang='lat' dir='ltr'>autem</span> <span class='ocrx_word' id='word_1_306' title='bbox 771 1730 925 1769; x_wconf 88' lang='lat' dir='ltr'>quantum</span> <span class='ocrx_word' id='word_1_307' title='bbox 948 1727 980 1758; x_wconf 90' lang='lat' dir='ltr'>in</span> <span class='ocrx_word' id='word_1_308' title='bbox 1003 1738 1055 1758; x_wconf 92' lang='lat' dir='ltr'>me</span> <span class='ocrx_word' id='word_1_309' title='bbox 1074 1730 1123 1758; x_wconf 88' lang='lat' dir='ltr'>est</span> <span class='ocrx_word' id='word_1_310' title='bbox 1138 1730 1171 1758; x_wconf 88' lang='lat' dir='ltr'>et</span> <span class='ocrx_word' id='word_1_311' title='bbox 1186 1728 1276 1759; x_wconf 86' lang='lat' dir='ltr'>iuxta</span> <span class='ocrx_word' id='word_1_312' title='bbox 1293 1727 1403 1759; x_wconf 85' lang='lat' dir='ltr'>datam</span> <span class='ocrx_word' id='word_1_313' title='bbox 1420 1738 1440 1758; x_wconf 82' lang='lat' dir='ltr'>a</span> <span class='ocrx_word' id='word_1_314' title='bbox 1455 1727 1526 1759; x_wconf 90' lang='lat' dir='ltr'>Deo</span> <span class='ocrx_word' id='word_1_315' title='bbox 1543 1727 1759 1769; x_wconf 85' lang='lat' dir='ltr'>prudentiam,</span> <span class='ocrx_word' id='word_1_316' title='bbox 1783 1731 1939 1769; x_wconf 87' lang='lat' dir='ltr'>quantum</span> 
     </span>
     <span class='ocr_line' id='line_1_31' title="bbox 278 1779 1939 1822; baseline 0.002 -13"><span class='ocrx_word' id='word_1_317' title='bbox 278 1779 417 1810; x_wconf 89' lang='lat' dir='ltr'>humana</span> <span class='ocrx_word' id='word_1_318' title='bbox 441 1782 549 1820; x_wconf 87' lang='lat' dir='ltr'>potest</span> <span class='ocrx_word' id='word_1_319' title='bbox 571 1779 727 1810; x_wconf 87' lang='lat' dir='ltr'>industria</span> <span class='ocrx_word' id='word_1_320' title='bbox 749 1780 780 1810; x_wconf 93' lang='lat' dir='ltr'>in</span> <span class='ocrx_word' id='word_1_321' title='bbox 804 1779 865 1810; x_wconf 92' lang='lat' dir='ltr'>hoc</span> <span class='ocrx_word' id='word_1_322' title='bbox 888 1779 1070 1821; x_wconf 90' lang='lat' dir='ltr'>providere,</span> <span class='ocrx_word' id='word_1_323' title='bbox 1095 1782 1279 1811; x_wconf 88' lang='lat' dir='ltr'>convertam</span> <span class='ocrx_word' id='word_1_324' title='bbox 1298 1783 1408 1811; x_wconf 90' lang='lat' dir='ltr'>votum</span> <span class='ocrx_word' id='word_1_325' title='bbox 1424 1790 1532 1810; x_wconf 91' lang='lat' dir='ltr'>meum</span> <span class='ocrx_word' id='word_1_326' title='bbox 1549 1780 1580 1810; x_wconf 89' lang='lat' dir='ltr'>in</span> <span class='ocrx_word' id='word_1_327' title='bbox 1597 1779 1707 1820; x_wconf 91' lang='lat' dir='ltr'>talem,</span> <span class='ocrx_word' id='word_1_328' title='bbox 1732 1779 1786 1820; x_wconf 86' lang='lat' dir='ltr'>qui</span> <span class='ocrx_word' id='word_1_329' title='bbox 1802 1779 1844 1810; x_wconf 89' lang='lat' dir='ltr'>sit</span> <span class='ocrx_word' id='word_1_330' title='bbox 1860 1790 1939 1822; x_wconf 80' lang='lat' dir='ltr'>erga</span> 
     </span>
     <span class='ocr_line' id='line_1_32' title="bbox 278 1830 1938 1863; baseline 0.001 -2"><span class='ocrx_word' id='word_1_331' title='bbox 278 1834 417 1861; x_wconf 84' lang='lat' dir='ltr'>vestram</span> <span class='ocrx_word' id='word_1_332' title='bbox 453 1832 656 1862; x_wconf 85' lang='lat' dir='ltr'>sanctitatem</span> <span class='ocrx_word' id='word_1_333' title='bbox 692 1834 724 1862; x_wconf 92' lang='lat' dir='ltr'>et</span> <span class='ocrx_word' id='word_1_334' title='bbox 758 1834 902 1862; x_wconf 87' lang='lat' dir='ltr'>sanctam</span> <span class='ocrx_word' id='word_1_335' title='bbox 933 1830 1114 1862; x_wconf 85' lang='lat' dir='ltr'>Romanam</span> <span class='ocrx_word' id='word_1_336' title='bbox 1151 1831 1321 1863; x_wconf 88' lang='lat' dir='ltr'>ecclesiam</span> <span class='ocrx_word' id='word_1_337' title='bbox 1355 1831 1549 1862; x_wconf 86' lang='lat' dir='ltr'>inviolabilis</span> <span class='ocrx_word' id='word_1_338' title='bbox 1582 1830 1658 1862; x_wconf 88' lang='lat' dir='ltr'>fidei</span> <span class='ocrx_word' id='word_1_339' title='bbox 1688 1834 1721 1862; x_wconf 87' lang='lat' dir='ltr'>et</span> <span class='ocrx_word' id='word_1_340' title='bbox 1754 1832 1938 1863; x_wconf 84' lang='lat' dir='ltr'>constancie</span> 
     </span>
     <span class='ocr_line' id='line_1_33' title="bbox 278 1881 1938 1925; baseline 0.001 -13"><span class='ocrx_word' id='word_1_341' title='bbox 278 1882 462 1923; x_wconf 87' lang='lat' dir='ltr'>integritate</span> <span class='ocrx_word' id='word_1_342' title='bbox 487 1882 640 1923; x_wconf 87' lang='lat' dir='ltr'>probatus</span> <span class='ocrx_word' id='word_1_343' title='bbox 665 1886 697 1914; x_wconf 93' lang='lat' dir='ltr'>et</span> <span class='ocrx_word' id='word_1_344' title='bbox 719 1893 810 1914; x_wconf 84' lang='lat' dir='ltr'>sacro</span> <span class='ocrx_word' id='word_1_345' title='bbox 827 1882 975 1914; x_wconf 83' lang='lat' dir='ltr'>Romano</span> <span class='ocrx_word' id='word_1_346' title='bbox 999 1883 1135 1924; x_wconf 92' lang='lat' dir='ltr'>imperio</span> <span class='ocrx_word' id='word_1_347' title='bbox 1159 1883 1282 1915; x_wconf 90' lang='lat' dir='ltr'>utiliter</span> <span class='ocrx_word' id='word_1_348' title='bbox 1305 1893 1436 1925; x_wconf 86' lang='lat' dir='ltr'>preesse</span> <span class='ocrx_word' id='word_1_349' title='bbox 1455 1883 1562 1914; x_wconf 85' lang='lat' dir='ltr'>valeat</span> <span class='ocrx_word' id='word_1_350' title='bbox 1585 1883 1707 1924; x_wconf 88' lang='lat' dir='ltr'>pariter</span> <span class='ocrx_word' id='word_1_351' title='bbox 1723 1886 1756 1914; x_wconf 89' lang='lat' dir='ltr'>et</span> <span class='ocrx_word' id='word_1_352' title='bbox 1772 1881 1938 1924; x_wconf 87' lang='lat' dir='ltr'>prodesse.</span> 
     </span>
     <span class='ocr_line' id='line_1_34' title="bbox 277 1933 1938 1976; baseline 0.001 -12"><span class='ocrx_word' id='word_1_353' title='bbox 277 1933 328 1964; x_wconf 89' lang='lat' dir='ltr'>De</span> <span class='ocrx_word' id='word_1_354' title='bbox 357 1933 443 1965; x_wconf 88' lang='lat' dir='ltr'>nulla</span> <span class='ocrx_word' id='word_1_355' title='bbox 465 1945 541 1965; x_wconf 91' lang='lat' dir='ltr'>vero</span> <span class='ocrx_word' id='word_1_356' title='bbox 570 1938 658 1965; x_wconf 86' lang='lat' dir='ltr'>certa</span> <span class='ocrx_word' id='word_1_357' title='bbox 687 1945 824 1976; x_wconf 84' lang='lat' dir='ltr'>persona</span> <span class='ocrx_word' id='word_1_358' title='bbox 849 1934 1000 1976; x_wconf 90' lang='lat' dir='ltr'>eligenda</span> <span class='ocrx_word' id='word_1_359' title='bbox 1024 1935 1195 1976; x_wconf 86' lang='lat' dir='ltr'>quicquam</span> <span class='ocrx_word' id='word_1_360' title='bbox 1220 1935 1360 1966; x_wconf 87' lang='lat' dir='ltr'>scribere</span> <span class='ocrx_word' id='word_1_361' title='bbox 1386 1945 1528 1976; x_wconf 88' lang='lat' dir='ltr'>possem,</span> <span class='ocrx_word' id='word_1_362' title='bbox 1556 1935 1618 1966; x_wconf 88' lang='lat' dir='ltr'>nisi</span> <span class='ocrx_word' id='word_1_363' title='bbox 1641 1933 1837 1966; x_wconf 86' lang='lat' dir='ltr'>electoribus</span> <span class='ocrx_word' id='word_1_364' title='bbox 1861 1944 1938 1966; x_wconf 88' lang='lat' dir='ltr'>con—</span> 
     </span>
     <span class='ocr_line' id='line_1_35' title="bbox 278 1985 1940 2029; baseline 0.001 -13"><span class='ocrx_word' id='word_1_365' title='bbox 278 1985 489 2026; x_wconf 88' lang='lat' dir='ltr'>venientibus,</span> <span class='ocrx_word' id='word_1_366' title='bbox 514 1997 576 2027; x_wconf 91' lang='lat' dir='ltr'>quo</span> <span class='ocrx_word' id='word_1_367' title='bbox 600 1989 689 2017; x_wconf 91' lang='lat' dir='ltr'>motu</span> <span class='ocrx_word' id='word_1_368' title='bbox 713 1986 827 2028; x_wconf 89' lang='lat' dir='ltr'>singuli</span> <span class='ocrx_word' id='word_1_369' title='bbox 851 1989 1067 2026; x_wconf 88' lang='lat' dir='ltr'>moverentur,</span> <span class='ocrx_word' id='word_1_370' title='bbox 1091 1987 1217 2028; x_wconf 90' lang='lat' dir='ltr'>plenius</span> <span class='ocrx_word' id='word_1_371' title='bbox 1241 1990 1470 2028; x_wconf 88' lang='lat' dir='ltr'>perscrutarer.</span> <span class='ocrx_word' id='word_1_372' title='bbox 1515 1985 1559 2017; x_wconf 82' lang='lat' dir='ltr'>Et</span> <span class='ocrx_word' id='word_1_373' title='bbox 1581 1987 1657 2028; x_wconf 87' lang='lat' dir='ltr'>quia</span> <span class='ocrx_word' id='word_1_374' title='bbox 1680 1986 1772 2028; x_wconf 86' lang='lat' dir='ltr'>quasi</span> <span class='ocrx_word' id='word_1_375' title='bbox 1795 1986 1940 2029; x_wconf 66' lang='lat' dir='ltr'>comunis</span> 
     </span>
     <span class='ocr_line' id='line_1_36' title="bbox 278 2037 1940 2078; baseline 0.001 -11"><span class='ocrx_word' id='word_1_376' title='bbox 278 2037 415 2078; x_wconf 91' lang='lat' dir='ltr'>populus</span> <span class='ocrx_word' id='word_1_377' title='bbox 450 2037 568 2069; x_wconf 87' lang='lat' dir='ltr'>clamat</span> <span class='ocrx_word' id='word_1_378' title='bbox 602 2041 712 2069; x_wconf 90' lang='lat' dir='ltr'>contra</span> <span class='ocrx_word' id='word_1_379' title='bbox 748 2038 906 2070; x_wconf 89' lang='lat' dir='ltr'>electores</span> <span class='ocrx_word' id='word_1_380' title='bbox 941 2037 981 2069; x_wconf 89' lang='lat' dir='ltr'>de</span> <span class='ocrx_word' id='word_1_381' title='bbox 1015 2048 1106 2070; x_wconf 88' lang='lat' dir='ltr'>mora</span> <span class='ocrx_word' id='word_1_382' title='bbox 1134 2037 1300 2070; x_wconf 89' lang='lat' dir='ltr'>electionis</span> <span class='ocrx_word' id='word_1_383' title='bbox 1328 2037 1540 2077; x_wconf 89' lang='lat' dir='ltr'>celebrande,</span> <span class='ocrx_word' id='word_1_384' title='bbox 1575 2038 1666 2069; x_wconf 84' lang='lat' dir='ltr'>iuxta</span> <span class='ocrx_word' id='word_1_385' title='bbox 1699 2040 1817 2069; x_wconf 78' lang='lat' dir='ltr'>statum</span> <span class='ocrx_word' id='word_1_386' title='bbox 1852 2040 1940 2069; x_wconf 88' lang='lat' dir='ltr'>terre</span> 
     </span>
     <span class='ocr_line' id='line_1_37' title="bbox 278 2089 1937 2131; baseline 0.001 -12"><span class='ocrx_word' id='word_1_387' title='bbox 278 2089 447 2120; x_wconf 86' lang='lat' dir='ltr'>Alemanie</span> <span class='ocrx_word' id='word_1_388' title='bbox 481 2100 604 2120; x_wconf 92' lang='lat' dir='ltr'>summe</span> <span class='ocrx_word' id='word_1_389' title='bbox 632 2089 815 2131; x_wconf 87' lang='lat' dir='ltr'>expediret,</span> <span class='ocrx_word' id='word_1_390' title='bbox 847 2092 882 2120; x_wconf 88' lang='lat' dir='ltr'>ut</span> <span class='ocrx_word' id='word_1_391' title='bbox 909 2089 949 2121; x_wconf 91' lang='lat' dir='ltr'>de</span> <span class='ocrx_word' id='word_1_392' title='bbox 973 2100 1051 2131; x_wconf 88' lang='lat' dir='ltr'>rege</span> <span class='ocrx_word' id='word_1_393' title='bbox 1080 2089 1220 2121; x_wconf 84' lang='lat' dir='ltr'>creando</span> <span class='ocrx_word' id='word_1_394' title='bbox 1249 2089 1501 2130; x_wconf 88' lang='lat' dir='ltr'>acceleraretur,</span> <span class='ocrx_word' id='word_1_395' title='bbox 1532 2094 1687 2131; x_wconf 88' lang='lat' dir='ltr'>quantum</span> <span class='ocrx_word' id='word_1_396' title='bbox 1716 2099 1789 2121; x_wconf 90' lang='lat' dir='ltr'>cum</span> <span class='ocrx_word' id='word_1_397' title='bbox 1812 2090 1937 2121; x_wconf 86' lang='lat' dir='ltr'>ratione</span> 
     </span>
     <span class='ocr_line' id='line_1_38' title="bbox 277 2140 1939 2184; baseline 0.001 -13"><span class='ocrx_word' id='word_1_398' title='bbox 277 2141 310 2172; x_wconf 90' lang='lat' dir='ltr'>id</span> <span class='ocrx_word' id='word_1_399' title='bbox 340 2145 450 2182; x_wconf 90' lang='lat' dir='ltr'>posset</span> <span class='ocrx_word' id='word_1_400' title='bbox 480 2141 663 2183; x_wconf 86' lang='lat' dir='ltr'>aliqualiter</span> <span class='ocrx_word' id='word_1_401' title='bbox 693 2141 849 2183; x_wconf 87' lang='lat' dir='ltr'>expediri.</span> <span class='ocrx_word' id='word_1_402' title='bbox 894 2141 979 2173; x_wconf 86' lang='lat' dir='ltr'>Nam</span> <span class='ocrx_word' id='word_1_403' title='bbox 1003 2145 1136 2183; x_wconf 87' lang='lat' dir='ltr'>propter</span> <span class='ocrx_word' id='word_1_404' title='bbox 1163 2141 1338 2174; x_wconf 86' lang='lat' dir='ltr'>deffectum</span> <span class='ocrx_word' id='word_1_405' title='bbox 1370 2142 1456 2184; x_wconf 88' lang='lat' dir='ltr'>regis</span> <span class='ocrx_word' id='word_1_406' title='bbox 1485 2141 1621 2173; x_wconf 88' lang='lat' dir='ltr'>ecclesie</span> <span class='ocrx_word' id='word_1_407' title='bbox 1654 2140 1939 2183; x_wconf 85' lang='lat' dir='ltr'>ecclesiasticeque</span> 
     </span>
     <span class='ocr_line' id='line_1_39' title="bbox 278 2192 1938 2235; baseline 0.001 -12"><span class='ocrx_word' id='word_1_408' title='bbox 278 2203 415 2234; x_wconf 88' lang='lat' dir='ltr'>persone</span> <span class='ocrx_word' id='word_1_409' title='bbox 446 2203 483 2224; x_wconf 88' lang='lat' dir='ltr'>ac</span> <span class='ocrx_word' id='word_1_410' title='bbox 510 2193 601 2234; x_wconf 81' lang='lat' dir='ltr'>layce</span> <span class='ocrx_word' id='word_1_411' title='bbox 632 2204 727 2234; x_wconf 90' lang='lat' dir='ltr'>quam</span> <span class='ocrx_word' id='word_1_412' title='bbox 756 2194 928 2234; x_wconf 91' lang='lat' dir='ltr'>plurimum</span> <span class='ocrx_word' id='word_1_413' title='bbox 955 2193 1191 2235; x_wconf 86' lang='lat' dir='ltr'>perturbantur.</span> <span class='ocrx_word' id='word_1_414' title='bbox 1238 2192 1272 2225; x_wconf 81' lang='lat' dir='ltr'>Si</span> <span class='ocrx_word' id='word_1_415' title='bbox 1294 2204 1372 2225; x_wconf 90' lang='lat' dir='ltr'>vero</span> <span class='ocrx_word' id='word_1_416' title='bbox 1400 2204 1457 2235; x_wconf 91' lang='lat' dir='ltr'>pre</span> <span class='ocrx_word' id='word_1_417' title='bbox 1487 2194 1644 2224; x_wconf 80' lang='lat' dir='ltr'>instancia</span> <span class='ocrx_word' id='word_1_418' title='bbox 1670 2192 1836 2234; x_wconf 81' lang='lat' dir='ltr'>laycorum</span> <span class='ocrx_word' id='word_1_419' title='bbox 1863 2202 1938 2224; x_wconf 84' lang='lat' dir='ltr'>coe-</span> 
     </span>
     <span class='ocr_line' id='line_1_40' title="bbox 277 2244 1939 2287; baseline 0 -11"><span class='ocrx_word' id='word_1_420' title='bbox 277 2245 434 2276; x_wconf 89' lang='lat' dir='ltr'>lectorum</span> <span class='ocrx_word' id='word_1_421' title='bbox 469 2255 614 2276; x_wconf 91' lang='lat' dir='ltr'>meorum</span> <span class='ocrx_word' id='word_1_422' title='bbox 644 2245 751 2287; x_wconf 88' lang='lat' dir='ltr'>aliquo</span> <span class='ocrx_word' id='word_1_423' title='bbox 783 2245 879 2276; x_wconf 89' lang='lat' dir='ltr'>modo</span> <span class='ocrx_word' id='word_1_424' title='bbox 911 2245 1024 2276; x_wconf 86' lang='lat' dir='ltr'>dilatio</span> <span class='ocrx_word' id='word_1_425' title='bbox 1055 2245 1097 2277; x_wconf 87' lang='lat' dir='ltr'>ad</span> <span class='ocrx_word' id='word_1_426' title='bbox 1127 2246 1189 2277; x_wconf 86' lang='lat' dir='ltr'>hoc</span> <span class='ocrx_word' id='word_1_427' title='bbox 1217 2245 1332 2277; x_wconf 84' lang='lat' dir='ltr'>haberi</span> <span class='ocrx_word' id='word_1_428' title='bbox 1358 2246 1493 2287; x_wconf 90' lang='lat' dir='ltr'>poterit,</span> <span class='ocrx_word' id='word_1_429' title='bbox 1529 2246 1604 2287; x_wconf 85' lang='lat' dir='ltr'>quia</span> <span class='ocrx_word' id='word_1_430' title='bbox 1633 2244 1738 2276; x_wconf 89' lang='lat' dir='ltr'>solent</span> <span class='ocrx_word' id='word_1_431' title='bbox 1768 2255 1839 2277; x_wconf 87' lang='lat' dir='ltr'>esse</span> <span class='ocrx_word' id='word_1_432' title='bbox 1866 2244 1939 2286; x_wconf 85' lang='lat' dir='ltr'>plus</span> 
     </span>
     <span class='ocr_line' id='line_1_41' title="bbox 278 2295 1939 2339; baseline 0 -12"><span class='ocrx_word' id='word_1_433' title='bbox 278 2297 394 2328; x_wconf 88' lang='lat' dir='ltr'>ceteris</span> <span class='ocrx_word' id='word_1_434' title='bbox 417 2297 599 2338; x_wconf 89' lang='lat' dir='ltr'>importuni,</span> <span class='ocrx_word' id='word_1_435' title='bbox 628 2297 764 2328; x_wconf 87' lang='lat' dir='ltr'>studebo</span> <span class='ocrx_word' id='word_1_436' title='bbox 789 2297 949 2329; x_wconf 86' lang='lat' dir='ltr'>sanctitati</span> <span class='ocrx_word' id='word_1_437' title='bbox 974 2299 1082 2329; x_wconf 84' lang='lat' dir='ltr'>vestre</span> <span class='ocrx_word' id='word_1_438' title='bbox 1106 2296 1147 2328; x_wconf 90' lang='lat' dir='ltr'>de</span> <span class='ocrx_word' id='word_1_439' title='bbox 1171 2307 1310 2339; x_wconf 84' lang='lat' dir='ltr'>persona</span> <span class='ocrx_word' id='word_1_440' title='bbox 1334 2297 1486 2339; x_wconf 84' lang='lat' dir='ltr'>eligenda</span> <span class='ocrx_word' id='word_1_441' title='bbox 1508 2297 1650 2329; x_wconf 88' lang='lat' dir='ltr'>scribere</span> <span class='ocrx_word' id='word_1_442' title='bbox 1673 2297 1823 2328; x_wconf 81' lang='lat' dir='ltr'>certiora.</span> <span class='ocrx_word' id='word_1_443' title='bbox 1868 2295 1939 2327; x_wconf 85' lang='lat' dir='ltr'>Nec</span> 
     </span>
     <span class='ocr_line' id='line_1_42' title="bbox 278 2348 1938 2391; baseline 0 -12"><span class='ocrx_word' id='word_1_444' title='bbox 278 2348 390 2380; x_wconf 85' lang='lat' dir='ltr'>credat</span> <span class='ocrx_word' id='word_1_445' title='bbox 419 2348 590 2379; x_wconf 86' lang='lat' dir='ltr'>clementia</span> <span class='ocrx_word' id='word_1_446' title='bbox 614 2352 734 2389; x_wconf 88' lang='lat' dir='ltr'>vestra,</span> <span class='ocrx_word' id='word_1_447' title='bbox 767 2349 852 2391; x_wconf 91' lang='lat' dir='ltr'>quod</span> <span class='ocrx_word' id='word_1_448' title='bbox 879 2349 911 2380; x_wconf 90' lang='lat' dir='ltr'>in</span> <span class='ocrx_word' id='word_1_449' title='bbox 934 2349 1091 2390; x_wconf 87' lang='lat' dir='ltr'>aliquem,</span> <span class='ocrx_word' id='word_1_450' title='bbox 1120 2349 1210 2381; x_wconf 85' lang='lat' dir='ltr'>cuius</span> <span class='ocrx_word' id='word_1_451' title='bbox 1231 2349 1455 2391; x_wconf 86' lang='lat' dir='ltr'>progenitores</span> <span class='ocrx_word' id='word_1_452' title='bbox 1479 2349 1607 2381; x_wconf 84' lang='lat' dir='ltr'>fuerunt</span> <span class='ocrx_word' id='word_1_453' title='bbox 1630 2348 1840 2387; x_wconf 84' lang='lat' dir='ltr'>ecclesiarum</span> <span class='ocrx_word' id='word_1_454' title='bbox 1863 2357 1938 2389; x_wconf 87' lang='lat' dir='ltr'>per-</span> 
     </span>
     <span class='ocr_line' id='line_1_43' title="bbox 278 2400 1937 2442; baseline -0.001 -11"><span class='ocrx_word' id='word_1_455' title='bbox 278 2403 441 2432; x_wconf 86' lang='lat' dir='ltr'>secutores</span> <span class='ocrx_word' id='word_1_456' title='bbox 465 2400 515 2431; x_wconf 91' lang='lat' dir='ltr'>vel</span> <span class='ocrx_word' id='word_1_457' title='bbox 540 2411 635 2442; x_wconf 92' lang='lat' dir='ltr'>quem</span> <span class='ocrx_word' id='word_1_458' title='bbox 659 2400 831 2432; x_wconf 89' lang='lat' dir='ltr'>universali</span> <span class='ocrx_word' id='word_1_459' title='bbox 855 2401 992 2432; x_wconf 90' lang='lat' dir='ltr'>ecclesie</span> <span class='ocrx_word' id='word_1_460' title='bbox 1016 2412 1079 2432; x_wconf 92' lang='lat' dir='ltr'>non</span> <span class='ocrx_word' id='word_1_461' title='bbox 1103 2400 1271 2433; x_wconf 88' lang='lat' dir='ltr'>crederem</span> <span class='ocrx_word' id='word_1_462' title='bbox 1296 2400 1462 2442; x_wconf 81' lang='lat' dir='ltr'>expedire,</span> <span class='ocrx_word' id='word_1_463' title='bbox 1487 2401 1659 2442; x_wconf 87' lang='lat' dir='ltr'>dirigerem</span> <span class='ocrx_word' id='word_1_464' title='bbox 1684 2403 1795 2431; x_wconf 90' lang='lat' dir='ltr'>votum</span> <span class='ocrx_word' id='word_1_465' title='bbox 1818 2409 1937 2431; x_wconf 88' lang='lat' dir='ltr'>meum.</span> 
     </span>
     <span class='ocr_line' id='line_1_44' title="bbox 278 2450 1938 2495; baseline -0.001 -12"><span class='ocrx_word' id='word_1_466' title='bbox 278 2452 328 2484; x_wconf 85' lang='lat' dir='ltr'>Ex</span> <span class='ocrx_word' id='word_1_467' title='bbox 350 2453 411 2483; x_wconf 90' lang='lat' dir='ltr'>hiis</span> <span class='ocrx_word' id='word_1_468' title='bbox 435 2455 468 2483; x_wconf 90' lang='lat' dir='ltr'>et</span> <span class='ocrx_word' id='word_1_469' title='bbox 491 2452 562 2483; x_wconf 87' lang='lat' dir='ltr'>aliis</span> <span class='ocrx_word' id='word_1_470' title='bbox 586 2456 690 2484; x_wconf 85' lang='lat' dir='ltr'>vestra</span> <span class='ocrx_word' id='word_1_471' title='bbox 714 2453 896 2494; x_wconf 86' lang='lat' dir='ltr'>benignitas</span> <span class='ocrx_word' id='word_1_472' title='bbox 919 2463 1115 2495; x_wconf 87' lang='lat' dir='ltr'>cognoscere</span> <span class='ocrx_word' id='word_1_473' title='bbox 1138 2453 1259 2494; x_wconf 88' lang='lat' dir='ltr'>poterit</span> <span class='ocrx_word' id='word_1_474' title='bbox 1282 2453 1538 2484; x_wconf 85' lang='lat' dir='ltr'>circumstantias</span> <span class='ocrx_word' id='word_1_475' title='bbox 1561 2454 1657 2493; x_wconf 90' lang='lat' dir='ltr'>prout</span> <span class='ocrx_word' id='word_1_476' title='bbox 1679 2450 1721 2483; x_wconf 85' lang='lat' dir='ltr'>ad</span> <span class='ocrx_word' id='word_1_477' title='bbox 1744 2460 1878 2492; x_wconf 86' lang='lat' dir='ltr'>presens</span> <span class='ocrx_word' id='word_1_478' title='bbox 1902 2460 1938 2482; x_wconf 88' lang='lat' dir='ltr'>se</span> 
     </span>
     <span class='ocr_line' id='line_1_45' title="bbox 278 2504 1518 2545; baseline 0.001 -10"><span class='ocrx_word' id='word_1_479' title='bbox 278 2504 400 2535; x_wconf 88' lang='lat' dir='ltr'>habent</span> <span class='ocrx_word' id='word_1_480' title='bbox 422 2505 549 2545; x_wconf 89' lang='lat' dir='ltr'>negocii</span> <span class='ocrx_word' id='word_1_481' title='bbox 572 2504 732 2545; x_wconf 88' lang='lat' dir='ltr'>prelibati.</span> <span class='ocrx_word' id='word_1_482' title='bbox 1514 2538 1518 2541; x_wconf 65' lang='grc'><strong>,</strong></span> 
     </span>
    </p>

    <p class='ocr_par' dir='ltr' id='par_1_9' title="bbox 279 2553 1938 2648">
     <span class='ocr_line' id='line_1_46' title="bbox 385 2553 1938 2598; baseline -0.001 -12"><span class='ocrx_word' id='word_1_483' title='bbox 385 2556 483 2587; x_wconf 89' lang='lat' dir='ltr'>Vivat</span> <span class='ocrx_word' id='word_1_484' title='bbox 509 2559 542 2586; x_wconf 90' lang='lat' dir='ltr'>et</span> <span class='ocrx_word' id='word_1_485' title='bbox 565 2556 672 2587; x_wconf 85' lang='lat' dir='ltr'>valeat</span> <span class='ocrx_word' id='word_1_486' title='bbox 694 2559 801 2587; x_wconf 85' lang='lat' dir='ltr'>vestra</span> <span class='ocrx_word' id='word_1_487' title='bbox 828 2556 1014 2593; x_wconf 76' lang='lat' dir='ltr'>clementia,</span> <span class='ocrx_word' id='word_1_488' title='bbox 1045 2556 1096 2587; x_wconf 91' lang='lat' dir='ltr'>cui</span> <span class='ocrx_word' id='word_1_489' title='bbox 1125 2566 1176 2587; x_wconf 91' lang='lat' dir='ltr'>me</span> <span class='ocrx_word' id='word_1_490' title='bbox 1202 2557 1280 2588; x_wconf 88' lang='lat' dir='ltr'>licet</span> <span class='ocrx_word' id='word_1_491' title='bbox 1306 2556 1475 2598; x_wconf 88' lang='lat' dir='ltr'>indignum</span> <span class='ocrx_word' id='word_1_492' title='bbox 1498 2555 1687 2597; x_wconf 88' lang='lat' dir='ltr'>suppliciter</span> <span class='ocrx_word' id='word_1_493' title='bbox 1709 2553 1938 2586; x_wconf 87' lang='lat' dir='ltr'>recommendo</span> 
     </span>
     <span class='ocr_line' id='line_1_47' title="bbox 279 2607 688 2648; baseline 0.002 -10"><span class='ocrx_word' id='word_1_494' title='bbox 279 2617 337 2648; x_wconf 90' lang='lat' dir='ltr'>per</span> <span class='ocrx_word' id='word_1_495' title='bbox 359 2609 507 2648; x_wconf 86' lang='lat' dir='ltr'>tempora</span> <span class='ocrx_word' id='word_1_496' title='bbox 530 2607 688 2639; x_wconf 88' lang='lat' dir='ltr'>diuturna.</span> 
     </span>
    </p>
   </div>
   <div class='ocr_carea' id='block_1_9' title="bbox 386 2666 1305 2710">
    <p class='ocr_par' dir='ltr' id='par_1_10' title="bbox 386 2666 1305 2710">
     <span class='ocr_line' id='line_1_48' title="bbox 386 2666 1305 2710; baseline 0.002 -12"><span class='ocrx_word' id='word_1_497' title='bbox 386 2666 460 2698; x_wconf 89' lang='lat' dir='ltr'>Dat.</span> <span class='ocrx_word' id='word_1_498' title='bbox 479 2666 624 2706; x_wconf 83' lang='lat' dir='ltr'>Colonie,</span> <span class='ocrx_word' id='word_1_499' title='bbox 647 2667 719 2699; x_wconf 90' lang='lat' dir='ltr'>XV.</span> <span class='ocrx_word' id='word_1_500' title='bbox 738 2667 790 2698; x_wconf 89' lang='lat' dir='ltr'>die</span> <span class='ocrx_word' id='word_1_501' title='bbox 814 2668 933 2699; x_wconf 86' lang='lat' dir='ltr'>mensis</span> <span class='ocrx_word' id='word_1_502' title='bbox 955 2668 1095 2699; x_wconf 84' lang='lat' dir='ltr'>Ianuarii</span> <span class='ocrx_word' id='word_1_503' title='bbox 1119 2668 1305 2710; x_wconf 85' lang='lat' dir='ltr'>supradicti.</span> 
     </span>
    </p>
   </div>
   <div class='ocr_carea' id='block_1_10' title="bbox 385 2770 635 2802">
    <p class='ocr_par' dir='ltr' id='par_1_11' title="bbox 385 2770 635 2802">
     <span class='ocr_line' id='line_1_49' title="bbox 385 2770 635 2802; baseline -0.004 -7"><span class='ocrx_word' id='word_1_504' title='bbox 385 2770 428 2795; x_wconf 74' lang='lat'>115.</span> <span class='ocrx_word' id='word_1_505' title='bbox 458 2770 481 2802; x_wconf 56' lang='grc' dir='ltr'>ὃ)</span> <span class='ocrx_word' id='word_1_506' title='bbox 501 2770 597 2794; x_wconf 82' lang='lat' dir='ltr'>lacuna</span> <span class='ocrx_word' id='word_1_507' title='bbox 615 2779 635 2794; x_wconf 81' lang='lat' dir='ltr'>c.</span> 
     </span>
    </p>
   </div>
   <div class='ocr_carea' id='block_1_11' title="bbox 1957 812 1984 831">
    <p class='ocr_par' dir='ltr' id='par_1_12' title="bbox 1957 812 1984 831">
     <span class='ocr_line' id='line_1_50' title="bbox 1957 812 1984 831; baseline 0 0"><span class='ocrx_word' id='word_1_508' title='bbox 1957 812 1984 831; x_wconf 81' lang='lat'>10</span> 
     </span>
    </p>
   </div>
   <div class='ocr_carea' id='block_1_12' title="bbox 1957 1069 1984 1089">
    <p class='ocr_par' dir='ltr' id='par_1_13' title="bbox 1957 1069 1984 1089">
     <span class='ocr_line' id='line_1_51' title="bbox 1957 1069 1984 1089; baseline 0 0"><span class='ocrx_word' id='word_1_509' title='bbox 1957 1069 1984 1089; x_wconf 66' lang='lat'>1³</span> 
     </span>
    </p>
   </div>
   <div class='ocr_carea' id='block_1_13' title="bbox 1958 1583 1986 1603">
    <p class='ocr_par' dir='ltr' id='par_1_14' title="bbox 1958 1583 1986 1603">
     <span class='ocr_line' id='line_1_52' title="bbox 1958 1583 1986 1603; baseline 0 0"><span class='ocrx_word' id='word_1_510' title='bbox 1958 1583 1986 1603; x_wconf 58' lang='lat'>25</span> 
     </span>
    </p>
   </div>
   <div class='ocr_carea' id='block_1_14' title="bbox 1956 2099 1987 2120">
    <p class='ocr_par' dir='ltr' id='par_1_15' title="bbox 1956 2099 1987 2120">
     <span class='ocr_line' id='line_1_53' title="bbox 1956 2099 1987 2120; baseline 0.032 -1"><span class='ocrx_word' id='word_1_511' title='bbox 1956 2099 1987 2120; x_wconf 52' lang='lat'>³5</span> 
     </span>
    </p>
   </div>
   <div class='ocr_carea' id='block_1_15' title="bbox 1957 2362 1990 2381">
    <p class='ocr_par' dir='ltr' id='par_1_16' title="bbox 1957 2362 1990 2381">
     <span class='ocr_line' id='line_1_54' title="bbox 1957 2362 1990 2381; baseline 0 0"><span class='ocrx_word' id='word_1_512' title='bbox 1957 2362 1990 2381; x_wconf 71' lang='lat'>⁴⁰«</span> 
     </span>
    </p>
   </div>
   <div class='ocr_carea' id='block_1_16' title="bbox 1956 2620 1992 2640">
    <p class='ocr_par' dir='ltr' id='par_1_17' title="bbox 1956 2620 1992 2640">
     <span class='ocr_line' id='line_1_55' title="bbox 1956 2620 1992 2640; baseline 0.028 -1"><span class='ocrx_word' id='word_1_513' title='bbox 1956 2620 1992 2640; x_wconf 65' lang='lat'>4⁵.</span> 
     </span>
    </p>
   </div>
  </div>
 </body>
</html>
