2124 3132
6 909 18 984 vm·
9 877 10 884 ⁴

9 1055 19 1096 ‚vc-⁶.

0 1425 5 1443 “·
0 1123 18 1416 ‘'w-*W

586 147 805 176 TRACTATUS
823 147 871 174 DE
889 146 1102 175 ELEGTlONE.
1140 147 1216 175 1814.
1253 148 1300 175 Nr.
1314 149 1355 175 57.
1756 156 1796 183 53

251 237 299 268 13.
334 239 465 268 Ceterum
480 239 675 275 promittimus
695 240 725 266 et
744 247 796 266 nos
811 238 975 274 specialiter
990 238 1149 274 obligamus
1171 238 1203 266 et
1219 239 1345 272 fimiter,
1369 240 1444 274 quod
1454 241 1466 255 ⁸
1482 245 1594 267 omnes
1611 237 1796 278 questiones
1811 253 1822 266 c

139 298 198 320 seu
225 286 473 327 controversias,
508 290 532 318 si
560 291 648 326 que·
674 291 792 325 propter
819 290 926 317 factum
953 290 1101 317 electionis
1132 299 1181 317 seu
1210 291 1399 325 promocionis
1427 293 1523 319 nostre
1556 291 1629 319 sunt
1659 292 1715 319 iarn
1746 294 1795 319 vel

139 339 172 372 in
194 338 335 372 futurum
357 337 476 371 fuerint
498 338 559 370 sibi
579 339 668 370 mote
695 347 714 369 a
738 347 945 379 quocunque,
974 338 1191 379 cuiuscunque
1219 341 1321 369 status
1348 341 1404 370 aut
1427 338 1624 370 condicionis
1647 340 1796 379 existat‘,

139 394 191 423 sub
213 394 318 423 nostris
341 393 486 422 laboribus
509 395 540 421 et
562 393 694 429 expensis
717 402 792 421 eum
816 394 846 420 et
869 393 1016 421 ecclesiam
1033 402 1112 420 suam
1134 388 1313 431 predictam
1332 389 1546 422 defendemus
1569 393 1603 422 et
1618 390 1799 422 huiusmodi

106 459 121 480 ι
139 446 303 482 questiones
327 447 362 474 et
384 445 595 473 controversias
618 445 654 472 ad
677 446 760 473 finem
783 446 814 473 et
836 444 944 472 exitum
968 445 1152 480 perducemus
1176 454 1227 479 pro
1251 445 1341 480 ipso‘.

251 495 300 526 14.
337 498 409 525 Item
431 496 645 532 prohibebimus
668 496 823 525 efficaciter
846 505 898 523 nec
921 496 1086 531 aliqualiter
1112 497 1309 532 permittemus
1339 497 1467 524 homines
1490 498 1608 525 ecclesie
1631 498 1798 532 Moguntinc:

139 549 228 586 recipi
251 550 281 577 in
304 548 478 582 civitatibus,
502 548 616 584 oppidis
639 557 688 576 seu
712 547 837 576 castellis
860 548 896 575 ad
918 548 1058 583 inperium
1082 548 1292 583 pertinentibus
1316 549 1344 576 iu
1368 549 1531 584 burgenses,
1555 549 1604 583 qui
1628 547 1798 584 palbfirgere

138 601 295 636 vulgariter
317 600 508 636 appellantur.

250 650 298 681 15.
333 647 417 679 Item
442 647 659 689 promittimus
680 647 744 678 tria
767 646 840 678 loca
862 646 894 678 in
917 647 1048 688 proprio
1073 646 1172 678 fundo
1197 647 1334 679 ecclesie
1359 657 1415 679 sue
1439 646 1585 689 predicto
1610 647 1740 679 domino
1765 672 1772 679 .
1791 671 1798 678 .

94 715 120 736 ιο
137 699 392 742 archiepiscopo,
416 698 674 741 quandocunque
697 708 757 730 nos
782 698 997 740 requisiverit,
1021 698 1184 730 libertare.

249 752 296 783 16.
330 750 414 783 Item
431 749 580 782 dabimus
595 749 656 782 sibi
672 752 868 791 potestatem
885 749 970 781 bona
986 750 1101 791 inperii
1116 749 1297 782 redimendi
1314 751 1345 781 in
1362 761 1420 782 sua
1436 749 1558 781 diocesi
1574 750 1634 781 sita
1651 751 1797 792 inpigno-

137 805 208 836 rata
237 802 309 834 aliis
340 801 584 844 quibuscunque
615 804 649 834 et
676 800 809 833 tenendi
837 811 896 844 pro
926 801 1042 833 eadem
1072 802 1223 843 pecunia,
1258 813 1316 844 pro
1346 812 1410 843 qua
1441 801 1585 844 obligata
1615 805 1688 833 sunt
1716 802 1798 837 aliis,

137 864 304 897 quousque
327 864 386 896 per
408 863 520 895 regem
542 852 764 885 Romanorum
787 853 840 894 qui
865 863 923 895 pro
948 856 1095 894 tempore
1119 853 1217 885 fuerit
1240 852 1450 885 redimantur.

249 908 298 938 17.
334 910 406 937 Item
428 909 463 937 de
486 909 617 944 quolibet
641 908 764 937 articulo
787 909 989 944 premissorum
1020 909 1146 936 omnium
1174 904 1307 936 indilate
1335 909 1465 936 dabimus
1494 909 1618 936 litteram
1649 909 1799 944 specialem

96 971 120 992 u
139 961 234 998 sigillo
264 961 343 997 regio
371 961 609 996 consignandam,
640 960 754 995 quando
786 962 816 988 et
842 961 977 995 quociens
1012 969 1096 996 super
1131 969 1164 988 eo
1194 961 1330 988 fuerimus
1359 960 1491 995 requisiti
1519 970 1569 996 per
1597 961 1742 988 dominum
1768 982 1796 988 ..

137 1013 382 1049 archiepiscopum
404 1012 562 1048 predictum
586 1013 637 1040 aut
659 1012 808 1040 ecclesiam
830 1012 1039 1047 Moguntinam.

251 1062 299 1093 18.
335 1064 468 1092 Preterea
491 1064 655 1099 specialiter
683 1065 713 1092 et
741 1072 874 1099 expresse
901 1063 1129 1091 confirmabimus
1159 1065 1189 1091 et
1215 1063 1414 1091 innovabimus
1442 1063 1497 1098 ipsi
1519 1063 1634 1090 domino
1656 1084 1663 1091 .
1679 1083 1687 1090 .
1710 1064 1798 1090 archi·

140 1116 274 1152 episcopo
297 1118 328 1144 et
350 1115 472 1144 ecclesie
494 1115 662 1151 Moguntine
685 1115 762 1143 inter
784 1115 842 1142 alia
857 1115 1066 1142 continenciam
1083 1114 1243 1142 litterarum
1268 1114 1323 1142 sibi
1345 1124 1382 1142 a.
1395 1135 1401 1142 .
1424 1114 1559 1143 Romanis
1579 1115 1692 1150 regibus
1712 1115 1796 1142 tradi-

136 1170 231 1197 tarum
253 1177 338 1203 super
360 1167 478 1203 ungelto
502 1169 532 1196 et
554 1167 647 1195 Iudeis
670 1167 700 1194 in
723 1167 999 1194 Frankenvord**.

94 1228 121 1249 so
250 1217 310 1247 19.-
332 1214 416 1247 Item
448 1213 548 1246 nobili
579 1215 648 1246 viro
678 1213 861 1246 Ebirhardo
893 1213 933 1245 de
964 1212 1114 1255 Brfiberg
1154 1212 1398 1255 procurabimus
1429 1214 1669 1246 restitucionem
1702 1215 1796 1246 castri

135 1266 299 1310 Erppach‚
324 1266 410 1308 quod
434 1265 576 1308 perdidit
598 1266 630 1297 in
654 1265 789 1297 servicio
814 1265 950 1297 ecclesie
967 1265 1167 1307 Moguntine,
1192 1269 1224 1296 et
1244 1265 1402 1297 iusticiam
1424 1264 1483 1296 sibi
1500 1265 1743 1307 procurabimus
1765 1270 1798 1296 et

138 1319 295 1351 faciemus
318 1328 415 1360 super
438 1317 536 1359 opido
559 1316 738 1349 Mosebach
761 1319 795 1348 et
817 1317 886 1349 iure
909 1328 984 1358 suo,
1019 1316 1104 1359 quod
1136 1316 1258 1348 habere
1290 1316 1390 1348 debet
1419 1317 1450 1348 in
1473 1320 1604 1348 moneta
1627 1318 1658 1348 in
1682 1316 1797 1357 Hallis,

137 1370 314 1403 secundm
339 1369 574 1402 continenciam
597 1367 778 1400 litterarum
801 1378 942 1407 suarum,
967 1379 1047 1410 quas
1069 1369 1170 1400 habet
1192 1378 1290 1410 super
1312 1378 1351 1400 eo
1361 1369 1382 1400 ¹.

243 1423 294 1454 20.
331 1421 416 1453 Item
439 1420 570 1453 domino
594 1419 706 1451 Ottoni
729 1419 909 1462 lantgravio
939 1423 1024 1451 terre
1048 1420 1166 1452 Hassie
1198 1420 1328 1451 domino
1357 1429 1415 1451 seu
1444 1420 1513 1451 eius
1535 1419 1710 1451 heredibus
1734 1431 1795 1451 non

93 1486 118 1507 u
140 1472 342 1505 conferemus
358 1472 499 1515 pheoda,
516 1481 580 1514 que
596 1482 656 1514 per
670 1474 808 1503 mortem
824 1471 978 1503 Iohannis
994 1471 1156 1513 quondam
1173 1471 1281 1503 fratris
1297 1471 1442 1503 eiusdem
1459 1470 1587 1502 Ottonis
1603 1476 1798 1503 vacaverunt

133 1524 272 1567 inperio,
295 1523 355 1556 sed
369 1525 440 1566 ipsa
455 1526 604 1566 petemus
619 1526 652 1555 et
667 1522 710 1554 ad
725 1522 775 1554 ius
796 1523 922 1564 inperii,
940 1524 1020 1554 sicut
1036 1526 1194 1563 tenemur,
1211 1522 1444 1555 revocabimus.
1476 1522 1519 1554 Et
1539 1533 1598 1554 nos
1613 1522 1794 1564 predictum

137 1575 302 1608 dominum
326 1600 333 1607 .
351 1599 359 1607 .
383 1575 675 1617 archiepiscopum,
698 1573 827 1616 quando
851 1585 910 1616 per
934 1584 1007 1606 eum
1032 1575 1176 1616 requisiti
1200 1574 1365 1613 fuerimus,
1388 1577 1422 1606 et
1445 1598 1476 1605 ..
1497 1583 1699 1606 successores
1721 1585 1796 1606 suos

135 1627 276 1659 fideliter
297 1627 478 1659 iuvabimus
508 1630 542 1658 et
570 1626 681 1658 iuvare
708 1627 925 1668 promittimus
948 1627 1065 1658 nostris
1096 1626 1262 1658 laboribus
1293 1629 1326 1657 et
1355 1626 1506 1667 expensis
1536 1625 1578 1657 ad
1608 1625 1794 1667 petendum,

136 1678 347 1712 obtinendum
363 1681 397 1710 et
412 1677 658 1721 adipiscendum
674 1677 782 1719 feoda,
799 1688 861 1720 que
879 1688 937 1720 per
953 1682 1091 1710 mortem
1109 1678 1253 1710 eiusdem
1271 1677 1425 1709 Iohannis
1440 1681 1635 1709 vacaverunt
1650 1677 1797 1709 similiter

92 1744 118 1766 ιο
136 1730 274 1763 ecclesie
289 1730 490 1772 Mogontine.
528 1729 571 1762 Et
590 1730 661 1772 ipse
678 1729 826 1761 dominus
849 1753 857 1761 .
875 1754 882 1761 .
908 1729 1172 1772 archiepiscopus
1192 1729 1234 1761 ad
1255 1728 1482 1770 consequenda
1499 1728 1683 1760 huiusmodi
1700 1729 1795 1760 feoda

133 1782 249 1825 inperii
272 1781 420 1814 similiter
441 1792 500 1814 nos
522 1781 647 1813 iuvabit
669 1791 727 1813 suo
751 1791 858 1823 posse.

243 1836 294 1866 21.
328 1833 413 1865 Item
436 1833 667 1875 promittimus,
699 1834 726 1864 si
748 1836 868 1864 terram
894 1833 1071 1874 Thuringie
1095 1833 1376 1875 acquisiverimus,
1405 1831 1492 1873 quod
1514 1832 1663 1864 universa
1687 1831 1794 1871 feoda,

135 1896 198 1928 que
222 1909 230 1917 .
247 1911 254 1918 .
277 1885 450 1927 lantgravii
465 1884 643 1927 Thuringie
666 1884 708 1916 ab
725 1884 863 1916 ecclesia
878 1884 1070 1926 Moguntina
1094 1888 1127 1916 et
1150 1908 1157 1916 .
1176 1909 1182 1915 .
1207 1884 1458 1926 archiepiscopis
1480 1883 1600 1915 ibidem
1624 1887 1796 1915 tenuerunt

136 1941 171 1970 et
192 1941 303 1970 tenere
327 1939 572 1978 consueverunt,
596 1940 629 1969 et
651 1936 838 1979 specialiter
861 1935 993 1978 opidum
1011 1935 1120 1968 Gotha
1143 1946 1215 1967 cum
1239 1936 1304 1967 suis
1327 1935 1509 1967 attinenciis
1529 1935 1589 1976 ipsi
1605 1934 1736 1966 domino
1761 1959 1768 1966 .
1787 1959 1794 1967 .

94 2004 120 2026 ι.
137 1989 381 2031 archiepiscopo
405 1992 439 2020 et
462 1988 600 2020 ecclesie
615 1988 806 2031 Moguntine
827 1987 1073 2030 assignabimus,
1098 1987 1257 2027 dabimus,
1281 1986 1445 2019 trademus
1468 1990 1502 2018 et
1522 1986 1739 2028 relinquemus
1763 1990 1797 2017 et

134 2041 239 2083 ipsum
262 2051 301 2072 ac
325 2051 399 2072 suos
422 2050 624 2072 successores
647 2040 694 2072 eis
718 2040 801 2072 sicut
823 2039 895 2071 aliis
918 2040 984 2070 suis
1007 2038 1100 2071 bonis
1123 2033 1262 2080 propriis
1284 2039 1331 2070 uti
1353 2037 1456 2070 libere
1481 2039 1716 2080 permittemus.

243 2093 293 2124 22.
328 2091 413 2124 Item
437 2092 664 2134 promittimus,
688 2091 775 2134 quod
799 2092 926 2134 prefato
951 2090 1081 2122 domino
1106 2114 1113 2122 .
1132 2116 1138 2122 .
1163 2090 1420 2132 archiepiscopo,
1443 2090 1469 2121 si
1493 2090 1525 2121 in
1540 2100 1651 2132 regem
1668 2089 1791 2121 Roma-

134 2154 248 2176 norum
271 2143 444 2186 eligemur,
468 2144 696 2176 conmittemus
719 2143 807 2174 vices
829 2146 956 2174 nostras
980 2141 1087 2174 dando
1112 2141 1173 2173 sibi
1195 2145 1393 2183 potestatem
1416 2141 1602 2183 porrigendi
1626 2142 1795 2182 primarias

134 2205 249 2238 preces
265 2198 390 2227 nostras
406 2195 476 2227 vice
492 2198 526 2227 et
542 2195 671 2227 nomine
687 2198 797 2226 nostro
818 2195 851 2225 in
867 2193 1000 2236 singulis
1016 2193 1162 2226 ecclesiis
1177 2193 1291 2226 maiori
1313 2203 1351 2224 ac
1367 2192 1439 2224 aliis
1455 2192 1599 2224 ecclesiis
1615 2192 1795 2234 collegiatis

90 2261 118 2282 ω
135 2250 169 2280 et
191 2246 456 2280 conventualibus
479 2247 618 2278 civitatis
641 2250 675 2278 et
698 2246 836 2278 diocesis
850 2245 1039 2288 Moguntine
1055 2255 1113 2287 pro
1129 2245 1276 2286 personis
1298 2244 1377 2276 inibi
1399 2243 1604 2286 recipiendis,
1628 2244 1711 2276 sicut
1733 2244 1794 2276 hoc

135 2299 290 2331 hactenus
312 2298 519 2331 laudabiliter
543 2301 592 2331 est
614 2302 813 2339 consuetum,
836 2301 932 2340 prout
954 2297 1016 2329 sibi
1038 2297 1200 2329 videbitur
1223 2296 1391 2339 expedire.

243 2352 294 2383 23.
327 2354 536 2382 Renunciamus
559 2357 655 2382 autem
675 2354 791 2382 omnino
807 2354 971 2389 excepcioni
991 2354 1050 2382 doli
1065 2353 1142 2386 mali.
1165 2353 1273 2381 actioni
1296 2353 1325 2380 in
1342 2353 1457 2385 factum,
1481 2360 1538 2379 non
1553 2355 1710 2384 numerate,
1734 2361 1790 2379 non

134 2405 240 2434 tradite
270 2415 323 2434 nec
349 2406 442 2434 solute
471 2406 591 2442 pecunie
625 2408 656 2434 et
682 2406 855 2442 generaliter
890 2407 920 2434 et
951 2405 1115 2441 specialiter
1144 2405 1320 2440 quibuslibet
1349 2403 1584 2439 excepcionibus‚
1618 2404 1732 2431 auxiliis
1763 2406 1790 2431 et

134 2456 345 2486 defensionibus
367 2453 444 2484 iuris
467 2453 519 2485 vel
542 2453 629 2494 facti,
654 2457 744 2486 eciam
766 2458 801 2485 de
824 2457 927 2492 quibus
950 2457 1060 2485 mencio
1083 2457 1201 2484 deberet
1223 2456 1283 2483 fieri
1307 2455 1447 2490 specialis,
1470 2455 1573 2490 quibus
1596 2455 1790 2482 huiusmodi

90 2517 117 2539 ss
134 2509 233 2537 nostra
254 2509 404 2544 promissio
428 2510 458 2536 et
480 2508 622 2544 obligacio
645 2509 704 2537 sive
728 2509 825 2537 caucio
848 2509 971 2544 inpediri
995 2517 1044 2536 seu
1066 2508 1220 2543 inpugnari
1242 2509 1340 2543 posset
1363 2507 1579 2541 quomodolibet
1600 2507 1644 2534 vel
1666 2507 1790 2542 infringi.

242 2560 280 2588 Et
301 2561 331 2588 in
351 2560 477 2588 omnium
500 2562 530 2588 et
550 2561 746 2596 singulorum*
769 2561 971 2589 certitudinem
986 2560 1137 2588 firmiorem
1158 2559 1253 2595 sigillo
1274 2561 1371 2586 nostro
1389 2568 1504 2593 presens
1520 2558 1657 2593 scriptum
1675 2558 1791 2585 fecimus

135 2612 303 2648 consignari.

241 2659 362 2692 Datum
385 2660 418 2691 in
440 2660 558 2701 Lorch,
581 2670 665 2692 anno
690 2659 810 2692 Christi
832 2659 1065 2699 MCOOXIIII,
1089 2659 1132 2691 ΙΙ.
1149 2658 1227 2690 Idus
1250 2658 1434 2700 Septembr.

237 2727 284 2755 57.
312 2729 336 2761 ⁰)
355 2737 422 2755 corr.
441 2737 473 2755 ex
490 2729 604 2756 existant
621 2734 654 2755 tr.

91 2783 119 2804 so
240 2779 268 2814 1)
287 2778 330 2812 Cf.
347 2779 428 2813 infra
444 2787 488 2807 nr.
500 2783 541 2807 69.

1813 509 1831 523 ε’.
1844 506 1876 524 16.

1815 922 1833 937 c.
1846 917 1877 937 1⁷.

1814 1076 1833 1091 c.
1844 1073 1875 1091 18.

1805 2365 1816 2376 ‹·
1835 2361 1868 2379 Ἡ.
