2184 3126
357 198 427 230 728,
631 190 727 217 ACTA
746 189 859 216 REGNI
879 187 1061 215 LUDEWICI
1081 187 1128 215 IV.
1146 187 1193 214 ET
1212 188 1233 214 F
1237 186 1398 214 RIDERICI
1417 187 1467 215 ΙΙΙ.
1502 187 1578 214 1324.
1614 187 1663 214 Nr.
1677 187 1736 214 909.

356 282 445 311 tenet
468 282 499 310 et
515 277 669 320 predicat,
693 276 820 318 publice
837 285 943 306 coram
961 274 1088 316 populis
1105 277 1137 305 et
1152 274 1284 305 notariis
1300 272 1446 315 publicis,
1471 283 1552 315 quos
1567 273 1627 305 de·
1643 273 1704 305 hoc
1720 277 1916 315 rogaverunt
1930 284 2006 307 con-

355 331 451 362 ficere
475 329 602 371 publica
625 329 844 366 instrumenta,
869 326 965 358 fuisse
981 326 1144 366 professos
1159 325 1348 367 simpliciter
1363 327 1461 366 atque
1477 323 1626 366 fideliter,
1643 328 1676 356 et
1691 325 1752 357 hoc
1767 335 1832 356 non
1847 325 2007 366 obstante,

356 382 396 413 ad
420 381 645 413 testimonium.
660 389 788 410 suorum
811 379 1010 409 inimicorum
1033 377 1228 419 capitalium,
1251 377 1362 416 yilium
1382 385 1602 417 personarum,
1626 377 1681 418 qui
1697 378 1829 418 possent
1843 377 2008 418 legitima⁸

357 433 547 474 exceptione
570 431 694 472 repelli,
719 433 751 461 et
773 440 831 471 per
854 429 998 460 inimicos
1022 429 1068 460 eis
1092 428 1215 459 iudices
1239 428 1347 467 fuisse,
1371 429 1407 458 ut
1430 427 1554 466 dicitur,
1578 426 1736 459 iudicatos
1758 431 1793 460 et
1807 439 1871 460 non
1894 430 2008 461 citatos

358 484 486 515 omnino
510 483 560 514 vel
583 482 624 513 ad
647 482 752 513 locum
777 481 904 511 omnino
928 481 1051 511 notorie
1077 481 1123 511 eis
1146 482 1330 521 suspectum
1355 479 1452 509 fuisse
1470 479 1595 518 citatos,
1618 478 1675 510 ubi
1697 480 1766 511 sine
1788 480 1901 512 mortis
1923 481 2008 522 peri·
2038 493 2052 511 s

357 534 427 565 culo
451 544 512 564 non
536 536 685 574 poterant
708 541 895 572 comparere
918 541 977 562 nec
1000 530 1193 562 tenebantur
1216 530 1256 561 de
1279 530 1363 570 iure,
1389 531 1435 561 eis
1458 529 1682 562 nichilominus
1703 531 1889 572 petentibus
1915 534 1949 564 et
1976 532 2009 564 in

356 586 514 626 peticione
537 583 790 625 persistentibus,
814 585 916 613 tutum
941 582 1046 613 locum
1071 582 1130 613 sibi
1153 582 1319 623 assignari,
1342 576 1380 612 in⁴
1399 592 1461 623 quo
1486 586 1617 623 possent
1640 583 1708 614 sine
1731 584 1843 614 mortis
1865 584 2009 625 periculo

356 645 553 676 comparere,
577 635 609 664 in
632 644 694 675 quo
719 644 917 674 comparere,
940 637 1036 675 prout
1059 636 1092 665 et
1114 633 1195 664 sicut
1219 636 1252 664 et
1279 643 1388 664 coram
1420 633 1536 674 quibus
1562 633 1603 665 de
1631 634 1700 665 iure
1731 637 1926 676 tenerentur,
1954 635 2009 668 seb

356 686 518 717 humiliter
545 688 578 717 et
601 685 736 716 devotec
760 685 935 725 offerendo,
960 685 1041 716 sicut
1063 685 1094 716 in
1118 684 1393 726 appellacionibus
1417 688 1450 716 et
1475 685 1768 727 supplicacionibus
1790 696 1860 728 per·
1877 687 2010 719 eosdem

357 738 408 769 etd
431 740 653 778 procuratores
676 747 787 767 eorum
815 747 872 777 per
894 737 1107 767 instrumenta
1130 736 1258 778 publica
1287 736 1380 768 factis
1408 738 1589 769 continetur
1611 747 1775 779 expresse.
1820 739 1871 770 De
1895 739 2010 781 quibus
2029 751 2057 771 ιο

356 794 433 820 su0⁰
456 789 526 819 loco
551 791 583 819 et
607 791 762 829 tempore,
786 788 841 819 ubi
872 791 904 819 et
928 787 1055 829 quando
1086 791 1119 820 et
1146 787 1258 830 proutf
1282 791 1315 819 et
1338 798 1446 819 coram
1470 788 1586 830 quibus
1610 789 1792 831 expedierit
1820 794 1853 822 et
1875 790 1917 822 de
1939 791 2010 823 iure

356 840 535 872 tenebimur
558 842 612 870 cte
627 839 832 879 tenebuntur,
856 840 958 880 parati
976 850 1084 870 sumus
1107 844 1140 871 et
1155 840 1259 880 parati
1275 843 1348 871 sunt
1363 839 1500 881 predicti
1516 840 1624 873 facere
1639 841 1769 883 plenam
1785 842 1882 874 fidem
1906 843 2010 874 eciam

355 902 413 932 per
427 891 555 933 publica
570 891 790 922 instrumenta.
835 890 886 922 Ex
910 902 972 932 quo
989 894 1078 932 patet
1095 891 1354 923 manifestissime
1378 892 1537 924 iniusticia
1553 895 1586 924 et
1605 893 1756 935 iniquitas
1771 894 1918 926 notoria¹²
1935 905 2010 936 pro-

357 954 504 975 cessuum
528 942 755 985 predictorum,
780 944 834 984 qui
857 953 1009 974 excessus
1032 944 1137 984 potius
1162 943 1226 974 dici
1248 947 1390 985 possunt.
1436 943 1505 974 Nos
1527 947 1637 975 autem
1653 943 1694 976 de
1717 945 1787 976 iure
1810 950 1844 977 et
1867 946 2010 988 equitate

356 998 503 1026 tenemur
525 998 557 1026 et
581 994 713 1035 obligati
737 1005 845 1026 sumus
868 995 909 1026 ad
932 995 1007 1026 hoci
1033 996 1162 1036 proprio
1186 996 1378 1036 iuramento,
1402 995 1489 1037 quod
1512 995 1544 1026 in
1568 997 1781 1028 coronacione
1804 1000 1914 1029 nostra
1936 1007 2010 1039 pre-
2031 1009 2055 1029 ιε.

357 1047 503 1086 stitimus,
527 1046 568 1077 ab
588 1047 753 1078 iniusticiis
776 1051 809 1078 et
824 1047 1084 1089 oppressionibus
1108 1051 1140 1078 et
1161 1048 1363 1089 callumpniis
1379 1047 1461 1079 falso
1484 1048 1642 1089 impositis
1664 1048 1709 1079 ita
1725 1048 1864 1080 vasallos
1885 1051 2012 1081 nostros

360 1101 391 1129 et
414 1097 558 1130 subditos
582 1098 756 1130 defendere
781 1101 813 1129 et
835 1099 934 1138 tueri,
958 1099 1039 1130 sicut
1062 1099 1121 1140 ipsi
1145 1109 1203 1130 nos
1227 1099 1404 1131 defendere
1427 1102 1460 1130 et
1483 1099 1566 1131 tueri
1589 1102 1746 1131 tenentur.
1792 1099 1855 1131 Et'K
1878 1100 1921 1131 si¹
1946 1111 2011 1133 non

358 1149 547 1190 faceremus,
572 1153 682 1181 contra
705 1150 810 1181 Deum
835 1153 868 1181 et
889 1150 1047 1181 iusticiam
1071 1151 1250 1182 faceremus
1274 1154 1308 1182 et
1330 1152 1472 1192 graviter
1495 1161 1685 1183 erraremus.

467 1204 514 1232 15.
547 1205 568 1218 ¹⁰
584 1201 741 1232 Preterea
756 1211 827 1232 cum
844 1201 1026 1233 videremus
1043 1205 1076 1232 et
1091 1202 1281 1233 sentiremus
1298 1205 1331 1233 et
1346 1213 1365 1233 a
1380 1202 1552 1244 fidedignis
1568 1201 1753 1234 audiremus
1769 1206 1802 1234 et
1817 1213 1876 1245 per
1890 1202 2012 1235 famam

358 1251 519 1292 publicam
542 1252 584 1284 ad
600 1255 740 1284 nostram
761 1253 912 1284 noticiam
929 1254 1137 1294 pervenisset,
1161 1253 1248 1295 quod
1265 1253 1391 1285 diverse
1406 1257 1516 1295 partes
1532 1254 1659 1295 imperii
1674 1254 1827 1296 precipue
1843 1255 1876 1286 in
1891 1254 2011 1295 Ytalio,
2030 1267 2057 1287 n

358 1304 462 1334 sicutn
488 1306 537 1335 est
562 1304 766 1335 manifestum
794 1305 853 1335 toti
880 1304 999 1335 mundo
1030 1315 1089 1336 nec
1115 1305 1226 1347 aliqua
1254 1308 1380 1347 potest⁰
1402 1306 1676 1347 tergiversacione
1705 1306 1820 1346 celari,
1851 1309 2012 1339 commoto

359 1359 450 1386 erant
472 1358 568 1396 atque
592 1355 733 1395 turbate,
762 1356 859 1386 immo
884 1355 951 1387 fere
981 1355 1143 1388 destructe
1171 1360 1304 1399 propter
1331 1357 1447 1389 falsam
1470 1357 1702 1399 inposicionem
1726 1357 1889 1398 heresum,
1916 1368 2013 1400 quam

358 1406 519 1448 predictus
543 1407 595 1448 qui
623 1417 657 1438 se
681 1407 743 1438 Dei
768 1407 862 1438 dicitl'
886 1408 1038 1439 vicarium
1063 1407 1196 1439 diversis
1219 1408 1369 1440 fidelibus
1398 1412 1431 1440 et
1459 1408 1584 1440 devotis
1607 1409 1735 1452 imperii
1757 1409 1839 1442 falso
1861 1411 2012 1453 inposue-

358 1461 407 1490 rat
431 1462 463 1489 et
485 1459 652 1490 continueq
676 1458 850 1501 inponebat
874 1463 906 1490 et
929 1459 1070 1491 faciebat
1093 1461 1212 1502 inponi,
1236 1460 1388 1493 videlicet
1410 1461 1592 1493 civitatibus
1620 1461 1830 1504 infrascriptis
1854 1465 1888 1494 et
1909 1462 2012 1494 maio—

358 1510 444 1541 ribus
454 1509 601 1541 fidelibus
615 1514 646 1541 et
659 1510 787 1541 vasallis
799 1511 925 1552 imperii
938 1511 969 1542 in
982 1511 1115 1552 eisdem,
1125 1512 1278 1544 videlicet
1290 1513 1412 1544 civitati
1423 1512 1659 1544 Mediolanensi
1666 1517 1686 1553 ¹',
1703 1513 1825 1545 civitati
1838 1513 2010 1552 Cumanam
2029 1524 2057 1545 ss

358 1562 477 1593 civitati
500 1562 719 1603 Pergamensi,
743 1563 863 1593 civitati
879 1562 1098 1603 Cremonensi,
1123 1564 1243 1596 civitati
1259 1564 1484 1606 Verzellensi‘,
1508 1564 1629 1597 civitati
1645 1564 1867 1605 Novaniensis,
1891 1565 2013 1598 civitati

357 1614 518 1656 Papiensi,
543 1614 662 1645 civitati
678 1614 852 1654 Laudensi,
876 1615 997 1646 civitati
1016 1615 1256 1658 Mantuen(si)v,
1274 1617 1395 1648 civitati
1411 1616 1658 1656 Mutunen(si)w,
1683 1617 1805 1648 civitati
1819 1617 2012 1658 Veronensi,

358 1665 478 1697 civitati
504 1665 692 1706 Viccnciex,
728 1666 849 1697 civitati
878 1666 1066 1707 Feltrensi-v‚
1102 1669 1222 1699 civitati
1251 1668 1466 1708 Ballunensi²‚
1502 1669 1623 1700 civitati
1650 1667 1854 1709 Placencie¹⁸,
1891 1669 2012 1700 civitati

357 1717 538 1757 Parmensi,
563 1717 681 1748 civitati
706 1717 894 1757 Brixiensib,
918 1719 1037 1750 civitati
1062 1719 1287 1760 Alexandrie0‚
1313 1720 1434 1752 civitati
1458 1719 1668 1759 Terdonensi,
1691 1720 1813 1751 civitati
1836 1719 2014 1752 Bobiensi‘¹

360 1772 391 1800 et
415 1768 546 1799 diversis
568 1769 638 1799 aliis
662 1769 742 1800 villis
767 1772 816 1800 ete
840 1771 951 1801 castris
974 1774 1006 1802 et
1029 1771 1122 1810 locis,
1146 1782 1207 1813 que
1233 1771 1309 1803 dum
1332 1773 1420 1814 prius
1444 1783 1502 1814 per
1524 1771 1639 1803 fideles
1662 1772 1791 1814 imperii
1814 1775 2011 1812 tenerentur,
2030 1783 2058 1802 no

358 1821 389 1851 in
413 1821 498 1851 omni
521 1831 600 1861 pace
625 1823 715 1852 erant
742 1824 838 1862 atque
868 1822 992 1863 quiete,
1023 1822 1154 1854 tandem
1178 1823 1328 1855 nonnulle
1357 1834 1398 1855 ex
1428 1824 1474 1855 eis
1497 1826 1615 1855 vexate
1644 1833 1703 1865 per
1729 1826 1844 1865 gentes
1867 1823 2013 1856 eiusdem

360 1871 479 1903 domini
503 1875 534 1902 et
558 1871 655 1913 legati
678 1873 777 1914 ipsius
799 1883 858 1914 per
880 1873 1112 1905 intollerabiles
1135 1875 1182 1906 eis
1197 1885 1348 1916 gwerras,
1365 1875 1524 1914 incendia,
1549 1874 1824 1918 depopulaciones
1847 1878 1882 1907 et
1904 1875 2013 1916 cedes,

360 1933 421 1963 que
445 1924 547 1954 eciam
570 1924 736 1964 requisite.
761 1924 847 1965 quod
870 1924 912 1955 ad
936 1925 1105 1957 mandataf
1127 1930 1237 1958 sancte
1260 1926 1431 1959 Romane&
1453 1927 1590 1958 ecclesie
1612 1926 1769 1968 redirent,
1798 1927 1874 1959 licet
1902 1937 2014 1959 omnes

360 1974 502 2016 predicte
526 1975 566 2006 de
590 1976 805 2007 iurisdictione
823 1977 1012 2019 temporalib
1036 1979 1118 2009 sacri
1142 1979 1269 2021 imperii
1293 1982 1326 2010 et
1341 1978 1473 2010 nulliusi
1493 1978 1626 2010 alterius
1642 1989 1713 2010 esse
1730 1981 1912 2019 noscantur,
1936 1978 2012 2011 dum

358 2027 398 2057 ad
423 2026 506 2057 dicte
531 2027 686 2058 ecclesiek
710 2027 872 2059 redierunt
894 2028 1086 2061 fiducialiter
1109 2029 1154 2061 et¹
1177 2040 1234 2072 spe
1259 2033 1375 2061 certa-¹¹
1399 2030 1446 2061 eis
1469 2030 1546 2061 data
1570 2029 1656 2072 quod
1688 2030 1770 2061 bene
1798 2032 2014 2062 tractarentur
2031 2039 2059 2060 ss

359 2078 539 2119 mandatan,
563 2079 704 2120 expulsis
726 2079 801 2110 inde
826 2080 983 2121 omnibus,
1008 2081 1062 2122 qui
1085 2092 1202 2113 nomen
1225 2082 1307 2113 sacri
1330 2082 1458 2124 imperii
1473 2081 1676 2122 invocabant,
1694 2082 1822 2113 omnino
1839 2081 2014 2114 crudeliter

360 2129 523 2170 fractaque
546 2129 610 2160 fide
633 2130 742 2161 traditi
766 2134 838 2162 sunt
861 2132 1008 2173 nequiter
1024 2133 1226 2164 inimicorum
1242 2144 1372 2165 suorum
1396 2132 1543 2165 faucibus
1567 2132 1744 2165 devorandi
1768 2136 1822 2164 et¹¹
1846 2143 1904 2175 pro
1921 2133 2013 2166 libito

361 2180 572 2211 dominandi0.
619 2181 687 2212 Ex?
711 2182 824 2223 quibus
847 2184 924 2214 satis
947 2187 1050 2226 patet,
1081 2185 1166 2226 quod
1190 2185 1278 2216 idem
1300 2185 1375 2216 fieri
1395 2184 1525 2216 fecisset
1549 2183 1590 2216 de
1615 2185 1762 2216 omnibus
1792 2184 1879 2225 aliis,
1913 2186 1940 2217 si
1971 2185 2014 2217 ad

362 2241 468 2262 eorum
492 2232 646 2273 potuisset
669 2232 844 2264 dominium
867 2237 1035 2276 pervenire
1060 2236 1146 2278 quod
1169 2237 1262 2278 absit,
1286 2236 1328 2268 ad
1351 2236 1438 2278 quod
1461 2237 1537 2268 totis
1560 2235 1702 2267 viribusq
1718 2240 1768 2268 est
1783 2240 1926 2268 conatus.
1972 2236 2015 2268 Et

361 2282 511 2323 precipue
543 2283 670 2315 domino
694 2284 825 2316 Matheo
855 2286 1016 2327 quondam
1041 2287 1233 2320 Vicecomiti
1261 2291 1293 2319 et
1321 2288 1452 2319 domino
1475 2287 1646 2319 Galeatior
1670 2287 1862 2320 Vicecomiti
1886 2289 2013 2321 vicariis
2029 2300 2061 2320 40

362 2333 486 2375 imperii
515 2334 547 2365 in
576 2335 703 2366 civitate
734 2336 966 2369 Mediolanensi
997 2343 1029 2370 et
1057 2339 1186 2371 domino
1211 2338 1292 2371 Cani
1321 2340 1362 2371 de
1385 2339 1437 2371 la⁶
1461 2338 1554 2371 Scala
1577 2339 1697 2371 vicario
1721 2340 1847 2382 imperii
1875 2342 1908 2372 in
1935 2341 2012 2372 civi-

464 2422 530 2449 909·
557 2424 578 2455 Ζ)
597 2426 628 2450 aa
646 2424 670 2451 4.
683 2425 708 2452 5.
786 2427 810 2459 a)
828 2428 952 2460 legittime
973 2429 994 2455 1.
1074 2429 1100 2462 ιι)
1118 2439 1150 2456 se
1168 2430 1237 2456 dmi
1253 2430 1285 2462 2;
1303 2431 1338 2463 cf.
1357 2439 1397 2455 m.
1411 2432 1470 2455 910.
1551 2430 1574 2462 c)
1592 2438 1620 2456 se
1637 2430 1699 2456 aaa.
1718 2430 1742 2456 4.
1755 2430 1780 2456 5.
1859 2430 1884 2464 d)
1903 2431 1973 2457 m
1988 2431 2012 2457 4.

362 2466 384 2496 θ)
404 2466 457 2490 suis
476 2466 499 2491 4.
513 2466 536 2491 5.
622 2466 641 2500 s)
660 2473 685 2493 et
702 2470 768 2495 siout
787 2470 848 2495 add.
867 2471 893 2496 4.
985 2473 1009 2505 Β)
1028 2473 1060 2498 de
1077 2474 1133 2499 iure
1147 2474 1223 2506 ponit
1241 2474 1282 2499 Ῑιίο
1298 2473 1323 2499 4.
1418 2472 1444 2505 ¹¹)
1463 2477 1604 2499 memorata
1621 2472 1652 2505 4;
1674 2482 1746 2499 mera
1764 2474 1788 2499 5.
1876 2473 1895 2507 i)
1912 2475 1945 2500 ad
1962 2475 2012 2500 hoo

363 2509 414 2532 des.
431 2507 456 2533 4.
551 2509 577 2541 k)
596 2511 637 2535 vel
655 2510 678 2536 4.
692 2511 715 2536 5.
811 2512 830 2544 l)
849 2514 917 2539 deest
934 2514 958 2540 4.
1055 2515 1087 2547 ¹¹¹)
1106 2525 1164 2541 cum
1181 2517 1253 2550 siquo
1267 2517 1437 2550 paraqraphi
1455 2516 1478 2542 l·
1491 2516 1515 2542 ‘l-
1612 2516 1638 2548 ¹¹)
1658 2520 1686 2542 ut
1703 2516 1728 2542 4·
1746 2517 1770 2543 5·
1867 2519 1891 2550 ⁰)
1910 2525 1959 2544 ¹¹0⁰
1975 2517 2011 2543 ⁸¹·

362 2556 413 2583 pot.
432 2552 483 2577 des.
501 2551 525 2577 2.
611 2553 636 2585 Ρ)
655 2554 716 2579 dicit
733 2556 780 2580 Dei
798 2556 822 2581 5.
901 2557 925 2588 (1)
945 2559 1037 2584 cotidie
1055 2559 1079 2584 4.
1159 2559 1180 2591 ¹')
1200 2560 1382 2593 Medyolansn.
1402 2568 1501 2592 semper
1519 2559 1544 2585 2.
1624 2559 1645 2590 s)
1665 2560 1787 2586 Curunn-
1807 2560 1830 2585 l·
1910 2560 1930 2594 ⁸)
1949 2562 2062 2588 vest&

361 2595 451 2620 cellen.
470 2594 494 2619 4.
507 2595 531 2620 5.
634 2596 660 2629 “)
679 2599 727 2623 εἰν.
742 2600 865 2625 vicentin.
887 2602 960 2632 ponit
977 2602 1016 2627 hic
1034 2602 1058 2628 4.
1164 2602 1188 2635 v)
1207 2605 1341 2629 Mantuan.
1359 2603 1383 2629 4.
1397 2602 1422 2629 5.
1528 2603 1558 2634 w)
1577 2603 1612 2628 aie
1632 2602 1655 2629 1.
1669 2602 1702 2635 2,·
1724 2604 1774 2629 civ.
1792 2604 1858 2628 Mut-
1877 2604 1930 2630 ἀει.
1949 2603 1974 2631 4.
1988 2603 2013 2631 5.

362 2638 387 2669 x)
401 2638 526 2663 Vicentiu.
540 2637 564 2664 5.
623 2639 647 2670 Υ)
660 2640 762 2666 Seltien.
772 2641 800 2671 4;
815 2643 954 2670 saltrenen.
969 2644 993 2670 5.
1051 2646 1073 2678 z)
1087 2647 1223 2672 Basualen.
1236 2646 1267 2678 4;
1280 2647 1432 2673 Ballivalen.
1446 2646 1471 2672 5.
1525 2646 1548 2678 ⁸)
1563 2647 1704 2672 Placentin—
1716 2645 1741 2673 4·
1751 2646 1776 2672 5·
1837 2646 1862 2678 b)
1875 2648 1974 2674 Βίεδθῐι-
1987 2647 2011 2674 2·

363 2681 385 2712 c)
404 2681 570 2707 Alexandr-in.
589 2681 613 2707 5.
701 2682 725 2715 d)
744 2685 879 2718 Sagonen„
898 2688 946 2714 civ.
960 2689 1133 2723 Albinganen.
1152 2690 1176 2716 5.
1265 2690 1287 2722 ⁶)
1306 2691 1374 2716 decet
1391 2690 1416 2716 4.
1429 2690 1454 2716 5.
1540 2689 1561 2722 f)
1579 2690 1729 2715 mandatum
1747 2688 1772 2715 4·
1855 2690 1880 2722 g)
1900 2690 1969 2716 ¹1⁶⁶st
1986 2689 2011 2716 4.

363 2722 388 2754 h)
407 2724 577 2756 temporaliter
596 2724 618 2750 1.
690 2725 707 2757 i)
726 2735 777 2752 non
795 2727 820 2753 4.
889 2729 914 2762 k)
933 2722 1091 2758 voluintatem
1110 2733 1173 2758 aad.
1191 2732 1215 2759 4.
1229 2733 1253 2759 5.
1327 2733 1347 2766 1)
1366 2734 1414 2759 sub
1433 2732 1457 2759 5.
1537 2733 1569 2765 m)
1587 2737 1613 2758 et
1629 2733 1693 2759 aaa.
1711 2731 1736 2758 2.
1815 2733 1842 2765 u)
1861 2733 1930 2758 aem
1948 2732 1974 2760 4.
1986 2732 2012 2759 5.

364 2765 387 2797 0)
407 2767 560 2791 dominantis
578 2766 602 2792 4.
614 2766 638 2792 5.
725 2769 749 2801 1‘)
768 2770 836 2795 deest
852 2771 876 2796 2.

973 2774 998 2806 ‘1)
1017 2779 1056 2800 est
1074 2776 1133 2801 totis
1151 2777 1251 2802 nisibus
1269 2776 1299 2808 4;
1317 2778 1378 2803 totis
1396 2778 1444 2803 vir.
1463 2780 1488 2802 et
1507 2777 1607 2802 nisibus
1625 2779 1664 2801 est
1681 2774 1707 2802 5.
1796 2776 1820 2807 ¹·)
1839 2776 1962 2802 Galeacio
1980 2775 2011 2807 43
2030 2780 2066 2800 Μ-

363 2809 488 2834 Graleaceo
507 2808 531 2835 5.
619 2811 639 2842 Β)
657 2811 722 2836 della
740 2813 770 2842 4;
789 2813 814 2838 la
832 2814 899 2840 deest
917 2815 940 2841 5.
