<?xml version="1.0" encoding="UTF-8"?>
<!DOCTYPE html PUBLIC "-//W3C//DTD XHTML 1.0 Transitional//EN"
    "http://www.w3.org/TR/xhtml1/DTD/xhtml1-transitional.dtd">
<html xmlns="http://www.w3.org/1999/xhtml" xml:lang="en" lang="en">
 <head>
  <title>
</title>
<meta http-equiv="Content-Type" content="text/html;charset=utf-8" />
  <meta name='ocr-system' content='tesseract 3.04.00' />
  <meta name='ocr-capabilities' content='ocr_page ocr_carea ocr_par ocr_line ocrx_word'/>
</head>
<body>
  <div class='ocr_page' id='page_1' title='image "./monumentagerma05geseuoft_0121.png"; bbox 0 0 2158 3138; ppageno 0'>
   <div class='ocr_carea' id='block_1_1' title="bbox 172 486 184 506">
    <p class='ocr_par' dir='ltr' id='par_1_1' title="bbox 172 486 184 506">
     <span class='ocr_line' id='line_1_1' title="bbox 172 486 184 506; baseline 0 0"><span class='ocrx_word' id='word_1_1' title='bbox 172 486 184 506; x_wconf 65' lang='grc' dir='ltr'>ὓ</span> 
     </span>
    </p>
   </div>
   <div class='ocr_carea' id='block_1_2' title="bbox 158 2179 184 2200">
    <p class='ocr_par' dir='ltr' id='par_1_2' title="bbox 158 2179 184 2200">
     <span class='ocr_line' id='line_1_2' title="bbox 158 2179 184 2200; baseline 0 0"><span class='ocrx_word' id='word_1_2' title='bbox 158 2179 184 2200; x_wconf 65' lang='lat'><strong>85</strong></span> 
     </span>
    </p>
   </div>
   <div class='ocr_carea' id='block_1_3' title="bbox 159 2619 187 2640">
    <p class='ocr_par' dir='ltr' id='par_1_3' title="bbox 159 2619 187 2640">
     <span class='ocr_line' id='line_1_3' title="bbox 159 2619 187 2640; baseline 0 0"><span class='ocrx_word' id='word_1_3' title='bbox 159 2619 187 2640; x_wconf 70' lang='lat' dir='ltr'><em>w</em></span> 
     </span>
    </p>
   </div>
   <div class='ocr_carea' id='block_1_4' title="bbox 580 172 1846 218">
    <p class='ocr_par' dir='ltr' id='par_1_4' title="bbox 580 172 1846 218">
     <span class='ocr_line' id='line_1_4' title="bbox 580 172 1846 218; baseline 0.003 -11"><span class='ocrx_word' id='word_1_4' title='bbox 580 172 800 207; x_wconf 66' lang='lat' dir='ltr'><strong>‘TnAc&#39;rA&#39;rus</strong></span> <span class='ocrx_word' id='word_1_5' title='bbox 818 179 866 207; x_wconf 76' lang='lat' dir='ltr'><strong>DE</strong></span> <span class='ocrx_word' id='word_1_6' title='bbox 884 179 1098 207; x_wconf 66' lang='lat' dir='ltr'><strong>nni-:oriona</strong></span> <span class='ocrx_word' id='word_1_7' title='bbox 1136 180 1209 208; x_wconf 79' lang='lat'>1314.</span> <span class='ocrx_word' id='word_1_8' title='bbox 1247 181 1350 209; x_wconf 62' lang='lat' dir='ltr'><strong>Met.</strong></span> <span class='ocrx_word' id='word_1_9' title='bbox 1369 182 1410 209; x_wconf 83' lang='lat'><strong>85.</strong></span> <span class='ocrx_word' id='word_1_10' title='bbox 1429 183 1471 210; x_wconf 74' lang='lat' dir='ltr'><strong>se.</strong></span> <span class='ocrx_word' id='word_1_11' title='bbox 1812 190 1846 218; x_wconf 58' lang='grc' dir='ltr'><strong>ς,</strong></span> 
     </span>
    </p>
   </div>
   <div class='ocr_carea' id='block_1_5' title="bbox 201 266 1857 928">
    <p class='ocr_par' dir='ltr' id='par_1_5' title="bbox 201 266 1857 830">
     <span class='ocr_line' id='line_1_5' title="bbox 201 266 1854 309; baseline 0.002 -9"><span class='ocrx_word' id='word_1_12' title='bbox 201 267 339 301; x_wconf 74' lang='lat' dir='ltr'><strong>servitor</strong></span> <span class='ocrx_word' id='word_1_13' title='bbox 372 269 483 299; x_wconf 83' lang='lat' dir='ltr'><strong>noster</strong></span> <span class='ocrx_word' id='word_1_14' title='bbox 518 266 620 298; x_wconf 81' lang='lat' dir='ltr'><strong>factus</strong></span> <span class='ocrx_word' id='word_1_15' title='bbox 652 270 702 298; x_wconf 87' lang='lat' dir='ltr'><strong>est</strong></span> <span class='ocrx_word' id='word_1_16' title='bbox 729 269 762 299; x_wconf 88' lang='lat' dir='ltr'><strong>et</strong></span> <span class='ocrx_word' id='word_1_17' title='bbox 789 267 974 308; x_wconf 74' lang='lat' dir='ltr'><strong>specialiter</strong></span> <span class='ocrx_word' id='word_1_18' title='bbox 1002 278 1060 309; x_wconf 87' lang='lat' dir='ltr'><strong>pro</strong></span> <span class='ocrx_word' id='word_1_19' title='bbox 1094 268 1229 299; x_wconf 87' lang='lat' dir='ltr'><strong>servicio</strong></span> <span class='ocrx_word' id='word_1_20' title='bbox 1266 279 1324 300; x_wconf 91' lang='lat' dir='ltr'><strong>suo</strong></span> <span class='ocrx_word' id='word_1_21' title='bbox 1353 268 1445 300; x_wconf 86' lang='lat' dir='ltr'><strong>nobis</strong></span> <span class='ocrx_word' id='word_1_22' title='bbox 1477 280 1549 301; x_wconf 89' lang='lat' dir='ltr'><strong>cum</strong></span> <span class='ocrx_word' id='word_1_23' title='bbox 1582 270 1693 302; x_wconf 82' lang='lat' dir='ltr'><strong>decem</strong></span> <span class='ocrx_word' id='word_1_24' title='bbox 1723 273 1854 303; x_wconf 72' lang='lat' dir='ltr'><strong>nnnatis</strong></span> 
     </span>
     <span class='ocr_line' id='line_1_6' title="bbox 203 317 1852 365; baseline 0.002 -13"><span class='ocrx_word' id='word_1_25' title='bbox 203 329 314 352; x_wconf 82' lang='lat' dir='ltr'><strong>versus</strong></span> <span class='ocrx_word' id='word_1_26' title='bbox 341 318 556 351; x_wconf 80' lang='lat' dir='ltr'><strong>Franckefurt</strong></span> <span class='ocrx_word' id='word_1_27' title='bbox 590 322 623 350; x_wconf 90' lang='lat' dir='ltr'><strong>et</strong></span> <span class='ocrx_word' id='word_1_28' title='bbox 650 318 753 360; x_wconf 84' lang='lat' dir='ltr'><strong>Aquis</strong></span> <span class='ocrx_word' id='word_1_29' title='bbox 780 317 928 350; x_wconf 82' lang='lat' dir='ltr'><strong>faciendo</strong></span> <span class='ocrx_word' id='word_1_30' title='bbox 963 319 995 350; x_wconf 91' lang='lat' dir='ltr'><strong>in</strong></span> <span class='ocrx_word' id='word_1_31' title='bbox 1027 319 1116 351; x_wconf 89' lang='lat' dir='ltr'><strong>mille</strong></span> <span class='ocrx_word' id='word_1_32' title='bbox 1144 319 1251 351; x_wconf 75' lang='lat' dir='ltr'><strong>libris⁰</strong></span> <span class='ocrx_word' id='word_1_33' title='bbox 1282 319 1485 353; x_wconf 83' lang='lat' dir='ltr'><strong>Hallensium</strong></span> <span class='ocrx_word' id='word_1_34' title='bbox 1515 322 1682 353; x_wconf 74' lang='lat' dir='ltr'><strong>existimus</strong></span> <span class='ocrx_word' id='word_1_35' title='bbox 1709 322 1852 365; x_wconf 83' lang='lat' dir='ltr'><strong>obligati.</strong></span> 
     </span>
     <span class='ocr_line' id='line_1_7' title="bbox 205 369 1853 414; baseline 0.002 -11"><span class='ocrx_word' id='word_1_36' title='bbox 205 370 349 408; x_wconf 85' lang='lat' dir='ltr'><strong>Quorum</strong></span> <span class='ocrx_word' id='word_1_37' title='bbox 377 369 575 402; x_wconf 71' lang='lat' dir='ltr'><strong>solucionem</strong></span> <span class='ocrx_word' id='word_1_38' title='bbox 603 369 664 401; x_wconf 89' lang='lat' dir='ltr'><strong>sibi</strong></span> <span class='ocrx_word' id='word_1_39' title='bbox 693 369 745 401; x_wconf 86' lang='lat' dir='ltr'><strong>vel</strong></span> <span class='ocrx_word' id='word_1_40' title='bbox 774 369 949 401; x_wconf 77' lang='lat' dir='ltr'><strong>heredibus</strong></span> <span class='ocrx_word' id='word_1_41' title='bbox 981 371 1045 402; x_wconf 88' lang='lat' dir='ltr'><strong>suis</strong></span> <span class='ocrx_word' id='word_1_42' title='bbox 1072 381 1143 403; x_wconf 92' lang='lat' dir='ltr'><strong>cum</strong></span> <span class='ocrx_word' id='word_1_43' title='bbox 1167 376 1281 413; x_wconf 84' lang='lat' dir='ltr'><strong>parata</strong></span> <span class='ocrx_word' id='word_1_44' title='bbox 1304 373 1439 414; x_wconf 91' lang='lat' dir='ltr'><strong>pecunia</strong></span> <span class='ocrx_word' id='word_1_45' title='bbox 1462 374 1603 405; x_wconf 79' lang='lat' dir='ltr'><strong>maxime</strong></span> <span class='ocrx_word' id='word_1_46' title='bbox 1628 374 1788 406; x_wconf 81' lang='lat' dir='ltr'><strong>ordinari·¹</strong></span> <span class='ocrx_word' id='word_1_47' title='bbox 1813 376 1853 407; x_wconf 87' lang='lat' dir='ltr'><strong>ad</strong></span> 
     </span>
     <span class='ocr_line' id='line_1_8' title="bbox 205 420 1853 466; baseline 0.002 -12"><span class='ocrx_word' id='word_1_48' title='bbox 205 421 371 454; x_wconf 85' lang='lat' dir='ltr'><strong>consilium</strong></span> <span class='ocrx_word' id='word_1_49' title='bbox 395 420 549 453; x_wconf 85' lang='lat' dir='ltr'>nobilium</span> <span class='ocrx_word' id='word_1_50' title='bbox 572 422 711 453; x_wconf 85' lang='lat' dir='ltr'><strong>virorum</strong></span> <span class='ocrx_word' id='word_1_51' title='bbox 734 420 880 453; x_wconf 83' lang='lat' dir='ltr'><strong>Bertoldi</strong></span> <span class='ocrx_word' id='word_1_52' title='bbox 904 422 1030 454; x_wconf 85' lang='lat' dir='ltr'><strong>comitis</strong></span> <span class='ocrx_word' id='word_1_53' title='bbox 1053 422 1093 454; x_wconf 89' lang='lat' dir='ltr'><strong>de</strong></span> <span class='ocrx_word' id='word_1_54' title='bbox 1110 423 1319 466; x_wconf 84' lang='lat' dir='ltr'><strong>Henneberg,</strong></span> <span class='ocrx_word' id='word_1_55' title='bbox 1338 424 1492 456; x_wconf 86' lang='lat' dir='ltr'><strong>Friderici</strong></span> <span class='ocrx_word' id='word_1_56' title='bbox 1509 426 1635 456; x_wconf 82' lang='lat' dir='ltr'><strong>comitis</strong></span> <span class='ocrx_word' id='word_1_57' title='bbox 1651 426 1691 457; x_wconf 92' lang='lat' dir='ltr'><strong>de</strong></span> <span class='ocrx_word' id='word_1_58' title='bbox 1709 426 1853 458; x_wconf 88' lang='lat' dir='ltr'><strong>Truhen-</strong></span> 
     </span>
     <span class='ocr_line' id='line_1_9' title="bbox 204 471 1855 518; baseline 0.004 -14"><span class='ocrx_word' id='word_1_59' title='bbox 204 472 281 515; x_wconf 79' lang='lat' dir='ltr'><strong>ding</strong></span> <span class='ocrx_word' id='word_1_60' title='bbox 309 475 343 504; x_wconf 87' lang='lat' dir='ltr'><strong>et</strong></span> <span class='ocrx_word' id='word_1_61' title='bbox 369 472 507 505; x_wconf 86' lang='lat' dir='ltr'><strong>Conradi</strong></span> <span class='ocrx_word' id='word_1_62' title='bbox 538 472 578 505; x_wconf 89' lang='lat' dir='ltr'><strong>de</strong></span> <span class='ocrx_word' id='word_1_63' title='bbox 607 471 852 514; x_wconf 83' lang='lat' dir='ltr'><strong>Schlnsselborg</strong></span> <span class='ocrx_word' id='word_1_64' title='bbox 881 473 1034 505; x_wconf 83' lang='lat' dir='ltr'><strong>faciemus</strong></span> <span class='ocrx_word' id='word_1_65' title='bbox 1062 474 1113 506; x_wconf 90' lang='lat' dir='ltr'><strong>vel</strong></span> <span class='ocrx_word' id='word_1_66' title='bbox 1141 474 1225 506; x_wconf 88' lang='lat' dir='ltr'><strong>bona</strong></span> <span class='ocrx_word' id='word_1_67' title='bbox 1253 476 1378 518; x_wconf 88' lang='lat' dir='ltr'><strong>imperii</strong></span> <span class='ocrx_word' id='word_1_68' title='bbox 1412 476 1472 508; x_wconf 88' lang='lat' dir='ltr'><strong>sibi</strong></span> <span class='ocrx_word' id='word_1_69' title='bbox 1502 477 1553 508; x_wconf 89' lang='lat' dir='ltr'><strong>vel</strong></span> <span class='ocrx_word' id='word_1_70' title='bbox 1589 477 1760 509; x_wconf 73' lang='lat' dir='ltr'><strong>heredibus</strong></span> <span class='ocrx_word' id='word_1_71' title='bbox 1790 480 1855 510; x_wconf 70' lang='lat' dir='ltr'><strong>suis</strong></span> 
     </span>
     <span class='ocr_line' id='line_1_10' title="bbox 205 523 1854 570; baseline 0.004 -14"><span class='ocrx_word' id='word_1_72' title='bbox 205 523 419 567; x_wconf 79' lang='lat' dir='ltr'><strong>obligabimus</strong></span> <span class='ocrx_word' id='word_1_73' title='bbox 441 534 500 566; x_wconf 92' lang='lat' dir='ltr'><strong>pro</strong></span> <span class='ocrx_word' id='word_1_74' title='bbox 524 523 662 563; x_wconf 84' lang='lat' dir='ltr'><strong>eisdem,</strong></span> <span class='ocrx_word' id='word_1_75' title='bbox 686 524 712 555; x_wconf 86' lang='lat' dir='ltr'><strong>si</strong></span> <span class='ocrx_word' id='word_1_76' title='bbox 735 523 776 555; x_wconf 87' lang='lat' dir='ltr'><strong>ad</strong></span> <span class='ocrx_word' id='word_1_77' title='bbox 799 534 933 566; x_wconf 80' lang='lat' dir='ltr'><strong>regnum</strong></span> <span class='ocrx_word' id='word_1_78' title='bbox 958 525 1176 558; x_wconf 82' lang='lat' dir='ltr'><strong>Romanorum</strong></span> <span class='ocrx_word' id='word_1_79' title='bbox 1201 526 1329 559; x_wconf 83' lang='lat' dir='ltr'><strong>favente</strong></span> <span class='ocrx_word' id='word_1_80' title='bbox 1356 528 1518 560; x_wconf 81' lang='lat' dir='ltr'><strong>Altissimo</strong></span> <span class='ocrx_word' id='word_1_81' title='bbox 1544 529 1676 570; x_wconf 85' lang='lat' dir='ltr'><strong>provehi</strong></span> <span class='ocrx_word' id='word_1_82' title='bbox 1699 541 1756 561; x_wconf 79' lang='lat' dir='ltr'><strong>nos</strong></span> <span class='ocrx_word' id='word_1_83' title='bbox 1779 542 1854 562; x_wconf 86' lang='lat' dir='ltr'><strong>con-</strong></span> 
     </span>
     <span class='ocr_line' id='line_1_11' title="bbox 204 574 1855 619; baseline 0.004 -12"><span class='ocrx_word' id='word_1_84' title='bbox 204 576 316 618; x_wconf 78' lang='lat' dir='ltr'><strong>tingat.</strong></span> <span class='ocrx_word' id='word_1_85' title='bbox 363 574 397 607; x_wconf 84' lang='lat' dir='ltr'><strong>Si</strong></span> <span class='ocrx_word' id='word_1_86' title='bbox 419 586 495 608; x_wconf 87' lang='lat' dir='ltr'><strong>vero</strong></span> <span class='ocrx_word' id='word_1_87' title='bbox 519 576 561 608; x_wconf 86' lang='lat' dir='ltr'><strong>ad</strong></span> <span class='ocrx_word' id='word_1_88' title='bbox 584 586 719 618; x_wconf 84' lang='lat' dir='ltr'><strong>regnum</strong></span> <span class='ocrx_word' id='word_1_89' title='bbox 742 575 962 608; x_wconf 86' lang='lat' dir='ltr'><strong>Romanorum</strong></span> <span class='ocrx_word' id='word_1_90' title='bbox 986 588 1048 609; x_wconf 89' lang='lat' dir='ltr'><strong>non</strong></span> <span class='ocrx_word' id='word_1_91' title='bbox 1072 578 1226 610; x_wconf 79' lang='lat' dir='ltr'><strong>fuerimus</strong></span> <span class='ocrx_word' id='word_1_92' title='bbox 1248 579 1423 619; x_wconf 73' lang='lat' dir='ltr'><strong>sublimati,</strong></span> <span class='ocrx_word' id='word_1_93' title='bbox 1446 580 1505 612; x_wconf 90' lang='lat' dir='ltr'><strong>sibi</strong></span> <span class='ocrx_word' id='word_1_94' title='bbox 1523 581 1574 613; x_wconf 74' lang='lat' dir='ltr'><strong>vel</strong></span> <span class='ocrx_word' id='word_1_95' title='bbox 1595 581 1767 614; x_wconf 89' lang='lat' dir='ltr'><strong>heredibus</strong></span> <span class='ocrx_word' id='word_1_96' title='bbox 1790 584 1855 614; x_wconf 90' lang='lat' dir='ltr'><strong>suis</strong></span> 
     </span>
     <span class='ocr_line' id='line_1_12' title="bbox 204 627 1855 673; baseline 0.004 -13"><span class='ocrx_word' id='word_1_97' title='bbox 204 638 262 670; x_wconf 88' lang='lat' dir='ltr'><strong>pro</strong></span> <span class='ocrx_word' id='word_1_98' title='bbox 291 627 426 670; x_wconf 79' lang='lat' dir='ltr'><strong>prefatis</strong></span> <span class='ocrx_word' id='word_1_99' title='bbox 453 627 541 659; x_wconf 86' lang='lat' dir='ltr'><strong>mille</strong></span> <span class='ocrx_word' id='word_1_100' title='bbox 570 627 660 659; x_wconf 87' lang='lat' dir='ltr'><strong>libris</strong></span> <span class='ocrx_word' id='word_1_101' title='bbox 689 627 773 659; x_wconf 85' lang='lat' dir='ltr'><strong>bona</strong></span> <span class='ocrx_word' id='word_1_102' title='bbox 807 631 916 660; x_wconf 85' lang='lat' dir='ltr'><strong>nostra</strong></span> <span class='ocrx_word' id='word_1_103' title='bbox 950 629 1014 660; x_wconf 77' lang='lat' dir='ltr'><strong>ad⁶</strong></span> <span class='ocrx_word' id='word_1_104' title='bbox 1042 630 1209 662; x_wconf 89' lang='lat' dir='ltr'><strong>consilium</strong></span> <span class='ocrx_word' id='word_1_105' title='bbox 1238 631 1453 673; x_wconf 86' lang='lat' dir='ltr'><strong>predictorum</strong></span> <span class='ocrx_word' id='word_1_106' title='bbox 1489 632 1643 664; x_wconf 87' lang='lat' dir='ltr'><strong>nobilium</strong></span> <span class='ocrx_word' id='word_1_107' title='bbox 1675 634 1855 666; x_wconf 84' lang='lat' dir='ltr'><strong>tenebimur</strong></span> 
     </span>
     <span class='ocr_line' id='line_1_13' title="bbox 204 678 1854 726; baseline 0.004 -15"><span class='ocrx_word' id='word_1_108' title='bbox 204 678 360 721; x_wconf 81' lang='lat' dir='ltr'><strong>obligare.</strong></span> <span class='ocrx_word' id='word_1_109' title='bbox 406 678 456 711; x_wconf 91' lang='lat' dir='ltr'><strong>De</strong></span> <span class='ocrx_word' id='word_1_110' title='bbox 485 678 612 713; x_wconf 84' lang='lat' dir='ltr'><strong>damnis</strong></span> <span class='ocrx_word' id='word_1_111' title='bbox 640 680 760 720; x_wconf 84' lang='lat' dir='ltr'><strong>eciam,</strong></span> <span class='ocrx_word' id='word_1_112' title='bbox 787 690 850 722; x_wconf 90' lang='lat' dir='ltr'><strong>que</strong></span> <span class='ocrx_word' id='word_1_113' title='bbox 874 680 979 722; x_wconf 91' lang='lat' dir='ltr'><strong>ipsum</strong></span> <span class='ocrx_word' id='word_1_114' title='bbox 1004 682 1035 712; x_wconf 91' lang='lat' dir='ltr'><strong>in</strong></span> <span class='ocrx_word' id='word_1_115' title='bbox 1059 685 1167 714; x_wconf 90' lang='lat' dir='ltr'><strong>nostro</strong></span> <span class='ocrx_word' id='word_1_116' title='bbox 1191 683 1327 714; x_wconf 81' lang='lat' dir='ltr'><strong>servicio</strong></span> <span class='ocrx_word' id='word_1_117' title='bbox 1351 684 1495 726; x_wconf 88' lang='lat' dir='ltr'><strong>recipere</strong></span> <span class='ocrx_word' id='word_1_118' title='bbox 1519 685 1696 726; x_wconf 87' lang='lat' dir='ltr'><strong>continget,</strong></span> <span class='ocrx_word' id='word_1_119' title='bbox 1720 686 1779 717; x_wconf 85' lang='lat' dir='ltr'><strong>sibi</strong></span> <span class='ocrx_word' id='word_1_120' title='bbox 1804 687 1854 718; x_wconf 87' lang='lat' dir='ltr'><strong>vel</strong></span> 
     </span>
     <span class='ocr_line' id='line_1_14' title="bbox 202 729 1857 777; baseline 0.004 -14"><span class='ocrx_word' id='word_1_121' title='bbox 202 729 388 764; x_wconf 36' lang='lat' dir='ltr'><strong>herodibus*</strong></span> <span class='ocrx_word' id='word_1_122' title='bbox 398 731 463 763; x_wconf 91' lang='lat' dir='ltr'><strong>suis</strong></span> <span class='ocrx_word' id='word_1_123' title='bbox 487 731 675 763; x_wconf 83' lang='lat' dir='ltr'><strong>satisfacere</strong></span> <span class='ocrx_word' id='word_1_124' title='bbox 698 732 926 774; x_wconf 85' lang='lat' dir='ltr'><strong>promittimus,</strong></span> <span class='ocrx_word' id='word_1_125' title='bbox 942 743 1004 774; x_wconf 90' lang='lat' dir='ltr'><strong>que</strong></span> <span class='ocrx_word' id='word_1_126' title='bbox 1025 733 1150 764; x_wconf 89' lang='lat' dir='ltr'><strong>indiciis</strong></span> <span class='ocrx_word' id='word_1_127' title='bbox 1166 733 1368 766; x_wconf 87' lang='lat' dir='ltr'><strong>evidentibus</strong></span> <span class='ocrx_word' id='word_1_128' title='bbox 1384 737 1502 777; x_wconf 87' lang='lat' dir='ltr'><strong>poterit</strong></span> <span class='ocrx_word' id='word_1_129' title='bbox 1518 735 1694 768; x_wconf 81' lang='lat' dir='ltr'><strong>declarare.</strong></span> <span class='ocrx_word' id='word_1_130' title='bbox 1733 737 1857 769; x_wconf 77' lang='lat' dir='ltr'><strong>Dentes</strong></span> 
     </span>
     <span class='ocr_line' id='line_1_15' title="bbox 203 782 1797 830; baseline 0.004 -16"><span class='ocrx_word' id='word_1_131' title='bbox 203 782 266 815; x_wconf 87' lang='lat' dir='ltr'><strong>sibi</strong></span> <span class='ocrx_word' id='word_1_132' title='bbox 288 793 385 825; x_wconf 89' lang='lat' dir='ltr'><strong>super</strong></span> <span class='ocrx_word' id='word_1_133' title='bbox 407 793 446 815; x_wconf 87' lang='lat' dir='ltr'><strong>eo</strong></span> <span class='ocrx_word' id='word_1_134' title='bbox 472 783 530 815; x_wconf 88' lang='lat' dir='ltr'><strong>has</strong></span> <span class='ocrx_word' id='word_1_135' title='bbox 553 786 678 815; x_wconf 85' lang='lat' dir='ltr'><strong>nostras</strong></span> <span class='ocrx_word' id='word_1_136' title='bbox 700 783 824 815; x_wconf 80' lang='lat' dir='ltr'><strong>litteras</strong></span> <span class='ocrx_word' id='word_1_137' title='bbox 847 784 878 815; x_wconf 94' lang='lat' dir='ltr'><strong>in</strong></span> <span class='ocrx_word' id='word_1_138' title='bbox 902 785 1119 817; x_wconf 88' lang='lat' dir='ltr'><strong>testimonium</strong></span> <span class='ocrx_word' id='word_1_139' title='bbox 1144 785 1239 827; x_wconf 85' lang='lat' dir='ltr'><strong>sigilli</strong></span> <span class='ocrx_word' id='word_1_140' title='bbox 1263 787 1362 818; x_wconf 84' lang='lat' dir='ltr'><strong>nostri</strong></span> <span class='ocrx_word' id='word_1_141' title='bbox 1385 788 1559 820; x_wconf 88' lang='lat' dir='ltr'><strong>munimine</strong></span> <span class='ocrx_word' id='word_1_142' title='bbox 1584 789 1797 830; x_wconf 83' lang='lat' dir='ltr'><strong>consignatas.</strong></span> 
     </span>
    </p>

    <p class='ocr_par' dir='ltr' id='par_1_6' title="bbox 204 834 1856 928">
     <span class='ocr_line' id='line_1_16' title="bbox 310 834 1856 881; baseline 0.004 -15"><span class='ocrx_word' id='word_1_143' title='bbox 310 834 430 867; x_wconf 83' lang='lat' dir='ltr'><strong>Datum</strong></span> <span class='ocrx_word' id='word_1_144' title='bbox 453 835 487 867; x_wconf 85' lang='lat' dir='ltr'><strong>in</strong></span> <span class='ocrx_word' id='word_1_145' title='bbox 508 834 672 877; x_wconf 79' lang='lat' dir='ltr'><strong>Amberg,</strong></span> <span class='ocrx_word' id='word_1_146' title='bbox 702 845 785 866; x_wconf 87' lang='lat' dir='ltr'><strong>anno</strong></span> <span class='ocrx_word' id='word_1_147' title='bbox 808 835 940 867; x_wconf 90' lang='lat' dir='ltr'><strong>Domini</strong></span> <span class='ocrx_word' id='word_1_148' title='bbox 963 835 1199 875; x_wconf 78' lang='lat' dir='ltr'>MOGOXIIII,</span> <span class='ocrx_word' id='word_1_149' title='bbox 1224 836 1394 870; x_wconf 90' lang='lat' dir='ltr'><strong>Dominico</strong></span> <span class='ocrx_word' id='word_1_150' title='bbox 1425 839 1476 871; x_wconf 90' lang='lat' dir='ltr'><strong>die</strong></span> <span class='ocrx_word' id='word_1_151' title='bbox 1501 841 1648 881; x_wconf 84' lang='lat' dir='ltr'><strong>proximo</strong></span> <span class='ocrx_word' id='word_1_152' title='bbox 1671 845 1744 872; x_wconf 82' lang='lat' dir='ltr'><strong>ante</strong></span> <span class='ocrx_word' id='word_1_153' title='bbox 1770 840 1856 872; x_wconf 90' lang='lat' dir='ltr'><strong>diem</strong></span> 
     </span>
     <span class='ocr_line' id='line_1_17' title="bbox 204 885 471 928; baseline 0 -10"><span class='ocrx_word' id='word_1_154' title='bbox 204 885 291 918; x_wconf 83' lang='lat' dir='ltr'><strong>beati</strong></span> <span class='ocrx_word' id='word_1_155' title='bbox 314 885 471 928; x_wconf 87' lang='lat' dir='ltr'><strong>Dyonisii.</strong></span> 
     </span>
    </p>
   </div>
   <div class='ocr_carea' id='block_1_6' title="bbox 237 1018 1823 1066">
    <p class='ocr_par' dir='ltr' id='par_1_7' title="bbox 237 1018 1823 1066">
     <span class='ocr_line' id='line_1_18' title="bbox 237 1018 1823 1066; baseline 0.003 -11"><span class='ocrx_word' id='word_1_156' title='bbox 237 1019 298 1055; x_wconf 86' lang='lat'><strong>85.</strong></span> <span class='ocrx_word' id='word_1_157' title='bbox 341 1018 519 1065; x_wconf 77' lang='lat' dir='ltr'><strong>Scriptmn</strong></span> <span class='ocrx_word' id='word_1_158' title='bbox 547 1020 801 1066; x_wconf 74' lang='lat' dir='ltr'><strong>archiepiscopi</strong></span> <span class='ocrx_word' id='word_1_159' title='bbox 827 1019 1028 1065; x_wconf 71' lang='lat' dir='ltr'><strong>Moyuntim&#39;</strong></span> <span class='ocrx_word' id='word_1_160' title='bbox 1048 1032 1116 1066; x_wconf 78' lang='lat' dir='ltr'><strong>pro</strong></span> <span class='ocrx_word' id='word_1_161' title='bbox 1143 1020 1350 1057; x_wconf 77' lang='lat' dir='ltr'><strong>Eberhardo</strong></span> <span class='ocrx_word' id='word_1_162' title='bbox 1378 1023 1419 1057; x_wconf 84' lang='lat' dir='ltr'><strong>de</strong></span> <span class='ocrx_word' id='word_1_163' title='bbox 1443 1022 1594 1059; x_wconf 80' lang='lat' dir='ltr'><strong>Erbach.</strong></span> <span class='ocrx_word' id='word_1_164' title='bbox 1701 1024 1771 1060; x_wconf 79' lang='lat' dir='ltr'><strong>oce.</strong></span> <span class='ocrx_word' id='word_1_165' title='bbox 1790 1028 1823 1060; x_wconf 83' lang='grc'><strong>9.</strong></span> 
     </span>
    </p>
   </div>
   <div class='ocr_carea' id='block_1_7' title="bbox 203 1088 1857 1234">
    <p class='ocr_par' dir='ltr' id='par_1_8' title="bbox 203 1088 1857 1234">
     <span class='ocr_line' id='line_1_19' title="bbox 315 1088 1856 1134; baseline 0.003 -12"><span class='ocrx_word' id='word_1_166' title='bbox 315 1088 477 1130; x_wconf 50' lang='lat' dir='ltr'><strong>originale</strong></span> <span class='ocrx_word' id='word_1_167' title='bbox 503 1088 584 1131; x_wconf 85' lang='lat' dir='ltr'><strong>(or.)</strong></span> <span class='ocrx_word' id='word_1_168' title='bbox 613 1090 650 1121; x_wconf 80' lang='lat' dir='ltr'><strong>in</strong></span> <span class='ocrx_word' id='word_1_169' title='bbox 677 1089 836 1122; x_wconf 76' lang='lat' dir='ltr'><strong>tabulario</strong></span> <span class='ocrx_word' id='word_1_170' title='bbox 863 1091 1010 1123; x_wconf 78' lang='lat' dir='ltr'><strong>comitum</strong></span> <span class='ocrx_word' id='word_1_171' title='bbox 1039 1091 1077 1123; x_wconf 83' lang='lat' dir='ltr'><strong>de</strong></span> <span class='ocrx_word' id='word_1_172' title='bbox 1104 1091 1239 1123; x_wconf 78' lang='lat' dir='ltr'><strong>Erbach.</strong></span> <span class='ocrx_word' id='word_1_173' title='bbox 1294 1091 1414 1124; x_wconf 80' lang='lat' dir='ltr'><strong>Pendet</strong></span> <span class='ocrx_word' id='word_1_174' title='bbox 1441 1092 1538 1133; x_wconf 73' lang='lat' dir='ltr'><strong>siqilli</strong></span> <span class='ocrx_word' id='word_1_175' title='bbox 1565 1094 1787 1134; x_wconf 74' lang='lat' dir='ltr'><strong>fraymentum.</strong></span> <span class='ocrx_word' id='word_1_176' title='bbox 1815 1113 1856 1119; x_wconf 89' lang='lat'>-</span> 
     </span>
     <span class='ocr_line' id='line_1_20' title="bbox 203 1139 1857 1186; baseline 0.004 -14"><span class='ocrx_word' id='word_1_177' title='bbox 203 1139 265 1172; x_wconf 76' lang='lat' dir='ltr'><strong>Ed.</strong></span> <span class='ocrx_word' id='word_1_178' title='bbox 293 1139 333 1173; x_wconf 77' lang='lat' dir='ltr'><strong>G.</strong></span> <span class='ocrx_word' id='word_1_179' title='bbox 349 1140 460 1173; x_wconf 74' lang='lat' dir='ltr'><strong>Simon</strong></span> <span class='ocrx_word' id='word_1_180' title='bbox 483 1139 556 1173; x_wconf 77' lang='lat' dir='ltr'><strong>‘Die</strong></span> <span class='ocrx_word' id='word_1_181' title='bbox 580 1141 763 1174; x_wconf 66' lang='lat' dir='ltr'><strong>aeschichte</strong></span> <span class='ocrx_word' id='word_1_182' title='bbox 792 1142 848 1174; x_wconf 82' lang='lat' dir='ltr'><strong>der</strong></span> <span class='ocrx_word' id='word_1_183' title='bbox 870 1141 1039 1183; x_wconf 79' lang='lat' dir='ltr'><strong>Dynasten</strong></span> <span class='ocrx_word' id='word_1_184' title='bbox 1075 1143 1145 1174; x_wconf 80' lang='lat' dir='ltr'><strong>und</strong></span> <span class='ocrx_word' id='word_1_185' title='bbox 1174 1143 1299 1183; x_wconf 78' lang='lat' dir='ltr'><strong>Grafen</strong></span> <span class='ocrx_word' id='word_1_186' title='bbox 1327 1154 1367 1176; x_wconf 73' lang='lat' dir='ltr'><strong>zu</strong></span> <span class='ocrx_word' id='word_1_187' title='bbox 1394 1144 1530 1176; x_wconf 75' lang='lat' dir='ltr'><strong>Erbach‘</strong></span> <span class='ocrx_word' id='word_1_188' title='bbox 1553 1146 1669 1186; x_wconf 84' lang='grc'><em>(1858)</em></span> <span class='ocrx_word' id='word_1_189' title='bbox 1692 1145 1753 1178; x_wconf 90' lang='grc' dir='ltr'><strong>ΙΙΙ</strong></span> <span class='ocrx_word' id='word_1_190' title='bbox 1782 1146 1857 1179; x_wconf 84' lang='lat' dir='ltr'><strong>‘Ur-</strong></span> 
     </span>
     <span class='ocr_line' id='line_1_21' title="bbox 203 1192 1101 1234; baseline 0.002 -10"><span class='ocrx_word' id='word_1_191' title='bbox 203 1192 420 1225; x_wconf 75' lang='lat' dir='ltr'><strong>kundenbuch’</strong></span> <span class='ocrx_word' id='word_1_192' title='bbox 438 1203 471 1232; x_wconf 79' lang='lat' dir='ltr'><strong>p.</strong></span> <span class='ocrx_word' id='word_1_193' title='bbox 489 1194 532 1225; x_wconf 83' lang='lat'><strong>17</strong></span> <span class='ocrx_word' id='word_1_194' title='bbox 553 1203 604 1225; x_wconf 77' lang='lat' dir='ltr'><strong>nr.</strong></span> <span class='ocrx_word' id='word_1_195' title='bbox 621 1193 672 1225; x_wconf 89' lang='lat'><strong>16.</strong></span> <span class='ocrx_word' id='word_1_196' title='bbox 717 1192 902 1226; x_wconf 74' lang='lat' dir='ltr'><strong>Editionem</strong></span> <span class='ocrx_word' id='word_1_197' title='bbox 923 1194 1101 1234; x_wconf 76' lang='lat' dir='ltr'><strong>repetimus.</strong></span> 
     </span>
    </p>
   </div>
   <div class='ocr_carea' id='block_1_8' title="bbox 313 1247 956 1290">
    <p class='ocr_par' dir='ltr' id='par_1_9' title="bbox 313 1247 956 1290">
     <span class='ocr_line' id='line_1_22' title="bbox 313 1247 956 1290; baseline 0.005 -11"><span class='ocrx_word' id='word_1_198' title='bbox 313 1247 463 1288; x_wconf 77' lang='lat' dir='ltr'><strong>Reyesten</strong></span> <span class='ocrx_word' id='word_1_199' title='bbox 484 1248 540 1280; x_wconf 81' lang='lat' dir='ltr'><strong>der</strong></span> <span class='ocrx_word' id='word_1_200' title='bbox 562 1247 772 1290; x_wconf 68' lang='lat' dir='ltr'><strong>Psalzyrafen</strong></span> <span class='ocrx_word' id='word_1_201' title='bbox 793 1260 844 1282; x_wconf 78' lang='lat' dir='ltr'><strong>nr.</strong></span> <span class='ocrx_word' id='word_1_202' title='bbox 863 1250 956 1282; x_wconf 89' lang='lat'><strong><em>1917.</em></strong></span> 
     </span>
    </p>
   </div>
   <div class='ocr_carea' id='block_1_9' title="bbox 202 1342 1971 2113">
    <p class='ocr_par' dir='ltr' id='par_1_10' title="bbox 202 1342 1971 2113">
     <span class='ocr_line' id='line_1_23' title="bbox 311 1342 1858 1391; baseline 0.004 -16"><span class='ocrx_word' id='word_1_203' title='bbox 311 1342 379 1375; x_wconf 89' lang='lat' dir='ltr'><strong>Nos</strong></span> <span class='ocrx_word' id='word_1_204' title='bbox 407 1343 524 1376; x_wconf 84' lang='lat' dir='ltr'><strong>Petrus</strong></span> <span class='ocrx_word' id='word_1_205' title='bbox 550 1343 613 1376; x_wconf 90' lang='lat' dir='ltr'><strong>Dei</strong></span> <span class='ocrx_word' id='word_1_206' title='bbox 642 1345 748 1387; x_wconf 85' lang='lat' dir='ltr'><strong>gratia</strong></span> <span class='ocrx_word' id='word_1_207' title='bbox 775 1349 888 1377; x_wconf 87' lang='lat' dir='ltr'><strong>sancte</strong></span> <span class='ocrx_word' id='word_1_208' title='bbox 918 1345 1107 1388; x_wconf 84' lang='lat' dir='ltr'><strong>Moguntine</strong></span> <span class='ocrx_word' id='word_1_209' title='bbox 1138 1346 1224 1378; x_wconf 86' lang='lat' dir='ltr'><strong>sedis</strong></span> <span class='ocrx_word' id='word_1_210' title='bbox 1252 1347 1514 1390; x_wconf 78' lang='lat' dir='ltr'><strong>archiepiscopus</strong></span> <span class='ocrx_word' id='word_1_211' title='bbox 1542 1349 1624 1380; x_wconf 88' lang='lat' dir='ltr'><strong>sacri</strong></span> <span class='ocrx_word' id='word_1_212' title='bbox 1651 1350 1775 1391; x_wconf 87' lang='lat' dir='ltr'><strong>imperii</strong></span> <span class='ocrx_word' id='word_1_213' title='bbox 1801 1360 1858 1391; x_wconf 84' lang='lat' dir='ltr'><strong>per</strong></span> 
     </span>
     <span class='ocr_line' id='line_1_24' title="bbox 206 1393 1857 1442; baseline 0.004 -15"><span class='ocrx_word' id='word_1_214' title='bbox 206 1393 414 1428; x_wconf 76' lang='lat' dir='ltr'><strong>Germaniam</strong></span> <span class='ocrx_word' id='word_1_215' title='bbox 445 1395 747 1428; x_wconf 73' lang='lat' dir='ltr'><strong>archicancellarius</strong></span> <span class='ocrx_word' id='word_1_216' title='bbox 777 1397 1038 1439; x_wconf 83' lang='lat' dir='ltr'><strong>recognoscimus</strong></span> <span class='ocrx_word' id='word_1_217' title='bbox 1064 1398 1094 1428; x_wconf 93' lang='lat' dir='ltr'><strong>in</strong></span> <span class='ocrx_word' id='word_1_218' title='bbox 1123 1397 1184 1429; x_wconf 91' lang='lat' dir='ltr'><strong>hiis</strong></span> <span class='ocrx_word' id='word_1_219' title='bbox 1207 1398 1347 1440; x_wconf 78' lang='lat' dir='ltr'><strong>scriptis,</strong></span> <span class='ocrx_word' id='word_1_220' title='bbox 1371 1399 1457 1441; x_wconf 90' lang='lat' dir='ltr'><strong>quod</strong></span> <span class='ocrx_word' id='word_1_221' title='bbox 1485 1401 1705 1442; x_wconf 80' lang='lat' dir='ltr'><strong>procuratorio</strong></span> <span class='ocrx_word' id='word_1_222' title='bbox 1728 1402 1857 1434; x_wconf 90' lang='lat' dir='ltr'><strong>nomine</strong></span> 
     </span>
     <span class='ocr_line' id='line_1_25' title="bbox 204 1446 1856 1493; baseline 0.004 -15"><span class='ocrx_word' id='word_1_223' title='bbox 204 1453 263 1489; x_wconf 88' lang='lat' dir='ltr'><strong>pro</strong></span> <span class='ocrx_word' id='word_1_224' title='bbox 293 1446 407 1479; x_wconf 81' lang='lat' dir='ltr'><strong>illustri</strong></span> <span class='ocrx_word' id='word_1_225' title='bbox 439 1447 567 1479; x_wconf 91' lang='lat' dir='ltr'><strong>domino</strong></span> <span class='ocrx_word' id='word_1_226' title='bbox 595 1447 750 1480; x_wconf 87' lang='lat' dir='ltr'><strong>Ludwico</strong></span> <span class='ocrx_word' id='word_1_227' title='bbox 781 1450 899 1481; x_wconf 86' lang='lat' dir='ltr'><strong>comite</strong></span> <span class='ocrx_word' id='word_1_228' title='bbox 930 1450 1072 1491; x_wconf 85' lang='lat' dir='ltr'><strong>palatino</strong></span> <span class='ocrx_word' id='word_1_229' title='bbox 1102 1450 1185 1482; x_wconf 84' lang='lat' dir='ltr'><strong>Reni</strong></span> <span class='ocrx_word' id='word_1_230' title='bbox 1215 1449 1297 1482; x_wconf 87' lang='lat' dir='ltr'><strong>duce</strong></span> <span class='ocrx_word' id='word_1_231' title='bbox 1325 1450 1472 1483; x_wconf 86' lang='lat' dir='ltr'><strong>Bawarie</strong></span> <span class='ocrx_word' id='word_1_232' title='bbox 1500 1451 1640 1493; x_wconf 84' lang='lat' dir='ltr'><strong>speciale</strong></span> <span class='ocrx_word' id='word_1_233' title='bbox 1668 1452 1856 1484; x_wconf 89' lang='lat' dir='ltr'><strong>mandatum</strong></span> 
     </span>
     <span class='ocr_line' id='line_1_26' title="bbox 203 1498 1855 1544; baseline 0.004 -14"><span class='ocrx_word' id='word_1_234' title='bbox 203 1498 245 1531; x_wconf 80' lang='lat' dir='ltr'><strong>ad</strong></span> <span class='ocrx_word' id='word_1_235' title='bbox 267 1498 329 1531; x_wconf 85' lang='lat' dir='ltr'><strong>hoo</strong></span> <span class='ocrx_word' id='word_1_236' title='bbox 359 1498 518 1531; x_wconf 81' lang='lat' dir='ltr'><strong>habentes</strong></span> <span class='ocrx_word' id='word_1_237' title='bbox 549 1510 622 1531; x_wconf 87' lang='lat' dir='ltr'><strong>cum</strong></span> <span class='ocrx_word' id='word_1_238' title='bbox 652 1499 753 1531; x_wconf 91' lang='lat' dir='ltr'><strong>nobili</strong></span> <span class='ocrx_word' id='word_1_239' title='bbox 775 1501 844 1532; x_wconf 86' lang='lat' dir='ltr'><strong>viro</strong></span> <span class='ocrx_word' id='word_1_240' title='bbox 875 1500 1065 1533; x_wconf 83' lang='lat' dir='ltr'><strong>Eberhardo</strong></span> <span class='ocrx_word' id='word_1_241' title='bbox 1095 1501 1248 1543; x_wconf 85' lang='lat' dir='ltr'><strong>pincerna</strong></span> <span class='ocrx_word' id='word_1_242' title='bbox 1271 1501 1312 1533; x_wconf 90' lang='lat' dir='ltr'><strong>de</strong></span> <span class='ocrx_word' id='word_1_243' title='bbox 1336 1501 1465 1544; x_wconf 85' lang='lat' dir='ltr'><strong>Erpach</strong></span> <span class='ocrx_word' id='word_1_244' title='bbox 1488 1505 1695 1535; x_wconf 69' lang='lat' dir='ltr'><strong>tractavimus</strong></span> <span class='ocrx_word' id='word_1_245' title='bbox 1718 1504 1749 1535; x_wconf 93' lang='lat' dir='ltr'><strong>in</strong></span> <span class='ocrx_word' id='word_1_246' title='bbox 1772 1504 1855 1535; x_wconf 90' lang='lat' dir='ltr'><strong>hunc</strong></span> 
     </span>
     <span class='ocr_line' id='line_1_27' title="bbox 203 1550 1855 1596; baseline 0.003 -14"><span class='ocrx_word' id='word_1_247' title='bbox 203 1550 348 1583; x_wconf 86' lang='lat' dir='ltr'><strong>modum:</strong></span> <span class='ocrx_word' id='word_1_248' title='bbox 438 1550 524 1593; x_wconf 87' lang='lat' dir='ltr'><strong>quod</strong></span> <span class='ocrx_word' id='word_1_249' title='bbox 547 1551 616 1593; x_wconf 89' lang='lat' dir='ltr'><strong>ipse</strong></span> <span class='ocrx_word' id='word_1_250' title='bbox 646 1551 792 1593; x_wconf 88' lang='lat' dir='ltr'><strong>predicto</strong></span> <span class='ocrx_word' id='word_1_251' title='bbox 821 1551 952 1583; x_wconf 88' lang='lat' dir='ltr'><strong>domino</strong></span> <span class='ocrx_word' id='word_1_252' title='bbox 976 1551 1130 1584; x_wconf 87' lang='lat' dir='ltr'><strong>Ludwico</strong></span> <span class='ocrx_word' id='word_1_253' title='bbox 1158 1563 1256 1594; x_wconf 86' lang='lat' dir='ltr'><strong>super</strong></span> <span class='ocrx_word' id='word_1_254' title='bbox 1279 1553 1489 1595; x_wconf 88' lang='lat' dir='ltr'><strong>adipiscendo</strong></span> <span class='ocrx_word' id='word_1_255' title='bbox 1513 1565 1612 1596; x_wconf 85' lang='lat' dir='ltr'><strong>regno</strong></span> <span class='ocrx_word' id='word_1_256' title='bbox 1636 1554 1855 1587; x_wconf 87' lang='lat' dir='ltr'><strong>Romanorum</strong></span> 
     </span>
     <span class='ocr_line' id='line_1_28' title="bbox 203 1601 1962 1646; baseline 0.002 -12"><span class='ocrx_word' id='word_1_257' title='bbox 203 1601 320 1635; x_wconf 78' lang='lat' dir='ltr'><strong>abhinc</strong></span> <span class='ocrx_word' id='word_1_258' title='bbox 343 1613 444 1645; x_wconf 84' lang='lat' dir='ltr'><strong>usque</strong></span> <span class='ocrx_word' id='word_1_259' title='bbox 467 1602 510 1635; x_wconf 85' lang='lat' dir='ltr'><strong>ad</strong></span> <span class='ocrx_word' id='word_1_260' title='bbox 533 1603 650 1635; x_wconf 85' lang='lat' dir='ltr'><strong>festum</strong></span> <span class='ocrx_word' id='word_1_261' title='bbox 674 1603 762 1636; x_wconf 89' lang='lat' dir='ltr'><strong>beati</strong></span> <span class='ocrx_word' id='word_1_262' title='bbox 785 1603 915 1636; x_wconf 81' lang='lat' dir='ltr'><strong>Martini</strong></span> <span class='ocrx_word' id='word_1_263' title='bbox 938 1604 1120 1646; x_wconf 88' lang='lat' dir='ltr'><strong>proximum</strong></span> <span class='ocrx_word' id='word_1_264' title='bbox 1151 1608 1184 1636; x_wconf 93' lang='lat' dir='ltr'><strong>et</strong></span> <span class='ocrx_word' id='word_1_265' title='bbox 1212 1605 1342 1637; x_wconf 85' lang='lat' dir='ltr'><strong>inantea</strong></span> <span class='ocrx_word' id='word_1_266' title='bbox 1371 1605 1414 1638; x_wconf 88' lang='lat' dir='ltr'><strong>ad</strong></span> <span class='ocrx_word' id='word_1_267' title='bbox 1441 1616 1538 1638; x_wconf 88' lang='lat' dir='ltr'><strong>unum</strong></span> <span class='ocrx_word' id='word_1_268' title='bbox 1562 1616 1679 1638; x_wconf 81' lang='lat' dir='ltr'><strong>annum</strong></span> <span class='ocrx_word' id='word_1_269' title='bbox 1704 1607 1916 1639; x_wconf 75' lang='lat' dir='ltr'><strong>continuoxov.</strong></span> <span class='ocrx_word' id='word_1_270' title='bbox 1933 1619 1962 1638; x_wconf 83' lang='grc' dir='ltr'><strong>ιι.</strong></span> 
     </span>
     <span class='ocr_line' id='line_1_29' title="bbox 203 1653 1854 1701; baseline 0.003 -15"><span class='ocrx_word' id='word_1_271' title='bbox 203 1653 453 1697; x_wconf 83' lang='lat' dir='ltr'><strong>subsequentem</strong></span> <span class='ocrx_word' id='word_1_272' title='bbox 476 1665 549 1687; x_wconf 90' lang='lat' dir='ltr'><strong>cum</strong></span> <span class='ocrx_word' id='word_1_273' title='bbox 572 1655 685 1687; x_wconf 90' lang='lat' dir='ltr'><strong>decem</strong></span> <span class='ocrx_word' id='word_1_274' title='bbox 710 1655 882 1687; x_wconf 80' lang='lat' dir='ltr'><strong>dextrariis</strong></span> <span class='ocrx_word' id='word_1_275' title='bbox 905 1657 1024 1688; x_wconf 84' lang='lat' dir='ltr'><strong>servire</strong></span> <span class='ocrx_word' id='word_1_276' title='bbox 1041 1657 1187 1698; x_wconf 89' lang='lat' dir='ltr'><strong>promisit</strong></span> <span class='ocrx_word' id='word_1_277' title='bbox 1209 1657 1347 1689; x_wconf 84' lang='lat' dir='ltr'><strong>fideliter</strong></span> <span class='ocrx_word' id='word_1_278' title='bbox 1370 1662 1404 1689; x_wconf 90' lang='lat' dir='ltr'><strong>et</strong></span> <span class='ocrx_word' id='word_1_279' title='bbox 1426 1661 1542 1690; x_wconf 84' lang='lat' dir='ltr'><strong>astare.</strong></span> <span class='ocrx_word' id='word_1_280' title='bbox 1589 1658 1702 1690; x_wconf 88' lang='lat' dir='ltr'><strong>Dictus</strong></span> <span class='ocrx_word' id='word_1_281' title='bbox 1726 1669 1854 1701; x_wconf 89' lang='lat' dir='ltr'><strong>quoque</strong></span> 
     </span>
     <span class='ocr_line' id='line_1_30' title="bbox 204 1706 1856 1752; baseline 0.002 -14"><span class='ocrx_word' id='word_1_282' title='bbox 204 1706 352 1739; x_wconf 89' lang='lat' dir='ltr'><strong>dominus</strong></span> <span class='ocrx_word' id='word_1_283' title='bbox 374 1706 547 1739; x_wconf 86' lang='lat' dir='ltr'><strong>Ludwicus</strong></span> <span class='ocrx_word' id='word_1_284' title='bbox 569 1710 703 1750; x_wconf 84' lang='lat' dir='ltr'><strong>propter</strong></span> <span class='ocrx_word' id='word_1_285' title='bbox 725 1709 842 1740; x_wconf 87' lang='lat' dir='ltr'><strong>merita</strong></span> <span class='ocrx_word' id='word_1_286' title='bbox 865 1711 898 1740; x_wconf 89' lang='lat' dir='ltr'><strong>et</strong></span> <span class='ocrx_word' id='word_1_287' title='bbox 920 1712 1014 1750; x_wconf 84' lang='lat' dir='ltr'><strong>grata</strong></span> <span class='ocrx_word' id='word_1_288' title='bbox 1031 1707 1176 1740; x_wconf 88' lang='lat' dir='ltr'><strong>eiusdem</strong></span> <span class='ocrx_word' id='word_1_289' title='bbox 1194 1708 1373 1740; x_wconf 88' lang='lat' dir='ltr'><strong>Eberhardi</strong></span> <span class='ocrx_word' id='word_1_290' title='bbox 1397 1710 1532 1741; x_wconf 81' lang='lat' dir='ltr'><strong>servicia</strong></span> <span class='ocrx_word' id='word_1_291' title='bbox 1555 1709 1615 1741; x_wconf 85' lang='lat' dir='ltr'><strong>sibi</strong></span> <span class='ocrx_word' id='word_1_292' title='bbox 1639 1710 1856 1752; x_wconf 90' lang='lat' dir='ltr'><strong>impendenda</strong></span> 
     </span>
     <span class='ocr_line' id='line_1_31' title="bbox 204 1757 1854 1803; baseline 0.002 -13"><span class='ocrx_word' id='word_1_293' title='bbox 204 1757 311 1790; x_wconf 82' lang='lat' dir='ltr'><strong>eidem</strong></span> <span class='ocrx_word' id='word_1_294' title='bbox 334 1758 524 1791; x_wconf 80' lang='lat' dir='ltr'><strong>Eberhardo</strong></span> <span class='ocrx_word' id='word_1_295' title='bbox 547 1759 636 1791; x_wconf 89' lang='lat' dir='ltr'><strong>mille</strong></span> <span class='ocrx_word' id='word_1_296' title='bbox 658 1759 759 1791; x_wconf 85' lang='lat' dir='ltr'><strong>libras</strong></span> <span class='ocrx_word' id='word_1_297' title='bbox 782 1759 984 1792; x_wconf 84' lang='lat' dir='ltr'><strong>Hallensium</strong></span> <span class='ocrx_word' id='word_1_298' title='bbox 1013 1760 1104 1791; x_wconf 83' lang='lat' dir='ltr'><strong>dabit</strong></span> <span class='ocrx_word' id='word_1_299' title='bbox 1127 1764 1160 1792; x_wconf 90' lang='lat' dir='ltr'><strong>et</strong></span> <span class='ocrx_word' id='word_1_300' title='bbox 1183 1760 1326 1802; x_wconf 84' lang='lat' dir='ltr'><strong>donabit,</strong></span> <span class='ocrx_word' id='word_1_301' title='bbox 1349 1772 1446 1803; x_wconf 82' lang='lat' dir='ltr'><strong>quam</strong></span> <span class='ocrx_word' id='word_1_302' title='bbox 1470 1763 1639 1803; x_wconf 84' lang='lat' dir='ltr'><strong>pecuniam</strong></span> <span class='ocrx_word' id='word_1_303' title='bbox 1669 1766 1741 1803; x_wconf 83' lang='lat' dir='ltr'><strong>post</strong></span> <span class='ocrx_word' id='word_1_304' title='bbox 1764 1773 1854 1793; x_wconf 91' lang='lat' dir='ltr'><strong>coro—</strong></span> 
     </span>
     <span class='ocr_line' id='line_1_32' title="bbox 204 1811 1855 1856; baseline 0.002 -14"><span class='ocrx_word' id='word_1_305' title='bbox 204 1811 372 1843; x_wconf 89' lang='lat' dir='ltr'><strong>nacionem</strong></span> <span class='ocrx_word' id='word_1_306' title='bbox 401 1821 492 1843; x_wconf 81' lang='lat' dir='ltr'><strong>suam</strong></span> <span class='ocrx_word' id='word_1_307' title='bbox 519 1811 622 1854; x_wconf 88' lang='lat' dir='ltr'><strong>Aquis</strong></span> <span class='ocrx_word' id='word_1_308' title='bbox 650 1811 770 1844; x_wconf 84' lang='lat' dir='ltr'><strong>factam</strong></span> <span class='ocrx_word' id='word_1_309' title='bbox 799 1812 840 1843; x_wconf 87' lang='lat' dir='ltr'><strong>ad</strong></span> <span class='ocrx_word' id='word_1_310' title='bbox 869 1812 949 1844; x_wconf 88' lang='lat' dir='ltr'><strong>duos</strong></span> <span class='ocrx_word' id='word_1_311' title='bbox 978 1822 1105 1844; x_wconf 89' lang='lat' dir='ltr'><strong>menses</strong></span> <span class='ocrx_word' id='word_1_312' title='bbox 1129 1813 1190 1854; x_wconf 90' lang='lat' dir='ltr'><strong>ipsi</strong></span> <span class='ocrx_word' id='word_1_313' title='bbox 1220 1813 1250 1844; x_wconf 92' lang='lat' dir='ltr'><strong>in</strong></span> <span class='ocrx_word' id='word_1_314' title='bbox 1275 1812 1426 1844; x_wconf 89' lang='lat' dir='ltr'><strong>theloneo</strong></span> <span class='ocrx_word' id='word_1_315' title='bbox 1451 1814 1480 1844; x_wconf 94' lang='lat' dir='ltr'><strong>in</strong></span> <span class='ocrx_word' id='word_1_316' title='bbox 1504 1813 1713 1845; x_wconf 80' lang='lat' dir='ltr'><strong>Ludensdorf</strong></span> <span class='ocrx_word' id='word_1_317' title='bbox 1731 1815 1855 1856; x_wconf 77' lang='lat' dir='ltr'><strong>integre</strong></span> 
     </span>
     <span class='ocr_line' id='line_1_33' title="bbox 204 1862 1944 1921; baseline 0.001 -27"><span class='ocrx_word' id='word_1_318' title='bbox 204 1862 445 1905; x_wconf 85' lang='lat' dir='ltr'><strong>percipiendam</strong></span> <span class='ocrx_word' id='word_1_319' title='bbox 474 1862 654 1905; x_wconf 81' lang='lat' dir='ltr'><strong>deputabit.</strong></span> <span class='ocrx_word' id='word_1_320' title='bbox 707 1862 741 1895; x_wconf 80' lang='lat' dir='ltr'><strong>Si</strong></span> <span class='ocrx_word' id='word_1_321' title='bbox 769 1874 846 1895; x_wconf 85' lang='lat' dir='ltr'><strong>vero</strong></span> <span class='ocrx_word' id='word_1_322' title='bbox 873 1864 905 1895; x_wconf 92' lang='lat' dir='ltr'><strong>in</strong></span> <span class='ocrx_word' id='word_1_323' title='bbox 938 1866 1062 1895; x_wconf 84' lang='lat' dir='ltr'><strong>tantum</strong></span> <span class='ocrx_word' id='word_1_324' title='bbox 1092 1864 1337 1896; x_wconf 87' lang='lat' dir='ltr'><strong>coronacionem</strong></span> <span class='ocrx_word' id='word_1_325' title='bbox 1371 1875 1462 1896; x_wconf 87' lang='lat' dir='ltr'><strong>suam</strong></span> <span class='ocrx_word' id='word_1_326' title='bbox 1495 1865 1615 1896; x_wconf 82' lang='lat' dir='ltr'><strong>differri</strong></span> <span class='ocrx_word' id='word_1_327' title='bbox 1643 1866 1854 1907; x_wconf 85' lang='lat' dir='ltr'><strong>contingeret,</strong></span> <span class='ocrx_word' id='word_1_328' title='bbox 1869 1899 1913 1920; x_wconf 53' lang='grc' dir='ltr'>Μ</span> <span class='ocrx_word' id='word_1_329' title='bbox 1932 1902 1944 1921; x_wconf 60' lang='lat'>²</span> 
     </span>
     <span class='ocr_line' id='line_1_34' title="bbox 204 1903 1963 1959; baseline 0.001 -12"><span class='ocrx_word' id='word_1_330' title='bbox 204 1917 322 1947; x_wconf 86' lang='lat' dir='ltr'><strong>extunc</strong></span> <span class='ocrx_word' id='word_1_331' title='bbox 345 1915 377 1946; x_wconf 88' lang='lat' dir='ltr'><strong>in</strong></span> <span class='ocrx_word' id='word_1_332' title='bbox 399 1915 547 1957; x_wconf 85' lang='lat' dir='ltr'><strong>proximo</strong></span> <span class='ocrx_word' id='word_1_333' title='bbox 571 1915 655 1947; x_wconf 82' lang='lat' dir='ltr'><strong>festo</strong></span> <span class='ocrx_word' id='word_1_334' title='bbox 678 1915 854 1947; x_wconf 83' lang='lat' dir='ltr'><strong>nativitatis</strong></span> <span class='ocrx_word' id='word_1_335' title='bbox 877 1915 1008 1947; x_wconf 90' lang='lat' dir='ltr'><strong>Domini</strong></span> <span class='ocrx_word' id='word_1_336' title='bbox 1030 1915 1240 1947; x_wconf 88' lang='lat' dir='ltr'><strong>medietatem</strong></span> <span class='ocrx_word' id='word_1_337' title='bbox 1271 1919 1303 1947; x_wconf 83' lang='lat' dir='ltr'><strong>et</strong></span> <span class='ocrx_word' id='word_1_338' title='bbox 1330 1916 1362 1953; x_wconf 84' lang='lat' dir='ltr'><strong>in</strong></span> <span class='ocrx_word' id='word_1_339' title='bbox 1389 1916 1598 1959; x_wconf 85' lang='lat' dir='ltr'><strong>subsequenti</strong></span> <span class='ocrx_word' id='word_1_340' title='bbox 1621 1917 1703 1948; x_wconf 79' lang='lat' dir='ltr'><strong>festo</strong></span> <span class='ocrx_word' id='word_1_341' title='bbox 1727 1917 1852 1948; x_wconf 83' lang='lat' dir='ltr'><strong>Pasche</strong></span> <span class='ocrx_word' id='word_1_342' title='bbox 1886 1903 1963 1957; x_wconf 43' lang='grc' dir='ltr'><strong>,ᾖε</strong></span> 
     </span>
     <span class='ocr_line' id='line_1_35' title="bbox 202 1960 1971 2011; baseline 0.001 -13"><span class='ocrx_word' id='word_1_343' title='bbox 202 1965 365 1998; x_wconf 82' lang='lat' dir='ltr'><strong>residuam</strong></span> <span class='ocrx_word' id='word_1_344' title='bbox 388 1965 598 1998; x_wconf 84' lang='lat' dir='ltr'><strong>medietatem</strong></span> <span class='ocrx_word' id='word_1_345' title='bbox 621 1966 706 1999; x_wconf 87' lang='lat' dir='ltr'><strong>dicte</strong></span> <span class='ocrx_word' id='word_1_346' title='bbox 730 1968 865 2009; x_wconf 88' lang='lat' dir='ltr'><strong>pecunie</strong></span> <span class='ocrx_word' id='word_1_347' title='bbox 889 1967 1053 2009; x_wconf 83' lang='lat' dir='ltr'><strong>persolvet</strong></span> <span class='ocrx_word' id='word_1_348' title='bbox 1073 1967 1263 1999; x_wconf 80' lang='lat' dir='ltr'><strong>Eberhardo</strong></span> <span class='ocrx_word' id='word_1_349' title='bbox 1286 1967 1442 2010; x_wconf 89' lang='lat' dir='ltr'><strong>predicto.</strong></span> <span class='ocrx_word' id='word_1_350' title='bbox 1487 1969 1530 2000; x_wconf 83' lang='lat' dir='ltr'><strong>Et</strong></span> <span class='ocrx_word' id='word_1_351' title='bbox 1551 1979 1648 2011; x_wconf 88' lang='lat' dir='ltr'><strong>super</strong></span> <span class='ocrx_word' id='word_1_352' title='bbox 1670 1968 1852 2000; x_wconf 86' lang='lat' dir='ltr'><strong>huiusmodi</strong></span> <span class='ocrx_word' id='word_1_353' title='bbox 1868 1960 1971 1983; x_wconf 52' lang='grc' dir='ltr'><strong>Μ’*</strong></span> 
     </span>
     <span class='ocr_line' id='line_1_36' title="bbox 204 2018 1854 2061; baseline 0.001 -11"><span class='ocrx_word' id='word_1_354' title='bbox 204 2018 410 2051; x_wconf 87' lang='lat' dir='ltr'><strong>ordinacione</strong></span> <span class='ocrx_word' id='word_1_355' title='bbox 433 2021 466 2050; x_wconf 90' lang='lat' dir='ltr'><strong>et</strong></span> <span class='ocrx_word' id='word_1_356' title='bbox 489 2021 627 2051; x_wconf 85' lang='lat' dir='ltr'><strong>tractatu</strong></span> <span class='ocrx_word' id='word_1_357' title='bbox 649 2022 685 2050; x_wconf 89' lang='lat' dir='ltr'><strong>ut</strong></span> <span class='ocrx_word' id='word_1_358' title='bbox 707 2019 778 2061; x_wconf 79' lang='lat' dir='ltr'><strong>ipsi,</strong></span> <span class='ocrx_word' id='word_1_359' title='bbox 802 2029 899 2061; x_wconf 88' lang='lat' dir='ltr'><strong>quam</strong></span> <span class='ocrx_word' id='word_1_360' title='bbox 916 2020 1054 2061; x_wconf 89' lang='lat' dir='ltr'><strong>primum</strong></span> <span class='ocrx_word' id='word_1_361' title='bbox 1078 2018 1120 2050; x_wconf 90' lang='lat' dir='ltr'><strong>ad</strong></span> <span class='ocrx_word' id='word_1_362' title='bbox 1141 2023 1250 2061; x_wconf 86' lang='lat' dir='ltr'><strong>partes</strong></span> <span class='ocrx_word' id='word_1_363' title='bbox 1272 2019 1356 2051; x_wconf 88' lang='lat' dir='ltr'><strong>Reni</strong></span> <span class='ocrx_word' id='word_1_364' title='bbox 1380 2020 1522 2058; x_wconf 75' lang='lat' dir='ltr'><strong>redierit,</strong></span> <span class='ocrx_word' id='word_1_365' title='bbox 1545 2031 1620 2052; x_wconf 78' lang='lat' dir='ltr'><strong>suas</strong></span> <span class='ocrx_word' id='word_1_366' title='bbox 1643 2020 1699 2052; x_wconf 86' lang='lat' dir='ltr'><strong>det</strong></span> <span class='ocrx_word' id='word_1_367' title='bbox 1722 2021 1854 2061; x_wconf 80' lang='lat' dir='ltr'><strong>litteras,</strong></span> 
     </span>
     <span class='ocr_line' id='line_1_37' title="bbox 204 2069 1853 2113; baseline 0.002 -12"><span class='ocrx_word' id='word_1_368' title='bbox 204 2069 386 2102; x_wconf 82' lang='lat' dir='ltr'><strong>curabimus</strong></span> <span class='ocrx_word' id='word_1_369' title='bbox 409 2069 566 2102; x_wconf 86' lang='lat' dir='ltr'><strong>ordinare.</strong></span> <span class='ocrx_word' id='word_1_370' title='bbox 656 2070 693 2102; x_wconf 91' lang='lat' dir='ltr'><strong>In</strong></span> <span class='ocrx_word' id='word_1_371' title='bbox 717 2071 806 2102; x_wconf 90' lang='lat' dir='ltr'><strong>cuius</strong></span> <span class='ocrx_word' id='word_1_372' title='bbox 834 2071 881 2102; x_wconf 87' lang='lat' dir='ltr'><strong>rei</strong></span> <span class='ocrx_word' id='word_1_373' title='bbox 909 2071 1127 2102; x_wconf 86' lang='lat' dir='ltr'><strong>testimonium</strong></span> <span class='ocrx_word' id='word_1_374' title='bbox 1151 2074 1318 2112; x_wconf 87' lang='lat' dir='ltr'><strong>presentes</strong></span> <span class='ocrx_word' id='word_1_375' title='bbox 1348 2071 1473 2103; x_wconf 82' lang='lat' dir='ltr'><strong>litteras</strong></span> <span class='ocrx_word' id='word_1_376' title='bbox 1496 2072 1555 2103; x_wconf 85' lang='lat' dir='ltr'><strong>sibi</strong></span> <span class='ocrx_word' id='word_1_377' title='bbox 1580 2073 1735 2104; x_wconf 81' lang='lat' dir='ltr'><strong>tradimus</strong></span> <span class='ocrx_word' id='word_1_378' title='bbox 1758 2072 1853 2113; x_wconf 83' lang='lat' dir='ltr'><strong>sigilli</strong></span> 
     </span>
    </p>
   </div>
   <div class='ocr_carea' id='block_1_10' title="bbox 203 2121 1625 2217">
    <p class='ocr_par' dir='ltr' id='par_1_11' title="bbox 203 2121 1625 2217">
     <span class='ocr_line' id='line_1_38' title="bbox 203 2121 688 2155; baseline 0 -1"><span class='ocrx_word' id='word_1_379' title='bbox 203 2122 303 2155; x_wconf 86' lang='lat' dir='ltr'><strong>nostri</strong></span> <span class='ocrx_word' id='word_1_380' title='bbox 326 2121 442 2154; x_wconf 86' lang='lat' dir='ltr'><strong>robore</strong></span> <span class='ocrx_word' id='word_1_381' title='bbox 466 2123 688 2154; x_wconf 82' lang='lat' dir='ltr'><strong>communitas.</strong></span> 
     </span>
     <span class='ocr_line' id='line_1_39' title="bbox 309 2172 1625 2217; baseline 0 -11"><span class='ocrx_word' id='word_1_382' title='bbox 309 2172 431 2206; x_wconf 74' lang='lat' dir='ltr'><strong>Datum</strong></span> <span class='ocrx_word' id='word_1_383' title='bbox 454 2173 722 2217; x_wconf 75' lang='lat' dir='ltr'><strong>Asohaffenburg,</strong></span> <span class='ocrx_word' id='word_1_384' title='bbox 746 2184 829 2206; x_wconf 80' lang='lat' dir='ltr'><strong>anno</strong></span> <span class='ocrx_word' id='word_1_385' title='bbox 857 2174 986 2207; x_wconf 89' lang='lat' dir='ltr'><strong>Domini</strong></span> <span class='ocrx_word' id='word_1_386' title='bbox 1010 2173 1241 2215; x_wconf 81' lang='lat' dir='ltr'>MOOOXIIII,</span> <span class='ocrx_word' id='word_1_387' title='bbox 1268 2174 1341 2207; x_wconf 92' lang='lat' dir='ltr'><strong>VII.</strong></span> <span class='ocrx_word' id='word_1_388' title='bbox 1365 2174 1442 2206; x_wconf 84' lang='lat' dir='ltr'><strong>Idus</strong></span> <span class='ocrx_word' id='word_1_389' title='bbox 1466 2175 1625 2206; x_wconf 88' lang='lat' dir='ltr'><strong>Octobris.</strong></span> 
     </span>
    </p>
   </div>
   <div class='ocr_carea' id='block_1_11' title="bbox 571 2320 1490 2414">
    <p class='ocr_par' dir='ltr' id='par_1_12' title="bbox 571 2320 1490 2414">
     <span class='ocr_line' id='line_1_40' title="bbox 571 2320 1490 2354; baseline -0.001 -1"><span class='ocrx_word' id='word_1_390' title='bbox 571 2323 622 2353; x_wconf 82' lang='lat'><strong>86.</strong></span> <span class='ocrx_word' id='word_1_391' title='bbox 648 2323 698 2353; x_wconf 90' lang='grc'><strong>87.</strong></span> <span class='ocrx_word' id='word_1_392' title='bbox 734 2320 922 2353; x_wconf 85' lang='lat' dir='ltr'>SCRIPTA</span> <span class='ocrx_word' id='word_1_393' title='bbox 945 2321 1034 2353; x_wconf 85' lang='lat' dir='ltr'><strong>PRO</strong></span> <span class='ocrx_word' id='word_1_394' title='bbox 1058 2321 1236 2354; x_wconf 84' lang='lat' dir='ltr'>ABBATE</span> <span class='ocrx_word' id='word_1_395' title='bbox 1259 2320 1490 2354; x_wconf 84' lang='lat' dir='ltr'><strong>FULDENSI.</strong></span> 
     </span>
     <span class='ocr_line' id='line_1_41' title="bbox 852 2382 1214 2414; baseline 0 0"><span class='ocrx_word' id='word_1_396' title='bbox 852 2384 942 2414; x_wconf 78' lang='lat'><strong>1314.</strong></span> <span class='ocrx_word' id='word_1_397' title='bbox 978 2382 1214 2414; x_wconf 79' lang='lat' dir='ltr'><strong>Oot.13.—18.</strong></span> 
     </span>
    </p>
   </div>
   <div class='ocr_carea' id='block_1_12' title="bbox 504 2488 1550 2533">
    <p class='ocr_par' dir='ltr' id='par_1_13' title="bbox 504 2488 1550 2533">
     <span class='ocr_line' id='line_1_42' title="bbox 504 2488 1550 2533; baseline -0.001 -10"><span class='ocrx_word' id='word_1_398' title='bbox 504 2488 564 2523; x_wconf 82' lang='lat'><strong>86.</strong></span> <span class='ocrx_word' id='word_1_399' title='bbox 606 2488 781 2533; x_wconf 66' lang='lat' dir='ltr'><strong>Scriptum</strong></span> <span class='ocrx_word' id='word_1_400' title='bbox 808 2489 1058 2533; x_wconf 74' lang='lat' dir='ltr'><strong>archiepiscopi</strong></span> <span class='ocrx_word' id='word_1_401' title='bbox 1086 2488 1295 2533; x_wconf 70' lang='lat' dir='ltr'><strong>Mofflcntini.</strong></span> <span class='ocrx_word' id='word_1_402' title='bbox 1404 2490 1473 2525; x_wconf 78' lang='lat' dir='ltr'><strong>Oct.</strong></span> <span class='ocrx_word' id='word_1_403' title='bbox 1493 2491 1550 2524; x_wconf 87' lang='grc'><strong>13.</strong></span> 
     </span>
    </p>
   </div>
   <div class='ocr_carea' id='block_1_13' title="bbox 203 2555 1853 2698">
    <p class='ocr_par' dir='ltr' id='par_1_14' title="bbox 203 2555 1853 2698">
     <span class='ocr_line' id='line_1_43' title="bbox 313 2555 1853 2600; baseline 0.001 -12"><span class='ocrx_word' id='word_1_404' title='bbox 313 2555 412 2597; x_wconf 78' lang='lat' dir='ltr'><strong>Copia</strong></span> <span class='ocrx_word' id='word_1_405' title='bbox 435 2557 491 2600; x_wconf 90' lang='lat' dir='ltr'><strong>(c.)</strong></span> <span class='ocrx_word' id='word_1_406' title='bbox 513 2557 549 2589; x_wconf 76' lang='lat' dir='ltr'><strong>in</strong></span> <span class='ocrx_word' id='word_1_407' title='bbox 575 2557 723 2598; x_wconf 76' lang='lat' dir='ltr'><strong>Copiario</strong></span> <span class='ocrx_word' id='word_1_408' title='bbox 738 2557 893 2590; x_wconf 75' lang='lat' dir='ltr'><strong>Fuldensi</strong></span> <span class='ocrx_word' id='word_1_409' title='bbox 910 2557 970 2599; x_wconf 79' lang='lat' dir='ltr'><strong>fol.</strong></span> <span class='ocrx_word' id='word_1_410' title='bbox 988 2559 1050 2589; x_wconf 89' lang='grc'><strong>101</strong></span> <span class='ocrx_word' id='word_1_411' title='bbox 1073 2557 1227 2590; x_wconf 70' lang='lat' dir='ltr'><strong>tabrdarii</strong></span> <span class='ocrx_word' id='word_1_412' title='bbox 1248 2560 1326 2599; x_wconf 77' lang='lat' dir='ltr'><strong>reyii</strong></span> <span class='ocrx_word' id='word_1_413' title='bbox 1342 2559 1591 2599; x_wconf 69' lang='lat' dir='ltr'><strong>Marbncryensis.</strong></span> <span class='ocrx_word' id='word_1_414' title='bbox 1615 2576 1655 2582; x_wconf 83' lang='lat'>—</span> <span class='ocrx_word' id='word_1_415' title='bbox 1682 2559 1725 2589; x_wconf 80' lang='lat' dir='ltr'><strong>In</strong></span> <span class='ocrx_word' id='word_1_416' title='bbox 1748 2559 1853 2597; x_wconf 74' lang='lat' dir='ltr'><strong>forma</strong></span> 
     </span>
     <span class='ocr_line' id='line_1_44' title="bbox 203 2607 1853 2651; baseline 0.001 -11"><span class='ocrx_word' id='word_1_417' title='bbox 203 2607 509 2651; x_wconf 18' lang='lat' dir='ltr'><strong>inteyrassineditum.</strong></span> <span class='ocrx_word' id='word_1_418' title='bbox 547 2609 610 2641; x_wconf 83' lang='lat' dir='ltr'><strong>Ed.</strong></span> <span class='ocrx_word' id='word_1_419' title='bbox 627 2609 792 2641; x_wconf 74' lang='lat' dir='ltr'><strong>Schannat</strong></span> <span class='ocrx_word' id='word_1_420' title='bbox 814 2609 972 2641; x_wconf 78' lang='lat' dir='ltr'><strong>‘Historia</strong></span> <span class='ocrx_word' id='word_1_421' title='bbox 986 2609 1167 2641; x_wconf 74' lang='lat' dir='ltr'><strong>Fulclensis.</strong></span> <span class='ocrx_word' id='word_1_422' title='bbox 1211 2609 1313 2642; x_wconf 65' lang='lat' dir='ltr'><strong>Codex</strong></span> <span class='ocrx_word' id='word_1_423' title='bbox 1329 2610 1565 2642; x_wconf 80' lang='lat' dir='ltr'><strong>Probationum&#39;</strong></span> <span class='ocrx_word' id='word_1_424' title='bbox 1583 2622 1616 2650; x_wconf 69' lang='grc' dir='ltr'><strong>μ.</strong></span> <span class='ocrx_word' id='word_1_425' title='bbox 1634 2611 1695 2640; x_wconf 78' lang='grc'><strong>231</strong></span> <span class='ocrx_word' id='word_1_426' title='bbox 1722 2621 1770 2641; x_wconf 76' lang='lat' dir='ltr'><strong>nr.</strong></span> <span class='ocrx_word' id='word_1_427' title='bbox 1792 2611 1853 2641; x_wconf 78' lang='lat'><strong>129</strong></span> 
     </span>
     <span class='ocr_line' id='line_1_45' title="bbox 203 2659 781 2698; baseline 0.002 -7"><span class='ocrx_word' id='word_1_428' title='bbox 203 2661 251 2691; x_wconf 72' lang='lat' dir='ltr'><strong>‘ex</strong></span> <span class='ocrx_word' id='word_1_429' title='bbox 272 2659 472 2698; x_wconf 62' lang='lat' dir='ltr'><strong>authenstco&#39;,</strong></span> <span class='ocrx_word' id='word_1_430' title='bbox 495 2660 550 2692; x_wconf 84' lang='lat' dir='ltr'><strong>sed</strong></span> <span class='ocrx_word' id='word_1_431' title='bbox 571 2661 781 2693; x_wconf 78' lang='lat' dir='ltr'><strong>decurtatum.</strong></span> 
     </span>
    </p>
   </div>
   <div class='ocr_carea' id='block_1_14' title="bbox 311 2715 1212 2757">
    <p class='ocr_par' dir='ltr' id='par_1_15' title="bbox 311 2715 1212 2757">
     <span class='ocr_line' id='line_1_46' title="bbox 311 2715 1212 2757; baseline 0 -10"><span class='ocrx_word' id='word_1_432' title='bbox 311 2715 455 2754; x_wconf 77' lang='lat' dir='ltr'><strong>Bo&#39;hmer,</strong></span> <span class='ocrx_word' id='word_1_433' title='bbox 480 2716 554 2757; x_wconf 74' lang='lat' dir='ltr'><strong>Rey.</strong></span> <span class='ocrx_word' id='word_1_434' title='bbox 572 2716 684 2748; x_wconf 85' lang='lat' dir='ltr'><strong>Ludw.</strong></span> <span class='ocrx_word' id='word_1_435' title='bbox 701 2727 737 2756; x_wconf 83' lang='lat' dir='ltr'><strong>p.</strong></span> <span class='ocrx_word' id='word_1_436' title='bbox 754 2717 818 2747; x_wconf 81' lang='lat'><strong>238</strong></span> <span class='ocrx_word' id='word_1_437' title='bbox 842 2716 1071 2748; x_wconf 77' lang='lat' dir='ltr'><strong>Reichssachen</strong></span> <span class='ocrx_word' id='word_1_438' title='bbox 1094 2727 1141 2749; x_wconf 82' lang='lat' dir='ltr'><strong>nr.</strong></span> <span class='ocrx_word' id='word_1_439' title='bbox 1160 2719 1212 2748; x_wconf 68' lang='lat'><strong>34.</strong></span> 
     </span>
    </p>
   </div>
   <div class='ocr_carea' id='block_1_15' title="bbox 305 2800 1561 2833">
    <p class='ocr_par' dir='ltr' id='par_1_16' title="bbox 305 2800 1561 2833">
     <span class='ocr_line' id='line_1_47' title="bbox 305 2800 1561 2833; baseline 0.001 -5"><span class='ocrx_word' id='word_1_440' title='bbox 305 2800 352 2828; x_wconf 72' lang='lat'><strong>84.</strong></span> <span class='ocrx_word' id='word_1_441' title='bbox 382 2802 406 2833; x_wconf 79' lang='lat'><strong>⁰)</strong></span> <span class='ocrx_word' id='word_1_442' title='bbox 425 2802 479 2828; x_wconf 79' lang='lat' dir='ltr'><strong>loeo</strong></span> <span class='ocrx_word' id='word_1_443' title='bbox 498 2803 568 2829; x_wconf 83' lang='lat' dir='ltr'><strong>mille</strong></span> <span class='ocrx_word' id='word_1_444' title='bbox 586 2803 659 2829; x_wconf 78' lang='lat' dir='ltr'><strong>libris</strong></span> <span class='ocrx_word' id='word_1_445' title='bbox 678 2803 728 2828; x_wconf 59' lang='lat' dir='ltr'><strong>effi:</strong></span> <span class='ocrx_word' id='word_1_446' title='bbox 748 2803 869 2829; x_wconf 72' lang='lat' dir='ltr'><strong>millibus.</strong></span> <span class='ocrx_word' id='word_1_447' title='bbox 958 2802 982 2827; x_wconf 66' lang='lat' dir='ltr'><strong>dl</strong></span> <span class='ocrx_word' id='word_1_448' title='bbox 1003 2804 1179 2828; x_wconf 74' lang='lat' dir='ltr'><strong>ordinm-imu-</strong></span> <span class='ocrx_word' id='word_1_449' title='bbox 1197 2805 1235 2828; x_wconf 74' lang='grc' dir='ltr'><strong>στί.</strong></span> <span class='ocrx_word' id='word_1_450' title='bbox 1325 2806 1348 2829; x_wconf 64' lang='lat' dir='ltr'><strong>*l</strong></span> <span class='ocrx_word' id='word_1_451' title='bbox 1367 2805 1397 2829; x_wconf 77' lang='lat' dir='ltr'><strong>ud</strong></span> <span class='ocrx_word' id='word_1_452' title='bbox 1417 2810 1503 2829; x_wconf 74' lang='lat' dir='ltr'><strong>nostra</strong></span> <span class='ocrx_word' id='word_1_453' title='bbox 1522 2806 1561 2829; x_wconf 78' lang='lat' dir='ltr'><strong>ed.</strong></span> 
     </span>
    </p>
   </div>
   <div class='ocr_carea' id='block_1_16' title="bbox 306 2865 1643 2889">
    <p class='ocr_par' dir='ltr' id='par_1_17' title="bbox 306 2865 1643 2889">
     <span class='ocr_line' id='line_1_48' title="bbox 306 2865 1643 2889; baseline 0.001 -1"><span class='ocrx_word' id='word_1_454' title='bbox 306 2869 343 2888; x_wconf 75' lang='lat' dir='ltr'><strong>m..</strong></span> <span class='ocrx_word' id='word_1_455' title='bbox 354 2869 570 2889; x_wconf 69' lang='lat' dir='ltr'><strong>consrirurionss</strong></span> <span class='ocrx_word' id='word_1_456' title='bbox 581 2870 604 2889; x_wconf 89' lang='lat' dir='ltr'><strong>v.</strong></span> <span class='ocrx_word' id='word_1_457' title='bbox 1616 2865 1643 2889; x_wconf 79' lang='lat' dir='ltr'><strong>ll</strong></span> 
     </span>
    </p>
   </div>
  </div>
 </body>
</html>
