2184 3126
402 213 498 241 ACTA
516 212 630 241 REGNI
651 211 836 240 LUDEWICI
856 211 902 239 lv.
922 211 968 239 m*
987 210 1174 239 Falossfflcl
1194 211 1242 238 111.
1280 211 1354 239 1324.
1391 211 1439 239 Νι.
1451 210 1511 240 928.
1529 211 1590 239 927.
1762 213 1824 243 765

170 345 257 383 926.
299 345 483 383 Revocatio
503 326 751 382 'sententiarum
771 344 933 381 Heinrici
966 343 1050 382 VII.
1071 344 1292 391 imperatoris
1311 347 1427 380 contra
1451 343 1619 380 civitatem
1641 342 1823 379 Lucanam

771 404 935 441 latarum.
1040 403 1131 441 Mai.
1153 406 1215 440 29.

280 478 379 520 Copia
401 479 454 520 (c.)
477 477 591 511 ibidem
609 478 669 521 fol.
685 479 736 511 49.
785 477 983 511 Contulimus
1004 488 1071 512 nos.
1097 497 1135 502 —
1159 478 1221 511 Ed.
1246 477 1266 510 l.
1282 488 1307 511 c.
1325 487 1360 518 p.
1376 478 1441 509 203
1462 487 1512 510 nr.
1531 477 1571 508 15
1594 486 1633 509 ex
1655 487 1683 509 c.

278 538 433 571 Bamaitio
443 549 524 579 quae
535 541 680 571 servatur
690 538 768 570 data
779 540 824 571 est
835 549 865 571 α.
881 538 974 572 1312.
997 539 1079 579 Apr.
1093 540 1143 577 11,
1165 548 1265 579 supra
1280 541 1352 571 tom.
1369 538 1391 570 Ι
1398 537 1431 576 V,
1446 538 1468 568 2
1489 548 1539 570 nr.
1557 538 1640 575 768,-
1661 538 1701 576 cf.
1712 547 1748 578 p.
1761 538 1825 568 929

138 597 150 618 ὓ
169 593 232 624 not.
251 593 270 623 1
291 593 321 623 et
337 601 372 631 p.
390 590 474 622 1064
495 600 545 622 nr.
563 590 665 628 1022;
687 590 727 629 cs.
743 590 840 623 etium
860 600 962 631 supra
983 592 1054 623 tom.
1079 590 1110 622 V
1126 601 1176 622 nr.
1194 591 1257 622 669
1279 600 1348 630 cap.
1364 589 1395 621 2.

276 650 423 688 Bo'hmer,
446 649 521 691 Ray.
538 649 651 683 Dudw.
671 659 704 692 p.
720 650 763 681 42
784 660 835 682 m·-
851 651 924 682 720.

277 727 345 759 Nos
367 726 569 760 Ludovieus·
592 726 654 759 Dei
676 727 782 770 gratia
804 726 1023 759 Romanorum
1053 736 1110 759 rex
1139 736 1268 769 semper
1295 730 1460 768 augustus.

275 778 348 811 Etsi
377 779 480 811 honor
510 778 596 821 regis
619 778 771 810 iudicium
795 777 925 821 diligat,
954 781 1063 810 tamen
1085 779 1262 821 augustalis
1285 778 1458 810 clementia
1481 777 1733 810 misericordiam
1762 788 1824 809 uon

171 830 301 871 refutat,
325 830 400 872 quia
415 840 653 872 nonnumquam
677 840 735 872 per
757 829 908 862 iustitiam
933 828 1164 862 condemnatos
1188 829 1303 862 reddat
1326 840 1384 872 per
1406 830 1543 871 gratiam
1559 829 1734 861 absolutos.
1772 828 1826 861 Sic

128 893 154 915 ιο
171 883 290 925 quippe
306 881 420 914 fideles
443 884 569 913 nostros
591 884 625 914 et
646 881 774 923 imperii
797 891 838 913 ex
861 881 980 913 intimis
996 880 1169 924 diligimus,
1193 880 1279 923 quod
1302 881 1398 924 louge
1422 882 1526 914 carius
1542 881 1703 923 parcimus
1718 890 1824 913 rever-

171 933 326 974 tentibus,
359 944 455 976 quam
486 943 604 975 penam
633 932 854 965 resistentibus
876 932 1067 975 instigamus.
1113 932 1198 965 Sane
1229 932 1350 965 dudum
1379 933 1466 965 clare
1495 932 1650 970 memorie
1679 931 1826 963 dominus

171 985 332 1018 Heuricus
364 984 526 1027 quondam
554 984 803 1027 Ro(manorum)
837 984 1012 1026 imperator
1034 984 1109 1017 VII.
1133 983 1344 1027 predecessor
1375 988 1484 1017 noster
1517 987 1629 1016 contra
1663 984 1826 1015 civitatem

171 1037 335 1070 Lucanam
359 1040 392 1068 et
406 1036 475 1068 eius
491 1035 669 1068 districtum
692 1038 726 1068 et
740 1039 852 1068 contra
867 1046 1003 1068 comune
1027 1039 1060 1068 et
1076 1036 1162 1068 cives
1183 1039 1216 1069 et
1231 1035 1385 1078 spetiales
1400 1046 1554 1078 personas
1569 1035 1714 1067 eiusdem
1730 1044 1825 1076 quas-

171 1088 247 1121 dam
263 1087 540 1121 condemnationis
562 1088 737 1119 sententias
760 1087 978 1129 promulgavit
1000 1087 1259 1130 proscriptiones,
1283 1087 1429 1129 mulctas,
1453 1087 1648 1130 privationes
1671 1090 1704 1119 et
1727 1096 1827 1128 penas

130 1152 154 1172 iu
173 1140 253 1173 alias
268 1140 460 1182 infligentes,
483 1150 542 1182 pro
558 1149 597 1172 eo
609 1138 696 1181 quod
712 1139 772 1181 ipsi
787 1142 860 1171 tunc
882 1150 902 1171 a
917 1138 1074 1172 fidelitate
1090 1142 1291 1171 recesserant
1306 1142 1339 1172 et
1355 1149 1445 1171 sacro
1461 1139 1598 1181 imperio
1614 1137 1826 1170 rebellabant.

171 1191 265 1224 Nunc
287 1202 375 1232 vero,
398 1192 474 1234 quia
496 1191 618 1234 civitas,
642 1190 813 1232 districtus,
837 1201 972 1224 comune
995 1195 1028 1223 et
1050 1191 1136 1223 cives
1160 1190 1277 1233 prefati
1299 1190 1341 1223 ad
1356 1190 1548 1223 fidelitatem
1572 1194 1605 1222 et
1621 1189 1827 1222 devotionem

174 1244 294 1276 reversi
309 1254 399 1276 sacro
415 1254 450 1276 se
466 1243 602 1285 imperio
625 1243 656 1274 in
674 1243 813 1286 puritate
829 1246 862 1274 et
878 1243 1063 1285 integritate
1079 1242 1153 1274 fidei
1171 1241 1380 1274 reddiderunt
1396 1245 1430 1274 et
1444 1242 1476 1274 in
1492 1241 1553 1274 hoe
1570 1242 1735 1284 proposito
1751 1240 1827 1272 fidei

173 1305 208 1328 se
231 1295 340 1327 firmos
367 1299 400 1327 et
422 1293 554 1327 stabiles
577 1304 676 1336 opere
700 1293 910 1336 comprobant
939 1297 972 1326 et
999 1293 1133 1335 effectu,
1164 1304 1222 1325 nos
1244 1294 1299 1336 qui
1322 1293 1445 1326 eisdem
1469 1294 1556 1335 pium
1587 1296 1622 1325 et
1642 1292 1827 1325 benivolum

173 1346 326 1379 affectum
350 1346 492 1389 gerimus
513 1349 546 1378 et
569 1349 720 1388 tanquam
744 1345 827 1378 filios
849 1355 1069 1388 peramamus,
1097 1345 1225 1388 culpam
1259 1345 1464 1387 preter-itam,
1495 1355 1591 1387 quam
1615 1345 1675 1387 ipsi
1699 1344 1829 1377 student

130 1408 157 1429 »ο
175 1397 301 1430 devotis
317 1401 351 1430 et
365 1397 513 1430 fidelibus
528 1397 652 1430 actibus
669 1398 812 1440 expiare,
828 1398 1040 1438 remittentes,
1064 1397 1187 1430 eisdem
1204 1397 1245 1430 de
1261 1398 1367 1439 gratia
1382 1396 1508 1439 spetiali
1525 1406 1638 1429 omnes
1653 1396 1829 1428 sententias

174 1459 232 1491 per
261 1449 381 1481 dictum
411 1448 575 1481 dominum
606 1448 783 1481 Henrieum
814 1451 924 1481 contra
952 1449 1039 1491 ipsos
1066 1448 1209 1491 prolatas
1239 1448 1280 1481 de
1312 1448 1510 1490 plenitudine
1540 1448 1709 1490 potestatis
1740 1448 1828 1490 regie

174 1500 358 1533 relaxamus
380 1503 414 1533 et
433 1510 631 1542 revocamus,
655 1499 811 1543 quidquid
834 1510 876 1533 ex
899 1500 946 1532 eis
968 1501 1019 1532 vel
1043 1500 1084 1532 ob
1108 1500 1183 1532 easb
1206 1500 1326 1532 factum
1349 1499 1401 1532 vel
1423 1503 1569 1532 secutum
1593 1500 1713 1540 existit,
1736 1499 1828 1531 resti-

173 1554 301 1584 tuentes
317 1551 450 1584 eosdem
466 1551 582 1585 eadem
598 1555 760 1595 potestate
777 1555 888 1584 eontra
904 1552 990 1594 ipsas
1005 1552 1181 1584 sententias
1196 1552 1228 1583 in
1245 1552 1404 1594 integrum
1421 1554 1454 1583 et
1469 1552 1501 1583 in
1517 1554 1635 1583 statum
1651 1551 1829 1593 pristinum,

173 1604 240 1637 acsi
268 1603 337 1646 ipse
361 1603 519 1636 sententie
546 1614 610 1636 non
633 1603 768 1636 fuissent
794 1603 836 1636 ab
858 1603 949 1635 initio
973 1603 1186 1646 promulgate.
1221 1603 1289 1635 ‘Ad
1313 1613 1394 1645 quos
1416 1603 1597 1645 spetialiter
1623 1613 1682 1634 nos
1704 1602 1830 1634 induxit

129 1665 155 1686 a
175 1655 392 1698 predictorum
414 1654 559 1687 fidelium
581 1658 762 1687 nostrorum
784 1665 868 1687 nova
886 1665 1034 1687 crescens
1057 1658 1091 1687 et
1112 1655 1205 1694 firma
1227 1654 1357 1687 devotio
1381 1658 1413 1686 et
1436 1654 1613 1687 fidelissimi
1636 1659 1686 1687 et⁰
1709 1654 1829 1686 strenui

174 1707 232 1739 viri
248 1705 438 1750 Castruo[ci]
462 1707 504 1739 de
520 1706 758 1739 Antelminellis
781 1707 829 1739 sui
853 1707 963 1739 vicarii
986 1717 1045 1749 pro
1068 1707 1145 1749 ipsis
1161 1706 1395 1748 interpellantis
1411 1706 1524 1749 suplex
1547 1707 1662 1748 petitio
1685 1709 1718 1738 et
1741 1706 1832 1737 favor

173 1758 302 1799 multus,
326 1769 422 1801 quem
445 1758 528 1801 ipsi‘¹
544 1759 686 1801 gerimus
701 1769 743 1790 ex
757 1758 887 1791 affectu.
925 1759 1159 1791 Verumtamen
1175 1757 1337 1800 predictas
1352 1758 1529 1790 sententias
1544 1768 1606 1789 non
1621 1757 1831 1800 intelligimus

173 1810 335 1842 relaxatas
357 1809 399 1841 ad
423 1803 494 1842 illos
517 1809 558 1842 de
581 1809 704 1842 civibus
720 1809 883 1852 predictis,
907 1810 961 1852 qui
976 1810 1007 1842 in
1024 1809 1202 1842 rebellione
1225 1810 1434 1852 persistentes
1455 1808 1548 1841 nobis
1571 1812 1605 1841 et
1627 1809 1762 1851 imperio
1779 1809 1830 1840 vel

174 1860 261 1893 dioto
284 1861 404 1893 vicario
432 1864 541 1893 nostro
568 1863 676 1894 nostro
700 1862 829 1893 nomine
858 1872 920 1894 non
949 1860 1107 1894 obediunt
1129 1871 1190 1893 neo
1212 1860 1394 1902 intendunt,
1425 1861 1484 1892 nisi
1511 1860 1595 1892 forte
1623 1858 1666 1892 ad
1693 1861 1830 1903 requisi-

126 1922 155 1943 ao
173 1912 294 1945 tionem
317 1912 394 1944 dicti
419 1911 583 1945 Oastrucci
606 1912 690 1945 infra
713 1914 894 1954 terminum,
919 1923 1014 1956 quem
1039 1913 1220 1956 prefixerit,
1243 1912 1285 1945 ad
1308 1913 1498 1945 fidelitatem
1522 1911 1677 1944 redierint
1705 1915 1740 1944 et
1762 1913 1831 1945 eius

173 1964 386 2007 beneplacitis
409 1966 574 2007 paruerint
599 1968 633 1997 et
655 1965 825 1998 mandatis.
914 1965 951 1997 In
980 1966 1070 1997 cuius
1098 1968 1207 1997 nostre
1237 1964 1450 2003 remissionis,
1480 1963 1706 2002 relaxationis,
1737 1973 1830 1995 revo—

171 2016 306 2049 cationis
329 2019 363 2048 et
385 2016 596 2049 restitutionis
629 2017 846 2050 testimonium
873 2019 1039 2059 presentes
1066 2016 1181 2049 damus
1204 2016 1328 2048 litteras
1350 2014 1447 2058 sigilli
1470 2015 1569 2047 nostri
1599 2014 1715 2047 robore
1743 2025 1831 2047 com-

173 2068 323 2100 munitas.

279 2118 400 2151 Datum
432 2119 463 2151 in
488 2119 739 2161 Franchenfurt,
771 2119 849 2151 1111.
867 2119 940 2152 Kal.
965 2119 1058 2160 Iunii,
1086 2130 1169 2152 anno
1193 2118 1326 2151 Domini
1348 2117 1612 2158 MCCCXXIIII,
1636 2118 1728 2160 regni
1755 2128 1831 2150 vero

129 2177 154 2200 a
175 2170 275 2203 nostri
296 2181 380 2203 anno
404 2171 446 2203 X.

366 2267 454 2305 927.
494 2267 696 2305 Commissi«)
723 2269 913 2305 vicariatus
942 2267 1091 2304 civitatis
1118 2267 1353 2304 Pistor-ienais.
1459 2267 1549 2304 Μαί.
1575 2269 1638 2304 29.

285 2341 400 2383 Copiae
422 2342 506 2375 duae
523 2345 537 2374 1
557 2345 586 2374 et
603 2344 623 2375 2
639 2342 753 2375 ibidem
775 2342 831 2382 sol.
846 2343 899 2374 48¹
914 2345 944 2374 et
958 2342 1021 2374 49⁴.
1069 2341 1268 2375 Concidimus
1288 2352 1355 2375 nos.
1383 2359 1417 2365 —
1443 2341 1507 2374 Ed.
1523 2341 1544 2375 l.
1555 2351 1580 2374 c.
1590 2352 1627 2383 p.
1637 2342 1702 2374 205
1716 2351 1766 2373 nr.
1782 2341 1831 2372 16.

285 2401 375 2442 Quae
390 2402 579 2435 concordant
593 2412 664 2435 cum
674 2402 742 2436 alia
756 2403 978 2436 Commissione
988 2412 1089 2443 supra
1099 2412 1150 2435 nr.
1164 2402 1237 2441 925,
1249 2412 1286 2435 ea
1299 2402 1384 2444 typis
1397 2401 1573 2435 minoribus
1587 2410 1735 2442 expressa
1745 2403 1831 2433 mant.

285 2459 432 2500 Bo'hmer,
455 2460 532 2502 Rey.
547 2461 662 2496 Ludw.
670 2474 708 2503 p.
724 2464 768 2495 42
788 2474 838 2495 nr.
856 2463 929 2495 721.

134 2547 161 2567 ω
265 2535 424 2564 Ludovicus
441 2536 493 2566 Dei
515 2538 610 2574 gratia
630 2539 816 2567 Romanorum
839 2547 887 2567 rex
908 2547 1017 2574 semper
1034 2541 1173 2574 augustus
1243 2538 1391 2575 magnifico
1414 2538 1473 2566 viro
1490 2538 1654 2567 Casuuccio
1676 2538 1711 2566 de
1736 2537 1831 2565 Antel-

181 2586 323 2615 misellis⁸
342 2587 448 2616 vicario
465 2588 647 2623 Lucanorum,
667 2599 717 2618 suo
734 2593 764 2619 et
783 2590 893 2626 imperii
912 2590 987 2618 fideli
1006 2589 1111 2618 dilecto
1180 2590 1303 2626 gratiam
1321 2599 1400 2618 suam
1418 2592 1448 2618 et
1465 2598 1546 2618 omne
1565 2589 1676 2618 bonum.

287 2638 374 2685 Regis
393 2638 577 2668 liberalitati·
595 2641 746 2670 elementia
770 2642 799 2670 in
817 2651 889 2671 suos
907 2642 1011 2671 fideles
1029 2643 1185 2678 gratiarum
1208 2643 1281 2671 dona
1302 2642 1510 2678 multiplicans,
1534 2642 1592 2670 illis
1613 2641 1747 2677 precipue
1770 2650 1831 2669 con-

179 2691 272 2719 suevit
291 2700 436 2727 assurgere
454 2692 534 2728 larga
552 2702 644 2727 maun.
662 2694 711 2729 qui
731 2704 780 2730 pei·
798 2704 920 2731 pugnam
934 2695 1096 2723 continuam
1115 2695 1143 2723 in
1162 2694 1281 2723 rebelle·
1299 2703 1350 2730 pro
1367 2693 1541 2723 exaltatione
1558 2702 1658 2722 corone
1676 2693 1833 2729 singulares

280 2768 349 2796 926.
375 2769 400 2802 ὓ)
419 2770 563 2797 Lodovious
581 2780 603 2798 c.
691 2772 715 2804 b)
733 2774 771 2799 eis
789 2782 809 2799 r.
898 2774 922 2805 e)
941 2774 966 2800 in
986 2782 1006 2800 e.
1094 2773 1119 2806 ἅ)
1138 2774 1200 2808 ipsis
1218 2782 1239 2800 e.

130 2827 158 2847 ⁴³
280 2819 346 2848 ⁰27.
374 2822 399 2853 ⁵)
418 2822 494 2848 -nelis
511 2821 536 2849 2.
