2184 3126
335 191 395 220 786
607 185 701 212 ACTA
722 184 834 211 REGNI
854 183 1039 210 LUDEWICI
1058 182 1105 210 IV.
1124 182 1171 209 ΕΤ
1191 181 1377 209 FRIDERICI
1396 182 1445 209 111.
1481 182 1557 210 1324.
1594 182 1642 209 Nr.
1655 182 1714 210 944.

331 273 411 305 libet
437 274 539 314 ipsum
568 273 729 303 incurrere
753 271 899 302 volumus
923 270 992 311 ipso
1016 270 1118 309 facto,
1142 270 1169 300 si
1192 269 1348 310 premissa
1371 268 1602 309 contempserit
1625 269 1860 302 contumaciter
1881 269 1988 303 adim-

238 336 287 357 Oct.
298 339 315 358 ι.
331 324 430 366 plere.
476 324 650 365 Ipsumque
674 321 897 353 nichilominus
913 321 1048 351 citamus
1071 330 1130 361 per
1145 320 1206 351 hoc
1230 319 1371 351 edictum
1386 318 1560 361 publicum,
1583 322 1620 350 ut
1635 319 1820 361 Kal(endis)
1836 320 1987 354 Octobris

331 376 477 417 proximo
508 375 666 406 venturise
695 373 746 404 vel
776 372 925 414 sequenti
956 371 1007 402 die
1035 382 1099 402 non
1130 371 1261 411 feriata,
1289 371 1315 401 si
1346 369 1415 401 dies
1438 370 1685 411 Kal(endarum)
1715 371 1858 412 ipsarum
1890 372 1987 405 fuerit

331 427 458 466 feriata,
483 436 578 467 quam
603 425 662 455 sibi
685 423 902 466 peremptorie
927 422 967 454 de
994 422 1170 454 eorundem
1195 422 1330 453 fratrum
1357 421 1489 453 consilio
1519 422 1735 462 assignamus,
1763 433 1822 464 per
1848 433 1883 455 se
1913 424 1988 456 seu'

331 488 389 519 per
411 479 650 518 procuratorem
675 475 837 517 ydoneum
862 477 1052 515 compareat
1079 484 1187 505 coram
1211 472 1303 504 nobis
1327 477 1442 514 super¹3
1465 473 1558 514 penis
1580 472 1666 514 aliis,
1697 473 1813 516 quibus
1836 485 1987 508 excessus
2017 487 2029 506 ⁵

330 528 465 570 predicti
489 529 593 568 ipsum
616 526 754 557 reddunt
778 526 972 565 obnoxium,
1003 525 1197 556 sententiam
1221 523 1388 555 auditurus
1413 526 1446 555 et
1468 524 1549 556 alias
1571 524 1725 566 facturus,
1754 525 1842 567 quod
1864 527 1987 559 iustitia

330 579 486 610 suadebit.
538 578 748 609 Predicentes
777 577 901 617 eidem,
935 576 1020 618 quod
1053 577 1120 607 sive
1150 576 1274 607 venerit
1303 585 1361 607 seu
1392 575 1517 607 miserit
1542 576 1608 607 sive
1637 586 1700 608 non
1727 577 1853 608 venerit
1879 588 1986 620 neque

330 631 460 666 miserit,
484 640 541 660 nos
564 629 604 660 ad
629 629 820 660 sententiam
845 627 1023 669 predictam
1047 627 1243 659 coniunctim.
1263 627 1314 658 vel
1339 626 1475 666 divisim,
1499 630 1595 668 prout
1618 627 1775 669 expedire
1799 628 1986 670 viderimus,

329 681 450 722 absque
474 681 624 711 citatione
649 680 712 711 alia
736 679 958 721 procedemus.

439 743 486 772 14.
520 740 684 772 Universis
707 742 856 781 preterea
880 738 1156 777 christifidelibus,
1187 739 1403 779 cuiuscunque
1427 737 1632 780 conditionis,
1656 739 1893 781 preminentie'³
1915 741 1986 772 seui
2006 751 2031 770 ιο

329 795 429 823 status
453 792 606 832 existant,
631 791 730 823 etiam
753 791 779 821 si
803 790 959 832 dignitate
984 789 1200 832 patriarchali,
1224 789 1400 831 pontificali
1423 793 1480 821 aut
1502 789 1566 822 alia
1588 791 1745 832 superiori
1768 791 1820 823 vel
1843 791 1987 824 inferiori

328 854 385 875 seu
408 844 506 875 etiam
529 843 631 884 regali
654 842 788 874 forsitan
812 842 1018 882 decorentur,
1050 851 1174 873 necnon
1198 844 1231 873 et
1254 840 1325 872 aliis
1346 841 1494 883 personis
1516 841 1757 884 ecclesiasticis,
1787 843 1987 875 secularibus

329 895 379 927 vel
402 894 604 936 regularibus
620 894 835 936 cuiuscunque
859 894 1022 935 religionis
1048 896 1106 925 aut
1121 893 1251 933 ordinis,
1275 892 1410 924 ducibus
1425 903 1565 935 quoque,
1588 893 1837 935 marchionibus,
1861 895 1986 926 comiti-

329 946 396 986 bus,
420 946 670 985 vicecomitibus,
694 945 876 986 baronibus,
901 944 1163 977 universitatibus
1179 945 1356 984 civitatum,
1380 947 1556 976 castrorum
1573 948 1818 988 ceterommque
1840 946 1987 979 locorum

329 1001 361 1030 et
384 998 566 1040 specialiter
587 997 743 1029 universis
766 997 878 1028 incolis
902 1000 935 1029 et
959 996 1195 1028 habitatoribus
1219 995 1408 1028 eorumdem
1424 997 1515 1038 regni
1539 999 1574 1028 et
1594 997 1722 1038 imperii
1737 997 1984 1039 Roman(orum)
2005 1008 2030 1028 us

327 1049 509 1080 inhibemus
533 1053 565 1080 et
588 1048 778 1080 mandamus
801 1058 973 1090 expresse,
1003 1059 1043 1080 ne
1073 1047 1179 1079 eidem
1203 1047 1369 1079 Ludovico
1396 1058 1495 1089 super
1517 1047 1595 1089 hiis,
1623 1059 1686 1090 que
1715 1048 1758 1080 ad
1780 1048 1996 1082 administra-,

328 1102 448 1132 tionem
478 1101 568 1142 regni
596 1100 647 1132 vel
680 1101 805 1142 imperii
836 1100 1053 1141 predictorum
1085 1100 1261 1140 pertinent,
1300 1099 1528 1141 quoquomodo
1562 1100 1726 1141 assistant,
1760 1103 1898 1142 pareant
1928 1111 1986 1133 seu

328 1152 495 1183 intendant
516 1156 572 1183 aut
594 1155 739 1193 prestent
762 1151 868 1183 eidem
893 1151 1072 1191 consilium,
1096 1150 1253 1182 auxilium
1277 1151 1329 1183 vel
1353 1151 1498 1183 favorem
1521 1162 1580 1193 per
1602 1162 1637 1183 se
1660 1151 1712 1183 vel
1734 1152 1833 1184 alium
1856 1151 1986 1194 publice

328 1204 379 1234 vel
403 1204 542 1244 occulte,
567 1214 756 1245 quacunque
781 1204 950 1235 occasione
980 1204 1122 1244 quesita,
1154 1203 1253 1234 etiam
1282 1202 1453 1244 pretextu*
1476 1203 1612 1235 alicuius
1639 1203 1783 1246 homagii
1804 1203 1857 1236 vel
1879 1204 1986 1236 cuius-

328 1266 451 1297 cunque
468 1255 690 1297 colligationis,
717 1254 1000 1295 confederationis,
1025 1255 1189 1286 societatis
1205 1264 1262 1286 seu
1278 1255 1417 1286 cuiusvis
1432 1255 1652 1287 conventionis
1667 1259 1725 1287 aut
1739 1255 1805 1297 lige
1821 1258 1986 1288 contracte
2005 1265 2031 1284 ιο

327 1311 423 1338 antea
447 1307 498 1338 vel
521 1308 550 1338 in
575 1310 737 1348 posterum
762 1306 996 1346 contrahendo,
1020 1307 1146 1338 etiamsi
1171 1306 1408 1348 colligationes,
1433 1306 1728 1348 confederationes,
1757 1308 1931 1340 societates
1953 1310 1987 1339 et

327 1359 555 1390 conventiones
578 1358 762 1390 huiusmodi
787 1362 820 1390 et
844 1358 908 1390 alia
931 1358 1117 1400 supradicta
1140 1369 1295 1400 penarum
1319 1358 1515 1399 adiectione,
1539 1358 1719 1391 litterarum
1741 1359 1793 1391 vel
1815 1359 1985 1391 iuramenti

328 1421 385 1442 seu
408 1410 577 1442 cuiuslibet
599 1410 731 1442 alterius
755 1414 862 1442 essent
885 1411 1011 1442 vinculo
1034 1410 1194 1442 firmitatis
1209 1411 1337 1442 innexa.
1382 1410 1451 1442 Nos
1474 1411 1560 1442 enim
1575 1410 1809 1453 colligationes,
1832 1410 1986 1443 confede-

328 1463 476 1502 rationes,
499 1463 681 1502 societates,
706 1463 936 1494 conventiones
959 1466 1133 1504 ceteraque
1157 1462 1340 1494 huiusmodi
1355 1462 1513 1504 premissa
1529 1462 1635 1504 quoad
1651 1462 1713 1494 bec
1729 1463 1770 1494 de
1786 1461 1986 1504 plenitudine

328 1513 531 1544 dissolvimus
554 1514 734 1554 potestatis,
759 1514 939 1545 iuramenta
957 1523 1054 1555 super
1069 1513 1132 1544 illis
1147 1514 1282 1554 prestita
1298 1523 1464 1556 penasque
1479 1518 1654 1556 propterea
1668 1514 1842 1556 premissas
1857 1514 1986 1556 penitus
2003 1523 2028 1543 ιε

327 1565 509 1597 relaxantes
533 1565 578 1596 et¹
594 1565 758 1596 universos
782 1568 815 1596 et
837 1565 990 1607 singulos,
1015 1566 1067 1607 qui
1093 1575 1148 1598 eas
1164 1568 1394 1597 contraxerant
1415 1576 1450 1597 se
1473 1565 1515 1597 ad
1535 1565 1773 1598 observantiam
1796 1564 1985 1598 earumdem

327 1620 608 1659 quantumcunque
633 1617 807 1648 solenniter
834 1617 1055 1658 astringendo,
1095 1617 1135 1649 ab
1172 1617 1313 1659 ipsarum
1344 1618 1376 1648 in
1404 1617 1568 1659 premissis
1598 1617 1823 1649 observatione
1857 1617 1986 1659 penitus

327 1669 540 1700 absolventes.

438 1732 485 1760 15.
509 1728 700 1770 Specialiter
722 1732 832 1761 autem
849 1729 961 1761 incolis
977 1731 1011 1760 et
1026 1729 1260 1761 habitatoribus
1277 1729 1454 1761 eorundem
1478 1730 1570 1771 regni
1585 1733 1619 1761 et
1633 1729 1761 1771 imperii
1777 1729 1986 1773 prohibemus
2022 1743 2023 1746 ¹

327 1791 490 1822 expresse,
515 1791 554 1811 ne
579 1780 663 1812 dicto
680 1781 846 1813 Ludovico
863 1781 916 1813 vel
939 1781 993 1812 alii
1010 1791 1068 1823 pro
1086 1791 1125 1813 eo
1150 1780 1190 1813 de
1214 1780 1394 1813 redditibus
1417 1781 1495 1813 vel¹²²
1512 1781 1760 1813 obventionibus
1775 1781 1843 1813 sive
1862 1779 1984 1813 iuribus
2002 1791 2029 1812 so

327 1832 491 1873 regalibus
507 1832 558 1864 vel
580 1832 802 1873 imperialibus
825 1844 882 1865 seu
906 1834 1030 1865 ratione
1055 1834 1145 1874 regni
1162 1833 1213 1864 vel
1235 1833 1364 1875 imperii
1379 1833 1598 1875 predictorum
1621 1835 1678 1865 aut
1700 1833 1833 1865 dominii
1849 1833 1987 1864 cuiusvis

328 1894 386 1924 per
413 1894 486 1915 eum
514 1885 656 1926 usurpati
689 1885 720 1915 in
751 1884 813 1915 illis
842 1884 1061 1926 respondeant
1091 1884 1143 1916 vel
1173 1884 1270 1916 aliam
1299 1885 1490 1926 impendere
1517 1884 1576 1916 sub
1604 1895 1796 1927 quocunque
1825 1884 1985 1916 velamine

327 1934 578 1966 satisfactionem
602 1938 805 1977 attemptent.
856 1936 1008 1978 Alioquin
1033 1947 1144 1968 omnes
1172 1936 1353 1978 singulares
1380 1946 1549 1978 personas,
1578 1937 1796 1979 cuiuscunque
1825 1937 1890 1969 sint
1911 1947 1985 1978 pre-

326 1986 489 2026 minentie,
514 1987 703 2018 conditionis
725 1991 781 2019 aut
803 1990 905 2019 status
929 1988 1139 2020 ecclesiastici
1155 1989 1206 2021 vel
1227 1989 1390 2030 mundani,
1414 1989 1766 2030 excommunicationis,
1790 1992 1894 2021 terras
1908 1999 1985 2021 vero

327 2041 360 2068 et
383 2037 453 2069 loca
475 2038 617 2079 ipsorum
641 2049 766 2071 necnon
789 2040 948 2080 civitates,
971 2044 1086 2081 castra,
1110 2040 1202 2072 villas
1226 2043 1259 2072 et
1274 2041 1346 2072 loca
1370 2051 1560 2083 quecunque
1583 2040 1646 2072 alia
1662 2040 1798 2072 ubilibet
1812 2041 1985 2072 constituta
2005 2048 2029 2067 ³⁵

327 2092 359 2120 et
382 2090 604 2122 universitates
629 2095 771 2130 eorumn,
795 2101 858 2132 que
881 2090 1044 2133 predictas
1067 2091 1276 2123 inhibitiones
1298 2092 1351 2123 vel
1375 2102 1486 2124 earum
1510 2092 1652 2134 aliquam
1674 2092 1830 2133 preterire
1853 2092 1984 2134 propria

328 2141 508 2172 temeritate
522 2145 754 2182 presumerent,
770 2142 933 2174 interdicti
945 2143 1122 2183 sententiis,
1140 2153 1220 2185 quas
1232 2154 1358 2175 exnunc
1370 2143 1572 2186 proferimus,
1590 2143 1794 2175 decernimus
1805 2143 1983 2175 subiacere.

328 2191 400 2222 Non
427 2192 626 2224 obstantibus
655 2193 820 2234 quibusvis
850 2194 1027 2236 privilegiis
1055 2198 1088 2227 et
1117 2194 1326 2237 indulgentiis
1356 2195 1543 2237 apostolicis
1573 2195 1701 2237 prefato
1730 2195 1898 2227 Ludovico
1927 2205 1985 2227 seu

329 2243 492 2284 quibusvis
520 2246 663 2285 personis
693 2246 852 2287 religiosis
882 2250 916 2278 et
942 2246 1141 2278 secularibus
1170 2257 1208 2278 ac
1231 2247 1304 2278 aliis
1326 2238 1397 2279 tam
1421 2247 1649 2279 ecclesiasticis
1678 2257 1774 2289 quam
1803 2246 1984 2287 mundanis,

329 2295 541 2343 cuiuscunque
565 2297 791 2338 preminentie,
815 2301 930 2339 status,
961 2298 1127 2340 dignitatis
1150 2298 1202 2330 vel
1225 2298 1418 2330 conditionis
1441 2299 1596 2339 existant,
1627 2299 1753 2330 etiamsi
1776 2298 1984 2340 patriarchali
2002 2309 2029 2328 ιο

329 2346 380 2377 vel
414 2346 526 2378 maiori
561 2358 616 2379 seu
652 2349 752 2389 regali
786 2353 843 2380 aut
874 2349 939 2381 alia
967 2360 1159 2392 quacunque
1187 2350 1394 2392 prefulgeant
1423 2350 1596 2392 dignitate,
1627 2353 1683 2382 aut
1711 2350 1983 2391 universitatibus,

330 2398 617 2439 communitatibus,
642 2400 841 2432 civitatibus⁰
863 2404 896 2433 et
918 2401 998 2433 locis
1021 2401 1092 2433 aliis
1115 2403 1329 2434 communiter
1343 2402 1396 2434 vel
1420 2402 1546 2433 divisim
1569 2402 1629 2433 sub
1653 2411 1857 2444 quacumque
1880 2402 1983 2434 forma

329 2448 379 2478 vel
397 2450 601 2489 expressione
618 2451 787 2483 verborum
810 2452 851 2484 ab
875 2453 991 2485 eadem
1014 2453 1093 2485 sede
1117 2454 1277 2485 concessis
1297 2453 1350 2485 vel
1371 2453 1403 2485 in
1427 2457 1592 2495 posterum
1616 2453 1840 2494 concedendis,
1864 2454 1984 2486 eciam-

329 2499 355 2529 si
379 2499 419 2530 de
443 2499 505 2531 illis
521 2504 651 2543 totoque
676 2506 787 2535 tenore
811 2505 953 2545 ipsorum
970 2504 1011 2536 de
1028 2504 1126 2536 verbo
1143 2505 1186 2537 ad
1200 2504 1335 2537 verbum
1358 2505 1543 2547 specialiter
1566 2508 1599 2537 et
1621 2515 1775 2547 expresse
1799 2509 1984 2548 oporteret?

329 2549 399 2581 fieri
422 2551 626 2591 mentionem,
651 2564 712 2594 que
736 2554 795 2586 sibi
818 2555 871 2587 vel
894 2566 1006 2588 eorum
1029 2557 1126 2588 alicui
1149 2561 1261 2588 contra
1283 2559 1469 2598 presentem
1491 2567 1676 2598 processum
1700 2557 1752 2589 vel
1774 2557 1884 2599 aliqua
1907 2567 1983 2590 con·
2001 2567 2026 2586 4⁵

299 2631 302 2634 ,
330 2604 418 2633 tenta
441 2602 471 2632 in
495 2603 564 2644 ipso
587 2604 618 2634 in
635 2605 721 2636 nullo
738 2606 885 2638 volumus
908 2607 1086 2649 suffragari.
1132 2608 1203 2645 Que
1222 2608 1352 2650 quidem
1375 2608 1545 2651 privilegia
1568 2612 1602 2640 et
1623 2607 1839 2651 indulgentias
1855 2610 1984 2641 omnino

432 2711 498 2739 944.
526 2714 547 2744 e)
567 2716 681 2741 venturis
701 2718 814 2749 proximo
832 2718 857 2745 3.
945 2718 964 2750 s)
983 2720 1091 2753 vel(per)
1110 2720 1134 2746 3.
1223 2721 1248 2753 Β)
1267 2722 1315 2747 sub
1333 2720 1359 2748 3.
1446 2720 1473 2754 ¹¹)
1492 2730 1560 2748 corr.
1580 2730 1611 2748 ex
1628 2730 1723 2755 preem.
1742 2721 1766 2747 1.
1847 2720 1867 2754 ¹)
1885 2722 1940 2747 sive
1957 2722 1982 2747 3.

329 2753 355 2829 k}
374 2758 445 2780 textu
463 2756 490 2780 in
506 2756 563 2823 {oco
581 2765 641 2782 raso
662 2758 684 2783 1.
764 2759 782 2792 1)
801 2769 831 2786 ac
849 2761 873 2787 3.
953 2762 985 2793 ¹⁷³)
1005 2763 1073 2788 deest
1090 2762 1114 2788 3.
1194 2764 1220 2796 ¹¹)
1240 2765 1353 2797 ipsorum
1373 2763 1396 2790 3.
1475 2763 1500 2797 ⁰)
1519 2769 1545 2790 et
1562 2765 1587 2790 lo
1606 2765 1740 2790 ivitatibus
1757 2773 1810 2790 non
1827 2769 1943 2790 correcta
1955 2763 1982 2790 3.

329 2801 343 2818 Ι)
374 2802 488 2830 oporteat
523 2817 530 2824 .
