<?xml version="1.0" encoding="UTF-8"?>
<!DOCTYPE html PUBLIC "-//W3C//DTD XHTML 1.0 Transitional//EN"
    "http://www.w3.org/TR/xhtml1/DTD/xhtml1-transitional.dtd">
<html xmlns="http://www.w3.org/1999/xhtml" xml:lang="en" lang="en">
 <head>
  <title>
</title>
<meta http-equiv="Content-Type" content="text/html;charset=utf-8" />
  <meta name='ocr-system' content='tesseract 3.04.00' />
  <meta name='ocr-capabilities' content='ocr_page ocr_carea ocr_par ocr_line ocrx_word'/>
</head>
<body>
  <div class='ocr_page' id='page_1' title='image "./monumentagerma05geseuoft_0697.png"; bbox 0 0 2184 3126; ppageno 0'>
   <div class='ocr_carea' id='block_1_1' title="bbox 167 987 192 1007">
    <p class='ocr_par' dir='ltr' id='par_1_1' title="bbox 167 987 192 1007">
     <span class='ocr_line' id='line_1_1' title="bbox 167 987 192 1007; baseline 0 0"><span class='ocrx_word' id='word_1_1' title='bbox 167 987 192 1007; x_wconf 68' lang='lat'><strong>1!</strong></span> 
     </span>
    </p>
   </div>
   <div class='ocr_carea' id='block_1_2' title="bbox 166 2021 192 2042">
    <p class='ocr_par' dir='ltr' id='par_1_2' title="bbox 166 2021 192 2042">
     <span class='ocr_line' id='line_1_2' title="bbox 166 2021 192 2042; baseline 0 0"><span class='ocrx_word' id='word_1_2' title='bbox 166 2021 192 2042; x_wconf 67' lang='lat'><strong>⁸3</strong></span> 
     </span>
    </p>
   </div>
   <div class='ocr_carea' id='block_1_3' title="bbox 166 2276 193 2296">
    <p class='ocr_par' dir='ltr' id='par_1_3' title="bbox 166 2276 193 2296">
     <span class='ocr_line' id='line_1_3' title="bbox 166 2276 193 2296; baseline 0.037 -1"><span class='ocrx_word' id='word_1_3' title='bbox 166 2276 193 2296; x_wconf 75' lang='lat'><strong>⁴⁰</strong></span> 
     </span>
    </p>
   </div>
   <div class='ocr_carea' id='block_1_4' title="bbox 169 2537 191 2556">
    <p class='ocr_par' dir='ltr' id='par_1_4' title="bbox 169 2537 191 2556">
     <span class='ocr_line' id='line_1_4' title="bbox 169 2537 191 2556; baseline 0 0"><span class='ocrx_word' id='word_1_4' title='bbox 169 2537 191 2556; x_wconf 70' lang='grc'><strong>15</strong></span> 
     </span>
    </p>
   </div>
   <div class='ocr_carea' id='block_1_5' title="bbox 488 145 1872 180">
    <p class='ocr_par' dir='ltr' id='par_1_5' title="bbox 488 145 1872 180">
     <span class='ocr_line' id='line_1_5' title="bbox 488 145 1872 180; baseline -0.001 -5"><span class='ocrx_word' id='word_1_5' title='bbox 488 145 584 175; x_wconf 76' lang='lat' dir='ltr'>ACTA</span> <span class='ocrx_word' id='word_1_6' title='bbox 603 145 717 175; x_wconf 67' lang='lat' dir='ltr'><strong>amm</strong></span> <span class='ocrx_word' id='word_1_7' title='bbox 735 145 920 174; x_wconf 75' lang='lat' dir='ltr'>LUDEWICI</span> <span class='ocrx_word' id='word_1_8' title='bbox 939 145 986 173; x_wconf 91' lang='lat' dir='ltr'><strong>1v.</strong></span> <span class='ocrx_word' id='word_1_9' title='bbox 1006 145 1052 173; x_wconf 78' lang='lat' dir='ltr'><strong>m·</strong></span> <span class='ocrx_word' id='word_1_10' title='bbox 1070 145 1253 174; x_wconf 73' lang='lat' dir='ltr'><strong>anssmm</strong></span> <span class='ocrx_word' id='word_1_11' title='bbox 1271 145 1322 173; x_wconf 90' lang='lat'>111.</span> <span class='ocrx_word' id='word_1_12' title='bbox 1358 145 1433 174; x_wconf 74' lang='lat'>1824.</span> <span class='ocrx_word' id='word_1_13' title='bbox 1469 145 1518 174; x_wconf 81' lang='lat' dir='ltr'><strong>Nr.</strong></span> <span class='ocrx_word' id='word_1_14' title='bbox 1536 145 1596 174; x_wconf 79' lang='lat'><strong>836.</strong></span> <span class='ocrx_word' id='word_1_15' title='bbox 1809 150 1872 180; x_wconf 82' lang='lat'><strong>657</strong></span> 
     </span>
    </p>
   </div>
   <div class='ocr_carea' id='block_1_6' title="bbox 211 235 1952 581">
    <p class='ocr_par' dir='ltr' id='par_1_6' title="bbox 212 235 1875 429">
     <span class='ocr_line' id='line_1_6' title="bbox 213 235 1873 273; baseline -0.001 -7"><span class='ocrx_word' id='word_1_16' title='bbox 213 237 340 266; x_wconf 74' lang='lat' dir='ltr'><strong>decernit</strong></span> <span class='ocrx_word' id='word_1_17' title='bbox 357 237 472 273; x_wconf 86' lang='lat' dir='ltr'><strong>penitus</strong></span> <span class='ocrx_word' id='word_1_18' title='bbox 489 245 544 266; x_wconf 88' lang='lat' dir='ltr'><strong>non</strong></span> <span class='ocrx_word' id='word_1_19' title='bbox 562 238 656 265; x_wconf 84' lang='lat' dir='ltr'><strong>tenere</strong></span> <span class='ocrx_word' id='word_1_20' title='bbox 674 244 725 265; x_wconf 85' lang='lat' dir='ltr'><strong>nec</strong></span> <span class='ocrx_word' id='word_1_21' title='bbox 742 236 800 264; x_wconf 79' lang='lat' dir='ltr'><strong>fore</strong></span> <span class='ocrx_word' id='word_1_22' title='bbox 818 235 997 271; x_wconf 73' lang='lat' dir='ltr'><strong>aliquatenus</strong></span> <span class='ocrx_word' id='word_1_23' title='bbox 1014 235 1201 268; x_wconf 78' lang='lat' dir='ltr'><strong>observanda.</strong></span> <span class='ocrx_word' id='word_1_24' title='bbox 1223 244 1286 263; x_wconf 88' lang='lat' dir='ltr'><strong>cum</strong></span> <span class='ocrx_word' id='word_1_25' title='bbox 1303 235 1443 263; x_wconf 68' lang='lat' dir='ltr'><strong>iurantem</strong></span> <span class='ocrx_word' id='word_1_26' title='bbox 1462 244 1517 263; x_wconf 86' lang='lat' dir='ltr'><strong>non</strong></span> <span class='ocrx_word' id='word_1_27' title='bbox 1535 235 1665 271; x_wconf 81' lang='lat' dir='ltr'><strong>obligent</strong></span> <span class='ocrx_word' id='word_1_28' title='bbox 1682 238 1827 271; x_wconf 71' lang='lat' dir='ltr'><strong>tamquam</strong></span> <span class='ocrx_word' id='word_1_29' title='bbox 1846 237 1873 266; x_wconf 88' lang='lat' dir='ltr'><strong>ei</strong></span> 
     </span>
     <span class='ocr_line' id='line_1_7' title="bbox 214 287 1874 326; baseline -0.001 -8"><span class='ocrx_word' id='word_1_30' title='bbox 214 289 342 326; x_wconf 69' lang='lat' dir='ltr'><strong>prestita.</strong></span> <span class='ocrx_word' id='word_1_31' title='bbox 361 289 406 318; x_wconf 82' lang='lat' dir='ltr'><strong>cui</strong></span> <span class='ocrx_word' id='word_1_32' title='bbox 424 289 544 325; x_wconf 83' lang='lat' dir='ltr'><strong>prestari</strong></span> <span class='ocrx_word' id='word_1_33' title='bbox 561 297 616 317; x_wconf 86' lang='lat' dir='ltr'><strong>non</strong></span> <span class='ocrx_word' id='word_1_34' title='bbox 634 289 797 321; x_wconf 81' lang='lat' dir='ltr'><strong>debuerant,</strong></span> <span class='ocrx_word' id='word_1_35' title='bbox 815 289 846 316; x_wconf 86' lang='lat' dir='ltr'><strong>et</strong></span> <span class='ocrx_word' id='word_1_36' title='bbox 857 297 912 324; x_wconf 82' lang='lat' dir='ltr'><strong>qne</strong></span> <span class='ocrx_word' id='word_1_37' title='bbox 929 288 990 317; x_wconf 80' lang='lat' dir='ltr'><strong>sine</strong></span> <span class='ocrx_word' id='word_1_38' title='bbox 1001 288 1172 317; x_wconf 82' lang='lat' dir='ltr'><strong>detrimento</strong></span> <span class='ocrx_word' id='word_1_39' title='bbox 1189 287 1290 316; x_wconf 84' lang='lat' dir='ltr'><strong>salutis</strong></span> <span class='ocrx_word' id='word_1_40' title='bbox 1308 289 1339 316; x_wconf 90' lang='lat' dir='ltr'><strong>et</strong></span> <span class='ocrx_word' id='word_1_41' title='bbox 1355 287 1449 316; x_wconf 65' lang='lat' dir='ltr'><strong>anime</strong></span> <span class='ocrx_word' id='word_1_42' title='bbox 1462 287 1589 323; x_wconf 85' lang='lat' dir='ltr'><strong>periculo</strong></span> <span class='ocrx_word' id='word_1_43' title='bbox 1600 287 1706 315; x_wconf 79' lang='lat' dir='ltr'><strong>servari</strong></span> <span class='ocrx_word' id='word_1_44' title='bbox 1723 291 1874 323; x_wconf 73' lang='lat' dir='ltr'><strong>nequeant,</strong></span> 
     </span>
     <span class='ocr_line' id='line_1_8' title="bbox 213 338 1875 375; baseline -0.001 -6"><span class='ocrx_word' id='word_1_45' title='bbox 213 341 287 369; x_wconf 88' lang='lat' dir='ltr'><strong>sicut</strong></span> <span class='ocrx_word' id='word_1_46' title='bbox 304 340 387 374; x_wconf 84' lang='lat' dir='ltr'><strong>dicit,</strong></span> <span class='ocrx_word' id='word_1_47' title='bbox 413 349 463 369; x_wconf 79' lang='lat' dir='ltr'><strong>sen</strong></span> <span class='ocrx_word' id='word_1_48' title='bbox 480 340 505 368; x_wconf 87' lang='lat' dir='ltr'><strong>si</strong></span> <span class='ocrx_word' id='word_1_49' title='bbox 523 340 613 368; x_wconf 75' lang='lat' dir='ltr'><strong>eciam</strong></span> <span class='ocrx_word' id='word_1_50' title='bbox 631 340 706 375; x_wconf 87' lang='lat' dir='ltr'><strong>quod</strong></span> <span class='ocrx_word' id='word_1_51' title='bbox 723 339 971 372; x_wconf 81' lang='lat' dir='ltr'><strong>excommunicari,</strong></span> <span class='ocrx_word' id='word_1_52' title='bbox 992 339 1122 368; x_wconf 64' lang='lat' dir='ltr'><strong>interdici</strong></span> <span class='ocrx_word' id='word_1_53' title='bbox 1142 339 1187 368; x_wconf 83' lang='lat' dir='ltr'><strong>vel</strong></span> <span class='ocrx_word' id='word_1_54' title='bbox 1204 339 1338 374; x_wconf 79' lang='lat' dir='ltr'><strong>suspendi</strong></span> <span class='ocrx_word' id='word_1_55' title='bbox 1356 347 1410 367; x_wconf 91' lang='lat' dir='ltr'><strong>non</strong></span> <span class='ocrx_word' id='word_1_56' title='bbox 1430 339 1538 371; x_wconf 76' lang='lat' dir='ltr'><strong>valeat.</strong></span> <span class='ocrx_word' id='word_1_57' title='bbox 1562 338 1647 366; x_wconf 79' lang='lat' dir='ltr'><strong>alicui</strong></span> <span class='ocrx_word' id='word_1_58' title='bbox 1668 339 1712 367; x_wconf 84' lang='lat' dir='ltr'><strong>vel</strong></span> <span class='ocrx_word' id='word_1_59' title='bbox 1731 339 1875 375; x_wconf 77' lang='lat' dir='ltr'><strong>aliquibus</strong></span> 
     </span>
     <span class='ocr_line' id='line_1_9' title="bbox 212 390 1558 429; baseline -0.002 -8"><span class='ocrx_word' id='word_1_60' title='bbox 212 392 330 429; x_wconf 70' lang='lat' dir='ltr'><strong>speciali</strong></span> <span class='ocrx_word' id='word_1_61' title='bbox 348 392 498 428; x_wconf 68' lang='lat' dir='ltr'><strong>privilegio</strong></span> <span class='ocrx_word' id='word_1_62' title='bbox 515 391 554 420; x_wconf 83' lang='lat' dir='ltr'><strong>sit</strong></span> <span class='ocrx_word' id='word_1_63' title='bbox 571 392 719 424; x_wconf 85' lang='lat' dir='ltr'><strong>indultum,</strong></span> <span class='ocrx_word' id='word_1_64' title='bbox 738 392 813 427; x_wconf 86' lang='lat' dir='ltr'><strong>quod</strong></span> <span class='ocrx_word' id='word_1_65' title='bbox 831 393 928 420; x_wconf 80' lang='lat' dir='ltr'><strong>contra</strong></span> <span class='ocrx_word' id='word_1_66' title='bbox 946 391 1082 428; x_wconf 75' lang='lat' dir='ltr'><strong>premissa</strong></span> <span class='ocrx_word' id='word_1_67' title='bbox 1099 391 1171 419; x_wconf 89' lang='lat' dir='ltr'><strong>nulli</strong></span> <span class='ocrx_word' id='word_1_68' title='bbox 1189 391 1252 419; x_wconf 83' lang='lat' dir='ltr'><strong>vult</strong></span> <span class='ocrx_word' id='word_1_69' title='bbox 1269 390 1384 426; x_wconf 79' lang='lat' dir='ltr'><strong>penitus</strong></span> <span class='ocrx_word' id='word_1_70' title='bbox 1401 390 1558 426; x_wconf 73' lang='lat' dir='ltr'><strong>suffragari.</strong></span> 
     </span>
    </p>

    <p class='ocr_par' dir='ltr' id='par_1_7' title="bbox 211 442 1952 581">
     <span class='ocr_line' id='line_1_10' title="bbox 317 442 1952 479; baseline -0.002 -7"><span class='ocrx_word' id='word_1_71' title='bbox 317 445 357 472; x_wconf 86' lang='lat'><strong>12.</strong></span> <span class='ocrx_word' id='word_1_72' title='bbox 384 443 561 472; x_wconf 69' lang='lat' dir='ltr'><strong>Prote-tatur</strong></span> <span class='ocrx_word' id='word_1_73' title='bbox 577 443 702 479; x_wconf 83' lang='lat' dir='ltr'><strong>insuper,</strong></span> <span class='ocrx_word' id='word_1_74' title='bbox 727 443 801 478; x_wconf 89' lang='lat' dir='ltr'><strong>quod</strong></span> <span class='ocrx_word' id='word_1_75' title='bbox 819 452 870 479; x_wconf 90' lang='lat' dir='ltr'><strong>per</strong></span> <span class='ocrx_word' id='word_1_76' title='bbox 887 443 1057 471; x_wconf 87' lang='lat' dir='ltr'><strong>dilacionem</strong></span> <span class='ocrx_word' id='word_1_77' title='bbox 1074 442 1144 471; x_wconf 87' lang='lat' dir='ltr'><strong>dicti</strong></span> <span class='ocrx_word' id='word_1_78' title='bbox 1163 442 1275 472; x_wconf 81' lang='lat' dir='ltr'><strong>termini</strong></span> <span class='ocrx_word' id='word_1_79' title='bbox 1293 442 1379 470; x_wconf 79' lang='lat' dir='ltr'><strong>trium</strong></span> <span class='ocrx_word' id='word_1_80' title='bbox 1398 442 1535 470; x_wconf 83' lang='lat' dir='ltr'><strong>mensium</strong></span> <span class='ocrx_word' id='word_1_81' title='bbox 1553 451 1608 470; x_wconf 91' lang='lat' dir='ltr'><strong>non</strong></span> <span class='ocrx_word' id='word_1_82' title='bbox 1629 442 1691 470; x_wconf 84' lang='lat' dir='ltr'><strong>vult</strong></span> <span class='ocrx_word' id='word_1_83' title='bbox 1709 442 1875 478; x_wconf 70' lang='lat' dir='ltr'><strong>aliqualiter</strong></span> <span class='ocrx_word' id='word_1_84' title='bbox 1887 453 1907 468; x_wconf 83' lang='lat' dir='ltr'><strong>e.</strong></span> <span class='ocrx_word' id='word_1_85' title='bbox 1918 450 1952 470; x_wconf 66' lang='grc' dir='ltr'><strong>ιι.</strong></span> 
     </span>
     <span class='ocr_line' id='line_1_11' title="bbox 212 493 1874 532; baseline -0.001 -8"><span class='ocrx_word' id='word_1_86' title='bbox 212 495 343 532; x_wconf 66' lang='lat' dir='ltr'><strong>obligari,</strong></span> <span class='ocrx_word' id='word_1_87' title='bbox 361 495 429 531; x_wconf 88' lang='lat' dir='ltr'><strong>quin</strong></span> <span class='ocrx_word' id='word_1_88' title='bbox 447 503 482 524; x_wconf 75' lang='lat' dir='ltr'><strong>ea</strong></span> <span class='ocrx_word' id='word_1_89' title='bbox 498 495 639 530; x_wconf 85' lang='lat' dir='ltr'><strong>pendente</strong></span> <span class='ocrx_word' id='word_1_90' title='bbox 657 494 693 522; x_wconf 84' lang='lat' dir='ltr'><strong>ad</strong></span> <span class='ocrx_word' id='word_1_91' title='bbox 712 494 936 530; x_wconf 82' lang='lat' dir='ltr'><strong>publicacionem</strong></span> <span class='ocrx_word' id='word_1_92' title='bbox 955 503 1091 530; x_wconf 78' lang='lat' dir='ltr'><strong>penarum</strong></span> <span class='ocrx_word' id='word_1_93' title='bbox 1108 503 1179 530; x_wconf 73' lang='lat' dir='ltr'><strong>ques</strong></span> <span class='ocrx_word' id='word_1_94' title='bbox 1197 493 1345 522; x_wconf 72' lang='lat' dir='ltr'><strong>incidimus</strong></span> <span class='ocrx_word' id='word_1_95' title='bbox 1358 494 1508 529; x_wconf 85' lang='lat' dir='ltr'><strong>procedere</strong></span> <span class='ocrx_word' id='word_1_96' title='bbox 1528 494 1623 522; x_wconf 79' lang='lat' dir='ltr'><strong>valeat</strong></span> <span class='ocrx_word' id='word_1_97' title='bbox 1637 494 1680 523; x_wconf 84' lang='lat' dir='ltr'><strong>vel</strong></span> <span class='ocrx_word' id='word_1_98' title='bbox 1701 494 1781 528; x_wconf 69' lang='lat' dir='ltr'><strong>aliu,</strong></span> <span class='ocrx_word' id='word_1_99' title='bbox 1799 494 1874 523; x_wconf 82' lang='lat' dir='ltr'><strong>sicut</strong></span> 
     </span>
     <span class='ocr_line' id='line_1_12' title="bbox 211 545 1874 581; baseline -0.001 -6"><span class='ocrx_word' id='word_1_100' title='bbox 211 547 267 576; x_wconf 84' lang='lat' dir='ltr'><strong>sibi</strong></span> <span class='ocrx_word' id='word_1_101' title='bbox 284 547 374 575; x_wconf 83' lang='lat' dir='ltr'><strong>visum</strong></span> <span class='ocrx_word' id='word_1_102' title='bbox 392 545 478 575; x_wconf 74' lang='lat' dir='ltr'><strong>fuerit</strong></span> <span class='ocrx_word' id='word_1_103' title='bbox 495 546 634 581; x_wconf 86' lang='lat' dir='ltr'><strong>expedire.</strong></span> <span class='ocrx_word' id='word_1_104' title='bbox 670 545 707 574; x_wconf 79' lang='lat' dir='ltr'><strong>Et</strong></span> <span class='ocrx_word' id='word_1_105' title='bbox 725 547 758 574; x_wconf 85' lang='lat' dir='ltr'><strong>ut</strong></span> <span class='ocrx_word' id='word_1_106' title='bbox 775 554 919 581; x_wconf 86' lang='lat' dir='ltr'><strong>processus</strong></span> <span class='ocrx_word' id='word_1_107' title='bbox 937 545 1097 574; x_wconf 84' lang='lat' dir='ltr'><strong>huiusmodi</strong></span> <span class='ocrx_word' id='word_1_108' title='bbox 1115 545 1145 573; x_wconf 88' lang='lat' dir='ltr'><strong>in</strong></span> <span class='ocrx_word' id='word_1_109' title='bbox 1163 547 1288 573; x_wconf 82' lang='lat' dir='ltr'><strong>nostram</strong></span> <span class='ocrx_word' id='word_1_110' title='bbox 1305 545 1440 573; x_wconf 76' lang='lat' dir='ltr'><strong>noticiam</strong></span> <span class='ocrx_word' id='word_1_111' title='bbox 1458 546 1620 579; x_wconf 64' lang='lat' dir='ltr'><strong>deducamur,</strong></span> <span class='ocrx_word' id='word_1_112' title='bbox 1643 554 1706 574; x_wconf 84' lang='lat' dir='ltr'><strong>eum</strong></span> <span class='ocrx_word' id='word_1_113' title='bbox 1725 545 1826 574; x_wconf 79' lang='lat' dir='ltr'><strong>hostiis</strong></span> <span class='ocrx_word' id='word_1_114' title='bbox 1842 548 1874 574; x_wconf 82' lang='lat' dir='ltr'><strong>et</strong></span> 
     </span>
    </p>
   </div>
   <div class='ocr_carea' id='block_1_7' title="bbox 207 596 1872 632">
    <p class='ocr_par' dir='ltr' id='par_1_8' title="bbox 207 596 1872 632">
     <span class='ocr_line' id='line_1_13' title="bbox 207 596 1872 632; baseline 0 -6"><span class='ocrx_word' id='word_1_115' title='bbox 207 598 388 627; x_wconf 66' lang='lat' dir='ltr'><strong>liminaribus</strong></span> <span class='ocrx_word' id='word_1_116' title='bbox 406 596 624 630; x_wconf 81' lang='lat' dir='ltr'><strong>Avinion(ensis)</strong></span> <span class='ocrx_word' id='word_1_117' title='bbox 641 597 758 626; x_wconf 75' lang='lat' dir='ltr'><strong>ecclesie</strong></span> <span class='ocrx_word' id='word_1_118' title='bbox 777 597 806 625; x_wconf 90' lang='lat' dir='ltr'><strong>in</strong></span> <span class='ocrx_word' id='word_1_119' title='bbox 825 597 909 626; x_wconf 75' lang='lat' dir='ltr'><strong>cartis</strong></span> <span class='ocrx_word' id='word_1_120' title='bbox 927 599 958 626; x_wconf 88' lang='lat' dir='ltr'><strong>et</strong></span> <span class='ocrx_word' id='word_1_121' title='bbox 976 597 1145 625; x_wconf 76' lang='lat' dir='ltr'><strong>membranis</strong></span> <span class='ocrx_word' id='word_1_122' title='bbox 1163 597 1352 632; x_wconf 79' lang='lat' dir='ltr'><strong>couscriptum</strong></span> <span class='ocrx_word' id='word_1_123' title='bbox 1370 596 1476 629; x_wconf 76' lang='lat' dir='ltr'><strong>affixit,</strong></span> <span class='ocrx_word' id='word_1_124' title='bbox 1494 599 1528 625; x_wconf 87' lang='lat' dir='ltr'><strong>ut</strong></span> <span class='ocrx_word' id='word_1_125' title='bbox 1545 597 1586 625; x_wconf 86' lang='lat' dir='ltr'><strong>sic</strong></span> <span class='ocrx_word' id='word_1_126' title='bbox 1606 597 1687 625; x_wconf 89' lang='lat' dir='ltr'><strong>nobis</strong></span> <span class='ocrx_word' id='word_1_127' title='bbox 1704 606 1755 626; x_wconf 78' lang='lat' dir='ltr'><strong>suo</strong></span> <span class='ocrx_word' id='word_1_128' title='bbox 1772 606 1872 626; x_wconf 80' lang='lat' dir='ltr'><strong>sonoro</strong></span> 
     </span>
    </p>
   </div>
   <div class='ocr_carea' id='block_1_8' title="bbox 211 648 1873 736">
    <p class='ocr_par' dir='ltr' id='par_1_9' title="bbox 211 648 1873 736">
     <span class='ocr_line' id='line_1_14' title="bbox 211 648 1873 685; baseline 0 -7"><span class='ocrx_word' id='word_1_129' title='bbox 211 649 343 685; x_wconf 82' lang='lat' dir='ltr'><strong>preconio</strong></span> <span class='ocrx_word' id='word_1_130' title='bbox 351 648 518 680; x_wconf 67' lang='lat' dir='ltr'><strong>innotescat,</strong></span> <span class='ocrx_word' id='word_1_131' title='bbox 530 648 589 676; x_wconf 82' lang='lat' dir='ltr'><strong>acsi</strong></span> <span class='ocrx_word' id='word_1_132' title='bbox 602 649 787 684; x_wconf 87' lang='lat' dir='ltr'><strong>personaliter</strong></span> <span class='ocrx_word' id='word_1_133' title='bbox 798 649 879 677; x_wconf 87' lang='lat' dir='ltr'><strong>nobis</strong></span> <span class='ocrx_word' id='word_1_134' title='bbox 890 649 1047 677; x_wconf 82' lang='lat' dir='ltr'><strong>insinuatus</strong></span> <span class='ocrx_word' id='word_1_135' title='bbox 1058 651 1089 677; x_wconf 87' lang='lat' dir='ltr'><strong>et</strong></span> <span class='ocrx_word' id='word_1_136' title='bbox 1100 648 1263 684; x_wconf 80' lang='lat' dir='ltr'><strong>publicatus</strong></span> <span class='ocrx_word' id='word_1_137' title='bbox 1274 648 1470 684; x_wconf 87' lang='lat' dir='ltr'><strong>sollempniter</strong></span> <span class='ocrx_word' id='word_1_138' title='bbox 1481 649 1631 678; x_wconf 70' lang='lat' dir='ltr'><strong>extitisset.</strong></span> <span class='ocrx_word' id='word_1_139' title='bbox 1659 649 1873 678; x_wconf 79' lang='lat' dir='ltr'><strong>Constitucione</strong></span> 
     </span>
     <span class='ocr_line' id='line_1_15' title="bbox 213 699 919 736; baseline -0.001 -7"><span class='ocrx_word' id='word_1_140' title='bbox 213 700 343 736; x_wconf 83' lang='lat' dir='ltr'><strong>qualibet</strong></span> <span class='ocrx_word' id='word_1_141' title='bbox 359 700 402 728; x_wconf 85' lang='lat' dir='ltr'><strong>in¹</strong></span> <span class='ocrx_word' id='word_1_142' title='bbox 420 699 591 729; x_wconf 68' lang='lat' dir='ltr'><strong>contrarium</strong></span> <span class='ocrx_word' id='word_1_143' title='bbox 609 700 687 728; x_wconf 83' lang='lat' dir='ltr'><strong>edite</strong></span> <span class='ocrx_word' id='word_1_144' title='bbox 705 709 761 728; x_wconf 90' lang='lat' dir='ltr'><strong>non</strong></span> <span class='ocrx_word' id='word_1_145' title='bbox 779 701 919 729; x_wconf 82' lang='lat' dir='ltr'><strong>obstante.</strong></span> 
     </span>
    </p>
   </div>
   <div class='ocr_carea' id='block_1_9' title="bbox 207 776 1950 2569">
    <p class='ocr_par' dir='ltr' id='par_1_10' title="bbox 209 776 1950 1277">
     <span class='ocr_line' id='line_1_16' title="bbox 314 776 1950 813; baseline 0.001 -9"><span class='ocrx_word' id='word_1_146' title='bbox 314 776 356 805; x_wconf 83' lang='lat'><strong>18.</strong></span> <span class='ocrx_word' id='word_1_147' title='bbox 383 776 486 805; x_wconf 85' lang='lat' dir='ltr'><strong>Verum</strong></span> <span class='ocrx_word' id='word_1_148' title='bbox 504 786 555 805; x_wconf 87' lang='lat' dir='ltr'><strong>nos</strong></span> <span class='ocrx_word' id='word_1_149' title='bbox 574 777 765 806; x_wconf 73' lang='lat' dir='ltr'><strong>circumcincti</strong></span> <span class='ocrx_word' id='word_1_150' title='bbox 784 778 858 806; x_wconf 88' lang='lat' dir='ltr'><strong>stols.</strong></span> <span class='ocrx_word' id='word_1_151' title='bbox 875 777 989 806; x_wconf 87' lang='lat' dir='ltr'><strong>iusticie</strong></span> <span class='ocrx_word' id='word_1_152' title='bbox 1007 780 1037 806; x_wconf 87' lang='lat' dir='ltr'><strong>et</strong></span> <span class='ocrx_word' id='word_1_153' title='bbox 1053 777 1151 806; x_wconf 78' lang='lat' dir='ltr'><strong>amicti</strong></span> <span class='ocrx_word' id='word_1_154' title='bbox 1170 777 1259 813; x_wconf 81' lang='lat' dir='ltr'><strong>pallio</strong></span> <span class='ocrx_word' id='word_1_155' title='bbox 1278 777 1420 811; x_wconf 71' lang='lat' dir='ltr'><strong>veritatis,</strong></span> <span class='ocrx_word' id='word_1_156' title='bbox 1446 778 1475 805; x_wconf 89' lang='lat' dir='ltr'><strong>in</strong></span> <span class='ocrx_word' id='word_1_157' title='bbox 1494 778 1548 805; x_wconf 86' lang='lat' dir='ltr'><strong>hac</strong></span> <span class='ocrx_word' id='word_1_158' title='bbox 1568 780 1648 813; x_wconf 81' lang='lat' dir='ltr'><strong>parte</strong></span> <span class='ocrx_word' id='word_1_159' title='bbox 1670 778 1738 806; x_wconf 86' lang='lat' dir='ltr'><strong>iuris</strong></span> <span class='ocrx_word' id='word_1_160' title='bbox 1756 781 1786 807; x_wconf 86' lang='lat' dir='ltr'><strong>et</strong></span> <span class='ocrx_word' id='word_1_161' title='bbox 1803 778 1874 807; x_wconf 79' lang='lat' dir='ltr'><strong>sacti</strong></span> <span class='ocrx_word' id='word_1_162' title='bbox 1887 785 1950 806; x_wconf 62' lang='grc' dir='ltr'><strong>σαι.</strong></span> 
     </span>
     <span class='ocr_line' id='line_1_17' title="bbox 212 819 1874 864; baseline 0.002 -8"><span class='ocrx_word' id='word_1_163' title='bbox 212 827 316 856; x_wconf 83' lang='lat' dir='ltr'><strong>conscii</strong></span> <span class='ocrx_word' id='word_1_164' title='bbox 334 828 409 856; x_wconf 77' lang='lat' dir='ltr'><strong>clare</strong></span> <span class='ocrx_word' id='word_1_165' title='bbox 426 819 623 864; x_wconf 70' lang='lat' dir='ltr'><strong>respondemus</strong></span> <span class='ocrx_word' id='word_1_166' title='bbox 642 831 671 856; x_wconf 84' lang='lat' dir='ltr'><strong>et</strong></span> <span class='ocrx_word' id='word_1_167' title='bbox 689 828 807 856; x_wconf 85' lang='lat' dir='ltr'><strong>dicimus</strong></span> <span class='ocrx_word' id='word_1_168' title='bbox 825 829 862 857; x_wconf 80' lang='lat' dir='ltr'><strong>ad</strong></span> <span class='ocrx_word' id='word_1_169' title='bbox 879 828 1026 864; x_wconf 78' lang='lat' dir='ltr'><strong>premisse,</strong></span> <span class='ocrx_word' id='word_1_170' title='bbox 1044 828 1119 864; x_wconf 82' lang='lat' dir='ltr'><strong>quod</strong></span> <span class='ocrx_word' id='word_1_171' title='bbox 1138 829 1274 857; x_wconf 77' lang='lat' dir='ltr'><strong>hactenns</strong></span> <span class='ocrx_word' id='word_1_172' title='bbox 1291 837 1310 856; x_wconf 76' lang='lat' dir='ltr'><strong>a</strong></span> <span class='ocrx_word' id='word_1_173' title='bbox 1327 830 1466 864; x_wconf 81' lang='lat' dir='ltr'><strong>tempore,</strong></span> <span class='ocrx_word' id='word_1_174' title='bbox 1488 829 1567 857; x_wconf 86' lang='lat' dir='ltr'><strong>cuius</strong></span> <span class='ocrx_word' id='word_1_175' title='bbox 1586 827 1738 859; x_wconf 76' lang='lat' dir='ltr'><strong>contrarii</strong></span> <span class='ocrx_word' id='word_1_176' title='bbox 1756 839 1812 858; x_wconf 90' lang='lat' dir='ltr'><strong>non</strong></span> <span class='ocrx_word' id='word_1_177' title='bbox 1830 833 1874 859; x_wconf 87' lang='lat' dir='ltr'><strong>est</strong></span> 
     </span>
     <span class='ocr_line' id='line_1_18' title="bbox 210 879 1875 916; baseline 0.001 -9"><span class='ocrx_word' id='word_1_178' title='bbox 210 879 352 912; x_wconf 77' lang='lat' dir='ltr'><strong>memoria,</strong></span> <span class='ocrx_word' id='word_1_179' title='bbox 371 879 445 908; x_wconf 83' lang='lat' dir='ltr'><strong>circa</strong></span> <span class='ocrx_word' id='word_1_180' title='bbox 463 880 568 908; x_wconf 86' lang='lat' dir='ltr'><strong>electos</strong></span> <span class='ocrx_word' id='word_1_181' title='bbox 587 880 796 914; x_wconf 57' lang='lat' dir='ltr'><strong>Romanorum)</strong></span> <span class='ocrx_word' id='word_1_182' title='bbox 814 888 894 916; x_wconf 77' lang='lat' dir='ltr'><strong>reges</strong></span> <span class='ocrx_word' id='word_1_183' title='bbox 912 882 942 908; x_wconf 88' lang='lat' dir='ltr'><strong>et</strong></span> <span class='ocrx_word' id='word_1_184' title='bbox 959 879 1104 916; x_wconf 72' lang='lat' dir='ltr'><strong>principes</strong></span> <span class='ocrx_word' id='word_1_185' title='bbox 1125 879 1166 907; x_wconf 86' lang='lat' dir='ltr'><strong>sic</strong></span> <span class='ocrx_word' id='word_1_186' title='bbox 1189 881 1234 908; x_wconf 85' lang='lat' dir='ltr'><strong>est</strong></span> <span class='ocrx_word' id='word_1_187' title='bbox 1250 880 1286 908; x_wconf 90' lang='lat' dir='ltr'><strong>de</strong></span> <span class='ocrx_word' id='word_1_188' title='bbox 1303 880 1369 908; x_wconf 77' lang='lat' dir='ltr'><strong>iure</strong></span> <span class='ocrx_word' id='word_1_189' title='bbox 1381 883 1411 908; x_wconf 89' lang='lat' dir='ltr'><strong>et</strong></span> <span class='ocrx_word' id='word_1_190' title='bbox 1429 880 1629 908; x_wconf 85' lang='lat' dir='ltr'><strong>consuetudine</strong></span> <span class='ocrx_word' id='word_1_191' title='bbox 1647 880 1826 909; x_wconf 70' lang='lat' dir='ltr'><strong>observatum</strong></span> <span class='ocrx_word' id='word_1_192' title='bbox 1845 884 1875 910; x_wconf 86' lang='lat' dir='ltr'><strong>et</strong></span> 
     </span>
     <span class='ocr_line' id='line_1_19' title="bbox 210 929 1873 968; baseline 0.002 -10"><span class='ocrx_word' id='word_1_193' title='bbox 210 929 251 958; x_wconf 85' lang='lat' dir='ltr'><strong>sic</strong></span> <span class='ocrx_word' id='word_1_194' title='bbox 269 931 377 964; x_wconf 82' lang='lat' dir='ltr'><strong>tenent,</strong></span> <span class='ocrx_word' id='word_1_195' title='bbox 402 931 501 960; x_wconf 86' lang='lat' dir='ltr'><strong>dicunt</strong></span> <span class='ocrx_word' id='word_1_196' title='bbox 525 934 554 960; x_wconf 92' lang='lat' dir='ltr'><strong>et</strong></span> <span class='ocrx_word' id='word_1_197' title='bbox 574 932 703 961; x_wconf 87' lang='lat' dir='ltr'><strong>senoiunt</strong></span> <span class='ocrx_word' id='word_1_198' title='bbox 725 937 755 961; x_wconf 85' lang='lat' dir='ltr'><strong>et</strong></span> <span class='ocrx_word' id='word_1_199' title='bbox 776 941 886 968; x_wconf 86' lang='lat' dir='ltr'><strong>semper</strong></span> <span class='ocrx_word' id='word_1_200' title='bbox 909 934 1072 967; x_wconf 86' lang='lat' dir='ltr'><strong>tenuerunt,</strong></span> <span class='ocrx_word' id='word_1_201' title='bbox 1096 932 1228 960; x_wconf 80' lang='lat' dir='ltr'><strong>dixerunt</strong></span> <span class='ocrx_word' id='word_1_202' title='bbox 1249 934 1280 961; x_wconf 86' lang='lat' dir='ltr'><strong>et</strong></span> <span class='ocrx_word' id='word_1_203' title='bbox 1302 934 1448 961; x_wconf 85' lang='lat' dir='ltr'><strong>senserunt</strong></span> <span class='ocrx_word' id='word_1_204' title='bbox 1470 933 1612 968; x_wconf 72' lang='lat' dir='ltr'><strong>principes</strong></span> <span class='ocrx_word' id='word_1_205' title='bbox 1634 935 1665 961; x_wconf 90' lang='lat' dir='ltr'><strong>et</strong></span> <span class='ocrx_word' id='word_1_206' title='bbox 1686 932 1816 961; x_wconf 80' lang='lat' dir='ltr'><strong>meliores</strong></span> <span class='ocrx_word' id='word_1_207' title='bbox 1839 942 1873 961; x_wconf 80' lang='lat' dir='ltr'><strong>sc</strong></span> 
     </span>
     <span class='ocr_line' id='line_1_20' title="bbox 209 981 1873 1020; baseline 0.002 -10"><span class='ocrx_word' id='word_1_208' title='bbox 209 981 329 1010; x_wconf 79' lang='lat' dir='ltr'><strong>maiores</strong></span> <span class='ocrx_word' id='word_1_209' title='bbox 347 982 459 1018; x_wconf 83' lang='lat' dir='ltr'><strong>imperii</strong></span> <span class='ocrx_word' id='word_1_210' title='bbox 477 984 507 1011; x_wconf 92' lang='lat' dir='ltr'><strong>et</strong></span> <span class='ocrx_word' id='word_1_211' title='bbox 525 985 568 1011; x_wconf 88' lang='lat' dir='ltr'><strong>est</strong></span> <span class='ocrx_word' id='word_1_212' title='bbox 586 984 706 1012; x_wconf 88' lang='lat' dir='ltr'><strong>maxime</strong></span> <span class='ocrx_word' id='word_1_213' title='bbox 724 983 753 1012; x_wconf 90' lang='lat' dir='ltr'><strong>in</strong></span> <span class='ocrx_word' id='word_1_214' title='bbox 773 983 902 1020; x_wconf 80' lang='lat' dir='ltr'><strong>pertibus</strong></span> <span class='ocrx_word' id='word_1_215' title='bbox 920 983 1067 1012; x_wconf 79' lang='lat' dir='ltr'><strong>Alemsnie</strong></span> <span class='ocrx_word' id='word_1_216' title='bbox 1080 984 1150 1012; x_wconf 80' lang='lat' dir='ltr'><strong>adeo</strong></span> <span class='ocrx_word' id='word_1_217' title='bbox 1162 984 1303 1012; x_wconf 87' lang='lat' dir='ltr'><strong>notorium</strong></span> <span class='ocrx_word' id='word_1_218' title='bbox 1315 984 1392 1020; x_wconf 77' lang='lat' dir='ltr'><strong>apud</strong></span> <span class='ocrx_word' id='word_1_219' title='bbox 1405 993 1508 1017; x_wconf 85' lang='lat' dir='ltr'><strong>omues,</strong></span> <span class='ocrx_word' id='word_1_220' title='bbox 1527 987 1626 1012; x_wconf 86' lang='lat' dir='ltr'><strong>utnon</strong></span> <span class='ocrx_word' id='word_1_221' title='bbox 1638 984 1677 1013; x_wconf 88' lang='lat' dir='ltr'><strong>sit</strong></span> <span class='ocrx_word' id='word_1_222' title='bbox 1694 984 1744 1020; x_wconf 82' lang='lat' dir='ltr'><strong>qui</strong></span> <span class='ocrx_word' id='word_1_223' title='bbox 1760 984 1873 1013; x_wconf 84' lang='lat' dir='ltr'><strong>dubitet</strong></span> 
     </span>
     <span class='ocr_line' id='line_1_21' title="bbox 210 1033 1871 1072; baseline 0.002 -11"><span class='ocrx_word' id='word_1_224' title='bbox 210 1033 257 1061; x_wconf 83' lang='lat' dir='ltr'><strong>vel</strong></span> <span class='ocrx_word' id='word_1_225' title='bbox 281 1033 404 1070; x_wconf 77' lang='lat' dir='ltr'><strong>ignoret,</strong></span> <span class='ocrx_word' id='word_1_226' title='bbox 428 1034 503 1070; x_wconf 86' lang='lat' dir='ltr'><strong>quod</strong></span> <span class='ocrx_word' id='word_1_227' title='bbox 525 1034 711 1062; x_wconf 78' lang='lat' dir='ltr'><strong>Romanorum</strong></span> <span class='ocrx_word' id='word_1_228' title='bbox 734 1044 782 1063; x_wconf 86' lang='lat' dir='ltr'><strong>rex</strong></span> <span class='ocrx_word' id='word_1_229' title='bbox 805 1043 838 1064; x_wconf 90' lang='lat' dir='ltr'><strong>eo</strong></span> <span class='ocrx_word' id='word_1_230' title='bbox 860 1035 930 1063; x_wconf 86' lang='lat' dir='ltr'><strong>solo</strong></span> <span class='ocrx_word' id='word_1_231' title='bbox 953 1035 1028 1070; x_wconf 85' lang='lat' dir='ltr'><strong>quod</strong></span> <span class='ocrx_word' id='word_1_232' title='bbox 1051 1035 1158 1064; x_wconf 81' lang='lat' dir='ltr'><strong>electus</strong></span> <span class='ocrx_word' id='word_1_233' title='bbox 1181 1037 1224 1063; x_wconf 83' lang='lat' dir='ltr'><strong>est</strong></span> <span class='ocrx_word' id='word_1_234' title='bbox 1246 1044 1263 1064; x_wconf 83' lang='lat' dir='ltr'><strong>a</strong></span> <span class='ocrx_word' id='word_1_235' title='bbox 1286 1056 1293 1064; x_wconf 89' lang='lat'><strong><em>.</em></strong></span> <span class='ocrx_word' id='word_1_236' title='bbox 1314 1057 1320 1064; x_wconf 92' lang='lat'><strong>.</strong></span> <span class='ocrx_word' id='word_1_237' title='bbox 1339 1035 1515 1071; x_wconf 88' lang='lat' dir='ltr'><strong>principibus</strong></span> <span class='ocrx_word' id='word_1_238' title='bbox 1538 1036 1720 1070; x_wconf 71' lang='lat' dir='ltr'><strong>electoribus,</strong></span> <span class='ocrx_word' id='word_1_239' title='bbox 1743 1036 1779 1064; x_wconf 78' lang='lat' dir='ltr'><strong>ad</strong></span> <span class='ocrx_word' id='word_1_240' title='bbox 1801 1045 1871 1072; x_wconf 85' lang='lat' dir='ltr'><strong>quos</strong></span> 
     </span>
     <span class='ocr_line' id='line_1_22' title="bbox 210 1084 1872 1123; baseline 0.002 -10"><span class='ocrx_word' id='word_1_241' title='bbox 210 1084 335 1120; x_wconf 82' lang='lat' dir='ltr'><strong>pertinet</strong></span> <span class='ocrx_word' id='word_1_242' title='bbox 353 1085 442 1121; x_wconf 83' lang='lat' dir='ltr'><strong>ipsius</strong></span> <span class='ocrx_word' id='word_1_243' title='bbox 460 1086 569 1119; x_wconf 77' lang='lat' dir='ltr'><strong>electio,</strong></span> <span class='ocrx_word' id='word_1_244' title='bbox 587 1086 716 1114; x_wconf 86' lang='lat' dir='ltr'><strong>omnibus</strong></span> <span class='ocrx_word' id='word_1_245' title='bbox 735 1087 779 1114; x_wconf 84' lang='lat' dir='ltr'><strong>vel</strong></span> <span class='ocrx_word' id='word_1_246' title='bbox 796 1086 895 1115; x_wconf 80' lang='lat' dir='ltr'><strong>maiori</strong></span> <span class='ocrx_word' id='word_1_247' title='bbox 914 1095 1027 1115; x_wconf 86' lang='lat' dir='ltr'><strong>numero</strong></span> <span class='ocrx_word' id='word_1_248' title='bbox 1044 1087 1194 1115; x_wconf 89' lang='lat' dir='ltr'><strong>eorundem</strong></span> <span class='ocrx_word' id='word_1_249' title='bbox 1212 1089 1242 1115; x_wconf 88' lang='lat' dir='ltr'><strong>et</strong></span> <span class='ocrx_word' id='word_1_250' title='bbox 1259 1089 1408 1116; x_wconf 84' lang='lat' dir='ltr'><strong>coronatus</strong></span> <span class='ocrx_word' id='word_1_251' title='bbox 1427 1096 1530 1115; x_wconf 79' lang='lat' dir='ltr'><strong>corona</strong></span> <span class='ocrx_word' id='word_1_252' title='bbox 1547 1088 1626 1123; x_wconf 81' lang='lat' dir='ltr'><strong>regis</strong></span> <span class='ocrx_word' id='word_1_253' title='bbox 1643 1088 1672 1115; x_wconf 88' lang='lat' dir='ltr'><strong>in</strong></span> <span class='ocrx_word' id='word_1_254' title='bbox 1691 1088 1761 1116; x_wconf 79' lang='lat' dir='ltr'><strong>locis</strong></span> <span class='ocrx_word' id='word_1_255' title='bbox 1778 1088 1872 1116; x_wconf 84' lang='lat' dir='ltr'><strong>solitis</strong></span> 
     </span>
     <span class='ocr_line' id='line_1_23' title="bbox 211 1136 1870 1175; baseline 0.002 -11"><span class='ocrx_word' id='word_1_256' title='bbox 211 1138 241 1164; x_wconf 89' lang='lat' dir='ltr'><strong>et</strong></span> <span class='ocrx_word' id='word_1_257' title='bbox 258 1136 411 1170; x_wconf 87' lang='lat' dir='ltr'><strong>consuetis,</strong></span> <span class='ocrx_word' id='word_1_258' title='bbox 434 1146 482 1166; x_wconf 88' lang='lat' dir='ltr'><strong>rex</strong></span> <span class='ocrx_word' id='word_1_259' title='bbox 504 1139 548 1166; x_wconf 88' lang='lat' dir='ltr'><strong>est</strong></span> <span class='ocrx_word' id='word_1_260' title='bbox 570 1140 599 1166; x_wconf 88' lang='lat' dir='ltr'><strong>et</strong></span> <span class='ocrx_word' id='word_1_261' title='bbox 623 1146 673 1174; x_wconf 93' lang='lat' dir='ltr'><strong>pro</strong></span> <span class='ocrx_word' id='word_1_262' title='bbox 696 1146 762 1174; x_wconf 79' lang='lat' dir='ltr'><strong>rege</strong></span> <span class='ocrx_word' id='word_1_263' title='bbox 786 1138 909 1167; x_wconf 75' lang='lat' dir='ltr'><strong>hebetur</strong></span> <span class='ocrx_word' id='word_1_264' title='bbox 930 1140 960 1167; x_wconf 87' lang='lat' dir='ltr'><strong>et</strong></span> <span class='ocrx_word' id='word_1_265' title='bbox 981 1147 1030 1167; x_wconf 84' lang='lat' dir='ltr'><strong>rex</strong></span> <span class='ocrx_word' id='word_1_266' title='bbox 1050 1138 1211 1166; x_wconf 84' lang='lat' dir='ltr'><strong>nominatur</strong></span> <span class='ocrx_word' id='word_1_267' title='bbox 1234 1140 1264 1167; x_wconf 89' lang='lat' dir='ltr'><strong>et</strong></span> <span class='ocrx_word' id='word_1_268' title='bbox 1281 1138 1373 1167; x_wconf 88' lang='lat' dir='ltr'><strong>eidem</strong></span> <span class='ocrx_word' id='word_1_269' title='bbox 1393 1139 1431 1167; x_wconf 82' lang='lat' dir='ltr'><strong>ab</strong></span> <span class='ocrx_word' id='word_1_270' title='bbox 1449 1139 1578 1167; x_wconf 87' lang='lat' dir='ltr'><strong>omnibus</strong></span> <span class='ocrx_word' id='word_1_271' title='bbox 1597 1141 1712 1175; x_wconf 71' lang='lat' dir='ltr'><strong>paretur</strong></span> <span class='ocrx_word' id='word_1_272' title='bbox 1730 1142 1760 1167; x_wconf 92' lang='lat' dir='ltr'><strong>et</strong></span> <span class='ocrx_word' id='word_1_273' title='bbox 1778 1139 1870 1168; x_wconf 83' lang='lat' dir='ltr'><strong>inten-</strong></span> 
     </span>
     <span class='ocr_line' id='line_1_24' title="bbox 211 1187 1870 1226; baseline 0.002 -10"><span class='ocrx_word' id='word_1_274' title='bbox 211 1187 288 1216; x_wconf 86' lang='lat' dir='ltr'><strong>ditur</strong></span> <span class='ocrx_word' id='word_1_275' title='bbox 304 1188 379 1216; x_wconf 84' lang='lat' dir='ltr'><strong>sicut</strong></span> <span class='ocrx_word' id='word_1_276' title='bbox 396 1189 455 1225; x_wconf 81' lang='lat' dir='ltr'><strong>regi</strong></span> <span class='ocrx_word' id='word_1_277' title='bbox 474 1198 508 1217; x_wconf 80' lang='lat' dir='ltr'><strong>ac</strong></span> <span class='ocrx_word' id='word_1_278' title='bbox 526 1189 587 1218; x_wconf 70' lang='lat' dir='ltr'><strong>iura</strong></span> <span class='ocrx_word' id='word_1_279' title='bbox 605 1189 686 1226; x_wconf 73' lang='lat' dir='ltr'><strong>regni</strong></span> <span class='ocrx_word' id='word_1_280' title='bbox 707 1189 796 1218; x_wconf 88' lang='lat' dir='ltr'><strong>libere</strong></span> <span class='ocrx_word' id='word_1_281' title='bbox 817 1189 1010 1223; x_wconf 68' lang='lat' dir='ltr'><strong>administrat,</strong></span> <span class='ocrx_word' id='word_1_282' title='bbox 1035 1189 1187 1218; x_wconf 79' lang='lat' dir='ltr'><strong>fidelitates</strong></span> <span class='ocrx_word' id='word_1_283' title='bbox 1210 1191 1240 1218; x_wconf 88' lang='lat' dir='ltr'><strong>et</strong></span> <span class='ocrx_word' id='word_1_284' title='bbox 1263 1190 1443 1218; x_wconf 73' lang='lat' dir='ltr'><strong>obedienciae</strong></span> <span class='ocrx_word' id='word_1_285' title='bbox 1466 1190 1582 1225; x_wconf 83' lang='lat' dir='ltr'><strong>recipit.</strong></span> <span class='ocrx_word' id='word_1_286' title='bbox 1609 1190 1692 1218; x_wconf 67' lang='lat' dir='ltr'><strong>seoda</strong></span> <span class='ocrx_word' id='word_1_287' title='bbox 1713 1190 1823 1218; x_wconf 76' lang='lat' dir='ltr'><strong>confert</strong></span> <span class='ocrx_word' id='word_1_288' title='bbox 1840 1193 1870 1219; x_wconf 88' lang='lat' dir='ltr'><strong>et</strong></span> 
     </span>
     <span class='ocr_line' id='line_1_25' title="bbox 211 1239 1815 1277; baseline 0.002 -10"><span class='ocrx_word' id='word_1_289' title='bbox 211 1239 246 1268; x_wconf 85' lang='lat' dir='ltr'><strong>de</strong></span> <span class='ocrx_word' id='word_1_290' title='bbox 264 1239 352 1272; x_wconf 89' lang='lat' dir='ltr'><strong>bonis,</strong></span> <span class='ocrx_word' id='word_1_291' title='bbox 370 1240 521 1268; x_wconf 87' lang='lat' dir='ltr'><strong>honoribus</strong></span> <span class='ocrx_word' id='word_1_292' title='bbox 539 1242 569 1268; x_wconf 93' lang='lat' dir='ltr'><strong>et</strong></span> <span class='ocrx_word' id='word_1_293' title='bbox 587 1240 776 1276; x_wconf 69' lang='lat' dir='ltr'><strong>dignitatibus</strong></span> <span class='ocrx_word' id='word_1_294' title='bbox 794 1243 824 1270; x_wconf 90' lang='lat' dir='ltr'><strong>et</strong></span> <span class='ocrx_word' id='word_1_295' title='bbox 841 1241 942 1269; x_wconf 76' lang='lat' dir='ltr'><strong>officiis</strong></span> <span class='ocrx_word' id='word_1_296' title='bbox 959 1241 1040 1276; x_wconf 81' lang='lat' dir='ltr'><strong>regni</strong></span> <span class='ocrx_word' id='word_1_297' title='bbox 1058 1241 1139 1270; x_wconf 78' lang='lat' dir='ltr'><strong>iuxta</strong></span> <span class='ocrx_word' id='word_1_298' title='bbox 1157 1248 1251 1270; x_wconf 86' lang='lat' dir='ltr'><strong>suum</strong></span> <span class='ocrx_word' id='word_1_299' title='bbox 1269 1241 1480 1277; x_wconf 84' lang='lat' dir='ltr'><strong>beneplacitum</strong></span> <span class='ocrx_word' id='word_1_300' title='bbox 1498 1242 1611 1269; x_wconf 80' lang='lat' dir='ltr'><strong>ordinet</strong></span> <span class='ocrx_word' id='word_1_301' title='bbox 1629 1244 1659 1270; x_wconf 92' lang='lat' dir='ltr'><strong>et</strong></span> <span class='ocrx_word' id='word_1_302' title='bbox 1676 1241 1815 1277; x_wconf 73' lang='lat' dir='ltr'><strong>disponit.</strong></span> 
     </span>
    </p>

    <p class='ocr_par' dir='ltr' id='par_1_11' title="bbox 208 1291 1949 2049">
     <span class='ocr_line' id='line_1_26' title="bbox 315 1291 1949 1329; baseline 0.001 -10"><span class='ocrx_word' id='word_1_303' title='bbox 315 1291 356 1319; x_wconf 82' lang='lat'><strong>14.</strong></span> <span class='ocrx_word' id='word_1_304' title='bbox 384 1291 476 1325; x_wconf 81' lang='lat' dir='ltr'><strong>Quare</strong></span> <span class='ocrx_word' id='word_1_305' title='bbox 498 1300 560 1319; x_wconf 84' lang='lat' dir='ltr'><strong>cum</strong></span> <span class='ocrx_word' id='word_1_306' title='bbox 582 1292 691 1322; x_wconf 86' lang='lat' dir='ltr'><strong>notorie</strong></span> <span class='ocrx_word' id='word_1_307' title='bbox 717 1293 838 1325; x_wconf 81' lang='lat' dir='ltr'><strong>constet,</strong></span> <span class='ocrx_word' id='word_1_308' title='bbox 865 1301 914 1320; x_wconf 91' lang='lat' dir='ltr'><strong>nos</strong></span> <span class='ocrx_word' id='word_1_309' title='bbox 937 1301 954 1321; x_wconf 83' lang='lat' dir='ltr'><strong>a</strong></span> <span class='ocrx_word' id='word_1_310' title='bbox 972 1292 1056 1328; x_wconf 80' lang='lat' dir='ltr'><strong>longe</strong></span> <span class='ocrx_word' id='word_1_311' title='bbox 1079 1291 1178 1320; x_wconf 83' lang='lat' dir='ltr'><strong>maiori</strong></span> <span class='ocrx_word' id='word_1_312' title='bbox 1203 1301 1318 1321; x_wconf 83' lang='lat' dir='ltr'><strong>numero</strong></span> <span class='ocrx_word' id='word_1_313' title='bbox 1342 1293 1503 1325; x_wconf 82' lang='lat' dir='ltr'><strong>electorum.</strong></span> <span class='ocrx_word' id='word_1_314' title='bbox 1527 1293 1564 1320; x_wconf 77' lang='lat' dir='ltr'><strong>ad</strong></span> <span class='ocrx_word' id='word_1_315' title='bbox 1587 1301 1657 1328; x_wconf 86' lang='lat' dir='ltr'><strong>quos</strong></span> <span class='ocrx_word' id='word_1_316' title='bbox 1681 1293 1725 1321; x_wconf 85' lang='lat' dir='ltr'><strong>ius</strong></span> <span class='ocrx_word' id='word_1_317' title='bbox 1748 1293 1871 1329; x_wconf 71' lang='lat' dir='ltr'><strong>eligendi</strong></span> <span class='ocrx_word' id='word_1_318' title='bbox 1886 1301 1949 1320; x_wconf 57' lang='lat' dir='ltr'><strong>au.</strong></span> 
     </span>
     <span class='ocr_line' id='line_1_27' title="bbox 210 1342 1871 1380; baseline 0.002 -10"><span class='ocrx_word' id='word_1_319' title='bbox 210 1350 305 1379; x_wconf 76' lang='lat' dir='ltr'><strong>regem</strong></span> <span class='ocrx_word' id='word_1_320' title='bbox 322 1342 456 1378; x_wconf 81' lang='lat' dir='ltr'><strong>pertinet,</strong></span> <span class='ocrx_word' id='word_1_321' title='bbox 474 1343 528 1371; x_wconf 88' lang='lat' dir='ltr'><strong>rite</strong></span> <span class='ocrx_word' id='word_1_322' title='bbox 547 1351 606 1371; x_wconf 88' lang='lat' dir='ltr'><strong>esse</strong></span> <span class='ocrx_word' id='word_1_323' title='bbox 624 1343 759 1372; x_wconf 87' lang='lat' dir='ltr'><strong>electum</strong></span> <span class='ocrx_word' id='word_1_324' title='bbox 777 1346 807 1372; x_wconf 88' lang='lat' dir='ltr'><strong>et</strong></span> <span class='ocrx_word' id='word_1_325' title='bbox 824 1343 992 1379; x_wconf 75' lang='lat' dir='ltr'><strong>dyademate</strong></span> <span class='ocrx_word' id='word_1_326' title='bbox 1011 1344 1089 1380; x_wconf 75' lang='lat' dir='ltr'><strong>regio</strong></span> <span class='ocrx_word' id='word_1_327' title='bbox 1108 1346 1283 1372; x_wconf 82' lang='lat' dir='ltr'><strong>coronatum</strong></span> <span class='ocrx_word' id='word_1_328' title='bbox 1301 1344 1330 1372; x_wconf 90' lang='lat' dir='ltr'><strong>in</strong></span> <span class='ocrx_word' id='word_1_329' title='bbox 1349 1344 1418 1372; x_wconf 90' lang='lat' dir='ltr'><strong>locis</strong></span> <span class='ocrx_word' id='word_1_330' title='bbox 1436 1344 1541 1372; x_wconf 88' lang='lat' dir='ltr'><strong>debitis</strong></span> <span class='ocrx_word' id='word_1_331' title='bbox 1559 1346 1588 1372; x_wconf 88' lang='lat' dir='ltr'><strong>et</strong></span> <span class='ocrx_word' id='word_1_332' title='bbox 1606 1345 1755 1377; x_wconf 86' lang='lat' dir='ltr'><strong>consuetis.</strong></span> <span class='ocrx_word' id='word_1_333' title='bbox 1773 1348 1803 1373; x_wconf 86' lang='lat' dir='ltr'><strong>et</strong></span> <span class='ocrx_word' id='word_1_334' title='bbox 1817 1345 1871 1374; x_wconf 86' lang='lat' dir='ltr'><strong>hoc</strong></span> 
     </span>
     <span class='ocr_line' id='line_1_28' title="bbox 211 1384 1871 1431; baseline 0.002 -9"><span class='ocrx_word' id='word_1_335' title='bbox 211 1394 272 1430; x_wconf 87' lang='lat' dir='ltr'><strong>ipso</strong></span> <span class='ocrx_word' id='word_1_336' title='bbox 291 1403 391 1423; x_wconf 83' lang='lat' dir='ltr'><strong>nomen</strong></span> <span class='ocrx_word' id='word_1_337' title='bbox 409 1396 439 1423; x_wconf 88' lang='lat' dir='ltr'><strong>et</strong></span> <span class='ocrx_word' id='word_1_338' title='bbox 457 1394 572 1422; x_wconf 87' lang='lat' dir='ltr'><strong>titulum</strong></span> <span class='ocrx_word' id='word_1_339' title='bbox 591 1394 762 1430; x_wconf 69' lang='lat' dir='ltr'><strong>prelibatum</strong></span> <span class='ocrx_word' id='word_1_340' title='bbox 780 1395 830 1424; x_wconf 71' lang='lat' dir='ltr'><strong>etk</strong></span> <span class='ocrx_word' id='word_1_341' title='bbox 847 1395 891 1423; x_wconf 89' lang='lat' dir='ltr'><strong>ius</strong></span> <span class='ocrx_word' id='word_1_342' title='bbox 909 1384 1126 1424; x_wconf 77' lang='lat' dir='ltr'><strong>administrandi</strong></span> <span class='ocrx_word' id='word_1_343' title='bbox 1149 1395 1212 1423; x_wconf 78' lang='lat' dir='ltr'><strong>iura</strong></span> <span class='ocrx_word' id='word_1_344' title='bbox 1230 1395 1309 1430; x_wconf 79' lang='lat' dir='ltr'><strong>regni</strong></span> <span class='ocrx_word' id='word_1_345' title='bbox 1331 1398 1361 1424; x_wconf 86' lang='lat' dir='ltr'><strong>et</strong></span> <span class='ocrx_word' id='word_1_346' title='bbox 1384 1396 1419 1423; x_wconf 90' lang='lat' dir='ltr'><strong>de</strong></span> <span class='ocrx_word' id='word_1_347' title='bbox 1442 1396 1531 1431; x_wconf 83' lang='lat' dir='ltr'><strong>ipsius</strong></span> <span class='ocrx_word' id='word_1_348' title='bbox 1556 1396 1640 1424; x_wconf 86' lang='lat' dir='ltr'><strong>rebus</strong></span> <span class='ocrx_word' id='word_1_349' title='bbox 1663 1398 1693 1424; x_wconf 86' lang='lat' dir='ltr'><strong>et</strong></span> <span class='ocrx_word' id='word_1_350' title='bbox 1710 1397 1871 1431; x_wconf 84' lang='lat' dir='ltr'><strong>honoribus,</strong></span> 
     </span>
     <span class='ocr_line' id='line_1_29' title="bbox 211 1445 1872 1483; baseline 0.002 -10"><span class='ocrx_word' id='word_1_351' title='bbox 211 1445 400 1482; x_wconf 68' lang='lat' dir='ltr'><strong>dignitatibus</strong></span> <span class='ocrx_word' id='word_1_352' title='bbox 422 1447 452 1474; x_wconf 92' lang='lat' dir='ltr'><strong>et</strong></span> <span class='ocrx_word' id='word_1_353' title='bbox 470 1445 569 1473; x_wconf 79' lang='lat' dir='ltr'><strong>officiis</strong></span> <span class='ocrx_word' id='word_1_354' title='bbox 587 1446 753 1482; x_wconf 87' lang='lat' dir='ltr'><strong>disponendi</strong></span> <span class='ocrx_word' id='word_1_355' title='bbox 771 1446 899 1483; x_wconf 73' lang='lat' dir='ltr'><strong>legitime</strong></span> <span class='ocrx_word' id='word_1_356' title='bbox 917 1447 1064 1480; x_wconf 72' lang='lat' dir='ltr'><strong>assecutss,</strong></span> <span class='ocrx_word' id='word_1_357' title='bbox 1090 1446 1239 1475; x_wconf 77' lang='lat' dir='ltr'><strong>manifeste</strong></span> <span class='ocrx_word' id='word_1_358' title='bbox 1258 1449 1351 1482; x_wconf 77' lang='lat' dir='ltr'><strong>patet.</strong></span> <span class='ocrx_word' id='word_1_359' title='bbox 1376 1447 1478 1482; x_wconf 78' lang='lat' dir='ltr'><strong>quod-²²</strong></span> <span class='ocrx_word' id='word_1_360' title='bbox 1497 1447 1526 1475; x_wconf 87' lang='lat' dir='ltr'><strong>iu</strong></span> <span class='ocrx_word' id='word_1_361' title='bbox 1546 1447 1679 1476; x_wconf 81' lang='lat' dir='ltr'><strong>iniuriam</strong></span> <span class='ocrx_word' id='word_1_362' title='bbox 1697 1450 1823 1476; x_wconf 77' lang='lat' dir='ltr'><strong>nostram</strong></span> <span class='ocrx_word' id='word_1_363' title='bbox 1841 1450 1872 1476; x_wconf 85' lang='lat' dir='ltr'><strong>et</strong></span> 
     </span>
     <span class='ocr_line' id='line_1_30' title="bbox 209 1495 1870 1537; baseline 0.002 -11"><span class='ocrx_word' id='word_1_364' title='bbox 209 1506 365 1534; x_wconf 76' lang='lat' dir='ltr'><strong>gravamen</strong></span> <span class='ocrx_word' id='word_1_365' title='bbox 393 1498 475 1531; x_wconf 86' lang='lat' dir='ltr'><strong>dicit,</strong></span> <span class='ocrx_word' id='word_1_366' title='bbox 504 1507 555 1526; x_wconf 91' lang='lat' dir='ltr'><strong>nos</strong></span> <span class='ocrx_word' id='word_1_367' title='bbox 578 1498 679 1526; x_wconf 89' lang='lat' dir='ltr'><strong>illicite</strong></span> <span class='ocrx_word' id='word_1_368' title='bbox 707 1507 810 1526; x_wconf 88' lang='lat' dir='ltr'><strong>nomen</strong></span> <span class='ocrx_word' id='word_1_369' title='bbox 832 1495 923 1537; x_wconf 80' lang='lat' dir='ltr'><strong>regni</strong></span> <span class='ocrx_word' id='word_1_370' title='bbox 953 1501 983 1527; x_wconf 88' lang='lat' dir='ltr'><strong>et</strong></span> <span class='ocrx_word' id='word_1_371' title='bbox 1013 1499 1130 1527; x_wconf 89' lang='lat' dir='ltr'><strong>titulum</strong></span> <span class='ocrx_word' id='word_1_372' title='bbox 1157 1495 1283 1537; x_wconf 79' lang='lat' dir='ltr'><strong>regium</strong></span> <span class='ocrx_word' id='word_1_373' title='bbox 1305 1509 1455 1535; x_wconf 78' lang='lat' dir='ltr'><strong>usurpasse</strong></span> <span class='ocrx_word' id='word_1_374' title='bbox 1479 1502 1509 1528; x_wconf 85' lang='lat' dir='ltr'><strong>et</strong></span> <span class='ocrx_word' id='word_1_375' title='bbox 1531 1500 1567 1528; x_wconf 83' lang='lat' dir='ltr'><strong>ad</strong></span> <span class='ocrx_word' id='word_1_376' title='bbox 1589 1500 1870 1529; x_wconf 70' lang='lat' dir='ltr'><strong>adminintrseionem</strong></span> 
     </span>
     <span class='ocr_line' id='line_1_31' title="bbox 210 1548 1868 1587; baseline 0.002 -11"><span class='ocrx_word' id='word_1_377' title='bbox 210 1550 240 1576; x_wconf 84' lang='lat' dir='ltr'><strong>et</strong></span> <span class='ocrx_word' id='word_1_378' title='bbox 257 1548 472 1584; x_wconf 77' lang='lat' dir='ltr'><strong>disposicionem</strong></span> <span class='ocrx_word' id='word_1_379' title='bbox 484 1549 609 1584; x_wconf 71' lang='lat' dir='ltr'><strong>prefatas</strong></span> <span class='ocrx_word' id='word_1_380' title='bbox 627 1549 754 1577; x_wconf 88' lang='lat' dir='ltr'><strong>indebite</strong></span> <span class='ocrx_word' id='word_1_381' title='bbox 771 1549 927 1585; x_wconf 76' lang='lat' dir='ltr'><strong>ingessisse,</strong></span> <span class='ocrx_word' id='word_1_382' title='bbox 946 1558 1009 1577; x_wconf 89' lang='lat' dir='ltr'><strong>cum</strong></span> <span class='ocrx_word' id='word_1_383' title='bbox 1028 1549 1145 1584; x_wconf 77' lang='lat' dir='ltr'><strong>pocius¹¹</strong></span> <span class='ocrx_word' id='word_1_384' title='bbox 1166 1550 1399 1584; x_wconf 71' lang='lat' dir='ltr'><strong>quemadmodum</strong></span> <span class='ocrx_word' id='word_1_385' title='bbox 1417 1550 1468 1578; x_wconf 79' lang='lat' dir='ltr'><strong>alii</strong></span> <span class='ocrx_word' id='word_1_386' title='bbox 1480 1549 1687 1583; x_wconf 58' lang='lat' dir='ltr'><strong>Romanorum)</strong></span> <span class='ocrx_word' id='word_1_387' title='bbox 1707 1559 1787 1587; x_wconf 75' lang='lat' dir='ltr'><strong>reges</strong></span> <span class='ocrx_word' id='word_1_388' title='bbox 1806 1559 1868 1586; x_wconf 84' lang='lat' dir='ltr'><strong>pre-</strong></span> 
     </span>
     <span class='ocr_line' id='line_1_32' title="bbox 210 1600 1869 1636; baseline 0.001 -9"><span class='ocrx_word' id='word_1_389' title='bbox 210 1600 367 1628; x_wconf 85' lang='lat' dir='ltr'><strong>decessores</strong></span> <span class='ocrx_word' id='word_1_390' title='bbox 384 1600 472 1628; x_wconf 75' lang='lat' dir='ltr'><strong>nostri</strong></span> <span class='ocrx_word' id='word_1_391' title='bbox 490 1600 518 1628; x_wconf 90' lang='lat' dir='ltr'><strong>in</strong></span> <span class='ocrx_word' id='word_1_392' title='bbox 538 1601 592 1629; x_wconf 82' lang='lat' dir='ltr'><strong>hac</strong></span> <span class='ocrx_word' id='word_1_393' title='bbox 610 1603 690 1636; x_wconf 87' lang='lat' dir='ltr'><strong>parte</strong></span> <span class='ocrx_word' id='word_1_394' title='bbox 709 1601 751 1628; x_wconf 88' lang='lat' dir='ltr'><strong>usi</strong></span> <span class='ocrx_word' id='word_1_395' title='bbox 769 1603 842 1634; x_wconf 83' lang='lat' dir='ltr'><strong>sunt,</strong></span> <span class='ocrx_word' id='word_1_396' title='bbox 861 1603 889 1629; x_wconf 82' lang='lat' dir='ltr'><strong>et</strong></span> <span class='ocrx_word' id='word_1_397' title='bbox 908 1609 958 1628; x_wconf 91' lang='lat' dir='ltr'><strong>nos</strong></span> <span class='ocrx_word' id='word_1_398' title='bbox 975 1603 1088 1629; x_wconf 81' lang='lat' dir='ltr'><strong>utemur</strong></span> <span class='ocrx_word' id='word_1_399' title='bbox 1100 1600 1179 1629; x_wconf 84' lang='lat' dir='ltr'><strong>licite</strong></span> <span class='ocrx_word' id='word_1_400' title='bbox 1192 1600 1251 1629; x_wconf 88' lang='lat' dir='ltr'><strong>iure</strong></span> <span class='ocrx_word' id='word_1_401' title='bbox 1270 1604 1373 1630; x_wconf 87' lang='lat' dir='ltr'><strong>nostro.</strong></span> <span class='ocrx_word' id='word_1_402' title='bbox 1410 1601 1479 1630; x_wconf 90' lang='lat' dir='ltr'><strong>Cum</strong></span> <span class='ocrx_word' id='word_1_403' title='bbox 1497 1601 1587 1630; x_wconf 81' lang='lat' dir='ltr'><strong>eciam</strong></span> <span class='ocrx_word' id='word_1_404' title='bbox 1607 1602 1719 1630; x_wconf 81' lang='lat' dir='ltr'><strong>circiter</strong></span> <span class='ocrx_word' id='word_1_405' title='bbox 1737 1602 1762 1629; x_wconf 85' lang='lat' dir='ltr'>X</span> <span class='ocrx_word' id='word_1_406' title='bbox 1780 1611 1869 1630; x_wconf 77' lang='lat' dir='ltr'><strong>annos</strong></span> 
     </span>
     <span class='ocr_line' id='line_1_33' title="bbox 210 1651 1868 1688; baseline 0.001 -9"><span class='ocrx_word' id='word_1_407' title='bbox 210 1660 310 1679; x_wconf 88' lang='lat' dir='ltr'><strong>nomen</strong></span> <span class='ocrx_word' id='word_1_408' title='bbox 336 1654 366 1680; x_wconf 85' lang='lat' dir='ltr'><strong>et</strong></span> <span class='ocrx_word' id='word_1_409' title='bbox 392 1651 520 1684; x_wconf 82' lang='lat' dir='ltr'><strong>titulum,</strong></span> <span class='ocrx_word' id='word_1_410' title='bbox 549 1651 823 1680; x_wconf 84' lang='lat' dir='ltr'><strong>administraciouem</strong></span> <span class='ocrx_word' id='word_1_411' title='bbox 850 1654 879 1680; x_wconf 89' lang='lat' dir='ltr'><strong>et</strong></span> <span class='ocrx_word' id='word_1_412' title='bbox 905 1652 1122 1687; x_wconf 85' lang='lat' dir='ltr'><strong>disposicionem</strong></span> <span class='ocrx_word' id='word_1_413' title='bbox 1141 1652 1300 1680; x_wconf 87' lang='lat' dir='ltr'><strong>huiusmodi</strong></span> <span class='ocrx_word' id='word_1_414' title='bbox 1328 1653 1357 1680; x_wconf 89' lang='lat' dir='ltr'><strong>in</strong></span> <span class='ocrx_word' id='word_1_415' title='bbox 1387 1653 1506 1688; x_wconf 78' lang='lat' dir='ltr'><strong>pacifica</strong></span> <span class='ocrx_word' id='word_1_416' title='bbox 1533 1653 1706 1688; x_wconf 71' lang='lat' dir='ltr'><strong>posseoeione</strong></span> <span class='ocrx_word' id='word_1_417' title='bbox 1734 1653 1868 1682; x_wconf 87' lang='lat' dir='ltr'><strong>continue</strong></span> 
     </span>
     <span class='ocr_line' id='line_1_34' title="bbox 210 1703 1870 1740; baseline 0.001 -9"><span class='ocrx_word' id='word_1_418' title='bbox 210 1703 402 1739; x_wconf 82' lang='lat' dir='ltr'><strong>scripserimus</strong></span> <span class='ocrx_word' id='word_1_419' title='bbox 420 1706 449 1731; x_wconf 86' lang='lat' dir='ltr'><strong>et</strong></span> <span class='ocrx_word' id='word_1_420' title='bbox 466 1704 632 1739; x_wconf 76' lang='lat' dir='ltr'><strong>gesserimus</strong></span> <span class='ocrx_word' id='word_1_421' title='bbox 650 1704 756 1739; x_wconf 79' lang='lat' dir='ltr'><strong>absque</strong></span> <span class='ocrx_word' id='word_1_422' title='bbox 773 1704 974 1739; x_wconf 77' lang='lat' dir='ltr'><strong>reprobacione</strong></span> <span class='ocrx_word' id='word_1_423' title='bbox 992 1704 1139 1732; x_wconf 88' lang='lat' dir='ltr'><strong>electionis</strong></span> <span class='ocrx_word' id='word_1_424' title='bbox 1157 1706 1187 1732; x_wconf 89' lang='lat' dir='ltr'><strong>et</strong></span> <span class='ocrx_word' id='word_1_425' title='bbox 1205 1712 1322 1739; x_wconf 87' lang='lat' dir='ltr'><strong>persone</strong></span> <span class='ocrx_word' id='word_1_426' title='bbox 1339 1706 1445 1736; x_wconf 84' lang='lat' dir='ltr'><strong>nostre,</strong></span> <span class='ocrx_word' id='word_1_427' title='bbox 1470 1704 1494 1732; x_wconf 84' lang='lat' dir='ltr'><strong>si</strong></span> <span class='ocrx_word' id='word_1_428' title='bbox 1514 1707 1608 1733; x_wconf 77' lang='lat' dir='ltr'><strong>tamen</strong></span> <span class='ocrx_word' id='word_1_429' title='bbox 1627 1706 1761 1740; x_wconf 80' lang='lat' dir='ltr'><strong>poterant</strong></span> <span class='ocrx_word' id='word_1_430' title='bbox 1778 1714 1870 1740; x_wconf 85' lang='lat' dir='ltr'><strong>repro·</strong></span> 
     </span>
     <span class='ocr_line' id='line_1_35' title="bbox 211 1754 1870 1791; baseline 0.001 -9"><span class='ocrx_word' id='word_1_431' title='bbox 211 1754 283 1788; x_wconf 83' lang='lat' dir='ltr'><strong>bari,</strong></span> <span class='ocrx_word' id='word_1_432' title='bbox 308 1756 338 1782; x_wconf 89' lang='lat' dir='ltr'><strong>et</strong></span> <span class='ocrx_word' id='word_1_433' title='bbox 355 1754 430 1782; x_wconf 81' lang='lat' dir='ltr'><strong>citra‘</strong></span> <span class='ocrx_word' id='word_1_434' title='bbox 446 1754 645 1790; x_wconf 87' lang='lat' dir='ltr'><strong>inpeticionem</strong></span> <span class='ocrx_word' id='word_1_435' title='bbox 667 1757 697 1783; x_wconf 91' lang='lat' dir='ltr'><strong>et</strong></span> <span class='ocrx_word' id='word_1_436' title='bbox 720 1755 982 1787; x_wconf 78' lang='lat' dir='ltr'><strong>contradictionem,</strong></span> <span class='ocrx_word' id='word_1_437' title='bbox 1007 1756 1031 1784; x_wconf 91' lang='lat' dir='ltr'><strong>si</strong></span> <span class='ocrx_word' id='word_1_438' title='bbox 1054 1756 1153 1784; x_wconf 70' lang='lat' dir='ltr'><strong>cuius*</strong></span> <span class='ocrx_word' id='word_1_439' title='bbox 1177 1758 1299 1791; x_wconf 71' lang='lat' dir='ltr'><strong>poterat</strong></span> <span class='ocrx_word' id='word_1_440' title='bbox 1316 1756 1462 1789; x_wconf 79' lang='lat' dir='ltr'><strong>interesse,</strong></span> <span class='ocrx_word' id='word_1_441' title='bbox 1486 1757 1561 1784; x_wconf 81' lang='lat' dir='ltr'><strong>sicut</strong></span> <span class='ocrx_word' id='word_1_442' title='bbox 1583 1758 1627 1784; x_wconf 84' lang='lat' dir='ltr'><strong>est</strong></span> <span class='ocrx_word' id='word_1_443' title='bbox 1650 1757 1759 1784; x_wconf 85' lang='lat' dir='ltr'><strong>notorie</strong></span> <span class='ocrx_word' id='word_1_444' title='bbox 1782 1757 1870 1784; x_wconf 81' lang='lat' dir='ltr'><strong>mani·</strong></span> 
     </span>
     <span class='ocr_line' id='line_1_36' title="bbox 210 1805 1869 1845; baseline 0.002 -12"><span class='ocrx_word' id='word_1_445' title='bbox 210 1806 324 1838; x_wconf 81' lang='lat' dir='ltr'><strong>festum.</strong></span> <span class='ocrx_word' id='word_1_446' title='bbox 350 1805 432 1833; x_wconf 89' lang='lat' dir='ltr'><strong>nimis</strong></span> <span class='ocrx_word' id='word_1_447' title='bbox 451 1808 494 1834; x_wconf 87' lang='lat' dir='ltr'><strong>est</strong></span> <span class='ocrx_word' id='word_1_448' title='bbox 512 1806 674 1835; x_wconf 89' lang='lat' dir='ltr'><strong>iniuriosum</strong></span> <span class='ocrx_word' id='word_1_449' title='bbox 695 1809 724 1835; x_wconf 85' lang='lat' dir='ltr'><strong>et</strong></span> <span class='ocrx_word' id='word_1_450' title='bbox 747 1806 802 1834; x_wconf 87' lang='lat' dir='ltr'><strong>iuri</strong></span> <span class='ocrx_word' id='word_1_451' title='bbox 825 1807 1008 1840; x_wconf 74' lang='lat' dir='ltr'><strong>contrarium,</strong></span> <span class='ocrx_word' id='word_1_452' title='bbox 1033 1807 1108 1842; x_wconf 86' lang='lat' dir='ltr'><strong>quod</strong></span> <span class='ocrx_word' id='word_1_453' title='bbox 1131 1816 1203 1836; x_wconf 86' lang='lat' dir='ltr'><strong>nune</strong></span> <span class='ocrx_word' id='word_1_454' title='bbox 1228 1807 1348 1842; x_wconf 85' lang='lat' dir='ltr'><strong>primum</strong></span> <span class='ocrx_word' id='word_1_455' title='bbox 1371 1808 1432 1843; x_wconf 91' lang='lat' dir='ltr'><strong>ipse</strong></span> <span class='ocrx_word' id='word_1_456' title='bbox 1454 1807 1583 1836; x_wconf 87' lang='lat' dir='ltr'><strong>dominus</strong></span> <span class='ocrx_word' id='word_1_457' title='bbox 1606 1808 1782 1844; x_wconf 69' lang='lat' dir='ltr'><strong>apostolicus</strong></span> <span class='ocrx_word' id='word_1_458' title='bbox 1806 1809 1869 1845; x_wconf 74' lang='lat' dir='ltr'><strong>lege</strong></span> 
     </span>
     <span class='ocr_line' id='line_1_37' title="bbox 210 1855 1870 1900; baseline 0.002 -15"><span class='ocrx_word' id='word_1_459' title='bbox 210 1857 397 1893; x_wconf 80' lang='lat' dir='ltr'><strong>inperspects,</strong></span> <span class='ocrx_word' id='word_1_460' title='bbox 415 1859 496 1893; x_wconf 79' lang='lat' dir='ltr'><strong>parte</strong></span> <span class='ocrx_word' id='word_1_461' title='bbox 514 1857 651 1890; x_wconf 74' lang='lat' dir='ltr'><strong>inaudita,</strong></span> <span class='ocrx_word' id='word_1_462' title='bbox 669 1858 786 1894; x_wconf 78' lang='lat' dir='ltr'><strong>negocio</strong></span> <span class='ocrx_word' id='word_1_463' title='bbox 804 1858 957 1887; x_wconf 88' lang='lat' dir='ltr'><strong>indiscusso</strong></span> <span class='ocrx_word' id='word_1_464' title='bbox 976 1862 1005 1887; x_wconf 84' lang='lat' dir='ltr'><strong>et</strong></span> <span class='ocrx_word' id='word_1_465' title='bbox 1023 1858 1092 1886; x_wconf 88' lang='lat' dir='ltr'><strong>iuris</strong></span> <span class='ocrx_word' id='word_1_466' title='bbox 1110 1859 1207 1887; x_wconf 84' lang='lat' dir='ltr'><strong>ordine</strong></span> <span class='ocrx_word' id='word_1_467' title='bbox 1226 1859 1404 1894; x_wconf 87' lang='lat' dir='ltr'><strong>pretermisso</strong></span> <span class='ocrx_word' id='word_1_468' title='bbox 1423 1861 1522 1888; x_wconf 78' lang='lat' dir='ltr'><strong>contra</strong></span> <span class='ocrx_word' id='word_1_469' title='bbox 1540 1868 1590 1888; x_wconf 83' lang='lat' dir='ltr'><strong>nos</strong></span> <span class='ocrx_word' id='word_1_470' title='bbox 1609 1855 1721 1900; x_wconf 75' lang='lat' dir='ltr'><strong>[tam10</strong></span> <span class='ocrx_word' id='word_1_471' title='bbox 1743 1861 1870 1896; x_wconf 73' lang='lat' dir='ltr'><strong>graviter</strong></span> 
     </span>
     <span class='ocr_line' id='line_1_38' title="bbox 208 1908 1868 1947; baseline 0.002 -11"><span class='ocrx_word' id='word_1_472' title='bbox 208 1908 352 1938; x_wconf 85' lang='lat' dir='ltr'><strong>invehitur</strong></span> <span class='ocrx_word' id='word_1_473' title='bbox 374 1910 403 1937; x_wconf 90' lang='lat' dir='ltr'><strong>et</strong></span> <span class='ocrx_word' id='word_1_474' title='bbox 427 1909 566 1944; x_wconf 87' lang='lat' dir='ltr'><strong>procedit,</strong></span> <span class='ocrx_word' id='word_1_475' title='bbox 592 1909 739 1938; x_wconf 85' lang='lat' dir='ltr'><strong>intendens</strong></span> <span class='ocrx_word' id='word_1_476' title='bbox 762 1911 820 1938; x_wconf 78' lang='lat' dir='ltr'><strong>acsi</strong></span> <span class='ocrx_word' id='word_1_477' title='bbox 843 1910 955 1938; x_wconf 73' lang='lat' dir='ltr'><strong>abiecto</strong></span> <span class='ocrx_word' id='word_1_478' title='bbox 980 1910 1091 1938; x_wconf 85' lang='lat' dir='ltr'><strong>nomine</strong></span> <span class='ocrx_word' id='word_1_479' title='bbox 1109 1913 1138 1939; x_wconf 83' lang='lat' dir='ltr'><strong>et</strong></span> <span class='ocrx_word' id='word_1_480' title='bbox 1156 1910 1241 1938; x_wconf 88' lang='lat' dir='ltr'><strong>titulo</strong></span> <span class='ocrx_word' id='word_1_481' title='bbox 1264 1913 1293 1939; x_wconf 92' lang='lat' dir='ltr'><strong>et</strong></span> <span class='ocrx_word' id='word_1_482' title='bbox 1315 1911 1446 1946; x_wconf 77' lang='lat' dir='ltr'><strong>deposita</strong></span> <span class='ocrx_word' id='word_1_483' title='bbox 1463 1911 1712 1940; x_wconf 80' lang='lat' dir='ltr'><strong>administracione</strong></span> <span class='ocrx_word' id='word_1_484' title='bbox 1731 1912 1868 1947; x_wconf 78' lang='lat' dir='ltr'><strong>premisse</strong></span> 
     </span>
     <span class='ocr_line' id='line_1_39' title="bbox 209 1959 1867 1998; baseline 0.002 -10"><span class='ocrx_word' id='word_1_485' title='bbox 209 1969 258 1989; x_wconf 88' lang='lat' dir='ltr'><strong>nos</strong></span> <span class='ocrx_word' id='word_1_486' title='bbox 276 1960 352 1996; x_wconf 87' lang='lat' dir='ltr'><strong>ipsos</strong></span> <span class='ocrx_word' id='word_1_487' title='bbox 369 1959 450 1995; x_wconf 89' lang='lat' dir='ltr'><strong>quasi</strong></span> <span class='ocrx_word' id='word_1_488' title='bbox 469 1960 564 1995; x_wconf 82' lang='lat' dir='ltr'><strong>capite</strong></span> <span class='ocrx_word' id='word_1_489' title='bbox 582 1960 750 1993; x_wconf 82' lang='lat' dir='ltr'><strong>minuamus,</strong></span> <span class='ocrx_word' id='word_1_490' title='bbox 773 1961 841 1989; x_wconf 85' lang='lat' dir='ltr'><strong>licet</strong></span> <span class='ocrx_word' id='word_1_491' title='bbox 864 1970 931 1996; x_wconf 85' lang='lat' dir='ltr'><strong>sepe</strong></span> <span class='ocrx_word' id='word_1_492' title='bbox 955 1961 1046 1989; x_wconf 85' lang='lat' dir='ltr'><strong>missis</strong></span> <span class='ocrx_word' id='word_1_493' title='bbox 1067 1962 1104 1989; x_wconf 80' lang='lat' dir='ltr'><strong>ad</strong></span> <span class='ocrx_word' id='word_1_494' title='bbox 1127 1970 1190 1990; x_wconf 88' lang='lat' dir='ltr'><strong>eum</strong></span> <span class='ocrx_word' id='word_1_495' title='bbox 1214 1970 1264 1997; x_wconf 88' lang='lat' dir='ltr'><strong>per</strong></span> <span class='ocrx_word' id='word_1_496' title='bbox 1282 1971 1332 1990; x_wconf 90' lang='lat' dir='ltr'><strong>nos</strong></span> <span class='ocrx_word' id='word_1_497' title='bbox 1350 1962 1459 1990; x_wconf 88' lang='lat' dir='ltr'><strong>nunciis</strong></span> <span class='ocrx_word' id='word_1_498' title='bbox 1477 1965 1507 1991; x_wconf 92' lang='lat' dir='ltr'><strong>et</strong></span> <span class='ocrx_word' id='word_1_499' title='bbox 1524 1963 1669 1998; x_wconf 84' lang='lat' dir='ltr'><strong>rescriptis</strong></span> <span class='ocrx_word' id='word_1_500' title='bbox 1686 1963 1744 1991; x_wconf 86' lang='lat' dir='ltr'><strong>suis</strong></span> <span class='ocrx_word' id='word_1_501' title='bbox 1762 1962 1867 1991; x_wconf 66' lang='lat' dir='ltr'><strong>litteris</strong></span> 
     </span>
     <span class='ocr_line' id='line_1_40' title="bbox 209 2011 1012 2049; baseline 0.001 -10"><span class='ocrx_word' id='word_1_502' title='bbox 209 2021 260 2049; x_wconf 82' lang='lat' dir='ltr'><strong>per</strong></span> <span class='ocrx_word' id='word_1_503' title='bbox 277 2020 324 2044; x_wconf 66' lang='lat' dir='ltr'><strong>ens</strong></span> <span class='ocrx_word' id='word_1_504' title='bbox 344 2011 388 2040; x_wconf 84' lang='lat' dir='ltr'><strong>vel</strong></span> <span class='ocrx_word' id='word_1_505' title='bbox 406 2012 436 2039; x_wconf 86' lang='lat' dir='ltr'><strong>in</strong></span> <span class='ocrx_word' id='word_1_506' title='bbox 454 2011 511 2039; x_wconf 86' lang='lat' dir='ltr'><strong>illis</strong></span> <span class='ocrx_word' id='word_1_507' title='bbox 528 2021 671 2046; x_wconf 88' lang='lat' dir='ltr'><strong>nunquam</strong></span> <span class='ocrx_word' id='word_1_508' title='bbox 690 2012 823 2040; x_wconf 79' lang='lat' dir='ltr'><strong>fuerimus</strong></span> <span class='ocrx_word' id='word_1_509' title='bbox 841 2013 1012 2048; x_wconf 87' lang='lat' dir='ltr'><strong>reprehensi.</strong></span> 
     </span>
    </p>

    <p class='ocr_par' dir='ltr' id='par_1_12' title="bbox 207 2063 1946 2349">
     <span class='ocr_line' id='line_1_41' title="bbox 317 2063 1946 2102; baseline 0.002 -10"><span class='ocrx_word' id='word_1_510' title='bbox 317 2064 360 2092; x_wconf 77' lang='lat'><strong>15.</strong></span> <span class='ocrx_word' id='word_1_511' title='bbox 386 2063 423 2092; x_wconf 83' lang='lat' dir='ltr'><strong>Et</strong></span> <span class='ocrx_word' id='word_1_512' title='bbox 445 2064 513 2099; x_wconf 86' lang='lat' dir='ltr'><strong>quis.</strong></span> <span class='ocrx_word' id='word_1_513' title='bbox 536 2073 570 2093; x_wconf 89' lang='lat' dir='ltr'><strong>ex</strong></span> <span class='ocrx_word' id='word_1_514' title='bbox 585 2065 730 2100; x_wconf 85' lang='lat' dir='ltr'><strong>premissis</strong></span> <span class='ocrx_word' id='word_1_515' title='bbox 754 2063 787 2093; x_wconf 81' lang='lat' dir='ltr'><strong>et</strong></span> <span class='ocrx_word' id='word_1_516' title='bbox 809 2074 860 2100; x_wconf 88' lang='lat' dir='ltr'><strong>per</strong></span> <span class='ocrx_word' id='word_1_517' title='bbox 882 2065 1080 2093; x_wconf 71' lang='lat' dir='ltr'><strong>evidenciam·</strong></span> <span class='ocrx_word' id='word_1_518' title='bbox 1096 2066 1190 2101; x_wconf 86' lang='lat' dir='ltr'><strong>operis</strong></span> <span class='ocrx_word' id='word_1_519' title='bbox 1212 2067 1302 2101; x_wconf 84' lang='lat' dir='ltr'><strong>patet,</strong></span> <span class='ocrx_word' id='word_1_520' title='bbox 1326 2066 1402 2100; x_wconf 88' lang='lat' dir='ltr'><strong>quod</strong></span> <span class='ocrx_word' id='word_1_521' title='bbox 1425 2066 1497 2094; x_wconf 83' lang='lat' dir='ltr'><strong>sacri</strong></span> <span class='ocrx_word' id='word_1_522' title='bbox 1520 2066 1601 2102; x_wconf 78' lang='lat' dir='ltr'><strong>regni</strong></span> <span class='ocrx_word' id='word_1_523' title='bbox 1616 2066 1742 2102; x_wconf 78' lang='lat' dir='ltr'><strong>regimen</strong></span> <span class='ocrx_word' id='word_1_524' title='bbox 1765 2067 1866 2102; x_wconf 72' lang='lat' dir='ltr'><strong>guber·</strong></span> <span class='ocrx_word' id='word_1_525' title='bbox 1881 2075 1946 2095; x_wconf 58' lang='lat' dir='ltr'><strong>mis.</strong></span> 
     </span>
     <span class='ocr_line' id='line_1_42' title="bbox 207 2113 1868 2154; baseline 0.001 -9"><span class='ocrx_word' id='word_1_526' title='bbox 207 2125 316 2151; x_wconf 79' lang='lat' dir='ltr'><strong>umus,</strong></span> <span class='ocrx_word' id='word_1_527' title='bbox 338 2125 454 2152; x_wconf 87' lang='lat' dir='ltr'><strong>prorsus</strong></span> <span class='ocrx_word' id='word_1_528' title='bbox 476 2125 494 2144; x_wconf 85' lang='lat' dir='ltr'><strong>a</strong></span> <span class='ocrx_word' id='word_1_529' title='bbox 517 2117 639 2145; x_wconf 81' lang='lat' dir='ltr'><strong>veritate</strong></span> <span class='ocrx_word' id='word_1_530' title='bbox 662 2116 813 2152; x_wconf 83' lang='lat' dir='ltr'><strong>discrepat,</strong></span> <span class='ocrx_word' id='word_1_531' title='bbox 836 2117 913 2152; x_wconf 84' lang='lat' dir='ltr'><strong>quod</strong></span> <span class='ocrx_word' id='word_1_532' title='bbox 935 2117 1006 2145; x_wconf 86' lang='lat' dir='ltr'><strong>dicit</strong></span> <span class='ocrx_word' id='word_1_533' title='bbox 1028 2117 1177 2153; x_wconf 86' lang='lat' dir='ltr'><strong>imperium</strong></span> <span class='ocrx_word' id='word_1_534' title='bbox 1201 2126 1276 2145; x_wconf 89' lang='lat' dir='ltr'><strong>nunc</strong></span> <span class='ocrx_word' id='word_1_535' title='bbox 1292 2126 1393 2145; x_wconf 74' lang='lat' dir='ltr'><strong>vacare</strong></span> <span class='ocrx_word' id='word_1_536' title='bbox 1416 2119 1446 2145; x_wconf 86' lang='lat' dir='ltr'><strong>et</strong></span> <span class='ocrx_word' id='word_1_537' title='bbox 1468 2117 1594 2145; x_wconf 83' lang='lat' dir='ltr'><strong>eiusdem</strong></span> <span class='ocrx_word' id='word_1_538' title='bbox 1617 2113 1659 2146; x_wconf 71' lang='lat' dir='ltr'><strong>ad</strong></span> <span class='ocrx_word' id='word_1_539' title='bbox 1682 2123 1717 2146; x_wconf 78' lang='lat' dir='ltr'><strong>se</strong></span> <span class='ocrx_word' id='word_1_540' title='bbox 1741 2118 1868 2154; x_wconf 74' lang='lat' dir='ltr'><strong>regimen</strong></span> 
     </span>
     <span class='ocr_line' id='line_1_43' title="bbox 208 2157 1867 2204; baseline 0.002 -10"><span class='ocrx_word' id='word_1_541' title='bbox 208 2157 355 2202; x_wconf 79' lang='lat' dir='ltr'><strong>pertinere.</strong></span> <span class='ocrx_word' id='word_1_542' title='bbox 391 2166 432 2195; x_wconf 75' lang='lat' dir='ltr'><strong>Ex</strong></span> <span class='ocrx_word' id='word_1_543' title='bbox 449 2175 505 2202; x_wconf 83' lang='lat' dir='ltr'><strong>quo</strong></span> <span class='ocrx_word' id='word_1_544' title='bbox 523 2166 599 2195; x_wconf 89' lang='lat' dir='ltr'><strong>enim</strong></span> <span class='ocrx_word' id='word_1_545' title='bbox 616 2176 663 2196; x_wconf 89' lang='lat' dir='ltr'><strong>rex</strong></span> <span class='ocrx_word' id='word_1_546' title='bbox 681 2177 775 2196; x_wconf 90' lang='lat' dir='ltr'><strong>sumus</strong></span> <span class='ocrx_word' id='word_1_547' title='bbox 788 2169 817 2195; x_wconf 88' lang='lat' dir='ltr'><strong>et</strong></span> <span class='ocrx_word' id='word_1_548' title='bbox 830 2167 891 2195; x_wconf 85' lang='lat' dir='ltr'><strong>iura</strong></span> <span class='ocrx_word' id='word_1_549' title='bbox 909 2167 988 2203; x_wconf 78' lang='lat' dir='ltr'><strong>regui</strong></span> <span class='ocrx_word' id='word_1_550' title='bbox 1007 2167 1235 2195; x_wconf 81' lang='lat' dir='ltr'><strong>administramus</strong></span> <span class='ocrx_word' id='word_1_551' title='bbox 1247 2170 1279 2203; x_wconf 82' lang='lat' dir='ltr'><strong>ut</strong></span> <span class='ocrx_word' id='word_1_552' title='bbox 1291 2177 1338 2196; x_wconf 85' lang='lat' dir='ltr'><strong>rex</strong></span> <span class='ocrx_word' id='word_1_553' title='bbox 1351 2168 1423 2196; x_wconf 84' lang='lat' dir='ltr'><strong>etin</strong></span> <span class='ocrx_word' id='word_1_554' title='bbox 1435 2168 1608 2203; x_wconf 86' lang='lat' dir='ltr'><strong>possessione</strong></span> <span class='ocrx_word' id='word_1_555' title='bbox 1619 2168 1735 2204; x_wconf 75' lang='lat' dir='ltr'><strong>regendi</strong></span> <span class='ocrx_word' id='word_1_556' title='bbox 1750 2177 1867 2204; x_wconf 72' lang='lat' dir='ltr'><strong>regnum</strong></span> 
     </span>
     <span class='ocr_line' id='line_1_44' title="bbox 208 2217 1869 2255; baseline 0.001 -9"><span class='ocrx_word' id='word_1_557' title='bbox 208 2217 386 2253; x_wconf 61' lang='lat' dir='ltr'><strong>nummum)</strong></span> <span class='ocrx_word' id='word_1_558' title='bbox 403 2227 498 2246; x_wconf 82' lang='lat' dir='ltr'><strong>sumus</strong></span> <span class='ocrx_word' id='word_1_559' title='bbox 516 2221 546 2247; x_wconf 89' lang='lat' dir='ltr'><strong>et</strong></span> <span class='ocrx_word' id='word_1_560' title='bbox 563 2219 666 2247; x_wconf 80' lang='lat' dir='ltr'><strong>fuimus</strong></span> <span class='ocrx_word' id='word_1_561' title='bbox 683 2219 781 2247; x_wconf 88' lang='lat' dir='ltr'><strong>multis</strong></span> <span class='ocrx_word' id='word_1_562' title='bbox 803 2219 896 2252; x_wconf 78' lang='lat' dir='ltr'><strong>annis,</strong></span> <span class='ocrx_word' id='word_1_563' title='bbox 920 2228 974 2246; x_wconf 92' lang='lat' dir='ltr'><strong>non</strong></span> <span class='ocrx_word' id='word_1_564' title='bbox 999 2219 1104 2254; x_wconf 84' lang='lat' dir='ltr'><strong>poterit</strong></span> <span class='ocrx_word' id='word_1_565' title='bbox 1126 2219 1183 2247; x_wconf 88' lang='lat' dir='ltr'><strong>dici</strong></span> <span class='ocrx_word' id='word_1_566' title='bbox 1208 2228 1321 2252; x_wconf 80' lang='lat' dir='ltr'><strong>vacare,</strong></span> <span class='ocrx_word' id='word_1_567' title='bbox 1346 2220 1421 2254; x_wconf 88' lang='lat' dir='ltr'><strong>quod</strong></span> <span class='ocrx_word' id='word_1_568' title='bbox 1443 2219 1532 2247; x_wconf 83' lang='lat' dir='ltr'><strong>babet</strong></span> <span class='ocrx_word' id='word_1_569' title='bbox 1554 2228 1649 2255; x_wconf 72' lang='lat' dir='ltr'><strong>regem</strong></span> <span class='ocrx_word' id='word_1_570' title='bbox 1670 2222 1814 2255; x_wconf 80' lang='lat' dir='ltr'><strong>regentem</strong></span> <span class='ocrx_word' id='word_1_571' title='bbox 1838 2223 1869 2249; x_wconf 87' lang='lat' dir='ltr'><strong>et</strong></span> 
     </span>
     <span class='ocr_line' id='line_1_45' title="bbox 210 2268 1867 2308; baseline 0.001 -9"><span class='ocrx_word' id='word_1_572' title='bbox 210 2270 327 2306; x_wconf 75' lang='lat' dir='ltr'><strong>regendi</strong></span> <span class='ocrx_word' id='word_1_573' title='bbox 348 2279 466 2306; x_wconf 69' lang='lat' dir='ltr'><strong>regnum</strong></span> <span class='ocrx_word' id='word_1_574' title='bbox 493 2273 524 2299; x_wconf 88' lang='lat' dir='ltr'><strong>et</strong></span> <span class='ocrx_word' id='word_1_575' title='bbox 545 2271 695 2307; x_wconf 88' lang='lat' dir='ltr'><strong>imperium</strong></span> <span class='ocrx_word' id='word_1_576' title='bbox 718 2268 788 2300; x_wconf 71' lang='lat' dir='ltr'><strong>iusv</strong></span> <span class='ocrx_word' id='word_1_577' title='bbox 812 2271 845 2300; x_wconf 88' lang='lat' dir='ltr'><strong>et</strong></span> <span class='ocrx_word' id='word_1_578' title='bbox 869 2273 1043 2308; x_wconf 77' lang='lat' dir='ltr'><strong>potestatem</strong></span> <span class='ocrx_word' id='word_1_579' title='bbox 1073 2271 1240 2305; x_wconf 84' lang='lat' dir='ltr'><strong>habentem.</strong></span> <span class='ocrx_word' id='word_1_580' title='bbox 1271 2271 1339 2300; x_wconf 89' lang='lat' dir='ltr'><strong>solis</strong></span> <span class='ocrx_word' id='word_1_581' title='bbox 1365 2272 1517 2300; x_wconf 68' lang='lat' dir='ltr'><strong>dumtaxat</strong></span> <span class='ocrx_word' id='word_1_582' title='bbox 1546 2273 1644 2300; x_wconf 82' lang='lat' dir='ltr'><strong>infulis</strong></span> <span class='ocrx_word' id='word_1_583' title='bbox 1671 2273 1867 2308; x_wconf 67' lang='lat' dir='ltr'><strong>imperialibus</strong></span> 
     </span>
     <span class='ocr_line' id='line_1_46' title="bbox 211 2320 406 2349; baseline 0.005 -1"><span class='ocrx_word' id='word_1_584' title='bbox 211 2320 406 2349; x_wconf 78' lang='lat' dir='ltr'><strong>coronandum.</strong></span> 
     </span>
    </p>

    <p class='ocr_par' dir='ltr' id='par_1_13' title="bbox 210 2372 1943 2569">
     <span class='ocr_line' id='line_1_47' title="bbox 315 2372 1943 2410; baseline 0.001 -10"><span class='ocrx_word' id='word_1_585' title='bbox 315 2372 357 2400; x_wconf 80' lang='lat'><strong>16.</strong></span> <span class='ocrx_word' id='word_1_586' title='bbox 386 2373 445 2401; x_wconf 81' lang='lat' dir='ltr'><strong>Nec</strong></span> <span class='ocrx_word' id='word_1_587' title='bbox 468 2373 644 2402; x_wconf 85' lang='lat' dir='ltr'><strong>concedimus</strong></span> <span class='ocrx_word' id='word_1_588' title='bbox 666 2374 709 2402; x_wconf 73' lang='lat' dir='ltr'><strong>ita</strong></span> <span class='ocrx_word' id='word_1_589' title='bbox 731 2374 911 2410; x_wconf 78' lang='lat' dir='ltr'><strong>simpliciter,</strong></span> <span class='ocrx_word' id='word_1_590' title='bbox 940 2376 973 2402; x_wconf 90' lang='lat' dir='ltr'><strong>ut</strong></span> <span class='ocrx_word' id='word_1_591' title='bbox 994 2373 1173 2409; x_wconf 87' lang='lat' dir='ltr'><strong>proponitur,</strong></span> <span class='ocrx_word' id='word_1_592' title='bbox 1198 2373 1253 2401; x_wconf 70' lang='lat' dir='ltr'><strong>ads</strong></span> <span class='ocrx_word' id='word_1_593' title='bbox 1278 2373 1386 2401; x_wconf 58' lang='lat' dir='ltr'><strong>sedem?</strong></span> <span class='ocrx_word' id='word_1_594' title='bbox 1409 2373 1595 2408; x_wconf 80' lang='lat' dir='ltr'><strong>spostolicam</strong></span> <span class='ocrx_word' id='word_1_595' title='bbox 1619 2374 1867 2407; x_wconf 81' lang='lat' dir='ltr'><strong>examinacionem,</strong></span> <span class='ocrx_word' id='word_1_596' title='bbox 1881 2382 1943 2401; x_wconf 63' lang='grc' dir='ltr'><strong>αις.</strong></span> 
     </span>
     <span class='ocr_line' id='line_1_48' title="bbox 211 2423 1868 2460; baseline 0.001 -9"><span class='ocrx_word' id='word_1_597' title='bbox 211 2423 447 2458; x_wconf 82' lang='lat' dir='ltr'><strong>approbscionem</strong></span> <span class='ocrx_word' id='word_1_598' title='bbox 459 2426 489 2453; x_wconf 88' lang='lat' dir='ltr'><strong>et</strong></span> <span class='ocrx_word' id='word_1_599' title='bbox 500 2425 696 2454; x_wconf 82' lang='lat' dir='ltr'><strong>admissionem</strong></span> <span class='ocrx_word' id='word_1_600' title='bbox 708 2425 854 2453; x_wconf 83' lang='lat' dir='ltr'><strong>electionis</strong></span> <span class='ocrx_word' id='word_1_601' title='bbox 865 2427 894 2452; x_wconf 86' lang='lat' dir='ltr'><strong>et</strong></span> <span class='ocrx_word' id='word_1_602' title='bbox 905 2433 1020 2460; x_wconf 83' lang='lat' dir='ltr'><strong>persone</strong></span> <span class='ocrx_word' id='word_1_603' title='bbox 1030 2427 1124 2453; x_wconf 83' lang='lat' dir='ltr'><strong>nostre</strong></span> <span class='ocrx_word' id='word_1_604' title='bbox 1136 2425 1321 2460; x_wconf 83' lang='lat' dir='ltr'><strong>repulsionem</strong></span> <span class='ocrx_word' id='word_1_605' title='bbox 1331 2426 1361 2452; x_wconf 89' lang='lat' dir='ltr'><strong>et</strong></span> <span class='ocrx_word' id='word_1_606' title='bbox 1372 2425 1608 2460; x_wconf 78' lang='lat' dir='ltr'><strong>reprobaeionem,</strong></span> <span class='ocrx_word' id='word_1_607' title='bbox 1628 2426 1703 2453; x_wconf 86' lang='lat' dir='ltr'><strong>sicut</strong></span> <span class='ocrx_word' id='word_1_608' title='bbox 1713 2426 1799 2454; x_wconf 83' lang='lat' dir='ltr'><strong>asseri</strong></span> <span class='ocrx_word' id='word_1_609' title='bbox 1806 2428 1868 2459; x_wconf 77' lang='lat' dir='ltr'><strong>tur,</strong></span> 
     </span>
     <span class='ocr_line' id='line_1_49' title="bbox 211 2474 1868 2512; baseline 0.001 -9"><span class='ocrx_word' id='word_1_610' title='bbox 211 2475 360 2510; x_wconf 86' lang='lat' dir='ltr'><strong>pertinere.</strong></span> <span class='ocrx_word' id='word_1_611' title='bbox 400 2474 454 2503; x_wconf 83' lang='lat' dir='ltr'><strong>Sed</strong></span> <span class='ocrx_word' id='word_1_612' title='bbox 476 2475 501 2504; x_wconf 79' lang='lat' dir='ltr'><strong>si</strong></span> <span class='ocrx_word' id='word_1_613' title='bbox 525 2476 600 2511; x_wconf 84' lang='lat' dir='ltr'><strong>quod</strong></span> <span class='ocrx_word' id='word_1_614' title='bbox 623 2485 678 2504; x_wconf 91' lang='lat' dir='ltr'><strong>non</strong></span> <span class='ocrx_word' id='word_1_615' title='bbox 703 2477 840 2505; x_wconf 88' lang='lat' dir='ltr'><strong>credimus</strong></span> <span class='ocrx_word' id='word_1_616' title='bbox 865 2477 1031 2512; x_wconf 84' lang='lat' dir='ltr'><strong>pertineret.</strong></span> <span class='ocrx_word' id='word_1_617' title='bbox 1055 2477 1108 2504; x_wconf 84' lang='lat' dir='ltr'><strong>hoc</strong></span> <span class='ocrx_word' id='word_1_618' title='bbox 1132 2478 1201 2504; x_wconf 85' lang='lat' dir='ltr'><strong>tunc</strong></span> <span class='ocrx_word' id='word_1_619' title='bbox 1222 2477 1332 2504; x_wconf 88' lang='lat' dir='ltr'><strong>demum</strong></span> <span class='ocrx_word' id='word_1_620' title='bbox 1354 2475 1504 2504; x_wconf 74' lang='lat' dir='ltr'><strong>fortassis</strong></span> <span class='ocrx_word' id='word_1_621' title='bbox 1528 2475 1583 2504; x_wconf 79' lang='lat' dir='ltr'><strong>sibi</strong></span> <span class='ocrx_word' id='word_1_622' title='bbox 1608 2476 1699 2505; x_wconf 88' lang='lat' dir='ltr'><strong>locum</strong></span> <span class='ocrx_word' id='word_1_623' title='bbox 1719 2477 1868 2505; x_wconf 72' lang='lat' dir='ltr'><strong>vendicare</strong></span> 
     </span>
     <span class='ocr_line' id='line_1_50' title="bbox 210 2525 1866 2569; baseline 0.002 -16"><span class='ocrx_word' id='word_1_624' title='bbox 210 2527 312 2560; x_wconf 84' lang='lat' dir='ltr'><strong>posset,</strong></span> <span class='ocrx_word' id='word_1_625' title='bbox 331 2525 354 2553; x_wconf 91' lang='lat' dir='ltr'><strong>si</strong></span> <span class='ocrx_word' id='word_1_626' title='bbox 372 2527 583 2569; x_wconf 16' lang='lat' dir='ltr'><strong>perhquerelam</strong></span> <span class='ocrx_word' id='word_1_627' title='bbox 601 2527 646 2556; x_wconf 84' lang='lat' dir='ltr'><strong>vel</strong></span> <span class='ocrx_word' id='word_1_628' title='bbox 664 2536 714 2563; x_wconf 89' lang='lat' dir='ltr'><strong>per</strong></span> <span class='ocrx_word' id='word_1_629' title='bbox 733 2528 807 2556; x_wconf 83' lang='lat' dir='ltr'><strong>viam</strong></span> <span class='ocrx_word' id='word_1_630' title='bbox 826 2528 1055 2564; x_wconf 78' lang='lat' dir='ltr'><strong>supplicacionis‚</strong></span> <span class='ocrx_word' id='word_1_631' title='bbox 1074 2528 1280 2564; x_wconf 82' lang='lat' dir='ltr'><strong>appellscionis</strong></span> <span class='ocrx_word' id='word_1_632' title='bbox 1299 2528 1342 2557; x_wconf 85' lang='lat' dir='ltr'><strong>vel</strong></span> <span class='ocrx_word' id='word_1_633' title='bbox 1362 2527 1572 2563; x_wconf 78' lang='lat' dir='ltr'><strong>provocacionis</strong></span> <span class='ocrx_word' id='word_1_634' title='bbox 1591 2529 1635 2556; x_wconf 82' lang='lat' dir='ltr'><strong>vel</strong></span> <span class='ocrx_word' id='word_1_635' title='bbox 1654 2529 1712 2557; x_wconf 84' lang='lat' dir='ltr'><strong>alio</strong></span> <span class='ocrx_word' id='word_1_636' title='bbox 1729 2529 1811 2556; x_wconf 88' lang='lat' dir='ltr'><strong>modo</strong></span> <span class='ocrx_word' id='word_1_637' title='bbox 1830 2529 1866 2556; x_wconf 79' lang='lat' dir='ltr'><strong>sd</strong></span> 
     </span>
    </p>
   </div>
   <div class='ocr_carea' id='block_1_10' title="bbox 210 2628 1866 2785">
    <p class='ocr_par' dir='ltr' id='par_1_14' title="bbox 210 2628 1866 2785">
     <span class='ocr_line' id='line_1_51' title="bbox 314 2628 1866 2667; baseline 0.001 -10"><span class='ocrx_word' id='word_1_638' title='bbox 314 2628 381 2657; x_wconf 55' lang='grc' dir='ltr'><strong>ωδ.</strong></span> <span class='ocrx_word' id='word_1_639' title='bbox 398 2629 419 2663; x_wconf 91' lang='lat'><strong>¹)</strong></span> <span class='ocrx_word' id='word_1_640' title='bbox 436 2631 526 2664; x_wconf 57' lang='lat' dir='ltr'><strong>incipit</strong></span> <span class='ocrx_word' id='word_1_641' title='bbox 537 2639 605 2658; x_wconf 74' lang='lat' dir='ltr'><strong>moe</strong></span> <span class='ocrx_word' id='word_1_642' title='bbox 616 2631 737 2658; x_wconf 62' lang='lat' dir='ltr'><strong>aalma</strong></span> <span class='ocrx_word' id='word_1_643' title='bbox 749 2641 784 2662; x_wconf 82' lang='lat' dir='ltr'><strong>c.‚·</strong></span> <span class='ocrx_word' id='word_1_644' title='bbox 802 2632 836 2666; x_wconf 74' lang='lat' dir='ltr'><strong>cf.</strong></span> <span class='ocrx_word' id='word_1_645' title='bbox 850 2641 931 2665; x_wconf 77' lang='lat' dir='ltr'><strong>supra</strong></span> <span class='ocrx_word' id='word_1_646' title='bbox 945 2641 1008 2666; x_wconf 71' lang='lat' dir='ltr'><strong>paq.</strong></span> <span class='ocrx_word' id='word_1_647' title='bbox 1020 2634 1071 2658; x_wconf 69' lang='lat'><strong>644</strong></span> <span class='ocrx_word' id='word_1_648' title='bbox 1082 2637 1135 2658; x_wconf 74' lang='lat' dir='ltr'><strong>noe.</strong></span> <span class='ocrx_word' id='word_1_649' title='bbox 1143 2633 1160 2659; x_wconf 87' lang='lat' dir='ltr'><strong>i.</strong></span> <span class='ocrx_word' id='word_1_650' title='bbox 1236 2631 1262 2665; x_wconf 70' lang='lat' dir='ltr'><strong>k)</strong></span> <span class='ocrx_word' id='word_1_651' title='bbox 1280 2632 1374 2658; x_wconf 67' lang='lat' dir='ltr'><strong>abhinc</strong></span> <span class='ocrx_word' id='word_1_652' title='bbox 1386 2637 1483 2659; x_wconf 68' lang='lat' dir='ltr'><strong>nuceto</strong></span> <span class='ocrx_word' id='word_1_653' title='bbox 1494 2633 1553 2659; x_wconf 72' lang='lat' dir='ltr'><strong>ceila</strong></span> <span class='ocrx_word' id='word_1_654' title='bbox 1565 2637 1710 2659; x_wconf 63' lang='lat' dir='ltr'><strong>manento</strong></span> <span class='ocrx_word' id='word_1_655' title='bbox 1721 2634 1832 2667; x_wconf 61' lang='lat' dir='ltr'><strong>fuscior-1⁴</strong></span> <span class='ocrx_word' id='word_1_656' title='bbox 1844 2643 1866 2659; x_wconf 88' lang='lat' dir='ltr'><strong>c.</strong></span> 
     </span>
     <span class='ocr_line' id='line_1_52' title="bbox 210 2671 1866 2708; baseline 0.002 -10"><span class='ocrx_word' id='word_1_657' title='bbox 210 2671 228 2704; x_wconf 87' lang='lat'><strong>¹)</strong></span> <span class='ocrx_word' id='word_1_658' title='bbox 247 2673 283 2698; x_wconf 75' lang='lat' dir='ltr'><strong>eie</strong></span> <span class='ocrx_word' id='word_1_659' title='bbox 300 2681 338 2703; x_wconf 84' lang='lat' dir='ltr'><strong>c.‚·</strong></span> <span class='ocrx_word' id='word_1_660' title='bbox 356 2674 390 2707; x_wconf 74' lang='lat' dir='ltr'><strong>cf.</strong></span> <span class='ocrx_word' id='word_1_661' title='bbox 409 2681 491 2707; x_wconf 75' lang='lat' dir='ltr'><strong>supro</strong></span> <span class='ocrx_word' id='word_1_662' title='bbox 504 2675 626 2707; x_wconf 68' lang='grc' dir='ltr'><strong>ρος.δῶ</strong></span> <span class='ocrx_word' id='word_1_663' title='bbox 641 2674 721 2701; x_wconf 70' lang='grc' dir='ltr'><strong>ΜΗ.</strong></span> <span class='ocrx_word' id='word_1_664' title='bbox 817 2674 850 2707; x_wconf 77' lang='lat'><strong>¹¹¹)</strong></span> <span class='ocrx_word' id='word_1_665' title='bbox 868 2683 951 2707; x_wconf 70' lang='lat' dir='ltr'><strong>cupro</strong></span> <span class='ocrx_word' id='word_1_666' title='bbox 968 2675 1064 2701; x_wconf 76' lang='lat' dir='ltr'><strong>lineam</strong></span> <span class='ocrx_word' id='word_1_667' title='bbox 1082 2675 1145 2701; x_wconf 71' lang='lat' dir='ltr'><strong>aad.</strong></span> <span class='ocrx_word' id='word_1_668' title='bbox 1164 2683 1187 2701; x_wconf 88' lang='lat' dir='ltr'><strong>c.</strong></span> <span class='ocrx_word' id='word_1_669' title='bbox 1284 2675 1311 2707; x_wconf 80' lang='lat'><strong>¹¹)</strong></span> <span class='ocrx_word' id='word_1_670' title='bbox 1329 2675 1442 2708; x_wconf 63' lang='grc' dir='ltr'><strong>σοφίαν·</strong></span> <span class='ocrx_word' id='word_1_671' title='bbox 1459 2684 1506 2702; x_wconf 82' lang='grc' dir='ltr'><strong>ιιοι</strong></span> <span class='ocrx_word' id='word_1_672' title='bbox 1524 2676 1598 2702; x_wconf 66' lang='lat' dir='ltr'><strong>dalet.</strong></span> <span class='ocrx_word' id='word_1_673' title='bbox 1617 2685 1639 2702; x_wconf 83' lang='lat' dir='ltr'><strong>c.</strong></span> <span class='ocrx_word' id='word_1_674' title='bbox 1733 2676 1758 2708; x_wconf 86' lang='lat'><strong>⁰)</strong></span> <span class='ocrx_word' id='word_1_675' title='bbox 1776 2677 1866 2702; x_wconf 76' lang='lat' dir='ltr'><strong>eadem</strong></span> 
     </span>
     <span class='ocr_line' id='line_1_53' title="bbox 210 2715 1862 2752; baseline 0.003 -12"><span class='ocrx_word' id='word_1_676' title='bbox 210 2723 290 2741; x_wconf 70' lang='grc' dir='ltr'><strong><em>ηιαπα</em></strong></span> <span class='ocrx_word' id='word_1_677' title='bbox 307 2715 335 2741; x_wconf 77' lang='lat' dir='ltr'><strong>in</strong></span> <span class='ocrx_word' id='word_1_678' title='bbox 352 2716 470 2749; x_wconf 69' lang='lat' dir='ltr'><strong>man-qim</strong></span> <span class='ocrx_word' id='word_1_679' title='bbox 485 2716 596 2750; x_wconf 62' lang='lat' dir='ltr'><strong>poectum</strong></span> <span class='ocrx_word' id='word_1_680' title='bbox 613 2725 634 2744; x_wconf 83' lang='lat' dir='ltr'><strong>c.</strong></span> <span class='ocrx_word' id='word_1_681' title='bbox 715 2717 741 2750; x_wconf 73' lang='grc' dir='ltr'><strong>Ρ)</strong></span> <span class='ocrx_word' id='word_1_682' title='bbox 758 2717 872 2750; x_wconf 66' lang='lat' dir='ltr'><strong>nequim-</strong></span> <span class='ocrx_word' id='word_1_683' title='bbox 889 2717 955 2744; x_wconf 71' lang='grc' dir='ltr'><strong>ὶιῡῑδ</strong></span> <span class='ocrx_word' id='word_1_684' title='bbox 971 2717 1045 2744; x_wconf 70' lang='lat' dir='ltr'><strong>dotet.</strong></span> <span class='ocrx_word' id='word_1_685' title='bbox 1065 2726 1086 2744; x_wconf 90' lang='lat' dir='ltr'><strong>c.</strong></span> <span class='ocrx_word' id='word_1_686' title='bbox 1167 2717 1192 2750; x_wconf 57' lang='grc' dir='ltr'><strong>ἢ)</strong></span> <span class='ocrx_word' id='word_1_687' title='bbox 1206 2723 1265 2751; x_wconf 74' lang='lat' dir='ltr'><strong>post</strong></span> <span class='ocrx_word' id='word_1_688' title='bbox 1283 2718 1356 2751; x_wconf 67' lang='lat' dir='ltr'><strong>edd„</strong></span> <span class='ocrx_word' id='word_1_689' title='bbox 1374 2717 1456 2745; x_wconf 76' lang='lat' dir='ltr'><strong>deleto</strong></span> <span class='ocrx_word' id='word_1_690' title='bbox 1473 2719 1597 2745; x_wconf 72' lang='lat' dir='ltr'><strong>vocabulo</strong></span> <span class='ocrx_word' id='word_1_691' title='bbox 1615 2726 1636 2752; x_wconf 67' lang='lat' dir='ltr'><strong>q</strong></span> <span class='ocrx_word' id='word_1_692' title='bbox 1653 2728 1674 2745; x_wconf 87' lang='lat' dir='ltr'><strong>c.</strong></span> <span class='ocrx_word' id='word_1_693' title='bbox 1754 2719 1776 2750; x_wconf 79' lang='lat'><strong>¹&#39;)</strong></span> <span class='ocrx_word' id='word_1_694' title='bbox 1795 2727 1862 2744; x_wconf 80' lang='lat' dir='ltr'><strong>corr.</strong></span> 
     </span>
     <span class='ocr_line' id='line_1_54' title="bbox 210 2758 370 2785; baseline 0.006 -1"><span class='ocrx_word' id='word_1_695' title='bbox 210 2766 241 2784; x_wconf 67' lang='grc' dir='ltr'><strong>ιω</strong></span> <span class='ocrx_word' id='word_1_696' title='bbox 258 2758 331 2785; x_wconf 84' lang='lat' dir='ltr'><strong>sedes</strong></span> <span class='ocrx_word' id='word_1_697' title='bbox 349 2767 370 2785; x_wconf 80' lang='lat' dir='ltr'><strong>c.</strong></span> 
     </span>
    </p>
   </div>
   <div class='ocr_carea' id='block_1_11' title="bbox 313 2812 1658 2838">
    <p class='ocr_par' dir='ltr' id='par_1_15' title="bbox 313 2812 1658 2838">
     <span class='ocr_line' id='line_1_55' title="bbox 313 2812 1658 2838; baseline 0.001 -2"><span class='ocrx_word' id='word_1_698' title='bbox 313 2816 352 2836; x_wconf 82' lang='lat' dir='ltr'><strong>u..</strong></span> <span class='ocrx_word' id='word_1_699' title='bbox 364 2816 590 2837; x_wconf 64' lang='lat' dir='ltr'><strong>cossurus-rom</strong></span> <span class='ocrx_word' id='word_1_700' title='bbox 602 2818 628 2836; x_wconf 87' lang='lat' dir='ltr'><strong>v.</strong></span> <span class='ocrx_word' id='word_1_701' title='bbox 1624 2812 1658 2838; x_wconf 85' lang='grc'><strong>83</strong></span> 
     </span>
    </p>
   </div>
  </div>
 </body>
</html>
