2190 3172
496 215 592 244 ACTA
611 216 725 244 REGNI
744 215 928 245 LUDEWIOI
948 216 995 244 lV.
1014 216 1060 244 ΕΤ
1079 215 1266 244 FRIDERXCI
1284 216 1333 245 111.
1372 217 1446 245 1316.
1483 217 1530 245 Nr.
1543 217 1602 246 369.
1815 221 1877 252 309

225 302 347 345 absque
371 303 570 346 perfectione
586 304 748 336 victoriosi
765 304 921 346 propositi
944 303 1077 336 resilire.
1114 303 1195 336 Post
1217 314 1314 346 quem
1331 304 1469 337 reditum
1486 306 1709 347 propinquatis
1733 305 1877 338 hostibus

225 354 344 387 Pisano
367 355 534 388 comitatui
555 354 654 388 iidem
672 355 909 388 Ultramontani
931 356 996 388 iam
1019 358 1056 388 ut
1076 355 1255 399 predicitur
1273 355 1457 389 fermentati
1481 356 1522 389 ad
1537 356 1760 390 defensionem
1785 358 1877 390 dum-

225 408 330 447 taxat,
354 406 473 439 nedum
495 406 537 439 ad
560 406 761 439 inimicorum
785 407 995 439 offensionem
1019 408 1165 450 equitare
1189 407 1372 440 nullatenus
1394 407 1579 448 voluerunt,
1607 407 1777 441 credentes
1800 420 1876 441 con-

226 462 355 501 ceptum
378 457 551 491 nefandum
575 459 607 490 in
630 462 736 491 actum
752 459 960 501 perfectionis
975 458 1148 500 adducere,
1171 459 1260 501 quod
1276 458 1408 502 quidem
1432 469 1503 491 esse
1527 470 1590 492 non
1608 463 1735 502 poterat
1751 460 1875 503 absque

192 521 205 541 a
224 511 362 543 civitatis
384 511 483 553 ipsius
507 513 540 542 et
562 513 664 542 status
687 510 864 552 imperialis
887 510 1032 542 eiusdem
1055 510 1263 553 depressione
1292 511 1384 543 totali
1412 514 1445 543 et
1475 521 1534 553 per
1556 522 1757 554 consequens
1780 523 1875 544 cunc-

224 566 330 595 torum
354 562 489 604 imperio
512 561 656 594 fidelium
680 563 844 604 provincie
866 565 1054 595 memorate.
1143 562 1192 605 (2)
1216 562 1359 599 Quorum
1383 563 1553 595 occasione
1569 573 1706 596 comune
1723 564 1877 597 Pisanum

224 613 387 656 predictos
410 612 673 645 Ultramontanos
697 614 906 656 precipitatus
939 614 972 646 in
1005 613 1157 657 laqueum
1189 614 1387 647 seductionis
1417 614 1577 647 diabolice
1609 619 1675 648 tam
1704 615 1875 648 ori-endum

223 665 401 698 licentiavit
423 675 443 697 a
465 665 530 699 suis
552 665 678 707 guagiis
708 668 741 698 et
768 665 923 708 obsequio
946 665 1120 708 sepedictis
1149 669 1183 698 et
1212 666 1293 698 alios
1320 665 1397 699 fidei
1419 670 1602 699 constantes
1624 668 1756 700 retinuit
1779 668 1876 710 digne

224 718 257 749 in
279 717 344 749 suis
368 717 542 749 honoribus
564 720 806 759 augmentatos,
841 721 952 750 contra
976 729 1056 760 quos
1085 722 1142 750 aut
1172 719 1204 750 in
1227 719 1353 750 virtutis
1377 728 1489 751 eorum
1513 718 1725 761 derogatione
1748 720 1775 751 si
1798 719 1876 762 quid

181 781 207 801 10
225 770 375 802 contrarii
398 769 548 801 simulata
571 779 834 812 quorumcunque
862 770 977 802 relatio
1004 769 1168 812 palliaret,
1201 769 1325 812 absque
1355 769 1555 802 credulitatis
1582 769 1645 803 fide
1673 776 1877 814 pertranseat

224 823 257 854 et
279 821 360 853 sicut
382 820 514 862 dignum
537 823 571 853 et
592 821 710 853 iustum
735 825 794 863 est,
818 822 998 863 reciprocet
1020 821 1052 853 in
1076 820 1229 854 dicentes.
1264 821 1336 854 Hec
1359 825 1468 854 autem
1484 832 1617 864 presens
1633 822 1738 855 fidelis
1753 824 1875 862 nuntia,

222 871 406 915 ubicunque
429 872 491 904 sibi
513 872 642 904 auditus
664 872 877 915 prestabitur,
911 873 1070 915 significet
1092 875 1126 905 et
1147 872 1291 906 declaret
1325 873 1367 906 ad
1399 877 1590 916 perpetuam
1621 875 1810 907 memoriam
1842 880 1875 908 et

224 925 443 958 testimonium
465 925 618 957 veritatis.
707 926 753 965 (3)
780 925 920 957 Nomina
952 924 1083 967 quidem
1111 924 1299 957 honoranda
1326 925 1443 958 virtute
1474 925 1740 959 banderariorum
1765 926 1872 959 Ultrtv

223 979 449 1008 montanorum
473 979 598 1008 servate
622 975 797 1019 legalitatis
821 976 1010 1018 pollentium
1034 979 1107 1008 sunt
1129 976 1204 1008 hec:

181 1040 205 1061 is
374 1027 532 1060 Dominus
554 1027 673 1060 Petrus
696 1028 737 1060 de
760 1028 893 1060 Brustat

373 1079 531 1112 Dominus
554 1079 716 1112 Iohannes
738 1080 858 1112 Iudeus

373 1131 531 1163 Dominus
554 1131 760 1164 Guifferanus
782 1132 824 1164 de
839 1132 1089 1175 Vallegrignosa

373 1183 532 1215 Dominus
554 1183 731 1216 Federicus
754 1183 795 1216 de
818 1183 942 1216 Namm-

374 1234 532 1267 Dominus
555 1234 741 1268 Gualterius
765 1235 806 1268 de
829 1236 1013 1269 Blethesvic

179 1300 205 1320 20
373 1286 532 1318 Dominus
554 1287 714 1319 Henricus
739 1287 779 1320 de
803 1287 972 1320 Surimbsc

373 1338 531 1370 Dominus
552 1338 689 1370 Petinus
712 1339 788 1371 olim
812 1339 895 1371 filius
918 1339 1038 1372 domini
1061 1339 1195 1372 Henrici
1218 1340 1259 1373 de
1283 1341 1389 1383 Loray

374 1389 532 1422 Dominus
555 1389 742 1433 Io[h]annes
765 1390 806 1423 de
830 1391 910 1423 Vico

374 1441 531 1473 Dominus
554 1441 742 1485 Io[h]annes
766 1443 807 1475 de
830 1443 918 1485 Ayes

373 1493 530 1525 Dominus
553 1492 738 1537 Io[h]annes
761 1493 801 1527 de
824 1495 936 1527 Amaz.

180 1562 204 1582 2³
223 1549 274 1592 (4)
303 1549 443 1582 Nomina
471 1560 547 1582 vero
577 1549 841 1582 banderariorum
864 1551 1183 1583 Ultramontanorum
1215 1551 1399 1584 fedatorum
1431 1552 1557 1594 prefato
1592 1552 1721 1584 scelesti
1750 1553 1873 1595 flagitio

223 1602 284 1634 hec
307 1605 396 1634 sunt:

374 1653 532 1685 Dominus
554 1653 689 1695 Egidius
712 1653 753 1686 de
775 1654 908 1696 Bellayr

374 1705 532 1740 Dominus
554 1705 721 1738 Conradus
745 1705 786 1738 de
810 1705 905 1738 Salac

373 1756 530 1789 Dominus
553 1756 719 1789 Conradus
739 1757 863 1789 iuvenis
880 1758 948 1790 eius
964 1758 1047 1790 filius

180 1821 206 1842 so
373 1808 531 1841 Dominus
553 1808 746 1841 Guilielmus
769 1809 809 1842 de
833 1809 951 1851 Anglia

373 1859 530 1892 Dominus
553 1860 706 1893 Albertus
729 1860 770 1892 de
793 1860 956 1893 Distracto

373 1911 530 1944 Dominus
552 1911 712 1944 Oliverius
736 1912 777 1944 de
795 1912 1011 1945 Vichinsoven

378 1963 532 1996 Dominus
555 1963 665 1996 Simon
688 1964 804 1996 Forsto
828 1964 868 1997 de
891 1965 1025 1996 Bromat

373 2014 530 2047 Dominus
551 2015 701 2047 Andreas
725 2015 766 2048 de
789 2015 962 2048 Claravilla

179 2081 205 2101 ss
373 2066 530 2099 Dominus
553 2067 714 2100 Iohannes
737 2067 778 2100 de
801 2067 948 2110 Inghilen

372 2118 529 2151 Dominus
551 2119 746 2152 Maroulinus
769 2119 926 2152 Stehellin

373 2169 531 2202 Dominus
552 2171 693 2213 Aloysus
716 2170 757 2203 de
780 2171 866 2203 Lore

372 2221 530 2254 Dominus
552 2223 760 2254 Artimannus
783 2223 824 2255 de
847 2223 1011 2266 Traspurg

371 2272 530 2306 Dominus
553 2274 801 2306 Bartholomeus
825 2274 866 2307 de
890 2275 1007 2307 Barma

179 2338 206 2358 «ο
373 2324 530 2357 Dominus
552 2325 625 2368 Ugo
649 2325 690 2357 de
713 2325 850 2358 Padella

372 2376 529 2409 Dominus
551 2377 687 2410 Roricus
710 2377 751 2409 de
775 2376 936 2410 Otenhen.

329 2474 454 2518 Scripta
477 2475 574 2515 Pisis,
604 2476 763 2508 dominice
787 2477 1014 2508 incarnationis
1041 2487 1125 2508 anno
1149 2476 1318 2509 millesimo
1343 2479 1569 2510 trecentesimo
1593 2478 1869 2520 septimodecimo,

221 2526 396 2559 indictione
419 2527 677 2569 quartadecima,
708 2532 800 2560 sexto
825 2528 990 2560 Kalendas
1014 2529 1166 2571 Augusti,
1197 2529 1373 2562 secundum
1397 2541 1524 2563 cursum
1549 2534 1582 2562 et
1605 2530 1869 2562 consuetudinem

225 2578 424 2610 Pisanorum.
