2184 3126
55 0 228 19 :ww-W*
243 0 255 8 ='
268 3 270 5 ·

406 251 501 280 ACTA
518 235 633 279 REGNI
651 249 837 278 LUDEWICI
856 249 902 277 IV.
921 248 968 277 m
987 246 1172 276 FRIDERICI
1191 246 1239 274 111.
1277 245 1351 274 1324.
1388 245 1437 272 Nr.
1449 244 1510 273 830.
1529 244 1588 273 831.
1607 245 1666 272 882.
1798 248 1857 278 651

203 339 409 382 spondemus.
497 339 621 372 Dantes
643 339 676 371 in
699 337 917 370 testimonium
940 337 1169 379 premissorum
1199 334 1257 367 has
1284 334 1409 366 litteras
1431 333 1528 376 sigilli
1551 334 1731 366 maiestatis
1755 336 1864 366 nostre

204 391 322 424 robore
346 391 567 423 communitas.

314 444 432 475 Actum
455 442 542 485 apud
565 441 696 485 opidum
719 440 984 483 Hachemb(erc)‚
1008 440 1048 473 V.
1063 439 1138 472 Kal.
1153 439 1320 480 Februa,
1343 448 1427 471 anno
1443 438 1574 471 Domini
1597 437 1863 479 MOCCXXIIII,

206 496 298 538 regni
320 505 396 527 vero
419 494 519 526 nostri
541 503 624 526 anno
647 493 689 526 X.

175 650 187 669 ι
310 634 397 672 831.
438 634 592 671 Ia'tterae
619 634 711 680 regis
737 632 1034 670 commendatitiae
1059 632 1310 669 Lubicensibus
1336 631 1472 668 missae.
1579 631 1683 668 Febr.
1705 632 1768 667 26.

319 712 481 755 Oriyinale
503 712 579 755 (or.)
606 712 641 744 in
670 711 828 744 tabuhtrio
854 711 994 744 civitatis
1017 710 1214 744 Lubicensis.
1263 710 1466 745 Contulimus
1487 721 1553 743 nos.
1606 710 1745 751 Vestiqia
1767 708 1868 751 siqilu

208 765 319 799 secreti
341 774 430 811 cerae
450 764 566 797 rubeae
588 764 680 796 dorso
702 764 848 805 impressi
869 763 996 796 adsunt.
1047 762 1090 796 In
1111 762 1304 795 cancellaria
1326 763 1408 803 reyis
1429 763 1582 803 scriptum
1603 771 1669 794 non
1691 771 1756 794 esse
1777 761 1864 794 vide-

207 819 271 850 m.
295 835 337 840 —
360 815 423 848 Ed.
448 815 565 849 ‘Codex
586 815 711 856 diplom.
736 815 936 848 Lubet-ensi&
958 814 1010 854 11,
1033 815 1098 847 396
1119 825 1169 847 nr.
1185 814 1250 846 449
1272 825 1311 846 ecc
1334 825 1378 846 or.

314 876 462 916 Biihmer,
486 876 561 918 Rey.
577 876 688 910 Dudw.
706 887 742 917 p.
758 877 822 908 355
844 886 895 908 nr.
911 875 998 908 3213
1019 874 1146 916 (Addit.
1163 874 1250 916 III).

162 942 190 964 ¹⁰
315 937 515 980 Nuptiarum
537 936 722 978 sollempnia
744 936 854 969 diebus
874 937 926 969 25.
941 938 971 968 el
985 936 1037 968 26.
1054 946 1095 968 m.
1111 935 1204 968 Febr.
1231 934 1380 969 Coloniae
1397 934 1525 967 habitae
1547 938 1639 975 surm·
1661 936 1701 974 cf.
1718 935 1866 974 Bekmer,

208 989 284 1031 Rey.
308 990 420 1022 Dudw.
439 999 475 1030 p.
491 989 534 1020 40
551 990 623 1029 post
644 999 694 1021 nr.
713 989 786 1021 690.

315 1075 537 1117 Lud(owicus)
553 1075 617 1107 Dei
633 1069 976 1117 gracia'Romanorum
991 1084 1051 1106 rex
1067 1084 1196 1116 semper
1211 1077 1364 1116 augustus
1438 1073 1565 1106 dilectis
1581 1073 1642 1106 sibi
1659 1099 1666 1106 .
1681 1099 1688 1106 .
1704 1075 1868 1116 magistris

209 1128 385 1169 consulum,
408 1127 548 1160 scabinis
570 1138 608 1159 ac
631 1151 638 1159 .
662 1151 670 1159 .
699 1126 908 1168 cons(ulibus)
934 1125 1169 1159 Lubicensibus
1256 1126 1399 1167 graciam
1428 1136 1519 1158 suam
1548 1128 1582 1158 et
1611 1136 1707 1158 omne
1734 1126 1866 1158 bonurn.

316 1179 543 1212 Exhibitorem
566 1179 768 1221 presencium
783 1178 959 1211 Ludolfum
982 1177 1134 1210 clericum
1154 1177 1270 1209 nobilis
1286 1178 1345 1210 viri
1361 1177 1531 1210 Wilhelmi
1546 1178 1673 1210 comitis
1684 1177 1867 1217 Hannonie‚

167 1237 191 1257 ¹⁵
209 1231 396 1273 Hellandie‚
419 1231 574 1264 Zelandie
591 1233 624 1264 et
638 1230 758 1263 domini
769 1230 872 1263 Frisie
885 1229 976 1262 vobis
990 1229 1234 1262 transmittimus
1252 1233 1411 1272 petentes,
1429 1233 1464 1261 ut
1477 1230 1583 1272 ipsum
1597 1229 1638 1262 ob
1655 1230 1810 1262 honorem
1828 1239 1868 1261 ac

210 1283 483 1326 sollempnitatem
509 1283 692 1325 nuptiarum
719 1284 900 1314 nostrarum
926 1282 1052 1314 noviter
1078 1282 1263 1314 habitarum
1291 1282 1406 1313 vestris
1435 1281 1527 1314 donis
1553 1281 1766 1314 amicabiliter
1794 1291 1867 1324 per—

210 1335 364 1367 tractetis.
409 1334 447 1366 In
470 1345 533 1377 quo
556 1333 649 1366 nobis
672 1333 825 1366 affectum
847 1334 1064 1375 gratissimum
1087 1333 1258 1366 exhibetis.

318 1389 440 1422 Datum
462 1390 608 1431 Oolonie,
631 1389 802 1422 Dominica
825 1400 890 1432 qua
913 1392 1061 1422 cantatur
1081 1389 1161 1421 Esto
1183 1389 1290 1422 michi.

320 1620 573 1666 832-835.
614 1619 792 1667 ACTA
822 1620 916 1666 AD
942 1619 1400 1667 AMBASIATAM
1434 1619 1766 1668 LUDEWICI

168 1691 195 1712 ²⁰
490 1688 826 1737 PONTIFIGI
858 1688 1128 1736 MISSAM
1165 1688 1591 1736 SPECTANTIA.

856 1770 964 1808 1324.
1002 1771 1080 1808 Ian.
1101 1770 1190 1807 9.-
1204 1771 1238 1807 7.

319 1870 582 1903 Pmcwratorium
615 1871 698 1912 reyis
729 1871 872 1903 a.1323.
900 1871 979 1903 Νου.
998 1871 1049 1903 12.
1079 1871 1190 1903 datum
1218 1881 1246 1902 v.
1274 1881 1374 1911 supra
1402 1881 1454 1904 nr.
1469 1872 1543 1903 817.
1605 1871 1656 1904 De
1686 1874 1871 1906 consistorio

211 1934 243 1956 a.
266 1923 360 1955 1324.
394 1923 469 1955 Ian.
490 1924 522 1955 2.
551 1923 658 1955 habito
691 1922 734 1965 cf.
757 1923 848 1963 infra
881 1933 919 1955 ea
947 1933 1028 1963 quae
1059 1923 1125 1963 ipse
1154 1922 1315 1955 Iohannes
1343 1922 1462 1956 XXII.
1497 1924 1533 1955 in
1562 1923 1717 1957 Processu
1747 1925 1822 1958 Ian.
1840 1928 1869 1958 7.

213 1975 325 2008 emisso
347 1974 441 2017 infra
462 1985 513 2007 nr.
529 1975 593 2007 839
615 1984 683 2015 cap.
699 1975 722 2006 2
743 1977 867 2007 narrat.

171 2106 196 2128 π
373 2089 460 2126 832.
502 2090 657 2126 Litterae
683 2091 778 2126 Petri
806 2091 848 2126 cle
875 2090 1029 2126 Abbacia
1058 2091 1104 2126 ad
1130 2101 1239 2135 reqem
1266 2090 1478 2136 Araqonwn.
1581 2091 1713 2127 Ian.2.

323 2163 484 2205 Oriyinale
510 2163 586 2207 (or.)
616 2165 653 2196 in
681 2164 839 2197 tabulario
871 2165 955 2205 reyio
987 2165 1224 2197 Barcinoraensi
1255 2164 1348 2197 GRD
1378 2175 1429 2198 nr.
1450 2166 1545 2198 4220.
1602 2165 1711 2206 Siyilli
1741 2167 1872 2208 wsttyia

213 2218 378 2258 amarent.
402 2233 443 2240 —
468 2215 530 2248 Ed.
553 2216 658 2248 Finlce
680 2217 774 2248 ‘Acta
789 2217 1020 2258 Arayonensia'
1042 2216 1071 2255 Ι,
1094 2217 1158 2248 406
1179 2227 1228 2248 nr.
1245 2216 1310 2248 269
1331 2226 1370 2250 ex
1393 2227 1439 2248 or.
1486 2216 1669 2249 Editionem
1691 2218 1870 2258 repetimus.

328 2276 380 2318 C'f'.
403 2279 511 2310 notam
533 2275 553 2309 l.
569 2287 594 2308 c.
619 2277 773 2309 additam.

321 2361 457 2395 Noverit
477 2366 586 2395 vestra
609 2373 700 2396 sacra
723 2364 814 2406 regia
836 2364 1004 2404 maiestas,
1035 2363 1122 2406 quod
1151 2363 1386 2395 ambaciatores
1414 2362 1538 2395 scilicet
1567 2363 1631 2396 duo
1658 2363 1777 2398 milites
1799 2369 1873 2398 sunt

171 2426 197 2446 ω
214 2413 266 2446 hic
293 2413 389 2446 electi
413 2414 447 2446 in
472 2414 704 2457 imperatorem
732 2418 766 2447 et
792 2418 907 2458 petunt
934 2418 970 2447 ut
993 2415 1108 2447 dicitur
1139 2415 1375 2447 relaxationem
1401 2414 1454 2447 vel
1483 2414 1599 2447 saltem
1627 2417 1871 2458 suspensionem

214 2474 423 2508 processuum
449 2465 574 2508 pridem
602 2466 760 2498 factorum
789 2469 901 2499 contra
929 2466 1050 2499 dictum
1079 2467 1218 2498 electum
1245 2476 1371 2498 necnon
1398 2470 1431 2499 et
1454 2466 1542 2509 quod
1569 2466 1625 2499 det
1647 2467 1709 2499 sibi
1732 2468 1872 2501 iudicem

215 2519 469 2558 competentem,
496 2527 604 2550 coram
628 2528 691 2560 quo
714 2519 817 2560 possit
839 2518 1012 2550 ostendere
1035 2518 1076 2550 de
1099 2519 1168 2550 iure
1191 2528 1264 2559 suo,
1292 2522 1325 2550 et
1353 2517 1578 2551 nichilominus
1601 2520 1772 2551 terminum
1796 2531 1871 2552 con-

214 2569 408 2609 venientem,
433 2568 516 2601 infra
538 2579 635 2612 quem
660 2570 763 2612 possit
785 2570 914 2602 mittere
941 2581 1015 2602 suos
1042 2570 1204 2602 sollennes
1231 2569 1468 2602 ambaciatores
1495 2570 1538 2603 ad
1566 2571 1802 2604 ostendendum
1830 2572 1872 2604 de

214 2620 284 2652 iure
307 2629 375 2652 suo.
421 2619 526 2663 Super
547 2620 608 2653 hiis
631 2620 779 2653 dominus
802 2632 888 2664 papa
911 2623 1013 2653 tenuit
1035 2621 1133 2653 hodie
1157 2622 1389 2654 consistorium.
1434 2621 1478 2654 Et
1506 2622 1635 2655 fuerunt
1661 2625 1766 2655 vocati
1795 2623 1872 2656 dicti

172 2685 197 2706 κ,
216 2670 461 2711 ambaciatores.
512 2671 598 2708 Quid
627 2672 704 2714 erit,
736 2672 842 2705 adhuc
872 2674 1052 2715 ignoratur,
1084 2677 1134 2705 set
1163 2674 1372 2716 presumitur,
1402 2673 1490 2716 quod
1520 2674 1669 2707 dominus
1697 2686 1782 2717 papa
1809 2687 1871 2707 non

216 2722 371 2755 exaudiet
397 2723 592 2765 peticionem
619 2734 744 2766 eorum,
773 2725 839 2756 imo
867 2725 979 2767 pocius
1007 2725 1163 2766 creditur,
1190 2725 1278 2768 quod
1305 2726 1337 2757 in
1364 2726 1532 2767 presencia
1560 2735 1671 2758 eorum
1703 2726 1874 2768 agravabit

216 2774 319 2806 dictos
341 2784 524 2816 processus,
553 2777 714 2808 transacto
744 2777 880 2808 termino
908 2777 940 2808 in
963 2776 1146 2808 huiusmodi
1174 2776 1378 2819 processibus
1404 2777 1582 2819 assignato,
1612 2779 1667 2820 qui
1695 2779 1755 2810 erit
1779 2778 1872 2810 VIII.
1888 2789 1963 2811 ima.

216 2825 269 2858 die
292 2826 384 2858 istius
406 2826 524 2858 mensis
547 2826 698 2859 Ianuarii.
743 2827 900 2860 Similiter
921 2831 995 2860 sunt
1017 2829 1068 2861 hic
1091 2828 1155 2861 duo
1177 2829 1296 2861 milites
1318 2828 1555 2861 ambaciatores
1578 2829 1668 2861 ducis
1685 2830 1816 2862 Austrie
1841 2834 1873 2861 et

215 2881 252 2909 nt
275 2877 391 2909 dicitur
412 2877 583 2910 intendunt
605 2878 762 2921 impedire
786 2890 844 2921 pro
867 2890 962 2922 posse
986 2880 1181 2923 peticionem
1205 2880 1364 2914 dictorum
1387 2880 1642 2913 ambaciatorum
1667 2881 1744 2912 dicti
1768 2881 1874 2913 electi.

1617 2940 1667 2966 82‘
