2184 3126
300 191 364 219 450
535 186 632 213 ACTA
652 186 765 213 REGNI
785 185 970 212 LUDEWICI
989 185 1035 212 IV.
1055 185 1102 212 ΕΤ
1122 185 1309 212 FRIDERICI
1329 186 1377 212 111.
1415 185 1490 213 1320.
1526 185 1575 213 Nr.
1589 186 1648 213 561.
1671 186 1731 214 562.

301 274 427 315 aripere
444 273 635 314 volentibus,
660 274 765 304 nuncii
788 273 972 314 solempnes
995 283 1037 304 ex
1053 276 1145 314 parte
1161 273 1331 304 illustrium
1349 272 1466 303 ducum
1481 271 1630 304 Bawarie
1653 273 1812 304 inferioris
1829 272 1960 314 plenum

296 325 455 356 habentes
477 324 665 356 mandatum
693 325 777 355 inter
799 335 857 355 nos
886 327 919 355 et
941 324 1104 365 predictos
1127 324 1226 356 duces
1249 324 1455 356 amicabilem
1478 323 1683 355 concordiam
1712 327 1745 355 et
1767 328 1959 366 perpetuam

172 386 237 407 rehr.
250 388 282 407 12.
298 377 478 408 amiciciam
501 387 560 417 per
575 378 729 407 tractatus
745 375 998 406 matrimoniales
1021 386 1078 406 seu
1102 376 1199 407 etiam
1223 387 1282 417 per
1296 375 1411 407 modos
1434 375 1515 406 alios
1531 374 1671 406 faciendi
1694 375 1726 405 in
1742 374 1959 416 Oarnisprivio

298 429 382 460 eirca
398 431 527 459 noctem
539 428 699 459 Viennam
716 431 858 458 nostram
877 426 1100 458 celsitudinem
1124 426 1315 470 [adierunt]b
1331 427 1519 468 ibidemque
1543 437 1606 458 una
1621 426 1788 458 nobiscum
1804 429 1960 458 tractatus

297 480 428 511 eosdem
464 482 496 511 et
519 479 698 510 amiciciam
729 478 771 509 ad
794 478 891 509 finem
916 481 1062 519 optatum
1094 482 1127 510 et
1150 478 1400 510 desiderabilem
1424 478 1659 520 perduxerunt,
1691 489 1732 509 ex
1761 489 1825 519 quo
1852 481 1961 510 noster
1991 494 2003 512 ⁵

297 531 453 563 adventus
483 541 592 562 versus
615 531 780 561 Bosanum
807 540 905 570 super
931 530 1104 560 terminum
1132 533 1347 562 memoratum
1376 530 1484 561 extitit
1510 530 1702 561 retardatus.
1748 529 1850 561 Porro
1875 529 1962 571 quod

194 582 468 614 Mart.2.Pataviam
498 583 529 612 in
558 581 729 612 Dominica
757 591 822 622 qua
852 583 1000 611 cantatur
1028 580 1122 611 Oculi
1156 591 1230 612 cum
1258 581 1412 622 predictis
1441 581 1574 612 ducibus
1606 581 1648 612 ad
1676 580 1898 612 ratificandum
1929 584 1963 612 et

300 633 552 665 consumandum
578 632 740 674 predictos
763 635 918 663 tractatus
941 631 1089 663 volumus
1111 632 1325 673 personaliter
1348 633 1532 674 convenire,
1562 632 1618 664 ubi
1640 636 1750 664 nostra
1779 635 1812 664 et
1834 633 1963 674 imperii

298 685 384 716 facta
408 695 576 726 speramus
601 683 683 714 adeo
707 683 830 714 utiliter
851 693 1035 724 procurare,
1061 682 1148 724 quod
1171 682 1289 714 exinde
1305 683 1397 714 vobis
1419 686 1453 715 et
1475 683 1622 715 omnibus
1643 683 1754 715 nobisc
1771 687 1804 715 et
1826 683 1962 725 imperio

297 736 447 768 fidelibus
471 735 637 777 amplioris
661 735 765 777 gratie
788 734 1045 775 promotionibus
1068 734 1232 766 liberalius
1256 738 1290 766 et
1311 734 1555 766 habundancius
1577 736 1756 776 poterimus
1778 735 1958 767 subvenire.
1979 748 2004 768 ιο

297 788 368 824 Quo
393 788 478 819 facto
502 787 624 828 absque
651 787 753 817 omnis
777 797 866 818 more
891 786 1061 828 dispendio
1078 796 1190 817 versus
1206 786 1369 818 Bosanum
1394 797 1521 828 gressus
1543 790 1670 818 nostros
1693 786 1962 818 certitudinaliter

176 850 238 871 Man.
251 852 283 870 23.
299 840 490 881 dirigemus,
525 839 570 870 ita
598 838 685 880 quod
713 838 834 869 ibidem
855 839 895 869 *in
924 838 975 869 die
1003 838 1189 869 Palmarum
1219 839 1338 870 erimus
1362 838 1459 870 dante
1482 838 1623 870 Domino
1655 839 1828 870 constituti.
1873 839 1960 875 Qua-

299 894 431 933 propter
454 893 596 922 vestram
619 889 811 921 fidelitatem
835 890 1036 931 requirimus,
1063 891 1212 931 quatinus
1235 900 1333 932 super
1348 893 1415 922 tam
1431 890 1554 922 diutina
1575 891 1675 922 nostri
1691 889 1848 922 adventus
1870 900 1962 921 mora

299 943 491 974 turbationis
515 943 656 973 animum
679 947 743 972 no'n
767 942 944 981 summatis,
968 952 1040 972 cum
1066 941 1181 973 eadem
1205 952 1296 974 mora
1318 942 1410 973 nobis
1434 945 1468 973 et
1489 942 1626 983 imperio
1642 942 1698 973 fiat
1719 953 1783 973 nou
1798 941 1962 974 modicum

298 994 476 1036 profutura.
521 994 667 1025 Petimus
698 993 796 1024 etiam
825 996 858 1024 et
886 993 1090 1033 mandamus,
1117 997 1154 1024 ut
1182 1003 1254 1024 cum
1282 993 1383 1025 nobili
1405 994 1473 1024 viro
1497 993 1577 1025 Cani
1602 992 1724 1024 Grandi
1748 993 1789 1024 de
1812 993 1845 1025 la
1867 993 1961 1025 Scala
1981 1006 2005 1025 ιι

201 1059 284 1085 Apus.
299 1057 400 1088 usque
425 1046 465 1077 ad
492 1048 639 1076 octavam
663 1045 777 1085 Pasce,
802 1045 884 1076 sieut
907 1044 1013 1076 eidem
1037 1043 1211 1087 seriosi[u]s
1233 1045 1349 1076 nostris
1373 1044 1521 1076 dedimus
1544 1045 1576 1076 in
1598 1044 1769 1085 mandatis,
1792 1045 1962 1076 ulteriores

296 1102 449 1140 treuguas
473 1097 630 1128 studeatis
653 1096 792 1127 fideliter
809 1096 992 1127 observare.
1033 1096 1120 1128 Certi
1145 1097 1332 1133 certissime,
1357 1096 1443 1137 quod
1467 1097 1493 1127 si
1516 1107 1596 1138 quos
1618 1096 1747 1127 labores
1769 1107 1827 1138 pro
1851 1099 1960 1127 nostro

298 1153 331 1181 et
353 1149 480 1190 imperii
498 1149 621 1179 honore
646 1148 851 1186 sustinuistis,
874 1148 1062 1189 gravamina
1078 1148 1128 1179 vel
1153 1158 1323 1189 expensas,
1347 1147 1439 1179 vobis
1463 1147 1503 1179 de
1521 1147 1719 1189 benignitate
1742 1148 1833 1189 regia
1857 1146 1960 1190 [satis-

298 1199 439 1243 facere]‘¹
464 1200 674 1240 delectemur,
697 1203 794 1241 prout
817 1199 966 1231 effective
990 1199 1136 1230 sentietis
1158 1199 1230 1230 loeo
1254 1202 1287 1231 et
1310 1202 1455 1241 tempore
1480 1200 1587 1241 operis
1609 1209 1668 1241 per
1690 1198 1853 1231 effectum.

404 1261 495 1292 Date
518 1260 550 1291 in
573 1260 780 1301 Iudenburgo
789 1259 808 1300 s,
833 1259 912 1290 IIII.
930 1259 1002 1291 Kal.
1020 1259 1144 1299 Marcii,
1167 1260 1259 1301 regni
1281 1259 1383 1291 nostri
1405 1269 1488 1290 anno
1504 1259 1561 1291 VI.
1979 1271 2005 1291 so

299 1453 397 1498 562.
427 1453 525 1498 563.
559 1450 892 1497 LUDEWICI
924 1450 1196 1497 PACTUM
1224 1450 1365 1496 CUM
1395 1449 1566 1496 REGE
1598 1449 1960 1496 BOHEMIAE

575 1517 656 1561 ΕΤ
685 1514 1228 1561 ARCHIEPISCOPO
1258 1513 1680 1560 TREVIRENSI.

903 1593 1011 1628 13Q0.
1050 1592 1159 1628 Febr.
1177 1592 1294 1628 22-
1306 1591 1366 1628 23.

568 1696 653 1732 562
696 1696 871 1742 Scriptum
898 1696 1064 1731 Iohannis
1089 1695 1179 1740 reqis
1205 1695 1403 1730 Bohemiae.
1509 1695 1610 1730 Febr.
1629 1697 1695 1730 22.

413 1769 592 1810 Oriyinalia
615 1770 678 1801 duo
704 1773 717 1801 1
743 1773 772 1801 et
795 1772 813 1801 2
845 1770 952 1802 eadem
975 1780 1075 1801 manu
1096 1770 1219 1809 scripta
1241 1770 1277 1800 in
1299 1768 1459 1801 tabulario
1481 1769 1565 1809 reyio
1587 1769 1808 1808 Confluentino
1818 1770 1839 1800 ¹.
1881 1747 1966 1801 Con-¹
1979 1781 2003 1801 2⁵

302 1821 435 1853 tulimus
457 1832 523 1853 nos,
565 1821 683 1853 Pendet
705 1821 898 1862 autoyraphi
917 1824 928 1852 1
957 1821 1096 1861 siyillum
1119 1820 1248 1858 laesum,
1271 1820 1463 1860 autoyraphi
1486 1822 1504 1852 2
1524 1821 1742 1861 fraymentum
1763 1820 1862 1860 siyilli
1883 1820 1960 1852 loris

302 1873 557 1904 membranaceis.
582 1892 622 1896 ——
647 1873 710 1904 Ed.
730 1873 877 1905 Giinther
900 1873 1017 1905 ‘Codex
1039 1872 1279 1912 diplomaticus’
1302 1872 1372 1911 III,
1395 1873 1458 1903 194
1480 1883 1530 1904 nr.
1547 1872 1612 1903 103
1634 1883 1672 1909 ex
1695 1874 1724 1903 2.

411 1933 552 1964 Litteras
582 1933 746 1964 Ludewiei
777 1933 860 1973 reyis
889 1933 982 1965 Febr.
998 1933 1051 1964 21.
1081 1933 1148 1973 reyi
1176 1933 1347 1964 Bohemiae
1376 1933 1528 1970 traditas,
1563 1932 1716 1970 Bo'hmer,
1747 1932 1823 1972 Rey.
1845 1932 1959 1965 Ludw.

296 1995 331 2024 p.
348 1984 391 2015 23
413 1995 462 2018 nr.
479 1986 557 2023 386,
593 1994 673 2024 quas
701 1985 737 2016 in
764 1985 905 2016 versione
931 1985 998 2016 sola
1024 1985 1218 2017 Germanica
1240 1985 1423 2017 recentioris
1453 1985 1523 2016 aevi
1551 1984 1674 2016 mendis
1699 1984 1797 2024 plena
1819 1987 1962 2016 servatas

303 2036 402 2067 edidit
432 2036 660 2076 Sommersbery
694 2036 931 2068 ‘Silesiacarum
967 2048 1074 2068 rerum
1104 2037 1293 2076 Scriptores’
1324 2037 1356 2075 Ι,
1387 2037 1450 2067 948
1476 2046 1525 2067 nr.
1547 2036 1591 2067 47
1624 2036 1679 2076 (=
1709 2036 1817 2076 Laniy
1844 2036 1960 2068 ‘Codex
1979 2046 2004 2066 ω

307 2087 499 2119 Germaniae
522 2087 659 2128 diplom.’
684 2087 711 2125 I,
729 2088 791 2118 985
814 2099 863 2120 nr.
881 2090 949 2129 31),
973 2089 1009 2120 in
1032 2089 1167 2120 editione
1189 2091 1299 2120 nostra
1316 2098 1434 2128 ponere
1456 2088 1698 2127 supersedimus,
1721 2099 1793 2119 cum
1815 2090 1961 2120 contenta

302 2139 338 2170 in
361 2138 426 2170 illis
448 2149 518 2170 cum
542 2139 680 2179 Scriptis
702 2150 752 2171 nr.
770 2139 833 2170 562
856 2142 885 2171 et
908 2140 973 2170 563
995 2141 1191 2172 conveniant.

409 2198 557 2236 Bahmer,
582 2199 656 2239 Rey.
675 2199 786 2231 Ludw.
804 2210 840 2239 p.
859 2201 922 2230 186
945 2199 1071 2231 Iohann
1093 2211 1142 2231 nr.
1159 2202 1210 2231 46.

417 2257 466 2297 C'f.
491 2259 582 2297 infra
605 2259 649 2290 ad
670 2270 699 2290 a.
719 2259 812 2290 1322.
840 2259 904 2292 Oct.
924 2262 973 2291 11.

415 2336 461 2378 (1)
489 2335 556 2367 Nos
584 2336 745 2368 Iohannes
774 2337 837 2368 Dei
866 2338 974 2378 gracia
1004 2336 1139 2369 Boemie
1171 2341 1204 2369 et
1230 2337 1366 2369 Polonie
1400 2348 1473 2377 rex,
1504 2336 1824 2378 Lucemb(urgensis)
1852 2346 1960 2368 comes
1979 2348 2003 2368 ³⁵

303 2388 511 2429 marchieque
543 2388 799 2428 Budysin(ensis)
833 2389 978 2420 dominus
1007 2393 1118 2421 notum
1146 2390 1281 2420 facimus
1315 2389 1484 2428 universis,
1519 2388 1605 2431 quod
1635 2398 1707 2419 cum
1739 2388 1960 2420 serenissimus

304 2440 453 2480 princeps
477 2442 509 2470 et
532 2439 679 2470 dominus
701 2444 811 2471 noster
835 2440 981 2471 dominus
1006 2441 1195 2472 Ludwicus⁸
1214 2441 1435 2472 Romanorum
1458 2451 1517 2472 rex
1541 2450 1669 2481 semper
1691 2443 1845 2482 augustus
1867 2440 1960 2471 nobis

303 2492 336 2522 in
358 2491 488 2532 triginta
512 2492 650 2532 quinque
674 2491 802 2522 milibus
826 2503 1005 2523 marcarum
1029 2494 1168 2534 argenti,
1197 2492 1298 2524 tribus
1321 2493 1410 2524 libris
1434 2492 1643 2524 Hallensibus
1665 2502 1724 2533 pro
1748 2502 1857 2523 marca
1881 2502 1959 2533 qua-

304 2542 386 2573 libet
401 2542 661 2584 computandfis),
686 2547 842 2578 teneatur,
866 2549 961 2585 prout
983 2545 1015 2575 in
1038 2544 1152 2576 litteris
1168 2555 1264 2586 super
1281 2545 1342 2576 hoc
1359 2544 1513 2576 confectis
1529 2543 1740 2584 continetur²‚
1763 2543 1959 2576 reverendus

409 2627 474 2654 561.
506 2627 532 2661 b)
551 2629 643 2654 eaecidit
666 2638 700 2659 c.;
727 2630 763 2654 ita
787 2631 842 2663 fere
867 2631 1024 2656 addendam.
1131 2631 1154 2663 c)
1177 2632 1250 2657 vobis
1276 2640 1296 2655 c.
1406 2630 1430 2663 d)
1454 2631 1547 2656 eaecidit
1570 2640 1606 2660 c.,·
1634 2631 1671 2656 ita
1698 2631 1754 2664 fere
1777 2630 1957 2663 supplendum.
1976 2635 2003 2654 40

306 2671 328 2704 ⁶)
347 2673 416 2697 Data
434 2680 455 2697 c.
543 2671 562 2703 f)
582 2673 743 2705 iudenburga
761 2682 781 2697 c.

410 2731 475 2758 562.
503 2732 526 2764 ⁸)
546 2733 610 2758 Lud.
630 2732 654 2758 2.

410 2799 435 2832 1)
459 2799 547 2826 Unum
567 2801 603 2832 (1)
623 2808 653 2826 eae
672 2801 777 2827 archivo
799 2801 955 2835 Trererensi,
974 2802 1086 2828 alterum
1105 2803 1142 2835 (2)
1161 2810 1194 2828 ex
1212 2802 1342 2829 Palatino
1357 2802 1522 2836 proveniens.
1596 2802 1622 2835 2)
1645 2801 1686 2834 Of.
1702 2801 1873 2835 prooemium.
