2184 3126
246 388 264 403 c.
274 385 305 404 14.

323 185 382 216 748
592 179 687 207 ACTA
706 177 818 205 REGNI
838 175 1020 204 LUDEWICI
1039 174 1086 201 IV.
1105 174 1151 201 ET
1170 173 1356 201 FRIDERIOI
1375 173 1423 201 111.
1461 173 1537 200 1324.
1574 173 1622 200 Nr.
1635 172 1696 200 910.

323 274 369 299 etv
389 271 555 298 vasallorum
576 271 605 297 et
629 269 657 295 in
681 266 864 302 preiudicium
890 268 926 293 et
949 273 1100 300 gravamen
1125 264 1229 299 prefati
1251 263 1303 290 filii
1324 263 1414 291 nostri
1440 263 1608 291 marchionis
1630 263 1930 299 Brmdenburgen(sis)
1948 266 1977 291 et

322 325 420 350 contra
438 321 578 349 iusticiam
600 328 677 346 suam
697 321 725 346 et
744 318 805 344 iura
824 319 852 344 et
871 316 999 348 aliorum,
1018 315 1067 349 qui
1085 324 1118 343 ex
1138 315 1242 342 eisdem
1261 314 1436 348 processibus
1453 313 1665 348 quomodolibet
1683 313 1848 343 lederentur.

430 375 469 401 14.
501 373 521 401 C
548 373 619 399 Item
638 370 775 398 contineri
795 369 899 395 dicitur
916 368 945 394 in
964 366 1061 394 eodem
1080 374 1218 401 processu,
1236 366 1259 392 si
1273 373 1416 400 processus
1429 365 1485 392 dici
1498 364 1594 400 possit,
1613 365 1704 399 quiin
1717 365 1836 394 veritate
1851 374 1980 394 excessus

323 424 448 452 notorius
467 425 510 450 est
528 422 688 453 censendus,
715 429 776 447 cum
795 418 952 446 omnimode
971 417 1092 445 veritate
1110 419 1206 444 careat
1225 419 1254 444 et
1272 418 1349 444 totus
1367 417 1406 444 sit
1423 419 1453 444 et
1471 416 1600 444 totaliter
1617 416 1770 451 iniquitate
1788 418 1819 444 et
1835 417 1991 446 iniusticia‘

323 477 431 511 plenus,
450 475 522 509 quod
541 475 564 501 si
579 473 692 500 vasallis
705 472 805 499 nostris
822 472 955 503 favemus,
974 479 1042 503 qnos
1061 471 1172 497 fovereq
1192 471 1221 496 et
1239 469 1373 495 adiuvare
1392 467 1546 495 iuravimus
1564 470 1594 496 et
1606 476 1656 502 pro
1668 476 1749 502 posse
1761 470 1912 503 tenemur-¹,
1930 469 1979 504 qui
2009 475 2023 494 ⁵

323 529 420 555 contra
433 528 520 554 Deum
541 527 570 552 et
588 524 728 551 iusticiam
747 525 776 550 et
794 522 980 549 omnimodam
1000 521 1155 555 equitatem
1175 521 1204 547 in
1224 520 1341 548 diversis
1360 519 1488 554 partibus
1499 520 1596 548 Ytalie
1614 522 1644 548 et
1661 520 1741 548 nulla
1758 520 1818 548 alia
1835 521 1979 549 occasione

322 580 366 606 vel
386 587 479 609 eausa,
498 577 551 604 nisi
570 576 636 610 quia
650 575 752 602 vasalli
771 574 883 609 imperii
903 573 1055 601 existentes
1073 575 1102 600 et
1122 573 1150 599 in
1169 572 1320 599 devocione
1339 571 1451 606 imperii
1471 570 1654 606 persistentes
1663 580 1764 599 nomen
1776 571 1890 607 imperii
1901 572 1978 602 invo-

322 632 395 662 cant,
416 631 444 656 et
463 628 519 655 suis
531 626 663 662 malignis
676 626 831 658 conatibus,
850 625 953 659 quibus
973 633 1019 652 eos
1038 624 1092 651 sibi
1112 625 1209 651 contra
1220 625 1309 650 Deum
1329 626 1358 651 et
1370 622 1512 650 iusticiam
1532 623 1656 650 subicere
1674 625 1704 651 et
1715 623 1867 659 snbiugare
1878 623 1981 651 nititur

323 690 371 715 per
392 680 452 706 vias
470 678 587 706 bellicas
607 680 635 705 et
653 687 670 704 a
688 677 739 704 Dei
760 677 952 704 sacerdotibus
971 676 1077 703 alienas
1096 677 1125 703 et
1143 684 1193 710 per
1211 675 1283 702 tales
1303 674 1556 702 circumvencioues
1573 676 1602 702 et
1620 674 1732 702 fraudes
1750 676 1780 702 et
1797 674 1876 702 dolos
1889 674 1980 702 varios

322 735 351 760 et
369 732 498 764 diversos,
518 739 587 764 quos
605 729 694 764 pudor
713 730 756 756 est
774 737 910 761 enarrare,
935 728 1010 763 ipsos
1035 729 1152 754 conatur
1176 726 1302 754 subicere
1326 726 1455 754 faucibus
1477 726 1653 754 inimicorum
1674 735 1798 758 suorum,
1821 734 1891 761 quos
1908 725 1980 753 filios
1997 730 2024 750 1⁰

323 783 440 811 ecclesie
459 781 599 813 nominat,
628 780 777 808 crudeliter
803 780 988 812 devorandos,
1012 788 1040 806 se
1064 781 1092 806 et
1111 787 1188 806 suam
1207 778 1349 805 iusticiam
1369 786 1420 812 pro
1438 786 1519 812 posse
1536 778 1609 806 iuste
1627 779 1658 806 et
1675 779 1825 806 secundum
1843 777 1932 806 Deum
1950 779 1981 806 et

322 834 468 862 veritatem
496 833 673 863 defendunts,
701 832 819 862 crimen,
846 834 878 858 ut
903 831 985 864 dicit,
1013 830 1177 858 incurrimus
1200 830 1332 862 fautoris,
1359 829 1434 863 quod
1458 829 1534 857 absit
1551 838 1569 856 a.
1585 830 1688 857 seculo.
1734 829 1811 857 ‘Nos
1829 829 1903 858 enim
1921 829 1979 857 veri

322 886 416 913 fideles
439 887 525 919 atque
538 883 699 911 katholiciu
714 883 772 910 veri
785 883 937 910 existentes
950 885 1077 910 tenemur
1094 884 1123 909 et
1136 882 1262 909 volumus
1280 881 1362 909 fidem
1375 880 1545 908 catholicam
1564 880 1633 908 totis
1647 881 1752 908 viribus
1769 881 1912 909 defensare
1929 882 1979 908 et*

322 937 470 964 defendere
490 938 519 963 et
540 945 618 963 veros
637 934 776 962 hereticos
796 936 824 962 et
844 934 994 961 Paterenos
1013 936 1042 961 et
1059 934 1194 965 fautores,
1214 933 1370 960 defensores
1388 934 1418 960 et
1435 934 1625 967 receptatores
1643 932 1772 967 ipsorum,
1785 932 1855 960 totis
1875 931 1981 960 viribus

322 997 480 1023 expugnare
488 994 510 1015 V.
541 987 590 1015 Set
609 987 631 1013 si
651 987 703 1014 hoc
717 986 843 1013 volumus
862 987 890 1013 et
910 986 981 1013 velle
1001 986 1140 1017 debemus,
1159 985 1199 1012 sic
1218 991 1294 1012 necw
1308 985 1389 1012 decet
1406 993 1456 1011 nos
1474 983 1537 1019 pati
1555 992 1606 1012 nec
1626 985 1752 1012 volumus
1770 992 1822 1012 nec
1839 983 1980 1015 debemus.
1999 986 2024 1006 ¹⁸

321 1040 395 1074 quod
413 1039 502 1066 nostri
515 1039 616 1066 vasalli
636 1040 664 1065 et
682 1037 788 1065 subditi
807 1037 918 1072 imperii
939 1047 989 1072 per
1001 1037 1062 1063 vias
1075 1036 1214 1072 malignas
1232 1044 1265 1063 ac
1279 1035 1356 1063 dolos
1375 1037 1405 1063 et
1422 1035 1534 1063 fraudes
1553 1035 1646 1064 varias
1662 1044 1696 1063 ac
1709 1037 1858 1064 comente*
1869 1031 1986 1062 diversa

322 1092 380 1118 veri
398 1090 557 1118 katholiciu
577 1092 605 1116 et
624 1089 719 1116 fideles
739 1088 885 1116 christiani
910 1089 1061 1115 existentes
1081 1087 1152 1114 falso
1171 1089 1200 1114 et
1219 1089 1317 1114 contra
1335 1087 1485 1114 verit-atem
1504 1087 1634 1114 dicantur
1651 1087 1783 1120 heretici,
1801 1088 1834 1114 ut
1852 1086 1929 1122 ipsos
1946 1095 1980 1114 ex

326 1144 379 1170 hoc
398 1142 520 1169 hostium
540 1141 670 1174 nequicia
689 1142 774 1174 atque
796 1140 910 1166 malicia
929 1139 1079 1166 destitutos
1097 1139 1248 1166 multorum
1267 1138 1390 1171 auxiliis,
1409 1138 1458 1172 qui
1476 1138 1614 1166 adherent
1631 1138 1743 1169 eisdem,
1761 1138 1873 1166 facilins
1886 1138 1982 1166 valeat

321 1194 497 1221 conculcare.
534 1192 606 1224 Quin
625 1191 718 1219 verius
737 1191 793 1217 diei
813 1193 908 1225 potest
928 1193 956 1218 et
975 1190 1084 1222 iustius,
1104 1199 1163 1223 θοε,
1187 1190 1235 1224 qui
1255 1190 1327 1217 falso
1346 1191 1375 1217 et
1394 1191 1492 1218 eontra
1509 1189 1650 1217 iusticiam
1670 1189 1711 1217 eis
1729 1189 1878 1224 imponunt
1899 1189 1980 1222 tulis,

322 1244 574 1273 excommunicatos
595 1243 652 1270 fore
672 1245 701 1269 et
719 1242 876 1277 arguendos
895 1242 1023 1277 graviter
1041 1250 1074 1268 ac
1093 1241 1181 1269 eciam
1207 1241 1374 1276 puniendos,
1396 1250 1458 1268 cum
1483 1241 1555 1268 salso
1578 1241 1753 1276 imponentes
1779 1241 1852 1269 talia
1869 1241 1928 1269 sint
1945 1241 1980 1269 de
1997 1243 2024 1264 ³⁰

321 1297 379 1324 inre
392 1304 464 1331 pena
482 1294 625 1329 [θοι-ηαλμ,
644 1294 745 1328 quibus
764 1293 835 1321 talia
855 1294 1058 1328 imponunturz,
1077 1294 1100 1320 si
1120 1302 1186 1320 vera
1205 1295 1304 1325 essent,
1323 1293 1438 1320 debita·
1450 1292 1594 1327 plectendi
1612 1301 1646 1320 ac
1663 1293 1753 1320 eciam
1770 1292 1916 1328 puniendi.
1942 1292 1980 1319 Et

321 1348 360 1375 sic
374 1348 434 1382 ipse
447 1347 518 1374 talia
531 1354 677 1381 perperam
694 1355 779 1381 agens
792 1355 825 1372 ac
838 1346 909 1372 falso
921 1345 1083 1380 imponens²
1096 1348 1125 1372 et
1137 1345 1263 1380 imponib
1276 1344 1382 1372 faciens
1400 1346 1444 1372 est
1461 1344 1558 1379 pocius
1575 1353 1650 1379 pena
1664 1343 1804 1372 consimili
1821 1343 1980 1379 puniendus

322 1408 356 1426 ac
378 1399 466 1426 eciam
485 1397 736 1432 condempnandos,
756 1406 818 1424 cum
838 1397 899 1431 ipse
917 1397 991 1424 idem
1005 1398 1102 1424 contra
1120 1396 1260 1431 predictos
1277 1396 1315 1423 sit
1333 1400 1481 1424 aecusator
1497 1396 1582 1423 simul
1600 1398 1630 1424 et
1647 1396 1730 1423 iudex
1748 1397 1778 1423 et
1788 1395 1879 1429 testis,
1895 1397 1982 1431 prout

324 1452 367 1478 est
390 1451 527 1477 notorium
546 1449 601 1476 toti
620 1449 731 1481 mundo,
749 1457 803 1475 non
822 1449 882 1476 sine
901 1457 1002 1483 magno
1022 1450 1186 1483 contemptu
1205 1448 1256 1475 Dei
1276 1449 1305 1475 et
1322 1447 1455 1475 scandalo
1472 1447 1597 1475 fidelium
1615 1450 1645 1475 et
1662 1447 1817 1483 preindicio
1835 1449 1866 1476 et
1882 1455 1980 1482 grava·

321 1502 414 1529 mineo
433 1502 543 1536 imperii
563 1504 591 1528 et
610 1501 720 1535 imperii
740 1500 915 1528 subditorum
941 1502 970 1527 et
993 1500 1185 1527 devotorumd.
1226 1500 1365 1527 Maximee
1384 1500 1464 1527 cums
1479 1499 1619 1527 notorium
1641 1499 1680 1526 sit
1701 1499 1800 1528 taliter
1822 1500 1856 1526 ut
1878 1498 1980 1527 asserit
1996 1503 2023 1523 2⁸

322 1553 460 1591 iudicatos
479 1554 513 1580 de
531 1552 629 1584 heresi,
649 1552 722 1586 quod
741 1553 835 1579 tamen
854 1552 935 1579 nobis
954 1560 1010 1578 non
1029 1553 1142 1579 constat
1160 1560 1210 1578 nec
1223 1551 1361 1582 constitit,
1380 1550 1462 1578 fidem
1474 1550 1668 1578 katholicams
1680 1552 1709 1578 et
1725 1550 1860 1578 articulos
1871 1550 1937 1578 fidei
1949 1552 1979 1578 et

318 1605 490 1640 pertinencia
510 1605 546 1631 ad
559 1604 647 1638 ipsam
667 1605 696 1631 et
705 1604 718 1622 ¹¹
734 1605 911 1630 sacramenta
925 1603 1042 1630 ecclesie
1060 1605 1090 1630 et
1102 1602 1278 1638 pertinencia
1296 1603 1332 1630 ad
1350 1602 1433 1637 ipsa.h
1447 1604 1476 1630 et
1493 1602 1630 1637 quidquid
1648 1604 1747 1630 sancta
1764 1602 1884 1630 ecclesia
1900 1603 1981 1630 tenet

319 1657 358 1684 eti
378 1656 513 1691 predicat,
542 1655 654 1690 publice
678 1663 770 1682 coram
796 1655 908 1689 populis
932 1657 961 1682 et
982 1654 1099 1682 notariis
1122 1654 1260 1689 publicis,
1287 1662 1356 1688 quos
1380 1654 1415 1682 de
1437 1654 1491 1681 hoc
1513 1656 1684 1689 rogaverunt
1705 1654 1839 1682 conficere
1863 1653 1979 1690 publica

319 1708 510 1739 instrumenta,
535 1707 620 1733 fuisse
640 1707 781 1740 professos
800 1706 968 1740 simpliciter
986 1708 1072 1740 atque
1092 1706 1220 1738 fideliter,
1246 1707 1275 1733 et
1293 1706 1346 1733 hoc
1365 1714 1421 1733 non
1438 1706 1578 1738 obstante,
1601 1706 1638 1733 ad
1655 1706 1848 1734 testimonium
1867 1714 1979 1734 suorum

319 1760 497 1788 inimicorum
521 1759 694 1794 capitalium,
720 1759 817 1786 vilium
840 1768 1034 1794 personarum.
1058 1759 1107 1794 qui
1130 1761 1248 1794 possent
1270 1759 1402 1794 legitima
1419 1759 1590 1794 excepcione
1605 1759 1714 1794 repelli,
1739 1761 1769 1787 et
1783 1768 1834 1795 per
1848 1759 1980 1787 inimicos
1997 1763 2024 1784 ³⁰

320 1812 360 1839 eis
383 1812 488 1839 iudices
512 1812 610 1843 fuisse,
639 1813 671 1838 ut
693 1811 812 1844 dicitur,
840 1811 981 1838 iudicatos
1005 1813 1034 1838 et
1062 1820 1119 1838 non
1143 1811 1248 1838 citatos
1273 1811 1392 1838 omnino
1421 1811 1465 1838 vel
1489 1811 1525 1838 ad
1548 1811 1642 1839 locum
1664 1811 1780 1839 omnino
1802 1811 1916 1839 notorie
1937 1811 1979 1839 eis

320 1865 482 1898 suspectum
505 1863 591 1890 fuisse
607 1863 718 1895 citatos,
743 1863 790 1889 ubi
814 1863 874 1890 sine
898 1863 998 1890 mortis
1014 1863 1140 1897 periculo
1165 1872 1222 1890 non
1245 1858 1405 1898 poterant*¹
1421 1871 1577 1898 conparere
1600 1872 1654 1891 nec
1669 1863 1843 1891 tenebantur
1857 1863 1891 1891 de
1907 1863 1977 1896 iure,

320 1915 360 1942 eis
390 1915 587 1942 nichilominus
617 1914 780 1949 petentibus
812 1916 841 1942 et
870 1915 900 1941 in
932 1915 1075 1950 peticione
1104 1915 1337 1950 persistentibus,
1369 1916 1465 1942 tutum
1491 1915 1586 1943 locum
1608 1915 1663 1943 sibi
1685 1915 1841 1951 assignari,
1868 1915 1899 1942 in
1921 1923 1978 1950 quo

320 1968 436 2001 possent
458 1967 518 1993 sine
540 1966 640 1993 mortis
663 1966 788 2001 periculo
813 1975 975 2001 conparere,
999 1967 1030 1994 in
1053 1976 1109 2001 quo
1133 1975 1296 2002 conparere,
1319 1969 1406 2002 prout
1429 1969 1459 1995 et
1482 1967 1556 1995 sicut
1578 1969 1608 1995 et
1630 1975 1725 1995 coram
1740 1967 1843 2002 quibus
1865 1967 1901 1995 de
1915 1967 1977 1994 iure

320 2020 484 2045 tenerentur
492 2019 514 2051 *‚
538 2018 683 2045 humiliter
706 2020 735 2045 et
758 2019 860 2045 devote
883 2019 1035 2051 offerendo,
1059 2019 1132 2046 sicut
1155 2019 1185 2046 in
1201 2019 1446 2054 appellacionibus
1462 2020 1493 2047 et
1508 2019 1768 2054 snpplicacionibus
1790 2027 1842 2054 per
1864 2019 1976 2047 eosdem
1995 2022 2022 2043 ⁸³

319 2071 348 2096 et
370 2071 565 2104 procuratores
589 2065 695 2097 eorumi
719 2078 769 2104 per
791 2070 981 2097 instrumenta
1004 2070 1118 2105 publica
1141 2070 1224 2097 factis
1241 2070 1405 2098 continetur
1421 2079 1564 2106 expresse.
1610 2071 1652 2098 De
1675 2070 1778 2106 quibus
1802 2079 1853 2098 suo
1868 2070 1932 2098 loco
1947 2071 1978 2098 et

320 2123 459 2155 tempore,
482 2122 531 2148 ubi
553 2124 582 2148 ct
605 2122 717 2155 quando
725 2123 747 2154 *,
771 2123 856 2156 prout
879 2123 908 2149 et
932 2130 1026 2149 coram
1049 2122 1153 2156 quibus
1177 2122 1335 2157 expedierit
1359 2124 1388 2150 et
1411 2122 1446 2150 de
1469 2122 1530 2150 iure
1554 2122 1716 2150 tenebimur
1739 2123 1769 2150 et
1791 2121 1976 2155 tenebuntur,

321 2173 413 2206 parati
441 2182 534 2199 sumus
562 2175 591 2200 et
615 2173 708 2208 parati
731 2175 798 2200 sunt
827 2173 947 2208 predicti
975 2174 1068 2201 facere
1096 2174 1211 2209 plenam
1241 2174 1324 2202 fidem
1355 2174 1445 2202 eciam
1472 2183 1524 2210 per
1545 2174 1661 2210 publica
1683 2174 1885 2201 instrumenta.
1934 2172 1977 2201 Ex

321 2233 376 2257 quo
397 2226 477 2258 patet
499 2225 726 2252 manifestissime
750 2225 896 2252 iniusticia
919 2227 948 2252 et
975 2226 1113 2260 iniquitas
1137 2226 1252 2254 notoria
1267 2235 1450 2261 processuum
1469 2226 1670 2261 predictorum,
1693 2225 1744 2260 qui
1766 2234 1898 2253 excessus
1920 2225 1977 2254 dici

322 2275 419 2309 pocius
443 2278 569 2310 possunt.
615 2276 670 2303 Nos
693 2278 788 2304 autem
812 2277 846 2304 de
870 2277 930 2304 iure
954 2279 984 2305 et
1006 2278 1135 2312 equitate
1159 2279 1291 2306 tenemur
1314 2280 1344 2306 et
1360 2278 1482 2314 obligati
1505 2287 1602 2305 sumus
1625 2278 1662 2305 ad
1683 2278 1738 2305 hoc
1761 2277 1877 2313 proprio
1901 2277 1975 2305 iura-
1993 2283 2020 2302 40

323 2329 432 2359 mento,
457 2327 531 2360 quod
554 2327 582 2354 in
606 2328 790 2356 coronacione
814 2330 913 2356 nostra
936 2325 1136 2364 prestitimus¹,
1160 2330 1196 2356 ab
1219 2330 1373 2357 iniusticiis
1400 2331 1430 2358 et
1452 2329 1683 2365 oppressionibus
1713 2331 1743 2357 et
1769 2329 1976 2364 callumpniis¹¹³¹

324 2378 394 2405 falso
422 2378 582 2412 impositisn
611 2380 652 2407 ita
676 2380 815 2407 vasallos⁰
843 2383 956 2409 nostros
985 2383 1015 2409 et
1042 2382 1171 2409 subditos
1202 2382 1353 2410 defendere
1382 2384 1412 2410 et
1438 2382 1528 2415 tueri,
1559 2381 1633 2409 sicut
1661 2381 1718 2417 ipsi
1745 2389 1798 2408 nos
1825 2381 1977 2409 defendere

324 2431 354 2456 et
375 2430 448 2456 tueri
467 2431 606 2457 tenentur.
650 2430 687 2458 Et
710 2431 733 2458 si
755 2441 812 2459 non
835 2433 1025 2466 faceremus&
1056 2434 1156 2461 contra
1178 2434 1268 2461 Deum
1293 2435 1322 2461 et
1345 2433 1488 2461 iusticiam
1511 2433 1667 2461 faceremus
1695 2434 1726 2460 et
1753 2432 1880 2468 graviter
1902 2441 1976 2460 erm-

324 2489 424 2507 remus.

426 2577 492 2603 910.
511 2578 535 2610 Ρ)
554 2579 620 2604 deest
638 2580 662 2605 2.
725 2580 750 2612 (1)
768 2582 855 2607 favere
874 2581 897 2607 2.
958 2583 979 2612 π)
999 2587 1119 2608 tenentur
1138 2583 1160 2608 l.
1223 2583 1245 2617 ⁸)
1263 2584 1364 2617 siquam
1382 2574 1580 2610 abbrem‘aaeioniae
1592 2593 1645 2617 pro
1663 2593 1695 2610 us
1712 2584 1741 2609 in
1760 2583 1784 2609 1.
1837 2583 1859 2616 t)
1876 2583 1977 2616 tignum
1994 2590 2020 2609 4⁵

322 2621 485 2652 paragraphi
502 2621 530 2645 in
550 2621 573 2646 2.
651 2621 677 2652 ¹¹)
695 2623 789 2648 cathol.
808 2623 832 2649 2.
909 2624 933 2655 v)
952 2629 982 2650 et
999 2626 1400 2660 defendere—expugnare
1418 2627 1470 2652 dee.
1489 2627 1514 2653 2.
1588 2627 1619 2660 w)
1638 2635 1689 2653 non
1707 2626 1733 2653 2.
1803 2626 1829 2658 x)
1846 2626 1934 2652 omnia
1953 2626 1976 2652 l.

323 2663 348 2695 y)
367 2663 459 2688 excidit
479 2663 537 2689 1.‘2.
642 2665 663 2696 z)
682 2666 766 2698 inpon.
786 2666 809 2691 2.
909 2667 933 2698 a)
952 2668 1006 2693 bita
1025 2668 1093 2694 deest
1113 2669 1136 2700 l,
1154 2670 1238 2702 spatio
1257 2672 1341 2695 4-5
1353 2670 1498 2695 litterarum
1515 2678 1596 2696 vacuo
1614 2670 1711 2696 relicto.
1799 2669 1826 2702 ιι)
1843 2669 1933 2702 inponi
1952 2668 1978 2694 2.

324 2705 347 2733 ⁰)
365 2714 507 2738 gravamen
525 2705 549 2731 2.
611 2706 635 2738 d)
653 2712 678 2733 et
696 2709 844 2734 devotorum
863 2710 915 2735 des.
933 2709 958 2736 2.
1021 2711 1043 2742 e)
1063 2716 1152 2738 tamen
1171 2713 1234 2738 add.
1255 2715 1279 2738 2.
1341 2713 1360 2745 ¹')
1379 2714 1407 2738 in
1425 2714 1542 2747 marqine
1560 2714 1687 2739 adiectum
1706 2713 1731 2739 2.
1794 2711 1822 2746 8)
1839 2712 1935 2738 cathol.
1952 2710 1977 2738 2·

324 2746 349 2779 h)
368 2752 398 2773 et
416 2751 743 2783 sacramenta-ipsa
762 2752 812 2777 cles.
831 2751 856 2777 2.
947 2752 965 2785 i)
985 2754 1052 2779 deest
1070 2753 1094 2780 2.
1182 2754 1208 2788 ¹‘)
1227 2761 1326 2789 poterat
1347 2756 1370 2782 1.
1457 2755 1476 2789 1)
1495 2757 1633 2790 prestimur
1652 2755 1674 2782 l.
1769 2755 1802 2788 m)
1821 2755 1934 2789 calumP·
1951 2754 1977 2780 2-

324 2789 348 2822 ¹²)
366 2791 447 2824 inpos.
467 2790 490 2816 2.
578 2792 602 2824 ⁰)
623 2793 724 2818 fasallos
742 2793 766 2818 ⁶2.
854 2794 878 2826 1²)
899 2796 1032 2822 fecerimus
1051 2797 1075 2823 2.
1993 2805 2020 2824 ⁵⁰
