2184 3126
193 701 218 722 1⁰

509 145 606 173 ACTA
623 145 739 173 amm
755 145 939 174 LUDEWICI
958 145 1004 173 lv.
1024 145 1070 173 m·
1090 144 1275 173 FRIDERICI
1294 145 1343 173 111.
1381 144 1456 173 1322.
1494 145 1542 172 Νι.
1556 146 1614 173 654.
1829 150 1892 180 519

234 236 401 264 minationis
424 236 511 272 pallio
535 236 616 264 abusi
631 236 777 264 fuerant
799 238 828 264 et
850 236 1077 265 abutebantur
1092 237 1135 265 vel
1152 237 1332 265 abutentnr
1354 237 1443 264 etiam
1465 233 1496 263 in
1521 231 1662 263 futurum
1678 239 1823 272 potestate
1848 238 1891 265 vel

233 288 429 316 iurisdictione
457 296 633 323 quacumque
664 296 714 316 seu
741 287 801 316 eius
828 288 964 316 exercitio
992 288 1104 324 publice
1128 289 1173 317 vel
1204 289 1327 322 occulte,
1362 290 1399 315 ut
1429 288 1464 316 de
1493 290 1588 315 cetero
1616 296 1634 315 a
1659 288 1892 316 denominatione

234 339 396 368 huiusmodi
418 348 468 368 sen
490 339 613 367 nominis
631 339 834 375 assumptione,
858 339 1051 375 resumptione
1073 341 1107 368 et
1122 340 1282 368 retentione
1297 339 1430 375 predicti
1452 339 1486 367 et
1508 336 1736 378 cuiuscumque
1760 335 1893 368 alterius

235 400 346 420 necnon
369 390 402 419 ei:
426 401 486 425 usu,
509 393 654 427 potestate
678 393 708 419 et
729 391 866 420 exercitio
889 391 1059 427 supradictis
1082 392 1237 427 protinus
1258 392 1466 420 abstinerent
1489 393 1519 419 et
1547 391 1663 419 omnino
1690 391 1891 420 desisterent.

189 460 191 462 -
235 442 402 471 Inhibentes
424 443 541 478 insuper
562 443 614 470 sub
637 451 712 478 pena
734 443 862 478 predicta
884 443 1014 471 omnibus
1037 444 1067 470 et
1089 443 1208 479 singulis
1231 443 1401 478 patriarchia
1424 444 1472 471 et‘
1494 443 1559 471 aliis
1582 443 1774 478 superioribus
1797 445 1828 471 et
1850 443 1890 470 in-

234 494 386 523 ferioribus
408 494 526 530 prelatis
548 503 582 522 ac
604 494 730 530 regibus,
754 495 935 528 civitatibus,
958 495 1194 528 comunitatibns,
1217 495 1460 528 universitatibus,
1491 494 1696 530 potestatibus,
1724 494 1891 530 capitaneis,

235 546 405 580 rectoribus,
428 546 592 578 comitibus,
617 542 858 580 vicecomitibus,
882 547 1048 580 baronibus,
1080 549 1110 575 et
1132 547 1196 574 aliis
1223 547 1367 580 omnibus,
1397 547 1598 581 cuiuscumque
1625 546 1791 582 dignitatis,
1826 555 1890 574 con-

235 597 354 626 ditionis
385 599 436 626 aut
462 599 555 626 status
581 597 797 631 existerent,
831 607 866 626 ne
894 598 1036 634 predictos
1062 598 1224 627 huiusmodi
1252 607 1356 626 nomen
1389 607 1438 626 seu
1461 598 1610 633 quodlibet
1632 597 1712 626 aliud
1735 598 1764 625 in
1791 598 1891 626 eodem

235 649 364 685 imperio,
398 651 431 677 ut
457 649 656 684 predicitur,
685 650 841 678 retinentes
867 652 918 678 aut
944 652 1120 679 assumentes
1152 651 1197 679 vel
1226 652 1401 678 resumentes
1429 650 1473 678 vel
1502 650 1654 685 ipsorum
1686 646 1811 684 aliquem
1839 650 1891 678 sub

233 700 467 728 denominatione
502 701 545 728 vel
581 700 666 729 titulo
700 701 860 729 huiusmodi
894 702 1028 730 nominis
1071 697 1123 730 vel
1160 697 1292 730 alterius
1327 698 1556 740 cuiuscumque
1593 710 1642 729 seu
1684 704 1891 737 procuratores,

235 751 458 786 commissarios,
491 752 599 780 iudices
633 754 686 780 aut
714 753 788 781 vices
816 762 912 781 eorum
938 755 1070 789 gerentes
1097 762 1274 789 quocumque
1304 754 1399 781 colore
1426 753 1538 788 querito
1565 753 1746 788 reciperent
1773 754 1818 781 vel
1844 754 1891 781 ad-

233 802 410 831 mitterent
432 812 484 832 nec
518 805 550 831 ut
574 804 685 832 vicariis
716 813 765 832 seu
793 805 898 833 vicario
926 807 977 833 ant
1003 805 1170 833 officialibus
1202 805 1314 840 imperii
1342 805 1549 833 intenderent
1584 805 1628 832 vel
1655 807 1816 839 parerent
1840 808 1891 833 aut

233 854 330 890 pareri
351 855 398 883 vel
411 855 523 883 intendi
545 856 695 884 facerent
718 857 761 884 vel
778 857 1002 892 permitterent
1024 863 1044 885 a
1059 862 1275 895 quocumque,
1298 866 1350 884 nec
1365 857 1395 884 in
1411 856 1467 884 hiis
1483 856 1536 883 illi
1552 857 1596 884 vel
1613 856 1688 883 illis
1705 859 1891 892 prestarent

234 906 486 942 quomodolibet
508 907 653 940 auxilium,
677 908 824 936 consilium
849 909 893 936 vel
918 910 1052 937 favorem.

342 955 372 988 2.
395 958 531 994 Alioquin
546 959 576 986 in
592 968 688 987 omnes
705 962 734 987 et
747 960 873 996 singulos
889 960 1074 996 patriarchas,
1097 960 1223 996 prelatos
1239 960 1326 988 etiam
1340 959 1500 995 superiores
1515 962 1546 987 et
1560 960 1709 992 inferiores
1731 966 1769 987 ac
1789 966 1885 998 reges

234 1012 265 1038 et
286 1012 396 1039 ceteros
411 1011 671 1039 denominationem
688 1012 844 1046 predictam
860 1008 911 1040 vel
935 1008 1081 1050 quamvis
1103 1007 1211 1049 aliam,
1234 1014 1268 1040 ut
1281 1012 1449 1047 premissum
1465 1013 1517 1045 est,
1533 1011 1698 1044 retinentes,
1714 1015 1891 1040 assumentes

233 1070 284 1090 seu
306 1063 482 1091 resumentes
509 1071 543 1090 ac
570 1062 647 1090 illius
674 1065 807 1099 pretextu
837 1066 1000 1092 exercentes
1031 1072 1208 1099 quecumque
1231 1063 1332 1097 officia,
1356 1065 1515 1098 potestates
1538 1071 1588 1091 seu
1610 1063 1821 1091 iurisdictiones
1844 1065 1889 1091 et·

233 1113 404 1149 recipientes
427 1122 476 1142 ecs
498 1115 532 1141 ut
555 1114 674 1142 vicarios
698 1115 743 1143 vel
765 1115 900 1143 officiales
923 1115 1035 1151 imperii
1057 1117 1109 1143 aut
1130 1115 1338 1143 commissarios
1361 1124 1458 1143 eorum
1480 1116 1514 1142 ut
1535 1115 1636 1142 talium
1659 1117 1689 1143 et
1711 1115 1741 1143 in
1756 1117 1890 1150 parentes

234 1174 284 1193 seu
307 1165 471 1194 obedientes
494 1165 600 1194 eisdem
623 1168 655 1193 ut
678 1166 784 1194 talibus
799 1169 850 1194 aut
871 1169 1032 1202 prestantes
1055 1167 1110 1195 sibi
1132 1167 1163 1195 in
1185 1168 1239 1195 boc
1261 1167 1406 1200 auxilium,
1430 1166 1580 1195 consilium
1603 1167 1648 1195 vel
1671 1167 1806 1199 favorem,
1834 1167 1889 1195 nisi

234 1216 309 1244 infra
335 1217 454 1245 duorum
481 1218 621 1246 mensium
649 1219 774 1253 spacium
805 1228 822 1246 a
848 1219 894 1247 die
923 1219 991 1247 date
1019 1214 1237 1257 predictarum
1263 1214 1443 1246 litterarum
1473 1218 1653 1246 nostrarum
1683 1219 1887 1247 numerandum

232 1268 348 1304 penitus
370 1268 634 1304 resipiscerent⁰
657 1270 701 1297 vel
724 1279 754 1298 se
777 1271 894 1298 licentia
916 1271 991 1299 sedis
1013 1271 1168 1307 apostolice
1191 1279 1276 1306 super
1299 1271 1353 1298 hoc
1380 1271 1589 1299 ostenderent
1615 1271 1815 1304 communitos,
1843 1280 1888 1298 ex-

230 1320 470 1349 comunicationis
492 1321 522 1348 iu
545 1321 703 1356 singulares
726 1331 861 1357 personas
885 1324 914 1350 et
936 1322 967 1350 in
989 1324 1080 1350 terras
1103 1324 1133 1350 et
1155 1321 1218 1350 loca
1239 1322 1365 1357 ipsorum
1389 1323 1419 1350 et
1441 1322 1585 1357 quaslibet
1607 1323 1805 1355 comunitates,
1828 1323 1889 1350 uni-

234 1372 393 1405 versitates,
417 1372 548 1401 civitates
571 1374 622 1400 aut
646 1373 727 1401 villas
750 1374 896 1402 interdicti
918 1374 1076 1402 sententias
1098 1374 1133 1402 de
1149 1374 1268 1401 fratrum
1291 1375 1455 1402 nostrorum
1477 1373 1596 1401 consilio
1611 1373 1724 1408 publice
1739 1369 1889 1401 duximus

233 1418 454 1461 proferendas,
478 1420 682 1462 predicentes
698 1421 820 1454 eisdem
837 1432 895 1454 nos
911 1426 1112 1454 nichilominus
1127 1428 1227 1454 contra
1243 1434 1291 1454 eos
1311 1425 1500 1461 spiritualiter
1514 1427 1544 1453 et
1559 1425 1757 1460 temporaliter
1774 1426 1889 1461 gravius

232 1483 433 1510 processuros,
457 1478 543 1511 prout
565 1476 759 1505 inobedientia
782 1478 923 1513 ipsorum
945 1478 1115 1513 exigeret,
1139 1477 1208 1506 facti
1231 1478 1355 1512 qualitas
1378 1478 1473 1506 suade
1482 1479 1536 1505 ret
1559 1479 1589 1505 et
1614 1477 1784 1512 expediens
1814 1477 1887 1504 vide-

232 1535 354 1555 remus.
398 1527 436 1555 Et
458 1529 492 1555 ut
513 1528 689 1563 quibuslibet
711 1529 830 1564 parendi
852 1529 958 1557 talibus
981 1529 1091 1557 occasio
1114 1529 1295 1562 tolleretur,
1319 1538 1416 1558 omnes
1439 1532 1469 1557 et
1492 1529 1632 1564 singulos,
1655 1529 1705 1563 qui
1728 1528 1888 1556 huiusmodi

231 1579 386 1607 vicariatus
408 1588 511 1608 nomen
534 1586 592 1607 seu
615 1576 751 1618 quodvis
774 1576 862 1608 aliud
884 1581 1083 1614 retinentibus,
1106 1581 1315 1608 assumentibus
1338 1590 1388 1609 seu
1410 1581 1619 1609 resumentibus
1641 1581 1801 1608 iuramento
1824 1580 1888 1607 flde-

232 1631 324 1659 litatis
351 1633 535 1660 tenerentur
564 1632 684 1666 astricti,
712 1641 730 1660 a
752 1632 912 1661 iuramento
940 1633 1102 1661 huiusmodi
1128 1635 1266 1668 quantum
1293 1633 1330 1660 ad
1357 1633 1412 1660 hoc
1438 1632 1618 1660 absolventes
1647 1632 1682 1659 de
1711 1632 1889 1667 plenitudine

231 1683 387 1718 potestatis
410 1683 583 1712 auctoritate
607 1684 764 1719 apostolica
788 1685 893 1712 eisdem
917 1685 1036 1712 firmiter
1058 1680 1208 1712 duximus
1230 1680 1449 1721 inhibendum,
1472 1693 1508 1712 ne
1531 1683 1637 1711 talibus
1660 1685 1693 1711 ut
1715 1683 1829 1711 vicariis
1845 1684 1889 1710 vel

233 1734 402 1763 officialibus
425 1735 536 1770 imperii
559 1736 740 1770 aliquatenus
762 1736 972 1764 intenderent
994 1737 1038 1764 vel
1061 1739 1229 1771 parerent.
1282 1736 1319 1764 Et
1346 1737 1462 1772 insuper
1483 1744 1580 1764 omnes
1602 1732 1784 1773 pactiones,
1807 1730 1888 1762 obli-

231 1782 390 1824 gationes,
413 1782 692 1815 confederationes
715 1787 748 1816 et
763 1784 986 1826 colligationes
1009 1794 1028 1815 a
1044 1783 1300 1826 quibuscumque
1324 1794 1421 1826 snper
1442 1784 1503 1815 hoc
1527 1782 1773 1826 quomodolibet
1794 1783 1889 1814 initas

231 1834 410 1866 iuramento
439 1834 491 1866 vel
519 1845 722 1877 quacumque
755 1835 907 1867 firmitate
935 1835 1072 1867 vallatas
1101 1838 1357 1872 dissolvendMsL
1385 1838 1584 1872 vacuandam
1607 1838 1714 1866 viribus
1741 1846 1775 1866 ac
1802 1837 1888 1865 etiam

230 1889 434 1924 irritanda[s]
458 1892 488 1918 et
509 1892 650 1925 quatenus
673 1891 708 1918 de
731 1891 807 1919 facto
830 1893 1040 1926 processerant
1062 1892 1178 1919 omnino
1201 1887 1351 1918 duximus
1374 1889 1597 1924 revocandam
1620 1892 1654 1918 ct
1676 1889 1837 1917 huiusmodi
1859 1892 1889 1916 et

232 1942 361 1977 quelibet
383 1942 441 1969 alis.
463 1942 623 1970 iuramenta
645 1951 663 1970 a
685 1943 846 1978 quibusvis
870 1952 954 1979 snper
976 1943 1031 1970 hiis
1054 1943 1188 1978 prestita,
1212 1952 1263 1978 per
1285 1951 1339 1977 que
1363 1944 1460 1977 posset
1482 1943 1511 1970 in
1535 1941 1708 1977 premissis
1731 1941 1837 1968 nostris
1859 1942 1889 1967 et

234 1993 352 2022 ecclesie
375 1994 502 2028 predicte
524 1994 633 2022 iuribus
655 1995 795 2030 derogari,
818 1995 968 2030 presertim
988 2005 1051 2023 cum
1073 1995 1264 2022 iuramentum
1280 1994 1423 2022 vinculum
1448 1994 1610 2028 iniquitatis
1626 2002 1687 2021 esse
1703 2001 1760 2020 non
1776 1992 1888 2023 debeat,

230 2039 380 2073 duximus
403 2046 591 2074 relaxanda.
629 2046 760 2075 Ceterum
783 2049 816 2074 ut
831 2047 991 2075 huiusmodi
1015 2056 1163 2082 processus
1178 2049 1276 2074 noster
1297 2046 1334 2074 ad
1349 2054 1527 2073 communem
1542 2045 1667 2073 omnium
1683 2045 1889 2072 deduceretur

229 2097 372 2131 notitiam,
396 2100 490 2126 cartas
513 2107 562 2126 seu
586 2098 764 2126 membranas
787 2108 949 2134 processum
966 2099 1146 2126 continentes
1170 2099 1289 2126 eundem
1311 2098 1342 2125 in
1364 2097 1483 2125 ecclesia
1498 2096 1684 2124 Avinionensi
1703 2095 1828 2130 appendi
1845 2095 1886 2122 vel

230 2149 309 2184 affigi
331 2150 434 2178 hostiis
457 2150 516 2178 sive
539 2150 802 2185 superliminaribus
825 2151 981 2183 fecimus,
1004 2159 1059 2185 que
1082 2159 1244 2185 processum
1270 2150 1364 2185 ipsum
1390 2158 1441 2177 suo
1464 2149 1546 2183 quasi
1573 2156 1675 2176 sonoro
1702 2147 1836 2182 preconio
1859 2149 1888 2174 et

231 2201 331 2235 patulo
348 2197 471 2229 inditiod
487 2202 702 2237 publicarent,
726 2203 769 2230 ita
791 2203 867 2237 quod
890 2211 987 2230 omnes
1009 2205 1040 2230 et
1061 2202 1175 2237 singuli,
1198 2211 1269 2237 quos
1292 2210 1439 2237 processus
1462 2201 1522 2236 ipse
1545 2199 1750 2234 contingebat
1771 2201 1802 2226 et
1823 2207 1886 2226 con-

232 2252 343 2288 tingere
366 2254 512 2288 poterat,
543 2253 650 2281 nullam
673 2256 774 2289 postea
795 2256 933 2289 possent
960 2254 1172 2282 excusationem
1201 2253 1381 2288 pretendere,
1412 2252 1488 2287 quod
1513 2251 1550 2279 ad
1573 2260 1621 2279 eos
1649 2250 1715 2278 talis
1742 2259 1799 2277 non
1826 2259 1887 2285 per-

231 2303 383 2332 venisset
411 2313 558 2340 processus
589 2305 634 2333 vel
663 2306 739 2340 quod
766 2306 973 2341 ignorassent
1002 2306 1134 2336 eundem,
1162 2315 1225 2333 cum
1253 2314 1309 2332 non
1337 2307 1429 2332 esset
1451 2303 1602 2332 verisimile
1625 2310 1771 2331 remanere
1794 2302 1887 2336 quoad

203 2365 206 2369 ·
233 2355 309 2390 ipsos
332 2355 510 2392 incognitum
532 2357 577 2385 vel
600 2357 750 2390 occultum,
778 2357 855 2392 quod
878 2356 948 2385 erat
971 2359 1031 2384 tam
1053 2359 1187 2392 potenter
1209 2356 1339 2384 omnibus
1361 2356 1554 2391 publicatum.
1605 2362 1608 2366 ’

187 2519 213 2539 ⁴5

340 2404 369 2435 3.
394 2403 476 2436 Oum
491 2407 600 2436 autem
617 2415 728 2436 omnes
744 2408 778 2437 et
792 2405 945 2446 singulos,
969 2405 1022 2446 qui
1039 2403 1222 2436 huiusmodi
1237 2404 1408 2436 vicariatus
1431 2413 1488 2435 seu
1511 2402 1643 2434 alterius
1658 2401 1887 2441 cuiuscumque

231 2463 349 2486 nomen
365 2454 472 2493 officii,
496 2455 583 2497 quod
606 2455 692 2488 dicto
715 2457 911 2498 imperatore
927 2457 1055 2488 vivente
1079 2466 1120 2487 ex
1144 2455 1228 2487 illius
1250 2459 1286 2487 ut
1300 2455 1462 2497 prefertur
1476 2453 1703 2487 commissione
1719 2451 1887 2495 gerebant.

232 2508 306 2547 post
330 2505 497 2539 decessum
520 2508 589 2539 eius
612 2507 734 2550 absque
757 2511 866 2540 nostra
890 2508 940 2539 vel
963 2507 1141 2549 apostolice
1164 2506 1250 2539 sedis
1265 2507 1367 2549 petita
1382 2506 1434 2538 vel
1455 2505 1588 2538 obtenta
1602 2504 1732 2537 licentia
1747 2504 1887 2535 retinere

235 2559 269 2589 et
290 2556 362 2589 illos
385 2557 497 2599 etiam,
525 2558 580 2600 qui
607 2558 648 2590 de
674 2569 758 2591 novo
781 2570 945 2591 assumere
969 2558 1056 2601 quod
1083 2569 1145 2590 non
1167 2562 1335 2600 gesserant
1356 2562 1412 2590 aut
1434 2561 1561 2600 gestum
1583 2561 1681 2589 antea
1707 2560 1887 2598 posteaque

231 2607 396 2642 dimissum
419 2619 582 2642 resumere
606 2612 785 2644 temerariis
808 2610 939 2643 ausibus
962 2613 1226 2653 presumpserunt
1248 2613 1281 2642 et
1303 2610 1358 2653 qui
1380 2609 1690 2642 administrationem
1717 2612 1887 2650 gesserunt

231 2659 264 2691 in
286 2660 422 2702 imperio
445 2661 641 2704 supradicto,
665 2672 737 2694 cum
761 2663 801 2696 de
825 2663 951 2706 prefata
975 2661 1104 2694 licentia
1120 2672 1183 2693 non
1200 2660 1368 2694 docuerint
1382 2661 1465 2694 infra
1480 2661 1651 2694 terminum
1668 2659 1886 2701 supradictum

335 2761 402 2789 654.
429 2762 454 2797 ιἱ)
471 2765 609 2797 mipireut
627 2766 660 2791 A.
747 2765 772 2797 d)
792 2766 882 2791 nuntio
902 2766 934 2790 A.

1912 971 1965 987 c..
