2158 3138
267 189 308 219 60
708 182 925 210 TRACTATUS
949 182 995 209 DE
1018 181 1231 209 ELECTIONE.
1269 181 1343 207 1314.
1380 180 1428 207 Nr.
1441 180 1482 207 63.

266 283 337 304 mus
369 275 403 304 et
433 271 648 303 concedemus
677 280 715 301 ac
743 270 845 301 eciam
875 271 1070 310 potestatem
1103 266 1317 299 constituendi
1340 265 1639 297 vicecancellarium
1662 275 1700 296 ac
1724 264 1919 297 destituendi

267 326 300 355 et
330 323 370 354 de
399 323 560 363 omnibus,
597 332 659 363 que
694 321 736 352 ad
770 321 889 352 dictam
920 322 1068 361 spectant
1094 319 1335 358 cancellariam,
1362 317 1568 359 disponendi,
1592 319 1701 358 prout,
1733 316 1861 358 quando
1889 320 1922 348 et

267 375 419 416 quociens
442 374 503 405 sibi
528 373 688 404 videbitur
711 372 878 414 expedire.

377 428 426 457 13.
461 425 545 456 Item
569 424 782 456 concedemus
807 423 922 463 eidem,
948 422 1032 464 quod
1055 423 1124 464 ipse
1148 432 1207 454 nec
1230 421 1314 452 ultra
1337 423 1463 452 montes
1486 431 1544 452 nec
1570 421 1650 451 citra
1673 420 1714 452 ad
1738 421 1921 462 parlamen-

267 481 333 508 tum
366 477 418 508 vel
451 476 700 518 expedicionem
729 478 870 506 nostram
895 474 1056 516 publicam
1080 474 1131 505 vel
1154 475 1333 515 privatam,
1361 473 1420 504 nisi
1451 483 1562 503 omnes
1586 472 1784 503 coelectores
1807 473 1856 503 sui
1879 471 1921 503 ad

266 529 327 560 hoc
351 528 470 560 fuerint
494 528 619 558 evocati
643 530 676 558 et
698 527 869 568 negocium
893 529 1017 557 tantum
1046 526 1087 556 sit
1117 525 1202 566 quod
1226 525 1342 556 merito
1365 524 1460 555 simul
1484 524 1690 564 conveniant,
1718 524 1764 555 ire
1788 528 1923 566 cogatur

269 590 329 611 nec
353 582 486 621 propter
509 579 570 610 hoc
595 579 750 610 offensam
775 581 917 609 nostram
940 581 996 608 aut
1017 577 1277 618 indignacionem
1300 577 1448 607 incurret.

378 633 424 661 14.
460 631 544 662 Item
567 630 793 671 promittimus,
817 629 904 670 quod
927 628 1067 660 eundem
1090 628 1368 669 archiepiscopum
1393 630 1425 659 et
1455 628 1523 659 eius
1552 628 1723 658 eeclesiam
1748 637 1845 668 quam
1869 626 1923 658 diu

268 681 443 712 vixerimus
471 684 582 712 contra
612 691 831 722 quoscumque
859 679 1048 711 invadentes
1080 683 1112 710 et
1145 679 1333 710 iniuriantes
1367 682 1435 709 toto
1464 689 1559 720 posse
1594 681 1701 710 nostro
1732 678 1923 717 iuvabimus,

270 732 433 763 tuebimur
457 736 490 763 et
512 733 662 763 assistere
684 731 867 763 tenebimur
884 730 990 762 eidem
1015 734 1047 761 et
1070 731 1207 762 ecclesie
1231 740 1287 761 sue
1312 733 1344 761 et
1367 740 1425 771 pro
1448 729 1570 761 iuribus
1593 740 1630 761 ac
1653 729 1842 771 pignoribus
1865 740 1923 760 seu

267 783 435 824 ypothecis
458 783 523 813 suis
548 786 580 814 et
603 783 741 815 ecclesie
766 792 823 813 sue
846 781 1072 823 adipiscendis,
1096 780 1326 822 recuperandis
1350 785 1382 812 et
1405 781 1581 813 retinendis
1604 782 1799 812 assistemus.

379 837 426 865 15.
461 834 546 865 Item
570 834 798 875 promittimus,
822 833 909 875 quod
931 833 1053 865 nullum
1077 832 1264 864 theloneum
1287 843 1415 873 novum,
1440 832 1527 874 quod
1550 836 1717 874 receptum
1740 843 1804 864 non
1827 833 1924 864 fuerit

267 896 287 917 a
317 888 466 927 tempore
493 886 579 926 regis
609 885 738 916 Rudolfi
769 886 862 925 citra,
889 884 973 916 infra
1006 884 1185 916 districtum
1208 884 1293 923 eius,
1322 883 1574 915 iurisdictionem
1597 887 1653 915 aut
1675 883 1866 915 conductum
1891 884 1923 915 in

267 947 352 978 aqua
383 947 443 968 nec
473 938 505 967 in
535 940 620 968 terra
650 946 807 978 ponemus
835 946 895 967 nec
924 936 1024 977 recipi
1053 936 1278 976 permittemus
1304 946 1365 967 nec
1393 936 1496 966 eciam
1526 935 1566 966 de
1585 935 1729 966 Wesalia
1755 945 1858 976 usque
1882 935 1923 966 ad

266 988 473 1020 Hamerstein
498 988 650 1019 inclusive
675 989 743 1019 sine
767 988 867 1029 ipsius
890 988 1066 1019 voluntate.

379 1042 428 1071 16.
463 1039 547 1071 Item
571 1039 797 1080 promittimus,
822 1038 909 1080 quod
932 1040 1038 1080 ipsum
1061 1038 1352 1080 archiepiscopum,
1375 1037 1501 1069 nobiles
1518 1041 1551 1069 et
1567 1038 1716 1078 vasallos,
1733 1041 1924 1079 castrenses,

268 1091 509 1131 ministeriales,
538 1091 639 1130 cives,
674 1089 832 1131 opidanos
863 1093 895 1121 et
923 1100 1143 1131 quoscumque
1174 1089 1319 1121 subditos
1349 1089 1586 1120 ecclesiasticos
1609 1092 1642 1120 et
1664 1089 1827 1121 seculares
1849 1101 1924 1121 suos

269 1146 303 1173 et
338 1142 475 1174 ecclesie
508 1152 565 1173 sue
601 1141 802 1173 servabimus
837 1144 869 1172 et
903 1141 1067 1172 tuebimur
1093 1151 1152 1182 per
1179 1151 1304 1172 sacrum
1331 1141 1502 1182 imperium
1531 1141 1563 1171 in
1590 1140 1808 1181 libertatibus,
1832 1141 1925 1172 bonis

268 1195 395 1225 sta-tutis
419 1196 453 1225 et
476 1192 759 1224 consuetudinibus
788 1193 853 1223 suis
883 1192 1048 1233 hucusque
1072 1203 1131 1233 per
1154 1202 1210 1223 eos
1232 1191 1349 1222 habitis
1379 1194 1412 1223 et
1439 1192 1575 1223 usitatis.
1623 1191 1674 1223 Et,
1689 1191 1775 1233 quod
1803 1192 1925 1223 nullum

267 1256 309 1276 ex
332 1245 495 1286 premissis
518 1243 560 1275 ad
584 1243 737 1275 iudicium
760 1244 847 1275 curie
871 1246 979 1274 nostre
1004 1242 1211 1274 evocabimus
1233 1252 1293 1274 nec
1324 1242 1452 1273 evocari
1482 1242 1719 1283 permittemus,
1750 1253 1847 1283 quam
1869 1242 1926 1274 diu

268 1296 481 1327 Treverorum
511 1295 772 1336 archiepiscopus
802 1293 1044 1335 querulantibus
1074 1293 1115 1324 de
1145 1293 1192 1324 eis
1221 1296 1353 1334 paratus
1384 1292 1482 1324 fuerit
1508 1293 1617 1324 facere
1645 1293 1771 1324 iusticie
1794 1293 1926 1335 conple-

267 1351 420 1379 mentum.

382 1401 431 1429 17.
466 1398 549 1428 Item
581 1397 798 1438 promittimus
827 1396 906 1427 dare
933 1396 995 1437 ipsi
1021 1395 1265 1437 archiepiscopo
1295 1399 1329 1426 et
1358 1395 1596 1427 successoribus
1627 1396 1693 1427 suis
1723 1405 1762 1427 ac
1791 1395 1927 1428 ecclesie

270 1449 463 1480 Trevercnsi
494 1449 526 1479 in
553 1450 749 1489 perpetuum
777 1449 808 1479 in
837 1450 1045 1489 augmentum
1070 1447 1260 1488 feodorum,
1284 1457 1347 1488 que
1371 1450 1482 1478 tenent
1504 1447 1545 1479 ab
1568 1447 1725 1489 imperio,
1747 1458 1872 1480 merum
1896 1451 1930 1479 et

266 1501 402 1532 mixtum
427 1500 599 1542 imperium
623 1503 657 1531 et
679 1499 808 1541 plenam
833 1499 1084 1536 iurisdictionem
1109 1499 1141 1530 in
1164 1498 1312 1530 omnibus
1336 1502 1369 1530 et
1388 1499 1521 1540 singulis
1541 1498 1625 1530 villis
1646 1509 1703 1530 sue
1719 1499 1927 1531 Treverensis

267 1552 414 1594 dyocesis
446 1555 479 1583 et
505 1551 689 1583 hominibus
717 1551 921 1592 earumdem,
958 1550 1014 1582 ubi
1045 1550 1155 1582 villani
1185 1561 1241 1582 seu
1275 1550 1422 1582 homines
1450 1550 1607 1582 dictarum
1634 1550 1781 1582 villarum
1808 1551 1926 1582 iudicia

267 1604 404 1636 reddere
429 1607 462 1635 et
485 1604 603 1645 exequi
627 1603 659 1634 in
683 1604 787 1634 causis
811 1602 1039 1642 criminalibus,
1064 1602 1209 1633 civilibus
1232 1606 1266 1634 et
1289 1603 1396 1634 mixtis
1420 1602 1575 1633 hactenus
1595 1604 1839 1639 consueverunt,
1863 1612 1925 1643 que

267 1655 504 1687 iurisdictiones
527 1655 704 1696 vulgariter
727 1654 986 1695 vriheimgerede
1010 1654 1224 1695 appellantur.
1270 1654 1322 1685 Ita
1350 1657 1459 1685 tamen
1482 1653 1568 1695 quod
1596 1664 1655 1695 per
1678 1653 1759 1684 hanc
1783 1654 1924 1694 graciam

266 1707 344 1738 nulli
368 1707 399 1738 in
424 1706 495 1737 aliis
520 1707 584 1737 suis
608 1706 730 1736 iuribus
754 1705 965 1747 preiudicium
989 1705 1153 1736 inferatur.

379 1760 427 1790 18.
462 1758 546 1789 Item
570 1758 797 1799 promittimus,
822 1757 908 1798 quod
933 1757 958 1787 si
982 1756 1064 1788 infra
1081 1767 1224 1788 mensem
1247 1766 1266 1787 a
1290 1760 1436 1797 tempore
1457 1756 1655 1797 recepcionis
1672 1766 1788 1787 corone
1805 1756 1925 1798 regalis

269 1810 437 1842 Coloniam
467 1809 665 1848 venerimus,
694 1808 735 1839 ab
765 1808 881 1840 eodem
906 1808 976 1839 loco
1001 1819 1065 1839 non
1088 1807 1294 1847 recedemus,
1319 1817 1486 1849 quousque
1510 1807 1633 1849 absque
1657 1807 1770 1838 fraude
1794 1811 1828 1839 et
1850 1807 1925 1838 dolo

268 1861 432 1902 predictas
461 1861 714 1901 assignaciones,
745 1860 974 1901 promissiones
1003 1863 1036 1890 et
1063 1859 1170 1890 omnia
1203 1858 1350 1900 predicta
1378 1858 1635 1900 conpleverimus
1663 1858 1865 1900 integraliter
1894 1863 1927 1890 et

268 1923 366 1954 super
388 1912 553 1954 premissis
581 1911 727 1942 omnibus
752 1914 785 1942 et
807 1910 940 1951 singulis
964 1910 1107 1951 singulas
1137 1910 1198 1941 sibi
1226 1910 1354 1951 regales
1381 1910 1505 1941 litteras
1528 1909 1707 1951 duplicatas
1730 1911 1926 1942 concesseriâ€”

268 1975 349 2003 mus,
372 1967 468 2004 prout
490 1973 548 2004 per
571 1963 771 2003 iurisperitos
795 1962 911 1993 melius
933 1962 1064 1993 formari
1087 1965 1240 2003 poterunt
1263 1965 1296 1993 et
1317 1961 1442 2002 dictari,
1465 1971 1503 1992 ac
1521 1972 1576 1992 eas
1592 1961 1743 1993 ratificari
1759 1965 1792 1993 et
1807 1973 1926 2003 appro-

269 2015 353 2055 bari,
385 2016 411 2045 si
442 2014 578 2046 comode
610 2014 679 2044 fieri
710 2014 845 2054 poterit,
870 2023 928 2054 per
951 2024 1063 2045 omnes
1092 2017 1125 2045 et
1147 2013 1290 2056 singulos
1313 2014 1474 2055 principes
1497 2013 1696 2045 coelectores
1718 2014 1845 2054 imperii
1870 2024 1927 2054 per

270 2076 382 2097 eorum
407 2066 531 2097 litteras
556 2068 589 2096 et
612 2065 717 2106 sigilla
741 2064 913 2096 fecerimus
936 2075 994 2096 seu
1017 2066 1306 2106 procuraverimus.
1351 2064 1395 2096 Et
1417 2065 1443 2095 si
1465 2075 1524 2095 nos
1547 2065 1630 2096 infra
1646 2065 1765 2096 dictum
1782 2075 1926 2096 mensem

271 2117 437 2148 Coloniam
463 2117 572 2148 venire
597 2127 660 2147 non
692 2116 894 2157 contingeret
923 2119 959 2147 ut
983 2116 1103 2147 dictum
1128 2119 1190 2156 est,
1219 2116 1305 2158 quod
1334 2116 1417 2148 infra
1440 2120 1513 2147 octo
1538 2116 1608 2147 dies
1635 2127 1654 2147 a
1678 2119 1825 2157 tempore
1850 2116 1927 2147 dicti

270 2169 366 2209 primi
387 2169 507 2199 mensis
530 2168 611 2208 lapsi
635 2167 840 2208 Magunciam
865 2168 974 2199 venire
999 2168 1180 2199 tenebimur
1203 2168 1244 2199 ab
1269 2167 1384 2199 eadem
1407 2167 1494 2198 nullo
1510 2167 1607 2199 modo
1624 2168 1791 2206 recessuri,
1809 2178 1926 2209 quous-

271 2230 333 2261 que
363 2219 526 2260 predictas
549 2220 788 2260 assignaciones
817 2229 855 2250 ac
882 2220 1110 2260 promissiones
1136 2223 1172 2250 ut
1202 2219 1322 2252 dictum
1350 2222 1399 2250 est
1428 2218 1632 2260 integraliter
1662 2218 1926 2260 conpleverimus.

382 2273 430 2301 19.
464 2270 547 2301 Item
572 2270 802 2311 promittimus,
831 2270 917 2312 quod
941 2272 968 2301 si
991 2272 1022 2301 in
1046 2271 1177 2302 instanti
1200 2271 1364 2302 eleccione
1392 2270 1490 2301 futuri
1512 2271 1598 2312 regis
1619 2270 1840 2303 Romanorum
1863 2282 1927 2302 una

272 2332 343 2352 cum
378 2321 477 2352 fratre
513 2325 622 2352 nostro
656 2321 798 2352 Rudolfo
834 2322 914 2354 duce
949 2323 1098 2353 Bawarie
1135 2322 1319 2364 supradicto
1354 2321 1530 2353 concordes
1567 2322 1735 2362 fuerimus,
1767 2333 1825 2353 nos
1859 2323 1927 2354 sine

273 2374 432 2404 dilacione
457 2372 603 2403 custodie
627 2372 810 2404 Eberhardi
834 2373 910 2404 dicti
935 2374 1081 2405 Brenner
1103 2384 1184 2405 nunc
1209 2373 1376 2404 castellani
1399 2373 1495 2404 castri
1517 2373 1550 2404 in
1570 2372 1692 2413 Chube,
1717 2372 1758 2404 de
1783 2384 1847 2414 quo
1870 2384 1928 2404 nos

272 2436 344 2456 eum
367 2424 546 2456 reverendo
570 2427 664 2465 patre
688 2425 932 2466 archiepiscopo
956 2425 1101 2466 predicto
1126 2425 1345 2465 convenimus,
1370 2424 1421 2455 vel
1444 2424 1598 2455 Richardi
1631 2423 1672 2454 de
1696 2423 1928 2466 Schonenburg

272 2477 393 2517 militis,
417 2477 443 2507 si
468 2476 571 2507 dictus
595 2475 803 2509 Eberhardus
830 2476 943 2507 haberi
966 2487 1029 2507 non
1053 2476 1168 2517 possit,
1192 2475 1312 2507 dictum
1337 2478 1476 2507 castrum
1500 2475 1612 2507 Chube
1643 2486 1713 2507 cum
1739 2476 1807 2507 eius
1830 2476 1927 2517 opido

272 2532 305 2559 et
329 2528 511 2559 attinenciis
533 2527 690 2558 universis
714 2529 949 2559 conmittemus.
988 2527 1062 2559 Hiis
1084 2528 1187 2569 pactis
1211 2530 1244 2558 et
1259 2527 1510 2567 condicionibus,
1528 2527 1612 2568 quod
1634 2528 1661 2558 si
1677 2538 1734 2558 nos
1750 2528 1782 2558 in
1799 2528 1927 2559 defectu

273 2589 416 2610 essemus
447 2579 592 2620 predicto
622 2579 864 2620 archiepiscopo
897 2578 1084 2620 adinplendi
1112 2582 1145 2610 et
1175 2578 1366 2610 observandi
1398 2578 1524 2620 singula
1552 2579 1709 2619 premissa
1738 2579 1790 2610 vel
1820 2579 1928 2621 aliqua

272 2631 519 2672 premissorum,
550 2634 584 2660 ut
612 2632 759 2672 superius
791 2634 840 2662 est
870 2635 1079 2671 conventum,
1114 2630 1200 2662 idem
1231 2634 1371 2662 castrum
1400 2630 1584 2662 custodiens
1613 2631 1717 2671 ipsum
1751 2630 1853 2662 libere
1888 2631 1931 2663 ad

272 2692 386 2713 manus
414 2682 492 2713 dicti
524 2682 758 2724 archiepiscopi
790 2694 847 2714 suo
878 2686 911 2714 et
934 2683 1070 2714 ecclesie
1099 2692 1155 2713 sue
1178 2683 1307 2713 nomine
1335 2691 1401 2713 seu*
1416 2681 1548 2713 alterius
1572 2681 1612 2712 de
1637 2682 1706 2713 eius
1729 2687 1815 2713 certo
1839 2693 1929 2714 man-

274 2733 348 2764 dato
379 2736 411 2764 et
442 2734 574 2775 speciali
603 2744 661 2774 per
691 2745 762 2765 eum
793 2734 835 2765 ad
859 2734 920 2765 hoc
945 2734 1122 2776 deputandi
1145 2734 1237 2765 titulo
1268 2734 1410 2775 pignoris
1438 2744 1496 2765 seu
1518 2733 1677 2774 ypothece
1702 2734 1874 2765 tenendum
1897 2738 1931 2766 et

273 2784 502 2826 possidendum
527 2785 704 2827 assignabit
727 2796 798 2816 cum
824 2787 979 2817 universis
1008 2790 1041 2817 et
1069 2785 1202 2827 singulis
1225 2785 1347 2816 iuribus
1372 2788 1405 2816 et
1426 2785 1634 2826 pertinenciis
1658 2786 1736 2825 suis,
1761 2795 1934 2827 quousque,

1942 739 1968 759 10

1943 997 1966 1015 15

1944 1254 1970 1272 2â°

1946 1510 1970 1530 2Â³

1946 2028 1970 2046 Â³5

1946 2286 1972 2305 40

1948 2544 1972 2563 65

1948 2801 1973 2819 50
