2184 3126
506 202 604 232 ACTA
623 201 737 230 REGNI
755 201 941 230 LUDEWICI
960 201 1007 229 IV.
1025 201 1072 229 m·
1091 200 1276 229 FRIDEBICI
1295 200 1344 228 111.
1382 200 1457 228 1323.
1494 200 1542 228 Nr.
1554 200 1615 229 824.
1820 204 1883 235 647

224 291 328 322 eciam
340 290 372 321 in
389 292 552 332 posterum
569 299 665 331 quam
682 288 854 331 plurimum
867 289 1048 331 aggravari,
1065 298 1085 320 a
1100 287 1293 330 supradictis
1307 287 1548 331 gravaminibus
1559 288 1676 330 iniquis
1692 287 1835 320 indebite
1851 293 1885 320 ct

222 342 338 374 iniuste
361 341 459 374 illatis
481 343 515 373 et
537 341 740 373 comminatis
763 343 796 373 et
818 350 838 372 a
860 339 1064 382 processibus
1087 338 1164 371 dicti
1187 339 1303 371 summi
1330 339 1489 382 pontificis
1515 339 1686 372 manifeste
1709 340 1827 382 iniquis
1851 344 1885 371 et

222 393 382 424 iniuriosis
404 403 446 425 ex
470 392 574 424 causis
597 402 660 424 non
682 392 778 431 veris,
800 390 1062 434 preiudicialibus
1086 393 1120 423 et
1142 390 1278 422 insolitis
1300 390 1378 422 iuris
1400 391 1511 424 ordine
1534 401 1598 423 non
1621 394 1749 423 servato
1773 396 1884 423 contra

222 454 279 476 nos
310 444 402 476 factis
434 446 468 476 et
496 443 640 475 confictis
670 443 703 475 in
732 443 794 475 hiis
825 443 952 485 scriptis
985 445 1129 474 sanctam
1161 442 1273 474 sedem
1302 442 1513 484 apostolicam
1546 443 1676 474 nomine
1707 445 1816 474 nostro
1850 446 1883 473 et

189 506 202 526 ε,
222 495 364 527 omnium
386 495 460 527 huic
483 494 700 537 appellacioni
722 493 953 526 adherencium
981 497 1014 526 et
1040 493 1200 526 adherere
1222 493 1404 526 volencium
1431 493 1634 536 appellamus
1662 497 1695 526 et
1717 493 1883 536 apostolos

222 547 361 589 petimus
384 549 418 579 et
440 547 558 578 iterum
588 555 627 577 ac
654 546 771 578 iterum
794 546 935 588 petimus
958 555 1030 577 cum
1053 545 1210 577 instancia
1239 545 1332 577 nobis
1360 545 1443 585 dari,
1474 546 1501 577 si
1531 548 1581 577 est
1603 546 1657 588 qui
1680 546 1767 588 ipsos
1790 545 1883 577 nobis

222 597 300 630 dare
323 598 434 640 possit.
472 596 692 630 Subicientes¹
712 608 839 630 exnunc
855 608 913 629 nos
929 601 962 630 et
977 598 1086 630 omnia
1101 598 1172 629 iura
1186 600 1296 630 nostra
1312 601 1345 630 et
1360 597 1487 639 imperii
1509 598 1540 629 in
1556 598 1720 640 premissis
1736 597 1883 630 omnibus

222 652 255 682 et
277 648 410 691 singulis
433 648 492 681 sub
516 649 717 691 protectione
740 649 826 682 dicte
849 649 935 682 sedis
959 649 1138 692 apostolice
1162 649 1304 691 speciali.

328 701 379 732 22.
414 700 520 737 Quam
543 700 800 742 appellacionem
824 703 857 732 et
879 701 987 733 omnia
1014 704 1048 733 et
1073 700 1200 743 singula
1225 701 1443 742 suprascripta
1465 710 1573 733 coram
1602 700 1719 733 eodem
1743 700 1875 732 domino

177 762 203 782 ιο
220 761 344 783 summo
377 751 528 795 pontifice
558 752 860 794 interposuissemus
889 755 922 785 et
950 752 1152 794 fecissemus,
1186 755 1237 784 set
1263 752 1313 784 sui
1342 751 1486 784 absentis
1514 756 1548 784 et
1574 756 1699 784 remote
1731 751 1879 784 distantis

220 803 346 835 artante
370 803 508 836 termino
531 804 655 846 profixo
679 805 806 846 copiam
831 804 952 837 habere
975 804 1188 847 nequivimus.
1233 803 1316 836 Eam
1332 806 1453 845 tamen,
1476 814 1574 847 quam
1590 804 1728 846 primum
1745 804 1882 836 comode

219 854 408 896 poterimus,
431 854 463 886 in
480 855 548 887 eius
564 856 715 888 noticiam
733 855 932 888 deducemus
948 858 982 888 et
997 865 1106 888 coram
1121 865 1161 887 eo
1177 856 1430 898 interponemus,
1452 866 1670 897 proponemus
1689 858 1723 887 et
1738 854 1882 887 dicemus

219 915 257 937 ac
280 904 504 938 innovabimus
529 917 570 938 ex
592 907 697 939 causis
720 917 817 949 supra
833 908 995 950 expressis
1019 910 1052 940 et
1074 906 1146 939 aliis
1168 906 1210 939 de
1233 917 1316 939 novo
1339 907 1456 940 iterum
1479 907 1698 949 exprimendis
1721 910 1755 940 et
1777 906 1881 949 publi-

219 955 364 989 cabimus
388 957 459 989 loco
484 961 517 989 et
540 961 698 1000 tempore,
721 958 805 990 sicut
827 957 946 991 fuerint
968 957 1172 1001 publicanda.

176 1017 201 1038 ιι
327 1009 378 1040 23.
414 1007 497 1041 Cum
527 1019 603 1041 vero
634 1013 768 1052 propter
797 1011 971 1052 premissos
1000 1009 1166 1051 articulos,
1199 1019 1279 1052 quos
1310 1020 1374 1042 non
1410 1013 1459 1042 est
1489 1009 1622 1042 dubium
1653 1012 1772 1042 statum
1804 1009 1879 1041 fidei

218 1059 398 1101 katholice,
425 1064 536 1094 sancte
558 1061 706 1094 Romane
730 1061 884 1103 ecclesie,
912 1061 995 1094 saori
1017 1062 1145 1104 imperii
1168 1061 1354 1104 contingere
1378 1064 1412 1094 et
1434 1061 1576 1093 omnium
1599 1061 1771 1102 interesse,
1799 1071 1881 1103 opus

218 1111 260 1143 sit
281 1113 518 1144 convocacione
541 1112 668 1145 concilii
691 1113 870 1156 generalis,
897 1113 1055 1154 instanter
1077 1117 1110 1146 et
1132 1123 1206 1145 cum
1229 1113 1315 1145 omni
1339 1112 1516 1146 devocione
1542 1113 1665 1156 ipsum,
1694 1123 1791 1155 quam
1814 1114 1880 1155 pri-

218 1172 307 1195 mum
329 1163 466 1196 comode
489 1164 623 1206 poterit,
650 1164 693 1197 ad
721 1165 827 1197 locum
855 1175 1057 1198 communem
1087 1169 1120 1198 et
1142 1168 1252 1207 aptum
1280 1165 1422 1207 petimus
1444 1165 1644 1207 congregari.
1691 1163 1729 1196 In
1751 1175 1815 1207 quo
1838 1164 1881 1197 ad

218 1213 282 1246 Dei
306 1215 535 1257 omnipotentis
562 1216 732 1258 honorem,
762 1219 871 1249 sancte
901 1217 1143 1249 christianitatis
1169 1216 1290 1249 bonum
1319 1220 1438 1249 statum
1466 1220 1500 1248 et
1528 1217 1709 1258 profectum
1736 1216 1879 1248 fidelium

175 1275 202 1296 so
220 1275 344 1298 necnon
375 1277 434 1308 pro
463 1268 649 1300 reverencia
682 1267 934 1300 reverendorum
963 1271 1090 1311 patrum
1120 1267 1323 1300 dominorum
1353 1268 1580 1309 cardinalium,
1614 1267 1880 1310 patriarcharum,

218 1317 403 1359 primatum,
426 1318 753 1361 archiepiscoporum,
781 1320 1005 1362 episcoporum
1029 1323 1063 1352 et
1085 1320 1188 1352 tocius
1211 1319 1331 1352 ordinis
1353 1320 1563 1352 ecclesiastici
1584 1329 1709 1352 necnon
1733 1319 1879 1352 eiusdem

217 1369 301 1400 saori
324 1369 452 1401 concilii
475 1370 704 1413 solempnitate
728 1370 825 1404 dante
847 1370 989 1403 Domino
1012 1371 1228 1413 personaliter
1250 1371 1445 1404 intendimus
1467 1371 1646 1404 interesse?
1677 1388 1683 1395 ·

325 1441 444 1474 Lecta·
467 1445 501 1475 et
529 1444 721 1486 interposita
751 1446 801 1476 est
827 1444 889 1477 hec
917 1444 1099 1487 appellacio
1130 1454 1229 1486 anno,
1257 1444 1325 1486 die,
1355 1444 1427 1476 loco
1450 1445 1643 1487 prenotatis,
1677 1444 1879 1487 presentibus

217 1491 355 1525 dominis
379 1496 412 1526 et
434 1493 570 1526 testibus
592 1495 825 1537 suprascriptis.

174 1577 199 1598 ss
325 1564 368 1597 Et
398 1576 456 1597 nos
484 1566 648 1609 Nycolaus
679 1566 742 1599 Dei
773 1567 883 1610 gracia
911 1566 1157 1610 Ratisponensis
1188 1567 1326 1600 ecclesie
1357 1568 1530 1610 episcopus
1559 1567 1724 1610 predictus
1753 1579 1790 1601 ac
1821 1579 1879 1601 nos

217 1615 344 1649 Ulricus
367 1618 551 1660 prepositus
574 1618 712 1650 ecclesie
735 1617 844 1651 Sancti
868 1618 1026 1661 Stephani
1049 1619 1347 1662 Babenbergensis,
1374 1618 1543 1651 Gotfridus
1565 1619 1722 1662 plebanus
1744 1621 1777 1652 in
1799 1621 1879 1652 Am-

218 1666 313 1710 berg,
338 1668 416 1702 Otto
441 1669 481 1702 de
504 1669 651 1703 Werdea
673 1671 845 1703 canonicus
867 1670 1005 1703 ecclesie
1027 1670 1156 1713 Pysane
1185 1674 1219 1703 et
1240 1671 1396 1713 magister
1417 1671 1601 1704 Fridericus
1630 1673 1775 1704 notarius
1803 1672 1880 1704 civi-

217 1720 293 1751 tatis
314 1719 595 1764 Nurenbergensis
617 1722 794 1765 supradicti
823 1722 1014 1755 confitemur
1040 1722 1203 1765 predictas
1226 1723 1482 1765 protestaciones
1504 1727 1538 1756 et
1559 1723 1818 1766 appellacionem
1841 1734 1879 1756 ac

216 1774 327 1804 cetera
349 1773 568 1819 suprascripta
583 1783 692 1806 coram
708 1773 802 1806 nobis
817 1774 849 1806 in
865 1774 992 1817 scriptis
1007 1774 1094 1807 facta
1114 1785 1196 1816 esse,
1219 1775 1386 1817 proposita
1408 1785 1446 1807 ac
1467 1775 1658 1818 interposita
1679 1786 1739 1818 per
1761 1777 1879 1817 omnia,

171 1833 198 1855 so
216 1822 298 1855 sicut
328 1824 550 1866 prescribitur,
580 1835 678 1867 anno,
711 1825 764 1858 die
794 1829 827 1858 et
855 1825 926 1858 loco
954 1837 1052 1869 supra
1075 1827 1259 1869 prescriptis
1286 1829 1320 1859 et
1345 1827 1452 1869 sigilla
1474 1830 1583 1859 nostra
1604 1827 1636 1859 in
1660 1828 1878 1860 testimonium

216 1874 418 1916 presentibus
445 1876 650 1918 appendisse.
738 1877 808 1909 Nos
837 1887 913 1909 vero
941 1877 1114 1910 Heinricus
1142 1877 1184 1910 de
1210 1878 1336 1920 Lapide
1367 1879 1551 1921 prepositus
1581 1878 1718 1911 ecclesie
1746 1879 1879 1912 Sancte‘

215 1924 319 1958 Marie
347 1927 422 1958 novi
450 1927 579 1970 collegii
608 1929 748 1960 civitatis
770 1928 986 1971 Eystetensis,
1017 1928 1209 1962 chunradus
1231 1929 1391 1971 plebanus
1417 1930 1450 1962 in
1473 1929 1582 1971 Stans,
1609 1930 1782 1963 Heinricus
1807 1931 1878 1973 ple-

215 1975 319 2009 banus
342 1978 376 2009 in
398 1977 576 2011 Pfulndorf
601 1982 635 2011 et
662 1979 834 2012 Heinrious
857 1980 1058 2013 Hausnerius
1085 1981 1225 2013 clericus
1247 1981 1383 2023 predicti
1411 1982 1614 2021 confitemur,
1645 1993 1705 2014 nos
1732 1982 1880 2014 omnibus

217 2029 381 2070 premissis
403 2030 596 2072 interfuisse,
619 2030 737 2063 vidisse
761 2034 794 2063 et
810 2032 982 2074 audivisse,
1007 2036 1040 2065 et
1056 2033 1131 2075 quia
1153 2033 1259 2075 sigilla
1282 2036 1391 2065 nostra
1413 2033 1580 2066 nobiscum
1603 2033 1646 2066 ad
1668 2044 1801 2076 presens
1817 2044 1880 2066 non

173 2089 200 2111 ιο
219 2079 376 2113 habemus
398 2081 457 2113 sub
481 2081 594 2124 sigillis
620 2082 839 2124 predictorum
869 2083 1071 2116 dominorum
1098 2087 1132 2116 et
1158 2085 1205 2116 tui
1227 2084 1396 2127 Herdegni
1423 2085 1540 2117 notarii
1568 2085 1688 2127 publici
1717 2085 1879 2127 subscrip-

217 2131 309 2164 cione
329 2143 387 2165 nos
403 2135 505 2165 testes
527 2133 570 2165 ad
591 2135 748 2176 premissa
764 2136 872 2167 omnia
895 2138 929 2167 et
951 2136 1077 2178 singula
1092 2135 1258 2168 offerimus
1282 2139 1315 2168 et
1338 2138 1383 2168 ita
1402 2138 1663 2179 recognoscimus
1686 2147 1757 2170 csse
1781 2137 1876 2169 facta.

325 2185 442 2216 Anno¹¹
465 2195 485 2216 a
506 2185 674 2218 nativitate
690 2185 822 2218 Domini
845 2186 1016 2219 millesimo
1039 2187 1258 2220 tricentesimo
1275 2188 1432 2230 vigesimo
1455 2188 1567 2229 tercio,
1589 2188 1752 2221 indicione
1775 2193 1878 2220 sexta.

326 2255 373 2298 (S.
388 2256 445 2299 N.)
489 2257 532 2290 Et
563 2268 626 2301 ego
656 2258 852 2301 Herdegnus
883 2259 1046 2302 quondam
1077 2260 1241 2292 Chunradi
1272 2261 1313 2293 de
1342 2261 1539 2304 Babenberg
1567 2261 1702 2294 clericus
1731 2261 1879 2304 dyocesis

217 2306 501 2350 Babenbergensis
534 2309 682 2352 publicus
715 2311 876 2353 imperiali
910 2312 1102 2344 auctoritate
1137 2313 1280 2344 notarius
1314 2312 1467 2355 predictis
1496 2313 1645 2345 omnibns
1678 2316 1712 2346 et
1745 2313 1879 2355 singulis

174 2371 202 2392 ω
219 2368 352 2400 presens
374 2359 506 2393 interfui
528 2363 562 2393 et
584 2371 624 2394 ea
647 2363 756 2395 omnia
777 2366 910 2405 rogatus
939 2364 1051 2406 scripsi
1082 2367 1115 2396 et
1138 2365 1169 2396 in
1192 2364 1356 2406 publicam
1386 2364 1523 2397 formam
1551 2364 1663 2408 redegi
1686 2365 1877 2407 signumque

219 2419 329 2442 meum
345 2412 480 2453 apposui
497 2416 695 2446 consuetum.
786 2412 1103 2456 Superscripcionem
1119 2424 1196 2446 vero
1212 2414 1306 2446 huius
1318 2414 1466 2447 vocabuli
1480 2414 1551 2447 ‘Ea'
1562 2426 1660 2458 supra
1674 2415 1706 2447 in
1718 2415 1876 2448 XXXVI.

219 2459 307 2493 linea
329 2460 577 2496 descendendo¹
600 2467 633 2497 et
655 2465 964 2507 superscripoionem
987 2465 1082 2497 huius
1109 2465 1256 2498 vocabuli
1279 2465 1384 2498 ‘sicut'
1405 2477 1502 2509 supra
1524 2467 1556 2499 in
1578 2467 1667 2501 XLI.
1689 2467 1775 2499 linea
1803 2467 1877 2499 des-

218 2512 410 2546 cendendo²
433 2518 644 2558 apparentes,
675 2517 751 2559 quia
782 2527 838 2549 eas
861 2516 922 2549 feci
953 2519 986 2549 et
1013 2517 1200 2559 conscripsi,
1232 2517 1310 2549 duxi
1337 2517 1564 2560 approbandas
1592 2522 1626 2551 et
1652 2518 1798 2561 approbo
1826 2519 1877 2551 hic

218 2564 249 2596 in
272 2564 345 2598 fine.

173 2755 200 2774 45
322 2742 390 2771 824.
417 2745 438 2777 ¹⁵)
458 2754 525 2772 corr.
537 2753 568 2771 ew
579 2745 710 2773 subiciens
721 2755 759 2773 or.
842 2747 864 2778 ⁸)
883 2747 937 2773 eine
949 2747 1036 2773 alinea
1048 2756 1087 2774 or.
1173 2749 1194 2781 α)
1212 2757 1294 2782 cupra
1306 2749 1400 2775 lincam
1413 2749 1476 2775 add.
1490 2758 1528 2776 or.
1617 2750 1644 2781 ιι)
1663 2759 1730 2776 not-a
1747 2751 1816 2777 linea
1836 2760 1875 2776 or.

323 2817 349 2849 1)
368 2815 410 2851 Of.
424 2824 491 2851 pay.
504 2820 555 2844 644
574 2817 622 2845 lin.
635 2820 677 2845 30.
765 2817 793 2852 2)
812 2818 851 2846 111.
870 2818 918 2846 lin.
932 2822 973 2845 45.
