<?xml version="1.0" encoding="UTF-8"?>
<!DOCTYPE html PUBLIC "-//W3C//DTD XHTML 1.0 Transitional//EN"
    "http://www.w3.org/TR/xhtml1/DTD/xhtml1-transitional.dtd">
<html xmlns="http://www.w3.org/1999/xhtml" xml:lang="en" lang="en">
 <head>
  <title>
</title>
<meta http-equiv="Content-Type" content="text/html;charset=utf-8" />
  <meta name='ocr-system' content='tesseract 3.04.00' />
  <meta name='ocr-capabilities' content='ocr_page ocr_carea ocr_par ocr_line ocrx_word'/>
</head>
<body>
  <div class='ocr_page' id='page_1' title='image "./monumentagerma05geseuoft_0743.png"; bbox 0 0 2184 3126; ppageno 0'>
   <div class='ocr_carea' id='block_1_1' title="bbox 423 222 1845 264">
    <p class='ocr_par' dir='ltr' id='par_1_1' title="bbox 423 222 1845 264">
     <span class='ocr_line' id='line_1_1' title="bbox 423 222 1845 264; baseline 0.002 -8"><span class='ocrx_word' id='word_1_1' title='bbox 423 228 521 257; x_wconf 77' lang='lat' dir='ltr'><strong>Ac&#39;rA</strong></span> <span class='ocrx_word' id='word_1_2' title='bbox 540 222 653 256; x_wconf 74' lang='lat' dir='ltr'>REGM</span> <span class='ocrx_word' id='word_1_3' title='bbox 673 227 857 256; x_wconf 84' lang='lat' dir='ltr'>LUDEWICI</span> <span class='ocrx_word' id='word_1_4' title='bbox 878 228 923 256; x_wconf 85' lang='lat' dir='ltr'><strong>IV.</strong></span> <span class='ocrx_word' id='word_1_5' title='bbox 942 228 989 256; x_wconf 82' lang='grc' dir='ltr'><strong>ΕΤ</strong></span> <span class='ocrx_word' id='word_1_6' title='bbox 1008 228 1193 257; x_wconf 81' lang='lat' dir='ltr'><strong>FRlDERlCI</strong></span> <span class='ocrx_word' id='word_1_7' title='bbox 1212 229 1260 257; x_wconf 85' lang='lat'><strong>111.</strong></span> <span class='ocrx_word' id='word_1_8' title='bbox 1297 229 1373 258; x_wconf 78' lang='lat'><strong>1324.</strong></span> <span class='ocrx_word' id='word_1_9' title='bbox 1410 229 1458 257; x_wconf 79' lang='lat' dir='ltr'><strong>Nr.</strong></span> <span class='ocrx_word' id='word_1_10' title='bbox 1471 230 1530 259; x_wconf 80' lang='lat'><strong>888.</strong></span> <span class='ocrx_word' id='word_1_11' title='bbox 1549 230 1609 259; x_wconf 82' lang='lat'><strong>889.</strong></span> <span class='ocrx_word' id='word_1_12' title='bbox 1783 234 1845 264; x_wconf 83' lang='grc'><strong>703</strong></span> 
     </span>
    </p>
   </div>
   <div class='ocr_carea' id='block_1_2' title="bbox 210 377 1817 572">
    <p class='ocr_par' dir='ltr' id='par_1_2' title="bbox 210 377 1817 572">
     <span class='ocr_line' id='line_1_2' title="bbox 210 377 1817 427; baseline 0.002 -3"><span class='ocrx_word' id='word_1_13' title='bbox 210 377 463 425; x_wconf 86' lang='lat'><strong>888-890.</strong></span> <span class='ocrx_word' id='word_1_14' title='bbox 504 377 899 426; x_wconf 85' lang='lat' dir='ltr'><strong>PUBLICATIO</strong></span> <span class='ocrx_word' id='word_1_15' title='bbox 928 379 1372 427; x_wconf 87' lang='lat' dir='ltr'>PROCESSUUM</span> <span class='ocrx_word' id='word_1_16' title='bbox 1399 380 1473 427; x_wconf 89' lang='lat' dir='ltr'><strong>IN</strong></span> <span class='ocrx_word' id='word_1_17' title='bbox 1502 380 1817 427; x_wconf 85' lang='lat' dir='ltr'><strong>CIVITATE</strong></span> 
     </span>
     <span class='ocr_line' id='line_1_3' title="bbox 744 445 1285 495; baseline 0.004 -2"><span class='ocrx_word' id='word_1_18' title='bbox 744 445 1285 495; x_wconf 87' lang='lat' dir='ltr'><strong>ARGENTINENSI.</strong></span> 
     </span>
     <span class='ocr_line' id='line_1_4' title="bbox 682 523 1350 572; baseline 0.001 -13"><span class='ocrx_word' id='word_1_19' title='bbox 682 523 790 560; x_wconf 70' lang='lat'><strong>1324.</strong></span> <span class='ocrx_word' id='word_1_20' title='bbox 826 523 916 570; x_wconf 84' lang='lat' dir='ltr'><strong>Apr.</strong></span> <span class='ocrx_word' id='word_1_21' title='bbox 942 525 1038 561; x_wconf 91' lang='lat'><strong>1.—</strong></span> <span class='ocrx_word' id='word_1_22' title='bbox 1057 525 1160 571; x_wconf 85' lang='lat' dir='ltr'><strong>(post</strong></span> <span class='ocrx_word' id='word_1_23' title='bbox 1188 525 1277 572; x_wconf 85' lang='lat' dir='ltr'><strong>Apr.</strong></span> <span class='ocrx_word' id='word_1_24' title='bbox 1303 526 1350 570; x_wconf 85' lang='lat'><strong>1).</strong></span> 
     </span>
    </p>
   </div>
   <div class='ocr_carea' id='block_1_3' title="bbox 342 643 1686 693">
    <p class='ocr_par' dir='ltr' id='par_1_3' title="bbox 342 643 1686 693">
     <span class='ocr_line' id='line_1_5' title="bbox 342 643 1686 693; baseline 0.001 -13"><span class='ocrx_word' id='word_1_25' title='bbox 342 644 429 680; x_wconf 89' lang='lat'><strong>888.</strong></span> <span class='ocrx_word' id='word_1_26' title='bbox 471 643 626 680; x_wconf 71' lang='lat' dir='ltr'><strong>Litterae</strong></span> <span class='ocrx_word' id='word_1_27' title='bbox 648 644 824 690; x_wconf 74' lang='lat' dir='ltr'><strong>pontificis</strong></span> <span class='ocrx_word' id='word_1_28' title='bbox 851 645 898 680; x_wconf 80' lang='lat' dir='ltr'><strong>ad</strong></span> <span class='ocrx_word' id='word_1_29' title='bbox 924 646 1117 691; x_wconf 77' lang='lat' dir='ltr'><strong>episcopum</strong></span> <span class='ocrx_word' id='word_1_30' title='bbox 1144 645 1438 691; x_wconf 57' lang='lat' dir='ltr'><strong>Anqentinensem.</strong></span> <span class='ocrx_word' id='word_1_31' title='bbox 1545 647 1633 693; x_wconf 77' lang='lat' dir='ltr'><strong>Apr.</strong></span> <span class='ocrx_word' id='word_1_32' title='bbox 1653 649 1686 682; x_wconf 89' lang='lat'><strong>1.</strong></span> 
     </span>
    </p>
   </div>
   <div class='ocr_carea' id='block_1_4' title="bbox 153 721 1842 917">
    <p class='ocr_par' dir='ltr' id='par_1_4' title="bbox 153 721 1842 917">
     <span class='ocr_line' id='line_1_6' title="bbox 153 721 1842 767; baseline 0.004 -16"><span class='ocrx_word' id='word_1_33' title='bbox 153 732 165 751; x_wconf 70' lang='lat' dir='ltr'><strong>a</strong></span> <span class='ocrx_word' id='word_1_34' title='bbox 297 722 397 762; x_wconf 75' lang='lat' dir='ltr'><strong>Copia</strong></span> <span class='ocrx_word' id='word_1_35' title='bbox 410 722 463 763; x_wconf 86' lang='lat' dir='ltr'><strong>(c.)</strong></span> <span class='ocrx_word' id='word_1_36' title='bbox 475 722 511 754; x_wconf 80' lang='lat' dir='ltr'><strong>in</strong></span> <span class='ocrx_word' id='word_1_37' title='bbox 523 721 727 763; x_wconf 75' lang='lat' dir='ltr'><strong>Reyestorum</strong></span> <span class='ocrx_word' id='word_1_38' title='bbox 744 722 970 756; x_wconf 74' lang='lat' dir='ltr'><strong>Vaticanorum</strong></span> <span class='ocrx_word' id='word_1_39' title='bbox 980 723 1136 756; x_wconf 72' lang='lat' dir='ltr'><strong>tabuhm‘i</strong></span> <span class='ocrx_word' id='word_1_40' title='bbox 1149 723 1297 756; x_wconf 77' lang='lat' dir='ltr'><strong>Vaticani</strong></span> <span class='ocrx_word' id='word_1_41' title='bbox 1309 726 1381 756; x_wconf 82' lang='lat' dir='ltr'><strong>tom.</strong></span> <span class='ocrx_word' id='word_1_42' title='bbox 1395 724 1459 756; x_wconf 93' lang='grc'><em>112</em></span> <span class='ocrx_word' id='word_1_43' title='bbox 1471 723 1636 767; x_wconf 76' lang='lat' dir='ltr'><strong>11fol76‘</strong></span> <span class='ocrx_word' id='word_1_44' title='bbox 1649 735 1700 758; x_wconf 80' lang='lat' dir='ltr'><strong>nr.</strong></span> <span class='ocrx_word' id='word_1_45' title='bbox 1714 726 1788 760; x_wconf 90' lang='grc'><em>912.</em></span> <span class='ocrx_word' id='word_1_46' title='bbox 1801 745 1842 750; x_wconf 86' lang='grc'><strong>-</strong></span> 
     </span>
     <span class='ocr_line' id='line_1_7' title="bbox 184 772 1841 819; baseline 0.002 -12"><span class='ocrx_word' id='word_1_47' title='bbox 184 773 246 807; x_wconf 79' lang='lat' dir='ltr'><strong>Ed.</strong></span> <span class='ocrx_word' id='word_1_48' title='bbox 270 772 556 815; x_wconf 72' lang='lat' dir='ltr'><strong>‘Oberbayerisches</strong></span> <span class='ocrx_word' id='word_1_49' title='bbox 578 774 715 806; x_wconf 80' lang='lat' dir='ltr'><strong>Archiv’</strong></span> <span class='ocrx_word' id='word_1_50' title='bbox 738 774 766 812; x_wconf 92' lang='lat' dir='ltr'><strong>I,</strong></span> <span class='ocrx_word' id='word_1_51' title='bbox 791 775 832 805; x_wconf 87' lang='grc'><strong>50</strong></span> <span class='ocrx_word' id='word_1_52' title='bbox 853 784 903 807; x_wconf 84' lang='lat' dir='ltr'><strong>nr.</strong></span> <span class='ocrx_word' id='word_1_53' title='bbox 919 776 940 806; x_wconf 81' lang='lat'><strong><em>4</em></strong></span> <span class='ocrx_word' id='word_1_54' title='bbox 962 785 1001 807; x_wconf 78' lang='lat' dir='ltr'><strong>ex</strong></span> <span class='ocrx_word' id='word_1_55' title='bbox 1022 785 1050 808; x_wconf 90' lang='lat' dir='ltr'><strong>c.</strong></span> <span class='ocrx_word' id='word_1_56' title='bbox 1073 775 1131 816; x_wconf 93' lang='lat'><strong>(=</strong></span> <span class='ocrx_word' id='word_1_57' title='bbox 1148 775 1419 809; x_wconf 74' lang='lat' dir='ltr'><strong>‘Urkundenbuch</strong></span> <span class='ocrx_word' id='word_1_58' title='bbox 1442 776 1498 808; x_wconf 82' lang='lat' dir='ltr'><strong>der</strong></span> <span class='ocrx_word' id='word_1_59' title='bbox 1521 776 1617 808; x_wconf 74' lang='lat' dir='ltr'><strong>Stude</strong></span> <span class='ocrx_word' id='word_1_60' title='bbox 1638 777 1841 819; x_wconf 72' lang='lat' dir='ltr'><strong>Strassbury&#39;</strong></span> 
     </span>
     <span class='ocr_line' id='line_1_8' title="bbox 183 825 1841 868; baseline 0.002 -11"><span class='ocrx_word' id='word_1_61' title='bbox 183 825 320 864; x_wconf 78' lang='lat'><em>11,384</em></span> <span class='ocrx_word' id='word_1_62' title='bbox 344 835 394 857; x_wconf 81' lang='lat' dir='ltr'><strong>nr.</strong></span> <span class='ocrx_word' id='word_1_63' title='bbox 410 826 490 867; x_wconf 81' lang='lat'><strong><em>436)</em></strong></span> <span class='ocrx_word' id='word_1_64' title='bbox 513 827 542 857; x_wconf 76' lang='lat' dir='ltr'><strong>et</strong></span> <span class='ocrx_word' id='word_1_65' title='bbox 563 825 731 858; x_wconf 77' lang='lat' dir='ltr'><strong>Hauviller</strong></span> <span class='ocrx_word' id='word_1_66' title='bbox 753 825 919 858; x_wconf 71' lang='lat' dir='ltr'><strong>‘Analecta</strong></span> <span class='ocrx_word' id='word_1_67' title='bbox 940 826 1197 868; x_wconf 74' lang='lat' dir='ltr'><strong>Arqeminensia&#39;</strong></span> <span class='ocrx_word' id='word_1_68' title='bbox 1213 827 1241 865; x_wconf 91' lang='lat' dir='ltr'><strong>I,</strong></span> <span class='ocrx_word' id='word_1_69' title='bbox 1257 827 1300 858; x_wconf 85' lang='grc'><em>27</em></span> <span class='ocrx_word' id='word_1_70' title='bbox 1321 837 1372 860; x_wconf 76' lang='lat' dir='ltr'><strong>wr.</strong></span> <span class='ocrx_word' id='word_1_71' title='bbox 1390 828 1432 859; x_wconf 87' lang='grc'><strong>17</strong></span> <span class='ocrx_word' id='word_1_72' title='bbox 1453 838 1492 860; x_wconf 75' lang='lat' dir='ltr'><strong>ex</strong></span> <span class='ocrx_word' id='word_1_73' title='bbox 1509 838 1535 860; x_wconf 87' lang='lat' dir='ltr'><strong>c.</strong></span> <span class='ocrx_word' id='word_1_74' title='bbox 1580 828 1648 861; x_wconf 73' lang='lat' dir='ltr'><strong>Nos</strong></span> <span class='ocrx_word' id='word_1_75' title='bbox 1669 828 1753 861; x_wconf 80' lang='lat' dir='ltr'><strong>hanc</strong></span> <span class='ocrx_word' id='word_1_76' title='bbox 1775 830 1841 862; x_wconf 83' lang='lat' dir='ltr'><strong>edi-</strong></span> 
     </span>
     <span class='ocr_line' id='line_1_9' title="bbox 183 876 499 917; baseline 0 -9"><span class='ocrx_word' id='word_1_77' title='bbox 183 877 298 910; x_wconf 84' lang='lat' dir='ltr'><strong>twnem</strong></span> <span class='ocrx_word' id='word_1_78' title='bbox 320 876 499 917; x_wconf 78' lang='lat' dir='ltr'><strong>repetimus.</strong></span> 
     </span>
    </p>
   </div>
   <div class='ocr_carea' id='block_1_5' title="bbox 292 937 1308 981">
    <p class='ocr_par' dir='ltr' id='par_1_5' title="bbox 292 937 1308 981">
     <span class='ocr_line' id='line_1_10' title="bbox 292 937 1308 981; baseline 0.001 -11"><span class='ocrx_word' id='word_1_79' title='bbox 292 937 436 976; x_wconf 73' lang='lat' dir='ltr'><strong>Biihmer,</strong></span> <span class='ocrx_word' id='word_1_80' title='bbox 459 937 535 978; x_wconf 73' lang='lat' dir='ltr'><strong>Rey.</strong></span> <span class='ocrx_word' id='word_1_81' title='bbox 559 937 674 970; x_wconf 79' lang='lat' dir='ltr'><strong>Ludw.</strong></span> <span class='ocrx_word' id='word_1_82' title='bbox 693 948 727 978; x_wconf 97' lang='grc' dir='ltr'><strong>Ρ.</strong></span> <span class='ocrx_word' id='word_1_83' title='bbox 745 938 808 969; x_wconf 83' lang='grc'><strong>305</strong></span> <span class='ocrx_word' id='word_1_84' title='bbox 831 937 947 971; x_wconf 73' lang='lat' dir='ltr'><strong>desie</strong></span> <span class='ocrx_word' id='word_1_85' title='bbox 968 949 1018 971; x_wconf 79' lang='lat' dir='ltr'><strong>nr.</strong></span> <span class='ocrx_word' id='word_1_86' title='bbox 1034 939 1100 971; x_wconf 91' lang='grc'><strong>212</strong></span> <span class='ocrx_word' id='word_1_87' title='bbox 1122 939 1248 979; x_wconf 79' lang='lat' dir='ltr'><strong>(Addit</strong></span> <span class='ocrx_word' id='word_1_88' title='bbox 1266 942 1308 981; x_wconf 83' lang='lat' dir='ltr'><strong>I).</strong></span> 
     </span>
    </p>
   </div>
   <div class='ocr_carea' id='block_1_6' title="bbox 137 1014 1844 1989">
    <p class='ocr_par' dir='ltr' id='par_1_6' title="bbox 143 1014 1196 1058">
     <span class='ocr_line' id='line_1_11' title="bbox 143 1014 1196 1058; baseline -0.001 -10"><span class='ocrx_word' id='word_1_89' title='bbox 143 1027 169 1048; x_wconf 87' lang='grc' dir='ltr'><strong>ιο</strong></span> <span class='ocrx_word' id='word_1_90' title='bbox 294 1014 483 1047; x_wconf 78' lang='lat' dir='ltr'><strong>Venerabili</strong></span> <span class='ocrx_word' id='word_1_91' title='bbox 507 1014 598 1047; x_wconf 78' lang='lat' dir='ltr'><strong>fratri</strong></span> <span class='ocrx_word' id='word_1_92' title='bbox 621 1015 757 1047; x_wconf 75' lang='lat' dir='ltr'><strong>Iohanni</strong></span> <span class='ocrx_word' id='word_1_93' title='bbox 781 1015 934 1058; x_wconf 88' lang='lat' dir='ltr'><strong>episcopo</strong></span> <span class='ocrx_word' id='word_1_94' title='bbox 957 1015 1196 1058; x_wconf 84' lang='lat' dir='ltr'><strong>Argentinensi.</strong></span> 
     </span>
    </p>

    <p class='ocr_par' dir='ltr' id='par_1_7' title="bbox 183 1066 1844 1268">
     <span class='ocr_line' id='line_1_12' title="bbox 293 1066 1844 1113; baseline 0.003 -14"><span class='ocrx_word' id='word_1_95' title='bbox 293 1066 520 1099; x_wconf 85' lang='lat' dir='ltr'><strong>Fraternitatis</strong></span> <span class='ocrx_word' id='word_1_96' title='bbox 543 1070 598 1099; x_wconf 89' lang='lat' dir='ltr'><strong>tue</strong></span> <span class='ocrx_word' id='word_1_97' title='bbox 626 1067 761 1099; x_wconf 81' lang='lat' dir='ltr'><strong>litteris²</strong></span> <span class='ocrx_word' id='word_1_98' title='bbox 786 1070 940 1099; x_wconf 85' lang='lat' dir='ltr'><strong>consueta</strong></span> <span class='ocrx_word' id='word_1_99' title='bbox 966 1066 1166 1110; x_wconf 75' lang='lat' dir='ltr'><strong>benignitate</strong></span> <span class='ocrx_word' id='word_1_100' title='bbox 1194 1069 1334 1110; x_wconf 81' lang='lat' dir='ltr'><strong>receptis</strong></span> <span class='ocrx_word' id='word_1_101' title='bbox 1360 1071 1394 1100; x_wconf 92' lang='lat' dir='ltr'><strong>et</strong></span> <span class='ocrx_word' id='word_1_102' title='bbox 1420 1079 1530 1101; x_wconf 89' lang='lat' dir='ltr'><strong>earum</strong></span> <span class='ocrx_word' id='word_1_103' title='bbox 1559 1070 1641 1102; x_wconf 87' lang='lat' dir='ltr'><strong>serie</strong></span> <span class='ocrx_word' id='word_1_104' title='bbox 1670 1069 1844 1113; x_wconf 80' lang='lat' dir='ltr'><strong>diligenter</strong></span> 
     </span>
     <span class='ocr_line' id='line_1_13' title="bbox 183 1118 1841 1164; baseline 0.003 -14"><span class='ocrx_word' id='word_1_105' title='bbox 183 1119 330 1161; x_wconf 87' lang='lat' dir='ltr'><strong>inspecta</strong></span> <span class='ocrx_word' id='word_1_106' title='bbox 357 1119 442 1151; x_wconf 88' lang='lat' dir='ltr'><strong>circa</strong></span> <span class='ocrx_word' id='word_1_107' title='bbox 475 1118 731 1160; x_wconf 84' lang='lat' dir='ltr'><strong>publicacionem</strong></span> <span class='ocrx_word' id='word_1_108' title='bbox 759 1129 818 1161; x_wconf 91' lang='lat' dir='ltr'><strong>per</strong></span> <span class='ocrx_word' id='word_1_109' title='bbox 844 1129 903 1150; x_wconf 88' lang='lat' dir='ltr'><strong>nos</strong></span> <span class='ocrx_word' id='word_1_110' title='bbox 933 1118 1058 1161; x_wconf 88' lang='lat' dir='ltr'><strong>pridem</strong></span> <span class='ocrx_word' id='word_1_111' title='bbox 1088 1118 1272 1152; x_wconf 87' lang='lat' dir='ltr'><strong>habitorum</strong></span> <span class='ocrx_word' id='word_1_112' title='bbox 1298 1130 1507 1163; x_wconf 76' lang='lat' dir='ltr'><strong>processuum</strong></span> <span class='ocrx_word' id='word_1_113' title='bbox 1530 1131 1628 1163; x_wconf 90' lang='lat' dir='ltr'><strong>super</strong></span> <span class='ocrx_word' id='word_1_114' title='bbox 1651 1121 1841 1164; x_wconf 85' lang='lat' dir='ltr'><strong>quibusdam</strong></span> 
     </span>
     <span class='ocr_line' id='line_1_14' title="bbox 183 1170 1842 1215; baseline 0.002 -13"><span class='ocrx_word' id='word_1_115' title='bbox 183 1170 370 1203; x_wconf 78' lang='lat' dir='ltr'><strong>excessibus</strong></span> <span class='ocrx_word' id='word_1_116' title='bbox 393 1171 451 1202; x_wconf 88' lang='lat' dir='ltr'><strong>viri</strong></span> <span class='ocrx_word' id='word_1_117' title='bbox 474 1170 637 1213; x_wconf 82' lang='lat' dir='ltr'><strong>magnifici</strong></span> <span class='ocrx_word' id='word_1_118' title='bbox 659 1170 815 1203; x_wconf 88' lang='lat' dir='ltr'><strong>Ludovici</strong></span> <span class='ocrx_word' id='word_1_119' title='bbox 838 1170 929 1203; x_wconf 74' lang='lat' dir='ltr'><strong>ducis</strong></span> <span class='ocrx_word' id='word_1_120' title='bbox 951 1170 1090 1203; x_wconf 86' lang='lat' dir='ltr'><strong>Bavarie</strong></span> <span class='ocrx_word' id='word_1_121' title='bbox 1113 1171 1304 1204; x_wconf 84' lang='lat' dir='ltr'><strong>discorditer</strong></span> <span class='ocrx_word' id='word_1_122' title='bbox 1326 1172 1358 1203; x_wconf 90' lang='lat' dir='ltr'><strong>in</strong></span> <span class='ocrx_word' id='word_1_123' title='bbox 1381 1181 1493 1214; x_wconf 84' lang='lat' dir='ltr'><strong>regem</strong></span> <span class='ocrx_word' id='word_1_124' title='bbox 1506 1171 1738 1215; x_wconf 85' lang='lat' dir='ltr'><strong>Romanorum,</strong></span> <span class='ocrx_word' id='word_1_125' title='bbox 1761 1175 1842 1206; x_wconf 87' lang='lat' dir='ltr'><strong>sicut</strong></span> 
     </span>
     <span class='ocr_line' id='line_1_15' title="bbox 184 1221 1844 1268; baseline 0.002 -14"><span class='ocrx_word' id='word_1_126' title='bbox 184 1222 296 1262; x_wconf 79' lang='lat' dir='ltr'><strong>fertur,</strong></span> <span class='ocrx_word' id='word_1_127' title='bbox 329 1222 425 1254; x_wconf 89' lang='lat' dir='ltr'><strong>electi</strong></span> <span class='ocrx_word' id='word_1_128' title='bbox 449 1221 654 1264; x_wconf 81' lang='lat' dir='ltr'><strong>diligenciam</strong></span> <span class='ocrx_word' id='word_1_129' title='bbox 678 1226 712 1254; x_wconf 91' lang='lat' dir='ltr'><strong>et</strong></span> <span class='ocrx_word' id='word_1_130' title='bbox 734 1221 943 1255; x_wconf 90' lang='lat' dir='ltr'><strong>devocionem</strong></span> <span class='ocrx_word' id='word_1_131' title='bbox 969 1225 1071 1263; x_wconf 87' lang='lat' dir='ltr'><strong>tuam,</strong></span> <span class='ocrx_word' id='word_1_132' title='bbox 1103 1233 1199 1265; x_wconf 86' lang='lat' dir='ltr'><strong>quam</strong></span> <span class='ocrx_word' id='word_1_133' title='bbox 1223 1223 1254 1255; x_wconf 87' lang='lat' dir='ltr'><strong>in</strong></span> <span class='ocrx_word' id='word_1_134' title='bbox 1278 1223 1395 1255; x_wconf 85' lang='lat' dir='ltr'><strong>nostris</strong></span> <span class='ocrx_word' id='word_1_135' title='bbox 1417 1228 1451 1255; x_wconf 89' lang='lat' dir='ltr'><strong>et</strong></span> <span class='ocrx_word' id='word_1_136' title='bbox 1473 1223 1559 1256; x_wconf 86' lang='lat' dir='ltr'><strong>sedis</strong></span> <span class='ocrx_word' id='word_1_137' title='bbox 1582 1225 1759 1267; x_wconf 83' lang='lat' dir='ltr'><strong>apostolice</strong></span> <span class='ocrx_word' id='word_1_138' title='bbox 1782 1227 1844 1268; x_wconf 90' lang='lat' dir='ltr'><strong>piis</strong></span> 
     </span>
    </p>

    <p class='ocr_par' dir='ltr' id='par_1_8' title="bbox 141 1272 1844 1523">
     <span class='ocr_line' id='line_1_16' title="bbox 141 1272 1844 1318; baseline 0.003 -13"><span class='ocrx_word' id='word_1_139' title='bbox 141 1284 166 1305; x_wconf 71' lang='grc' dir='ltr'><strong>ιι</strong></span> <span class='ocrx_word' id='word_1_140' title='bbox 184 1272 392 1316; x_wconf 84' lang='lat' dir='ltr'><strong>honestisque</strong></span> <span class='ocrx_word' id='word_1_141' title='bbox 415 1274 577 1316; x_wconf 87' lang='lat' dir='ltr'><strong>preceptis</strong></span> <span class='ocrx_word' id='word_1_142' title='bbox 592 1273 804 1316; x_wconf 85' lang='lat' dir='ltr'><strong>probabiliter</strong></span> <span class='ocrx_word' id='word_1_143' title='bbox 819 1277 1001 1316; x_wconf 85' lang='lat' dir='ltr'><strong>promptam</strong></span> <span class='ocrx_word' id='word_1_144' title='bbox 1026 1285 1098 1307; x_wconf 89' lang='lat' dir='ltr'><strong>esse</strong></span> <span class='ocrx_word' id='word_1_145' title='bbox 1113 1275 1333 1317; x_wconf 81' lang='lat' dir='ltr'><strong>supponimus,</strong></span> <span class='ocrx_word' id='word_1_146' title='bbox 1357 1274 1461 1318; x_wconf 82' lang='lat' dir='ltr'><strong>dignis</strong></span> <span class='ocrx_word' id='word_1_147' title='bbox 1483 1276 1515 1307; x_wconf 90' lang='lat' dir='ltr'><strong>in</strong></span> <span class='ocrx_word' id='word_1_148' title='bbox 1530 1274 1672 1308; x_wconf 89' lang='lat' dir='ltr'><strong>Domino</strong></span> <span class='ocrx_word' id='word_1_149' title='bbox 1694 1277 1844 1310; x_wconf 88' lang='lat' dir='ltr'><strong>laudibus</strong></span> 
     </span>
     <span class='ocr_line' id='line_1_17' title="bbox 185 1324 1843 1369; baseline 0.003 -12"><span class='ocrx_word' id='word_1_150' title='bbox 185 1324 460 1357; x_wconf 83' lang='lat' dir='ltr'><strong>commendamus.</strong></span> <span class='ocrx_word' id='word_1_151' title='bbox 510 1325 666 1358; x_wconf 83' lang='lat' dir='ltr'><strong>Mirantes</strong></span> <span class='ocrx_word' id='word_1_152' title='bbox 689 1329 797 1358; x_wconf 88' lang='lat' dir='ltr'><strong>autem</strong></span> <span class='ocrx_word' id='word_1_153' title='bbox 820 1326 965 1367; x_wconf 84' lang='lat' dir='ltr'><strong>magistri</strong></span> <span class='ocrx_word' id='word_1_154' title='bbox 989 1325 1155 1358; x_wconf 89' lang='lat' dir='ltr'><strong>consulum</strong></span> <span class='ocrx_word' id='word_1_155' title='bbox 1183 1330 1217 1358; x_wconf 91' lang='lat' dir='ltr'><strong>et</strong></span> <span class='ocrx_word' id='word_1_156' title='bbox 1238 1326 1442 1359; x_wconf 83' lang='lat' dir='ltr'><strong>scabinorum</strong></span> <span class='ocrx_word' id='word_1_157' title='bbox 1465 1327 1747 1369; x_wconf 86' lang='lat' dir='ltr'><strong>Argentinensinm</strong></span> <span class='ocrx_word' id='word_1_158' title='bbox 1771 1340 1843 1363; x_wconf 87' lang='lat' dir='ltr'><strong>esse</strong></span> 
     </span>
     <span class='ocr_line' id='line_1_18' title="bbox 185 1376 1842 1421; baseline 0.003 -13"><span class='ocrx_word' id='word_1_159' title='bbox 185 1376 340 1409; x_wconf 86' lang='lat' dir='ltr'><strong>duriciam</strong></span> <span class='ocrx_word' id='word_1_160' title='bbox 358 1376 442 1409; x_wconf 89' lang='lat' dir='ltr'><strong>adeo</strong></span> <span class='ocrx_word' id='word_1_161' title='bbox 458 1378 662 1419; x_wconf 87' lang='lat' dir='ltr'><strong>renitentem,</strong></span> <span class='ocrx_word' id='word_1_162' title='bbox 686 1377 773 1419; x_wconf 90' lang='lat' dir='ltr'><strong>quod</strong></span> <span class='ocrx_word' id='word_1_163' title='bbox 789 1378 848 1419; x_wconf 91' lang='lat' dir='ltr'><strong>ipsi</strong></span> <span class='ocrx_word' id='word_1_164' title='bbox 865 1387 928 1409; x_wconf 88' lang='lat' dir='ltr'><strong>non</strong></span> <span class='ocrx_word' id='word_1_165' title='bbox 955 1378 986 1409; x_wconf 92' lang='lat' dir='ltr'><strong>in</strong></span> <span class='ocrx_word' id='word_1_166' title='bbox 1010 1377 1115 1410; x_wconf 89' lang='lat' dir='ltr'><strong>levem</strong></span> <span class='ocrx_word' id='word_1_167' title='bbox 1130 1377 1204 1418; x_wconf 87' lang='lat' dir='ltr'><strong>Dei,</strong></span> <span class='ocrx_word' id='word_1_168' title='bbox 1227 1381 1369 1410; x_wconf 87' lang='lat' dir='ltr'><strong>nostram</strong></span> <span class='ocrx_word' id='word_1_169' title='bbox 1393 1382 1426 1410; x_wconf 93' lang='lat' dir='ltr'><strong>et</strong></span> <span class='ocrx_word' id='word_1_170' title='bbox 1442 1379 1568 1421; x_wconf 80' lang='lat' dir='ltr'><strong>prefate</strong></span> <span class='ocrx_word' id='word_1_171' title='bbox 1584 1379 1671 1412; x_wconf 87' lang='lat' dir='ltr'><strong>sedis</strong></span> <span class='ocrx_word' id='word_1_172' title='bbox 1686 1380 1842 1413; x_wconf 81' lang='lat' dir='ltr'><strong>offensam</strong></span> 
     </span>
     <span class='ocr_line' id='line_1_19' title="bbox 182 1428 1842 1474; baseline 0.003 -14"><span class='ocrx_word' id='word_1_173' title='bbox 182 1429 215 1460; x_wconf 89' lang='lat' dir='ltr'><strong>in</strong></span> <span class='ocrx_word' id='word_1_174' title='bbox 239 1428 369 1461; x_wconf 88' lang='lat' dir='ltr'><strong>civitate</strong></span> <span class='ocrx_word' id='word_1_175' title='bbox 399 1428 547 1471; x_wconf 88' lang='lat' dir='ltr'><strong>predicta</strong></span> <span class='ocrx_word' id='word_1_176' title='bbox 576 1428 834 1471; x_wconf 90' lang='lat' dir='ltr'><strong>publicacionem</strong></span> <span class='ocrx_word' id='word_1_177' title='bbox 864 1440 927 1461; x_wconf 93' lang='lat' dir='ltr'><strong>non</strong></span> <span class='ocrx_word' id='word_1_178' title='bbox 956 1430 1161 1472; x_wconf 89' lang='lat' dir='ltr'><strong>permiserint</strong></span> <span class='ocrx_word' id='word_1_179' title='bbox 1189 1429 1259 1462; x_wconf 88' lang='lat' dir='ltr'><strong>fieri</strong></span> <span class='ocrx_word' id='word_1_180' title='bbox 1286 1433 1516 1471; x_wconf 79' lang='lat' dir='ltr'><strong>memoratam,</strong></span> <span class='ocrx_word' id='word_1_181' title='bbox 1546 1441 1606 1463; x_wconf 90' lang='lat' dir='ltr'><strong>nec</strong></span> <span class='ocrx_word' id='word_1_182' title='bbox 1635 1442 1676 1464; x_wconf 87' lang='lat' dir='ltr'><strong>ex</strong></span> <span class='ocrx_word' id='word_1_183' title='bbox 1707 1436 1842 1474; x_wconf 83' lang='lat' dir='ltr'><strong>paterne</strong></span> 
     </span>
     <span class='ocr_line' id='line_1_20' title="bbox 182 1479 1841 1523; baseline 0.003 -11"><span class='ocrx_word' id='word_1_184' title='bbox 182 1480 315 1522; x_wconf 88' lang='lat' dir='ltr'><strong>pietatis</strong></span> <span class='ocrx_word' id='word_1_185' title='bbox 338 1479 457 1513; x_wconf 82' lang='lat' dir='ltr'><strong>affectu</strong></span> <span class='ocrx_word' id='word_1_186' title='bbox 480 1479 563 1512; x_wconf 89' lang='lat' dir='ltr'><strong>hanc</strong></span> <span class='ocrx_word' id='word_1_187' title='bbox 587 1480 797 1522; x_wconf 85' lang='lat' dir='ltr'><strong>pertinaciam</strong></span> <span class='ocrx_word' id='word_1_188' title='bbox 820 1481 899 1523; x_wconf 87' lang='lat' dir='ltr'><strong>ipsis</strong></span> <span class='ocrx_word' id='word_1_189' title='bbox 922 1480 1078 1523; x_wconf 89' lang='lat' dir='ltr'><strong>expedire</strong></span> <span class='ocrx_word' id='word_1_190' title='bbox 1094 1480 1266 1513; x_wconf 81' lang='lat' dir='ltr'><strong>salubriter</strong></span> <span class='ocrx_word' id='word_1_191' title='bbox 1282 1482 1479 1522; x_wconf 83' lang='lat' dir='ltr'><strong>estimantes,</strong></span> <span class='ocrx_word' id='word_1_192' title='bbox 1504 1482 1737 1516; x_wconf 69' lang='lat' dir='ltr'><strong>trater-nitatem</strong></span> <span class='ocrx_word' id='word_1_193' title='bbox 1754 1488 1841 1517; x_wconf 86' lang='lat' dir='ltr'><strong>tuam</strong></span> 
     </span>
    </p>

    <p class='ocr_par' dir='ltr' id='par_1_9' title="bbox 138 1531 1843 1782">
     <span class='ocr_line' id='line_1_21' title="bbox 138 1531 1843 1575; baseline 0.003 -12"><span class='ocrx_word' id='word_1_194' title='bbox 138 1541 164 1562; x_wconf 72' lang='grc' dir='ltr'><strong><em>ω</em></strong></span> <span class='ocrx_word' id='word_1_195' title='bbox 184 1542 337 1574; x_wconf 86' lang='lat' dir='ltr'><strong>rogamus</strong></span> <span class='ocrx_word' id='word_1_196' title='bbox 361 1535 394 1564; x_wconf 92' lang='lat' dir='ltr'><strong>et</strong></span> <span class='ocrx_word' id='word_1_197' title='bbox 416 1531 582 1564; x_wconf 84' lang='lat' dir='ltr'><strong>hortamur</strong></span> <span class='ocrx_word' id='word_1_198' title='bbox 609 1534 749 1573; x_wconf 87' lang='lat' dir='ltr'><strong>attente,</strong></span> <span class='ocrx_word' id='word_1_199' title='bbox 777 1532 926 1575; x_wconf 86' lang='lat' dir='ltr'><strong>quatinus</strong></span> <span class='ocrx_word' id='word_1_200' title='bbox 954 1543 1013 1574; x_wconf 89' lang='lat' dir='ltr'><strong>pro</strong></span> <span class='ocrx_word' id='word_1_201' title='bbox 1040 1536 1148 1565; x_wconf 81' lang='lat' dir='ltr'><strong>nostra</strong></span> <span class='ocrx_word' id='word_1_202' title='bbox 1181 1537 1214 1565; x_wconf 91' lang='lat' dir='ltr'><strong>et</strong></span> <span class='ocrx_word' id='word_1_203' title='bbox 1240 1533 1324 1565; x_wconf 88' lang='lat' dir='ltr'><strong>dicte</strong></span> <span class='ocrx_word' id='word_1_204' title='bbox 1352 1533 1438 1566; x_wconf 84' lang='lat' dir='ltr'><strong>sedis</strong></span> <span class='ocrx_word' id='word_1_205' title='bbox 1464 1535 1651 1567; x_wconf 87' lang='lat' dir='ltr'><strong>reverencia</strong></span> <span class='ocrx_word' id='word_1_206' title='bbox 1680 1535 1843 1569; x_wconf 75' lang='lat' dir='ltr'><strong>ferventer</strong></span> 
     </span>
     <span class='ocr_line' id='line_1_22' title="bbox 184 1583 1842 1630; baseline 0.004 -15"><span class='ocrx_word' id='word_1_207' title='bbox 184 1584 284 1616; x_wconf 90' lang='lat' dir='ltr'><strong>instes</strong></span> <span class='ocrx_word' id='word_1_208' title='bbox 308 1588 341 1616; x_wconf 92' lang='lat' dir='ltr'><strong>et</strong></span> <span class='ocrx_word' id='word_1_209' title='bbox 365 1586 539 1625; x_wconf 84' lang='lat' dir='ltr'><strong>operanter</strong></span> <span class='ocrx_word' id='word_1_210' title='bbox 553 1583 710 1616; x_wconf 84' lang='lat' dir='ltr'><strong>adhibeas</strong></span> <span class='ocrx_word' id='word_1_211' title='bbox 726 1587 780 1616; x_wconf 87' lang='lat' dir='ltr'><strong>tue</strong></span> <span class='ocrx_word' id='word_1_212' title='bbox 796 1583 1007 1616; x_wconf 88' lang='lat' dir='ltr'><strong>solicitudinis</strong></span> <span class='ocrx_word' id='word_1_213' title='bbox 1022 1584 1173 1626; x_wconf 87' lang='lat' dir='ltr'><strong>studium,</strong></span> <span class='ocrx_word' id='word_1_214' title='bbox 1197 1584 1282 1617; x_wconf 90' lang='lat' dir='ltr'><strong>unde</strong></span> <span class='ocrx_word' id='word_1_215' title='bbox 1298 1586 1385 1617; x_wconf 86' lang='lat' dir='ltr'><strong>cives</strong></span> <span class='ocrx_word' id='word_1_216' title='bbox 1400 1585 1582 1618; x_wconf 88' lang='lat' dir='ltr'><strong>huiusmodi</strong></span> <span class='ocrx_word' id='word_1_217' title='bbox 1597 1587 1686 1619; x_wconf 87' lang='lat' dir='ltr'><strong>velut</strong></span> <span class='ocrx_word' id='word_1_218' title='bbox 1701 1588 1842 1630; x_wconf 88' lang='lat' dir='ltr'><strong>quodam</strong></span> 
     </span>
     <span class='ocr_line' id='line_1_23' title="bbox 182 1634 1841 1677; baseline 0.003 -10"><span class='ocrx_word' id='word_1_219' title='bbox 182 1634 344 1668; x_wconf 89' lang='lat' dir='ltr'><strong>inductive</strong></span> <span class='ocrx_word' id='word_1_220' title='bbox 374 1635 486 1667; x_wconf 84' lang='lat' dir='ltr'><strong>salutis</strong></span> <span class='ocrx_word' id='word_1_221' title='bbox 514 1635 638 1677; x_wconf 85' lang='lat' dir='ltr'><strong>glutino</strong></span> <span class='ocrx_word' id='word_1_222' title='bbox 665 1635 809 1668; x_wconf 81' lang='lat' dir='ltr'><strong>attrahas</strong></span> <span class='ocrx_word' id='word_1_223' title='bbox 836 1635 878 1667; x_wconf 88' lang='lat' dir='ltr'><strong>ad</strong></span> <span class='ocrx_word' id='word_1_224' title='bbox 905 1646 1016 1668; x_wconf 86' lang='lat' dir='ltr'><strong>veram</strong></span> <span class='ocrx_word' id='word_1_225' title='bbox 1048 1636 1258 1669; x_wconf 88' lang='lat' dir='ltr'><strong>devocionem</strong></span> <span class='ocrx_word' id='word_1_226' title='bbox 1285 1640 1427 1669; x_wconf 86' lang='lat' dir='ltr'><strong>nostram</strong></span> <span class='ocrx_word' id='word_1_227' title='bbox 1454 1641 1487 1670; x_wconf 89' lang='lat' dir='ltr'><strong>et</strong></span> <span class='ocrx_word' id='word_1_228' title='bbox 1513 1637 1600 1670; x_wconf 87' lang='lat' dir='ltr'><strong>sedis</strong></span> <span class='ocrx_word' id='word_1_229' title='bbox 1628 1639 1774 1672; x_wconf 88' lang='lat' dir='ltr'><strong>eiusdem</strong></span> <span class='ocrx_word' id='word_1_230' title='bbox 1803 1651 1841 1673; x_wconf 84' lang='lat' dir='ltr'><strong>ac</strong></span> 
     </span>
     <span class='ocr_line' id='line_1_24' title="bbox 182 1686 1842 1731; baseline 0.003 -12"><span class='ocrx_word' id='word_1_231' title='bbox 182 1687 326 1720; x_wconf 85' lang='lat' dir='ltr'><strong>debitam</strong></span> <span class='ocrx_word' id='word_1_232' title='bbox 350 1686 574 1719; x_wconf 83' lang='lat' dir='ltr'><strong>obedienciam</strong></span> <span class='ocrx_word' id='word_1_233' title='bbox 597 1687 832 1720; x_wconf 86' lang='lat' dir='ltr'><strong>mandatorum.</strong></span> <span class='ocrx_word' id='word_1_234' title='bbox 877 1687 1111 1720; x_wconf 86' lang='lat' dir='ltr'><strong>Nichilominus</strong></span> <span class='ocrx_word' id='word_1_235' title='bbox 1133 1689 1274 1731; x_wconf 87' lang='lat' dir='ltr'><strong>ipsarum</strong></span> <span class='ocrx_word' id='word_1_236' title='bbox 1290 1689 1434 1731; x_wconf 86' lang='lat' dir='ltr'><strong>parcium</strong></span> <span class='ocrx_word' id='word_1_237' title='bbox 1457 1699 1541 1721; x_wconf 89' lang='lat' dir='ltr'><strong>nova</strong></span> <span class='ocrx_word' id='word_1_238' title='bbox 1562 1700 1620 1722; x_wconf 91' lang='lat' dir='ltr'><strong>seu</strong></span> <span class='ocrx_word' id='word_1_239' title='bbox 1636 1690 1842 1724; x_wconf 85' lang='lat' dir='ltr'><strong>condiciones</strong></span> 
     </span>
     <span class='ocr_line' id='line_1_25' title="bbox 181 1738 1840 1782; baseline 0.002 -10"><span class='ocrx_word' id='word_1_240' title='bbox 181 1743 215 1772; x_wconf 90' lang='lat' dir='ltr'><strong>et</strong></span> <span class='ocrx_word' id='word_1_241' title='bbox 238 1742 357 1771; x_wconf 85' lang='lat' dir='ltr'><strong>statum</strong></span> <span class='ocrx_word' id='word_1_242' title='bbox 380 1749 458 1780; x_wconf 86' lang='lat' dir='ltr'><strong>sepe</strong></span> <span class='ocrx_word' id='word_1_243' title='bbox 480 1738 573 1771; x_wconf 92' lang='lat' dir='ltr'><strong>nobis</strong></span> <span class='ocrx_word' id='word_1_244' title='bbox 596 1742 630 1771; x_wconf 88' lang='lat' dir='ltr'><strong>et</strong></span> <span class='ocrx_word' id='word_1_245' title='bbox 653 1738 794 1772; x_wconf 87' lang='lat' dir='ltr'><strong>fideliter</strong></span> <span class='ocrx_word' id='word_1_246' title='bbox 816 1739 879 1772; x_wconf 91' lang='lat' dir='ltr'><strong>tuis</strong></span> <span class='ocrx_word' id='word_1_247' title='bbox 901 1739 1017 1772; x_wconf 90' lang='lat' dir='ltr'><strong>litteris</strong></span> <span class='ocrx_word' id='word_1_248' title='bbox 1032 1740 1192 1772; x_wconf 88' lang='lat' dir='ltr'><strong>relaturus</strong></span> <span class='ocrx_word' id='word_1_249' title='bbox 1216 1745 1314 1782; x_wconf 87' lang='lat' dir='ltr'><strong>teque</strong></span> <span class='ocrx_word' id='word_1_250' title='bbox 1337 1741 1383 1772; x_wconf 88' lang='lat' dir='ltr'><strong>sic</strong></span> <span class='ocrx_word' id='word_1_251' title='bbox 1402 1740 1569 1773; x_wconf 84' lang='lat' dir='ltr'><strong>habiturus</strong></span> <span class='ocrx_word' id='word_1_252' title='bbox 1585 1741 1715 1774; x_wconf 89' lang='lat' dir='ltr'><strong>demum</strong></span> <span class='ocrx_word' id='word_1_253' title='bbox 1730 1743 1763 1775; x_wconf 93' lang='lat' dir='ltr'><strong>in</strong></span> <span class='ocrx_word' id='word_1_254' title='bbox 1778 1743 1840 1776; x_wconf 88' lang='lat' dir='ltr'><strong>hiis</strong></span> 
     </span>
    </p>

    <p class='ocr_par' dir='ltr' id='par_1_10' title="bbox 137 1790 1840 1927">
     <span class='ocr_line' id='line_1_26' title="bbox 137 1790 1840 1836; baseline 0.004 -16"><span class='ocrx_word' id='word_1_255' title='bbox 137 1800 163 1820; x_wconf 61' lang='grc' dir='ltr'><strong>ὀ</strong></span> <span class='ocrx_word' id='word_1_256' title='bbox 182 1794 216 1823; x_wconf 86' lang='lat' dir='ltr'><strong>et</strong></span> <span class='ocrx_word' id='word_1_257' title='bbox 242 1791 314 1823; x_wconf 85' lang='lat' dir='ltr'><strong>aliis</strong></span> <span class='ocrx_word' id='word_1_258' title='bbox 343 1790 589 1832; x_wconf 86' lang='lat' dir='ltr'><strong>respicientibus</strong></span> <span class='ocrx_word' id='word_1_259' title='bbox 618 1794 762 1823; x_wconf 90' lang='lat' dir='ltr'><strong>nostrum</strong></span> <span class='ocrx_word' id='word_1_260' title='bbox 795 1794 829 1823; x_wconf 89' lang='lat' dir='ltr'><strong>et</strong></span> <span class='ocrx_word' id='word_1_261' title='bbox 858 1791 985 1833; x_wconf 80' lang='lat' dir='ltr'><strong>prefate</strong></span> <span class='ocrx_word' id='word_1_262' title='bbox 1020 1791 1107 1824; x_wconf 90' lang='lat' dir='ltr'><strong>sedis</strong></span> <span class='ocrx_word' id='word_1_263' title='bbox 1138 1792 1343 1825; x_wconf 88' lang='lat' dir='ltr'><strong>commodum</strong></span> <span class='ocrx_word' id='word_1_264' title='bbox 1371 1803 1409 1824; x_wconf 84' lang='lat' dir='ltr'><strong>ac</strong></span> <span class='ocrx_word' id='word_1_265' title='bbox 1442 1792 1613 1831; x_wconf 83' lang='lat' dir='ltr'><strong>honorem,</strong></span> <span class='ocrx_word' id='word_1_266' title='bbox 1647 1794 1734 1836; x_wconf 86' lang='lat' dir='ltr'><strong>quod</strong></span> <span class='ocrx_word' id='word_1_267' title='bbox 1757 1796 1840 1828; x_wconf 83' lang='lat' dir='ltr'><strong>sicut</strong></span> 
     </span>
     <span class='ocr_line' id='line_1_27' title="bbox 181 1841 1838 1887; baseline 0.003 -13"><span class='ocrx_word' id='word_1_268' title='bbox 181 1841 374 1884; x_wconf 87' lang='lat' dir='ltr'><strong>diligencius</strong></span> <span class='ocrx_word' id='word_1_269' title='bbox 396 1842 452 1875; x_wconf 83' lang='lat' dir='ltr'><strong>illa</strong></span> <span class='ocrx_word' id='word_1_270' title='bbox 467 1843 682 1885; x_wconf 86' lang='lat' dir='ltr'><strong>prosequeris,</strong></span> <span class='ocrx_word' id='word_1_271' title='bbox 697 1843 742 1874; x_wconf 87' lang='lat' dir='ltr'><strong>sic</strong></span> <span class='ocrx_word' id='word_1_272' title='bbox 758 1846 868 1885; x_wconf 89' lang='lat' dir='ltr'><strong>preter</strong></span> <span class='ocrx_word' id='word_1_273' title='bbox 883 1843 989 1876; x_wconf 87' lang='lat' dir='ltr'><strong>divine</strong></span> <span class='ocrx_word' id='word_1_274' title='bbox 1006 1844 1228 1876; x_wconf 86' lang='lat' dir='ltr'><strong>retribucionis</strong></span> <span class='ocrx_word' id='word_1_275' title='bbox 1244 1845 1402 1887; x_wconf 90' lang='lat' dir='ltr'><strong>premium</strong></span> <span class='ocrx_word' id='word_1_276' title='bbox 1418 1844 1681 1878; x_wconf 84' lang='lat' dir='ltr'><strong>benevolenciam</strong></span> <span class='ocrx_word' id='word_1_277' title='bbox 1698 1851 1838 1879; x_wconf 80' lang='lat' dir='ltr'><strong>nostram</strong></span> 
     </span>
     <span class='ocr_line' id='line_1_28' title="bbox 181 1893 832 1927; baseline 0 -1"><span class='ocrx_word' id='word_1_278' title='bbox 181 1897 215 1927; x_wconf 88' lang='lat' dir='ltr'><strong>et</strong></span> <span class='ocrx_word' id='word_1_279' title='bbox 237 1893 324 1926; x_wconf 90' lang='lat' dir='ltr'><strong>sedis</strong></span> <span class='ocrx_word' id='word_1_280' title='bbox 347 1894 492 1926; x_wconf 87' lang='lat' dir='ltr'><strong>eiusdem</strong></span> <span class='ocrx_word' id='word_1_281' title='bbox 515 1893 645 1926; x_wconf 89' lang='lat' dir='ltr'><strong>uberius</strong></span> <span class='ocrx_word' id='word_1_282' title='bbox 667 1896 832 1927; x_wconf 83' lang='lat' dir='ltr'><strong>merearis.</strong></span> 
     </span>
    </p>

    <p class='ocr_par' dir='ltr' id='par_1_11' title="bbox 289 1945 1196 1989">
     <span class='ocr_line' id='line_1_29' title="bbox 289 1945 1196 1989; baseline 0.003 -12"><span class='ocrx_word' id='word_1_283' title='bbox 289 1945 411 1978; x_wconf 87' lang='lat' dir='ltr'><strong>Datum</strong></span> <span class='ocrx_word' id='word_1_284' title='bbox 434 1946 605 1987; x_wconf 91' lang='lat' dir='ltr'><strong>Avinione,</strong></span> <span class='ocrx_word' id='word_1_285' title='bbox 628 1946 785 1978; x_wconf 87' lang='lat' dir='ltr'><strong>Kalendis</strong></span> <span class='ocrx_word' id='word_1_286' title='bbox 809 1946 940 1989; x_wconf 88' lang='lat' dir='ltr'><strong>Aprilis,</strong></span> <span class='ocrx_word' id='word_1_287' title='bbox 964 1957 1047 1979; x_wconf 87' lang='lat' dir='ltr'><strong>anno</strong></span> <span class='ocrx_word' id='word_1_288' title='bbox 1072 1950 1196 1980; x_wconf 89' lang='lat' dir='ltr'><strong>octavo.</strong></span> 
     </span>
    </p>
   </div>
   <div class='ocr_carea' id='block_1_7' title="bbox 139 2077 1839 2304">
    <p class='ocr_par' dir='ltr' id='par_1_12' title="bbox 139 2077 1839 2304">
     <span class='ocr_line' id='line_1_30' title="bbox 183 2077 1839 2127; baseline 0.001 -14"><span class='ocrx_word' id='word_1_289' title='bbox 183 2077 270 2114; x_wconf 88' lang='lat'><strong>889.</strong></span> <span class='ocrx_word' id='word_1_290' title='bbox 311 2077 441 2113; x_wconf 83' lang='lat' dir='ltr'><strong>Forma</strong></span> <span class='ocrx_word' id='word_1_291' title='bbox 468 2078 591 2124; x_wconf 72' lang='lat' dir='ltr'><strong>scripti</strong></span> <span class='ocrx_word' id='word_1_292' title='bbox 620 2089 641 2113; x_wconf 77' lang='lat' dir='ltr'><strong>a</strong></span> <span class='ocrx_word' id='word_1_293' title='bbox 669 2078 807 2114; x_wconf 75' lang='lat' dir='ltr'><strong>civitate</strong></span> <span class='ocrx_word' id='word_1_294' title='bbox 834 2078 1078 2124; x_wconf 61' lang='lat' dir='ltr'><strong>Argentinensi</strong></span> <span class='ocrx_word' id='word_1_295' title='bbox 1105 2080 1152 2114; x_wconf 84' lang='lat' dir='ltr'><strong>ad</strong></span> <span class='ocrx_word' id='word_1_296' title='bbox 1179 2080 1321 2115; x_wconf 66' lang='lat' dir='ltr'><strong>eundem</strong></span> <span class='ocrx_word' id='word_1_297' title='bbox 1349 2079 1455 2116; x_wconf 74' lang='lat' dir='ltr'><strong>missi.</strong></span> <span class='ocrx_word' id='word_1_298' title='bbox 1548 2079 1648 2126; x_wconf 81' lang='lat' dir='ltr'><strong>(post</strong></span> <span class='ocrx_word' id='word_1_299' title='bbox 1676 2081 1766 2127; x_wconf 79' lang='lat' dir='ltr'><strong>Apr.</strong></span> <span class='ocrx_word' id='word_1_300' title='bbox 1782 2083 1839 2123; x_wconf 87' lang='lat'><strong>1.)</strong></span> 
     </span>
     <span class='ocr_line' id='line_1_31' title="bbox 139 2151 1838 2196; baseline 0.002 -13"><span class='ocrx_word' id='word_1_301' title='bbox 139 2163 166 2184; x_wconf 75' lang='grc' dir='ltr'>ω</span> <span class='ocrx_word' id='word_1_302' title='bbox 290 2151 424 2184; x_wconf 75' lang='lat' dir='ltr'><strong>Minuta</strong></span> <span class='ocrx_word' id='word_1_303' title='bbox 441 2152 497 2193; x_wconf 88' lang='lat' dir='ltr'><strong>(c.)</strong></span> <span class='ocrx_word' id='word_1_304' title='bbox 512 2152 750 2184; x_wconf 79' lang='lat' dir='ltr'><strong>membranacea</strong></span> <span class='ocrx_word' id='word_1_305' title='bbox 765 2153 802 2184; x_wconf 72' lang='lat' dir='ltr'><strong>in</strong></span> <span class='ocrx_word' id='word_1_306' title='bbox 816 2151 974 2184; x_wconf 80' lang='lat' dir='ltr'><strong>tabulario</strong></span> <span class='ocrx_word' id='word_1_307' title='bbox 989 2153 1128 2184; x_wconf 75' lang='lat' dir='ltr'><strong>civitatis</strong></span> <span class='ocrx_word' id='word_1_308' title='bbox 1143 2153 1393 2194; x_wconf 69' lang='lat' dir='ltr'><strong>Aryentinensis.</strong></span> <span class='ocrx_word' id='word_1_309' title='bbox 1423 2153 1625 2186; x_wconf 77' lang='lat' dir='ltr'><strong>Contulimus</strong></span> <span class='ocrx_word' id='word_1_310' title='bbox 1639 2154 1686 2187; x_wconf 81' lang='lat' dir='ltr'><strong>vel</strong></span> <span class='ocrx_word' id='word_1_311' title='bbox 1699 2154 1838 2196; x_wconf 74' lang='lat' dir='ltr'><strong>descrip-</strong></span> 
     </span>
     <span class='ocr_line' id='line_1_32' title="bbox 182 2202 1367 2243; baseline 0.003 -9"><span class='ocrx_word' id='word_1_312' title='bbox 182 2202 283 2234; x_wconf 77' lang='lat' dir='ltr'><strong>simus</strong></span> <span class='ocrx_word' id='word_1_313' title='bbox 303 2212 370 2235; x_wconf 76' lang='lat' dir='ltr'><strong>nos.</strong></span> <span class='ocrx_word' id='word_1_314' title='bbox 394 2222 436 2227; x_wconf 85' lang='lat'><strong>——</strong></span> <span class='ocrx_word' id='word_1_315' title='bbox 458 2202 586 2236; x_wconf 76' lang='lat' dir='ltr'><strong>Partim</strong></span> <span class='ocrx_word' id='word_1_316' title='bbox 607 2204 654 2236; x_wconf 77' lang='lat' dir='ltr'><strong>ed.</strong></span> <span class='ocrx_word' id='word_1_317' title='bbox 678 2203 956 2237; x_wconf 78' lang='lat' dir='ltr'><strong>‘Urkundenbuch&#39;</strong></span> <span class='ocrx_word' id='word_1_318' title='bbox 979 2204 1028 2243; x_wconf 93' lang='lat' dir='ltr'><strong>II,</strong></span> <span class='ocrx_word' id='word_1_319' title='bbox 1050 2205 1116 2236; x_wconf 88' lang='grc'><strong>388</strong></span> <span class='ocrx_word' id='word_1_320' title='bbox 1136 2215 1185 2236; x_wconf 79' lang='lat' dir='ltr'><strong>nr.</strong></span> <span class='ocrx_word' id='word_1_321' title='bbox 1201 2205 1265 2236; x_wconf 79' lang='lat'><strong>439</strong></span> <span class='ocrx_word' id='word_1_322' title='bbox 1286 2215 1325 2237; x_wconf 69' lang='lat' dir='ltr'><strong>ex</strong></span> <span class='ocrx_word' id='word_1_323' title='bbox 1340 2215 1367 2237; x_wconf 90' lang='lat' dir='ltr'><strong>c.</strong></span> 
     </span>
     <span class='ocr_line' id='line_1_33' title="bbox 291 2262 588 2304; baseline 0.003 -9"><span class='ocrx_word' id='word_1_324' title='bbox 291 2262 343 2304; x_wconf 80' lang='lat' dir='ltr'><strong>Cf.</strong></span> <span class='ocrx_word' id='word_1_325' title='bbox 365 2262 505 2296; x_wconf 74' lang='lat' dir='ltr'><strong>Bo&#39;hmer</strong></span> <span class='ocrx_word' id='word_1_326' title='bbox 527 2263 548 2296; x_wconf 81' lang='lat' dir='ltr'><strong>l.</strong></span> <span class='ocrx_word' id='word_1_327' title='bbox 562 2274 588 2296; x_wconf 86' lang='lat' dir='ltr'><strong>c.</strong></span> 
     </span>
    </p>
   </div>
   <div class='ocr_carea' id='block_1_8' title="bbox 138 2338 1838 2696">
    <p class='ocr_par' dir='ltr' id='par_1_13' title="bbox 138 2338 1838 2696">
     <span class='ocr_line' id='line_1_34' title="bbox 293 2338 1838 2385; baseline 0.003 -13"><span class='ocrx_word' id='word_1_328' title='bbox 293 2341 320 2371; x_wconf 89' lang='lat'><strong>1.</strong></span> <span class='ocrx_word' id='word_1_329' title='bbox 345 2338 472 2372; x_wconf 84' lang='lat' dir='ltr'><strong>Cause·</strong></span> <span class='ocrx_word' id='word_1_330' title='bbox 487 2340 690 2383; x_wconf 84' lang='lat' dir='ltr'><strong>infrascripte</strong></span> <span class='ocrx_word' id='word_1_331' title='bbox 713 2344 786 2374; x_wconf 87' lang='lat' dir='ltr'><strong>sunt</strong></span> <span class='ocrx_word' id='word_1_332' title='bbox 808 2342 929 2373; x_wconf 83' lang='lat' dir='ltr'><strong>motive</strong></span> <span class='ocrx_word' id='word_1_333' title='bbox 953 2352 1049 2374; x_wconf 84' lang='lat' dir='ltr'><strong>cause</strong></span> <span class='ocrx_word' id='word_1_334' title='bbox 1073 2342 1189 2374; x_wconf 87' lang='lat' dir='ltr'><strong>civium</strong></span> <span class='ocrx_word' id='word_1_335' title='bbox 1212 2342 1507 2384; x_wconf 84' lang='lat' dir='ltr'><strong>Argentinensium‚</strong></span> <span class='ocrx_word' id='word_1_336' title='bbox 1531 2353 1630 2385; x_wconf 84' lang='lat' dir='ltr'><strong>quare</strong></span> <span class='ocrx_word' id='word_1_337' title='bbox 1654 2343 1686 2375; x_wconf 83' lang='lat' dir='ltr'><strong>in</strong></span> <span class='ocrx_word' id='word_1_338' title='bbox 1708 2344 1838 2377; x_wconf 78' lang='lat' dir='ltr'><strong>civitate</strong></span> 
     </span>
     <span class='ocr_line' id='line_1_35' title="bbox 183 2390 1837 2436; baseline 0.004 -14"><span class='ocrx_word' id='word_1_339' title='bbox 183 2390 441 2434; x_wconf 83' lang='lat' dir='ltr'><strong>Argent(inensi)</strong></span> <span class='ocrx_word' id='word_1_340' title='bbox 465 2392 646 2434; x_wconf 86' lang='lat' dir='ltr'><strong>publicacio</strong></span> <span class='ocrx_word' id='word_1_341' title='bbox 670 2403 839 2435; x_wconf 87' lang='lat' dir='ltr'><strong>processus</strong></span> <span class='ocrx_word' id='word_1_342' title='bbox 870 2403 929 2435; x_wconf 88' lang='lat' dir='ltr'><strong>per</strong></span> <span class='ocrx_word' id='word_1_343' title='bbox 958 2404 1118 2426; x_wconf 83' lang='lat' dir='ltr'><strong>summum</strong></span> <span class='ocrx_word' id='word_1_344' title='bbox 1146 2394 1330 2436; x_wconf 89' lang='lat' dir='ltr'><strong>pontificem</strong></span> <span class='ocrx_word' id='word_1_345' title='bbox 1358 2393 1523 2427; x_wconf 88' lang='lat' dir='ltr'><strong>dominum</strong></span> <span class='ocrx_word' id='word_1_346' title='bbox 1545 2395 1724 2428; x_wconf 87' lang='lat' dir='ltr'><strong>Iohannem</strong></span> <span class='ocrx_word' id='word_1_347' title='bbox 1753 2397 1837 2428; x_wconf 83' lang='lat' dir='ltr'><strong>vice-</strong></span> 
     </span>
     <span class='ocr_line' id='line_1_36' title="bbox 138 2442 1838 2488; baseline 0.002 -15"><span class='ocrx_word' id='word_1_348' title='bbox 138 2452 164 2472; x_wconf 70' lang='lat' dir='ltr'><strong>ns</strong></span> <span class='ocrx_word' id='word_1_349' title='bbox 183 2442 299 2474; x_wconf 90' lang='lat' dir='ltr'><strong>simum</strong></span> <span class='ocrx_word' id='word_1_350' title='bbox 322 2442 498 2476; x_wconf 83' lang='lat' dir='ltr'><strong>secundum</strong></span> <span class='ocrx_word' id='word_1_351' title='bbox 521 2454 640 2486; x_wconf 85' lang='lat' dir='ltr'><strong>papam</strong></span> <span class='ocrx_word' id='word_1_352' title='bbox 670 2444 784 2477; x_wconf 85' lang='lat' dir='ltr'><strong>directi</strong></span> <span class='ocrx_word' id='word_1_353' title='bbox 811 2445 991 2477; x_wconf 88' lang='lat' dir='ltr'><strong>reverendo</strong></span> <span class='ocrx_word' id='word_1_354' title='bbox 1019 2446 1051 2477; x_wconf 89' lang='lat' dir='ltr'><strong>in</strong></span> <span class='ocrx_word' id='word_1_355' title='bbox 1075 2445 1203 2478; x_wconf 87' lang='lat' dir='ltr'><strong>Christo</strong></span> <span class='ocrx_word' id='word_1_356' title='bbox 1232 2446 1315 2488; x_wconf 89' lang='lat' dir='ltr'><strong>patri</strong></span> <span class='ocrx_word' id='word_1_357' title='bbox 1342 2456 1381 2478; x_wconf 85' lang='lat' dir='ltr'><strong>ac</strong></span> <span class='ocrx_word' id='word_1_358' title='bbox 1404 2446 1534 2479; x_wconf 87' lang='lat' dir='ltr'><strong>domino</strong></span> <span class='ocrx_word' id='word_1_359' title='bbox 1556 2447 1684 2479; x_wconf 69' lang='lat' dir='ltr'><strong>nosti-0⁵</strong></span> <span class='ocrx_word' id='word_1_360' title='bbox 1708 2447 1838 2480; x_wconf 82' lang='lat' dir='ltr'><strong>domino</strong></span> 
     </span>
     <span class='ocr_line' id='line_1_37' title="bbox 181 2492 1837 2540; baseline 0.004 -15"><span class='ocrx_word' id='word_1_361' title='bbox 181 2492 318 2525; x_wconf 89' lang='lat' dir='ltr'><strong>Iohanni</strong></span> <span class='ocrx_word' id='word_1_362' title='bbox 340 2493 403 2526; x_wconf 89' lang='lat' dir='ltr'><strong>Dei</strong></span> <span class='ocrx_word' id='word_1_363' title='bbox 426 2495 536 2536; x_wconf 85' lang='lat' dir='ltr'><strong>gracia</strong></span> <span class='ocrx_word' id='word_1_364' title='bbox 559 2496 712 2539; x_wconf 88' lang='lat' dir='ltr'><strong>episcopo</strong></span> <span class='ocrx_word' id='word_1_365' title='bbox 735 2496 994 2539; x_wconf 84' lang='lat' dir='ltr'><strong>Argent(inensi)</strong></span> <span class='ocrx_word' id='word_1_366' title='bbox 1024 2496 1065 2529; x_wconf 82' lang='lat' dir='ltr'><strong>ad</strong></span> <span class='ocrx_word' id='word_1_367' title='bbox 1090 2496 1320 2539; x_wconf 89' lang='lat' dir='ltr'><strong>publicandum</strong></span> <span class='ocrx_word' id='word_1_368' title='bbox 1344 2498 1447 2539; x_wconf 90' lang='lat' dir='ltr'><strong>ipsum</strong></span> <span class='ocrx_word' id='word_1_369' title='bbox 1471 2507 1531 2540; x_wconf 91' lang='lat' dir='ltr'><strong>per</strong></span> <span class='ocrx_word' id='word_1_370' title='bbox 1560 2498 1698 2531; x_wconf 88' lang='lat' dir='ltr'><strong>eundem</strong></span> <span class='ocrx_word' id='word_1_371' title='bbox 1727 2503 1837 2532; x_wconf 85' lang='lat' dir='ltr'><strong>contra</strong></span> 
     </span>
     <span class='ocr_line' id='line_1_38' title="bbox 182 2543 1836 2594; baseline 0.004 -18"><span class='ocrx_word' id='word_1_372' title='bbox 182 2543 338 2578; x_wconf 83' lang='lat' dir='ltr'><strong>illustrem</strong></span> <span class='ocrx_word' id='word_1_373' title='bbox 371 2546 548 2588; x_wconf 85' lang='lat' dir='ltr'><strong>principem</strong></span> <span class='ocrx_word' id='word_1_374' title='bbox 583 2547 748 2580; x_wconf 89' lang='lat' dir='ltr'><strong>dominum</strong></span> <span class='ocrx_word' id='word_1_375' title='bbox 782 2548 1021 2591; x_wconf 87' lang='lat' dir='ltr'><strong>Lud(ewicum)</strong></span> <span class='ocrx_word' id='word_1_376' title='bbox 1057 2549 1172 2582; x_wconf 89' lang='lat' dir='ltr'><strong>ducem</strong></span> <span class='ocrx_word' id='word_1_377' title='bbox 1205 2549 1376 2582; x_wconf 84' lang='lat' dir='ltr'><strong>Bauwarie</strong></span> <span class='ocrx_word' id='word_1_378' title='bbox 1410 2550 1442 2582; x_wconf 91' lang='lat' dir='ltr'><strong>in</strong></span> <span class='ocrx_word' id='word_1_379' title='bbox 1477 2549 1697 2583; x_wconf 88' lang='lat' dir='ltr'><strong>Romanorum</strong></span> <span class='ocrx_word' id='word_1_380' title='bbox 1725 2562 1836 2594; x_wconf 88' lang='lat' dir='ltr'><strong>regem</strong></span> 
     </span>
     <span class='ocr_line' id='line_1_39' title="bbox 183 2596 1837 2646; baseline 0.005 -19"><span class='ocrx_word' id='word_1_381' title='bbox 183 2596 354 2637; x_wconf 83' lang='lat' dir='ltr'><strong>electum⁰,</strong></span> <span class='ocrx_word' id='word_1_382' title='bbox 383 2599 417 2629; x_wconf 84' lang='lat' dir='ltr'><strong>et</strong></span> <span class='ocrx_word' id='word_1_383' title='bbox 438 2607 478 2629; x_wconf 88' lang='lat' dir='ltr'><strong>nc</strong></span> <span class='ocrx_word' id='word_1_384' title='bbox 502 2597 544 2631; x_wconf 87' lang='lat' dir='ltr'><strong>de</strong></span> <span class='ocrx_word' id='word_1_385' title='bbox 567 2602 676 2632; x_wconf 87' lang='lat' dir='ltr'><strong>cetero</strong></span> <span class='ocrx_word' id='word_1_386' title='bbox 700 2600 808 2643; x_wconf 83' lang='lat' dir='ltr'><strong>aliqua</strong></span> <span class='ocrx_word' id='word_1_387' title='bbox 831 2601 861 2632; x_wconf 88' lang='lat' dir='ltr'><strong>in</strong></span> <span class='ocrx_word' id='word_1_388' title='bbox 886 2600 972 2633; x_wconf 87' lang='lat' dir='ltr'><strong>dicta</strong></span> <span class='ocrx_word' id='word_1_389' title='bbox 995 2602 1124 2634; x_wconf 87' lang='lat' dir='ltr'><strong>civitate</strong></span> <span class='ocrx_word' id='word_1_390' title='bbox 1148 2602 1405 2643; x_wconf 67' lang='lat' dir='ltr'><strong>Argentfinensi)</strong></span> <span class='ocrx_word' id='word_1_391' title='bbox 1428 2604 1539 2634; x_wconf 85' lang='lat' dir='ltr'><strong>contra</strong></span> <span class='ocrx_word' id='word_1_392' title='bbox 1562 2603 1648 2635; x_wconf 84' lang='lat' dir='ltr'><strong>cives</strong></span> <span class='ocrx_word' id='word_1_393' title='bbox 1678 2604 1777 2646; x_wconf 89' lang='lat' dir='ltr'><strong>ipsius</strong></span> <span class='ocrx_word' id='word_1_394' title='bbox 1807 2606 1837 2635; x_wconf 90' lang='lat' dir='ltr'><strong>in</strong></span> 
     </span>
     <span class='ocr_line' id='line_1_40' title="bbox 182 2647 1680 2696; baseline 0.006 -18"><span class='ocrx_word' id='word_1_395' title='bbox 182 2657 302 2689; x_wconf 86' lang='lat' dir='ltr'><strong>genere</strong></span> <span class='ocrx_word' id='word_1_396' title='bbox 315 2647 366 2680; x_wconf 89' lang='lat' dir='ltr'><strong>vel</strong></span> <span class='ocrx_word' id='word_1_397' title='bbox 389 2648 422 2680; x_wconf 92' lang='lat' dir='ltr'><strong>in</strong></span> <span class='ocrx_word' id='word_1_398' title='bbox 444 2649 552 2691; x_wconf 90' lang='lat' dir='ltr'><strong>specie</strong></span> <span class='ocrx_word' id='word_1_399' title='bbox 575 2661 783 2692; x_wconf 86' lang='lat' dir='ltr'><strong>processuum</strong></span> <span class='ocrx_word' id='word_1_400' title='bbox 807 2653 1058 2694; x_wconf 81' lang='lat' dir='ltr'><strong>apostolic-orum</strong></span> <span class='ocrx_word' id='word_1_401' title='bbox 1082 2653 1262 2695; x_wconf 86' lang='lat' dir='ltr'><strong>publicacio</strong></span> <span class='ocrx_word' id='word_1_402' title='bbox 1285 2653 1327 2686; x_wconf 89' lang='lat' dir='ltr'><strong>ab</strong></span> <span class='ocrx_word' id='word_1_403' title='bbox 1350 2653 1459 2696; x_wconf 84' lang='lat' dir='ltr'><strong>aliquo</strong></span> <span class='ocrx_word' id='word_1_404' title='bbox 1482 2658 1680 2696; x_wconf 87' lang='lat' dir='ltr'><strong>procuretur.</strong></span> 
     </span>
    </p>
   </div>
   <div class='ocr_carea' id='block_1_9' title="bbox 137 2741 1837 2813">
    <p class='ocr_par' dir='ltr' id='par_1_14' title="bbox 137 2741 1837 2813">
     <span class='ocr_line' id='line_1_41' title="bbox 137 2741 1837 2812; baseline 0.004 -44"><span class='ocrx_word' id='word_1_405' title='bbox 137 2754 164 2773; x_wconf 61' lang='grc' dir='ltr'><strong>«ο</strong></span> <span class='ocrx_word' id='word_1_406' title='bbox 181 2784 197 2810; x_wconf 67' lang='lat' dir='ltr'>fi</span> <span class='ocrx_word' id='word_1_407' title='bbox 228 2785 234 2791; x_wconf 47' lang='lat'><em>·</em></span> <span class='ocrx_word' id='word_1_408' title='bbox 285 2741 404 2812; x_wconf 57' lang='lat' dir='ltr'><strong>883.b⁸)</strong></span> <span class='ocrx_word' id='word_1_409' title='bbox 417 2744 551 2776; x_wconf 73' lang='lat' dir='ltr'><strong>praecedit</strong></span> <span class='ocrx_word' id='word_1_410' title='bbox 569 2763 576 2772; x_wconf 90' lang='lat'><strong>.</strong></span> <span class='ocrx_word' id='word_1_411' title='bbox 591 2765 596 2771; x_wconf 92' lang='lat'><strong>.</strong></span> <span class='ocrx_word' id='word_1_412' title='bbox 615 2754 636 2772; x_wconf 78' lang='lat' dir='ltr'><strong>c.</strong></span> <span class='ocrx_word' id='word_1_413' title='bbox 726 2746 751 2779; x_wconf 81' lang='lat' dir='ltr'><strong>b)</strong></span> <span class='ocrx_word' id='word_1_414' title='bbox 770 2756 851 2781; x_wconf 73' lang='lat' dir='ltr'><strong>supra</strong></span> <span class='ocrx_word' id='word_1_415' title='bbox 870 2748 964 2775; x_wconf 72' lang='lat' dir='ltr'><strong>limam</strong></span> <span class='ocrx_word' id='word_1_416' title='bbox 983 2748 1045 2775; x_wconf 80' lang='lat' dir='ltr'><strong>add.</strong></span> <span class='ocrx_word' id='word_1_417' title='bbox 1064 2757 1085 2775; x_wconf 87' lang='lat' dir='ltr'><strong>c.</strong></span> <span class='ocrx_word' id='word_1_418' title='bbox 1173 2749 1197 2782; x_wconf 85' lang='lat' dir='ltr'><strong>c)</strong></span> <span class='ocrx_word' id='word_1_419' title='bbox 1216 2749 1365 2775; x_wconf 74' lang='lat' dir='ltr'><strong>addendum</strong></span> <span class='ocrx_word' id='word_1_420' title='bbox 1382 2758 1435 2776; x_wconf 76' lang='lat' dir='ltr'><strong>ene</strong></span> <span class='ocrx_word' id='word_1_421' title='bbox 1452 2749 1565 2776; x_wconf 70' lang='lat' dir='ltr'><strong>uidetur:</strong></span> <span class='ocrx_word' id='word_1_422' title='bbox 1583 2751 1653 2776; x_wconf 75' lang='lat' dir='ltr'><strong>facta</strong></span> <span class='ocrx_word' id='word_1_423' title='bbox 1672 2760 1723 2776; x_wconf 86' lang='lat' dir='ltr'><strong>non</strong></span> <span class='ocrx_word' id='word_1_424' title='bbox 1742 2756 1779 2777; x_wconf 78' lang='lat' dir='ltr'><strong>est</strong></span> <span class='ocrx_word' id='word_1_425' title='bbox 1798 2753 1837 2777; x_wconf 76' lang='lat' dir='ltr'><strong>rel</strong></span> 
     </span>
     <span class='ocr_line' id='line_1_42' title="bbox 199 2791 406 2813; baseline 0.014 -3"><span class='ocrx_word' id='word_1_426' title='bbox 199 2793 235 2810; x_wconf 81' lang='lat' dir='ltr'><strong>err</strong></span> <span class='ocrx_word' id='word_1_427' title='bbox 254 2793 305 2811; x_wconf 86' lang='lat' dir='ltr'><strong>non</strong></span> <span class='ocrx_word' id='word_1_428' title='bbox 341 2794 354 2812; x_wconf 85' lang='lat' dir='ltr'><strong>e</strong></span> <span class='ocrx_word' id='word_1_429' title='bbox 373 2791 406 2813; x_wconf 77' lang='lat' dir='ltr'><strong>et.</strong></span> 
     </span>
    </p>
   </div>
   <div class='ocr_carea' id='block_1_10' title="bbox 286 2844 502 2879">
    <p class='ocr_par' dir='ltr' id='par_1_15' title="bbox 286 2844 502 2879">
     <span class='ocr_line' id='line_1_43' title="bbox 286 2844 502 2879; baseline 0.014 -8"><span class='ocrx_word' id='word_1_430' title='bbox 286 2845 312 2877; x_wconf 91' lang='lat'><strong>1)</strong></span> <span class='ocrx_word' id='word_1_431' title='bbox 331 2844 502 2879; x_wconf 74' lang='lat' dir='ltr'><strong>Deperdt&#39;tae.</strong></span> 
     </span>
    </p>
   </div>
  </div>
 </body>
</html>
