2184 3126
350 220 410 250 820
581 215 677 242 ACTA
697 213 810 241 REGNI
829 211 1012 240 LUDEWIOI
1031 211 1078 238 IV.
1097 210 1142 237 ΕΤ
1161 209 1346 237 FRIDERICI
1365 209 1413 236 111.
1451 210 1525 237 1324.
1562 210 1610 238 Nr.
1624 211 1682 240 980.
1701 211 1761 239 981.

795 343 881 379 980.
919 343 1073 379 Litterae
1100 342 1276 378 secundae.
1380 341 1471 387 Sept.
1491 342 1547 377 15.

458 421 555 460 Copia
578 420 632 463 (c.)
656 419 768 451 ibidem
790 418 808 450 l.
826 428 850 450 c.
870 417 927 459 fol.
944 418 986 448 41
1009 427 1058 449 nr.
1074 418 1149 450 328.
1196 414 1392 448 Contulimus
1414 425 1479 447 nos⁸
1510 434 1551 439 —
1573 415 1634 448 Ed.
1652 415 1778 448 Riezler
1799 415 1821 450 l.
1837 426 1863 448 c.
1881 426 1919 456 p.
1936 417 2000 448 189

347 483 396 504 ην.
412 473 476 504 395
497 483 535 503 ex
558 482 584 503 c.

453 532 527 572 Ray.
546 531 646 563 Lo‘her
668 530 687 561 l.
704 541 730 562 c.
741 540 775 570 p.
791 530 855 560 258
877 539 926 560 nr.
942 528 1020 564 227‚-
1046 528 1179 568 Preger·
1188 526 1347 559 Reinltens
1367 536 1400 566 p.
1415 527 1480 557 276
1502 536 1553 559 nr.
1571 526 1644 558 181.

453 620 574 652 Mathie
597 619 837 660 archiepiscopo
861 618 1135 660 Maguntinen(si).

453 672 506 703 Ad
529 675 583 702 tue
606 671 814 702 fraternitatis
837 671 990 701 noticiam
1014 669 1201 701 deducimus
1223 678 1282 710 per
1304 670 1485 709 presentes,
1514 668 1601 710 quod
1627 668 1674 700 tui
1696 669 1803 700 nuncii
1825 668 1998 702 novissime

348 724 388 755 ad
411 734 468 755 nos
490 723 578 754 missi
600 722 658 753 sub
683 721 848 753 credentia
873 731 931 763 per
954 724 1025 753 tuas
1048 722 1162 752 missas
1183 720 1276 751 nobis
1299 719 1424 751 litteras
1447 718 1508 751 sibi
1531 719 1608 752 data
1635 721 1697 752 tria
1720 720 1811 752 nobis
1835 730 1999 763 exponere

348 786 384 807 ac
408 785 503 816 super
529 774 591 805 illis
619 776 762 805 nostrum
788 773 948 804 instanter
975 775 1126 804 curarunt
1152 771 1390 813 beneplacitum
1414 771 1588 812 postulare.
1639 771 1745 815 Super
1775 771 1892 814 quibus
1922 772 2001 814 ipsis

347 825 582 867 respondimus,
617 825 698 856 sicut
733 825 793 866 ipsi
825 828 880 855 tue
915 823 1193 865 circumspectioni
1225 822 1361 864 proinde
1388 825 1541 864 poterunt
1569 822 1665 855 latius
1691 824 1819 866 aperire
1829 824 1850 856 ².
1906 824 2001 856 Licet

346 880 452 908 autem
483 877 660 908 communis
686 886 750 907 vox
777 876 887 916 fuerit,
915 876 965 907 cui
998 874 1170 907 multorum
1201 884 1391 916 magnorum
1422 873 1638 907 concordabat
1667 876 1818 916 assertio,
1848 875 1937 918 quod
1966 879 2002 908 tu

346 929 510 961 Ludovico
535 929 607 960 duci
629 929 767 960 Bavarie
791 931 901 959 contra
924 938 981 959 nos
1005 931 1038 959 et
1060 930 1203 958 sanctam
1226 926 1408 958 Romanam
1438 926 1610 958 ecclesiam
1636 926 1836 959 adherebas·
1859 928 2000 969 omnino,

346 991 404 1012 nos
426 984 534 1012 tamen
557 983 696 1020 attento,
720 979 805 1022 quod
829 979 955 1020 prefate
979 978 1116 1010 ecclesie
1140 988 1178 1010 ac
1201 978 1306 1019 nobis,
1330 988 1349 1010 a
1373 978 1489 1020 quibus
1511 978 1668 1010 honorem
1691 978 2001 1021 archiepiscopalem

347 1035 420 1075 post
434 1031 540 1063 Deum
555 1031 676 1063 habere
692 1031 842 1071 nosceris,
867 1030 1037 1062 iuramenti
1053 1029 1219 1062 fidelitatis
1235 1030 1362 1061 vinculo
1387 1029 1596 1072 stringebaris
1618 1040 1744 1062 necnon
1765 1033 1886 1072 quanta
1906 1029 2000 1062 nobis

348 1087 381 1115 et
408 1083 543 1115 ecclesie
566 1083 727 1115 tenebaris
750 1093 808 1124 pro
832 1085 921 1113 tanto
945 1081 1003 1113 tibi
1026 1082 1171 1123 impenso
1195 1081 1352 1113 beneficio
1375 1081 1571 1123 gratitudine
1594 1081 1792 1124 respondere
1816 1083 2002 1124 quantoque

347 1135 581 1177 ingratitudinis
604 1135 680 1166 vitio
704 1134 790 1176 apud
813 1133 919 1165 Deum
947 1136 980 1165 et
1002 1133 1164 1174 homines,
1193 1134 1218 1164 si
1241 1133 1301 1165 hec
1324 1133 1465 1173 faceres,
1489 1134 1657 1175 notareris‚
1680 1135 1714 1165 et
1735 1133 1867 1175 insuper
1888 1142 2001 1165 recen-

347 1190 468 1227 sentes,
498 1187 644 1228 quotiens
666 1197 724 1227 per
747 1189 817 1217 tuas
840 1185 933 1217 nobis
963 1185 1088 1216 litteras
1115 1188 1147 1217 te
1176 1185 1292 1217 nostris
1319 1184 1533 1228 beneplacitis
1562 1184 1775 1227 spoponderis
1805 1195 1865 1228 per
1894 1184 2002 1217 omnia

347 1239 521 1279 pariturum
529 1238 552 1278 ²,
576 1248 780 1280 nequaquam
796 1238 960 1279 premissis
975 1237 1073 1268 fidem
1089 1236 1167 1269 dare
1183 1237 1347 1279 potuimus
1363 1237 1434 1269 Deo
1458 1240 1553 1276 teste,
1576 1237 1676 1269 immo
1699 1237 1899 1279 frequentius
1914 1235 2003 1279 apud

347 1289 463 1320 multos
486 1293 517 1320 te
541 1289 689 1320 duximus
713 1300 808 1331 super
831 1289 892 1320 hoc
910 1289 1137 1322 excusandum.
1182 1288 1251 1320 Nec
1275 1289 1379 1320 adhuc
1402 1292 1511 1322 tamen
1533 1289 1709 1321 multorum
1731 1292 1837 1321 cessat
1855 1289 2001 1330 assertio,

350 1340 436 1382 quod
458 1351 624 1382 processus
647 1342 747 1372 nostri
770 1351 828 1382 per
851 1343 883 1372 te
909 1351 972 1372 non
996 1340 1114 1372 fuerint
1136 1340 1290 1382 publicati
1313 1340 1454 1382 publice,
1483 1341 1540 1374 sed
1564 1341 1641 1373 lecti
1662 1341 1770 1383 potius
1791 1341 1905 1383 paucis
1925 1350 2001 1383 pre-

347 1392 489 1423 sentibus
512 1395 544 1424 et
568 1392 701 1433 occulte,
724 1403 784 1424 nec
805 1395 837 1424 te
854 1395 1038 1434 separatum
1061 1392 1102 1424 ab
1127 1392 1243 1424 eodem
1259 1392 1426 1425 Ludovico
1450 1394 1609 1425 veraciter
1631 1394 1799 1434 extimant,
1823 1395 1873 1425 set
1894 1393 2002 1434 potius

350 1444 507 1475 simulate.
554 1444 675 1480 Quibus
698 1455 757 1476 nec
779 1445 877 1476 fidem
903 1445 1062 1476 voluimus
1085 1444 1251 1476 adbibere.
1302 1445 1392 1487 Agat
1414 1455 1492 1487 ergo
1516 1445 1562 1476 sic
1584 1445 1709 1487 palam,
1737 1445 1783 1477 sic
1810 1447 1923 1487 aperte
1946 1447 2002 1476 tua

348 1495 528 1527 fraternitas
551 1507 722 1537 quesumus
745 1497 776 1527 in
799 1497 973 1537 premissis,
997 1496 1083 1538 quod
1107 1507 1163 1528 ora
1185 1497 1230 1528 sic
1254 1496 1455 1539 loquentium
1479 1497 1642 1529 evidentia
1664 1497 1772 1539 operis
1787 1496 2002 1529 obstruantur.

347 1547 420 1588 Age
443 1548 501 1588 sic,
532 1547 617 1589 quod
645 1547 685 1579 de
708 1547 865 1580 fidelitate
895 1551 928 1580 et
955 1547 1151 1590 gratitudine
1174 1549 1290 1580 merito
1317 1549 1428 1580 valeas
1455 1548 1690 1590 commendari,
1720 1549 1765 1580 sic
1797 1551 1883 1580 stare
1907 1547 2001 1580 stude

348 1602 591 1639 perseveranter
614 1602 722 1630 contra
746 1599 883 1631 ecclesie
909 1603 941 1631 et
963 1603 1107 1631 nostrum
1131 1600 1273 1632 emulum
1299 1603 1332 1632 et
1355 1603 1554 1641 constanter,
1581 1600 1669 1643 quod
1691 1603 1802 1632 notam
1829 1599 2000 1642 ingratitu-

349 1649 429 1681 dinis
457 1650 657 1682 detestabilis
690 1652 762 1682 vicii
789 1662 852 1682 non
882 1652 1038 1692 incurras,
1069 1655 1118 1684 set
1145 1652 1251 1694 potius
1278 1653 1322 1684 sic
1350 1655 1477 1694 gratum
1506 1663 1584 1695 erga
1616 1663 1674 1684 nos
1708 1655 1742 1684 et
1771 1651 1942 1684 ecclesiam
1969 1653 2002 1683 te

350 1701 502 1732 exhibeas
525 1701 647 1741 sedule,
671 1702 756 1744 quod
778 1702 961 1734 uberiorem
978 1703 1036 1734 tibi
1052 1704 1155 1745 possis
1178 1704 1316 1745 gratiam
1339 1705 1455 1736 merito
1478 1704 1660 1736 vendicare.
1705 1703 1775 1736 Nos
1797 1704 1883 1736 enim
1897 1703 2004 1745 parati

348 1762 455 1783 sumus
478 1753 669 1785 fraternitati
692 1757 745 1785 tue
774 1755 864 1785 iuxta
894 1756 949 1785 tua
972 1756 1087 1787 merita
1115 1765 1187 1787 cum
1216 1756 1302 1787 omni
1330 1755 1584 1798 promptitudine
1612 1755 1819 1798 respondere.
1863 1754 1907 1787 Et
1929 1755 2005 1797 quia

347 1804 445 1835 virtus
473 1806 561 1836 unita
593 1805 704 1837 fortior
734 1809 782 1837 est
811 1816 845 1837 se
877 1805 1036 1848 dispersa,
1068 1810 1252 1849 optaremus
1283 1807 1473 1849 admodum,
1503 1811 1540 1839 ut
1569 1807 1688 1840 dilecto
1717 1807 1783 1839 filio
1811 1806 1912 1839 nobili
1934 1806 2002 1838 viro

348 1855 485 1896 Lipoldo
509 1855 583 1887 duci
605 1858 744 1897 Austrie,
769 1858 819 1889 cui
844 1860 876 1889 te
900 1858 1002 1890 teneri
1024 1860 1179 1901 novimus,
1203 1859 1348 1891 unireris.
1395 1858 1507 1892 Gratia
1529 1859 1662 1892 Domini
1684 1860 1726 1891 sit
1747 1862 1864 1891 tecum.

453 1915 573 1948 Datum
596 1920 631 1948 ut
654 1929 749 1960 supra
771 1919 919 1960 proxima
930 1918 951 1950 ⁸.

816 2051 902 2086 981.
943 2051 1099 2087 Litterae
1127 2053 1258 2088 tertiae.
1365 2052 1457 2098 Sept.
1477 2053 1533 2088 16.

415 2122 554 2203 39Copia
578 2123 632 2165 (c.)
656 2124 768 2156 ibidem
796 2124 816 2156 Ζ.
833 2136 858 2157 c.
871 2124 930 2167 fol.
947 2127 989 2156 41
1016 2136 1065 2157 nr.
1082 2126 1155 2157 329.
1204 2126 1403 2159 Contulimus
1429 2137 1495 2159 nos.
1521 2145 1560 2150 -—
1584 2126 1647 2158 Ed.
1665 2124 1789 2157 Riezler
1803 2124 1823 2158 l.
1840 2134 1865 2157 c.
1881 2135 1919 2165 p.
1936 2125 2000 2156 191

349 2182 397 2203 nr.
458 2175 477 2204 7
499 2185 537 2205 ex
559 2185 585 2206 c.

456 2233 531 2273 Rey.
547 2233 648 2266 Lo'her
671 2235 690 2267 l.
707 2246 730 2268 c.
750 2247 783 2276 p.
800 2236 864 2268 258
886 2248 935 2268 nr.
951 2237 1033 2276 22&
1056 2238 1357 2278 Preyer-Reinkens
1376 2250 1408 2279 ρ).
1424 2239 1490 2271 277
1511 2249 1561 2271 nr.
1579 2238 1651 2270 182,

457 2321 570 2355 Eidem
594 2325 845 2368 archiepiscopo.

457 2373 568 2415 Nuper
590 2376 740 2408 dilectum
763 2378 862 2410 filium
886 2378 1027 2411 nobilem
1058 2381 1161 2412 virum
1184 2380 1358 2422 Hugonem
1387 2382 1538 2413 comitem
1566 2381 1606 2413 de
1629 2381 1788 2412 Bucheka
1811 2389 2002 2423 germanum

354 2426 386 2454 et
412 2424 586 2457 Iohannem
619 2427 657 2459 de
686 2428 871 2462 Constantia
905 2431 1055 2463 clericum
1090 2433 1222 2463 nuncios
1251 2435 1323 2464 tuos
1354 2433 1397 2464 ad
1429 2436 1572 2465 nostram
1606 2433 1803 2475 presentiam
1834 2433 2002 2464 venientes

353 2474 488 2516 benigne
511 2479 690 2519 recepimus
714 2484 746 2511 et
769 2483 834 2512 tam
857 2492 896 2513 ea
920 2493 982 2524 que
1006 2483 1067 2525 ipsi
1091 2487 1282 2516 curaverunt
1304 2485 1413 2526 sepius
1435 2495 1618 2527 proponere
1641 2495 1750 2517 coram
1772 2484 1879 2526 nobis,
1904 2494 2002 2526 quam

355 2536 415 2566 que
439 2528 679 2561 continebantur
702 2532 732 2562 in
755 2532 868 2564 litteris
891 2535 952 2565 tuis
975 2535 1067 2566 nobis
1091 2535 1131 2567 ab
1156 2536 1202 2567 eis
1225 2537 1428 2577 presentatis,
1451 2537 1670 2568 intelleximus
1693 2536 1875 2579 diligenter.
1917 2535 2002 2568 Sane

354 2587 449 2634 super
470 2581 610 2620 negociis
638 2582 698 2612 tuis
725 2593 781 2623 pro
805 2587 857 2615 tue
881 2585 1107 2618 clarificatione
1136 2588 1331 2619 conscientie
1359 2591 1392 2619 et
1419 2591 1521 2620 status
1548 2589 1720 2620 securitate
1742 2589 1835 2620 iuxta
1857 2590 1947 2619 tuam
1969 2589 2003 2619 et

353 2638 494 2668 ipsorum
517 2632 700 2663 nunciorum
724 2634 905 2667 instantiam
928 2640 960 2668 et
988 2638 1058 2669 aliis
1082 2639 1289 2680 petitionibus
1311 2639 1404 2671 nobis
1432 2640 1548 2671 oblatis
1577 2640 1792 2672 concessimus
1816 2642 1849 2672 et
1871 2639 2000 2672 ordina-

455 2713 522 2742 980.
549 2716 572 2748 ¹³)
591 2718 730 2743 adherebat
748 2728 768 2746 c.

357 2832 427 2850 anno
445 2782 541 2851 nlgnC'f.
558 2791 642 2816 supra
656 2786 817 2817 prooemium
838 2788 874 2814 ad
891 2797 933 2816 nr.
946 2794 1002 2817 960.
1090 2792 1116 2826 2)
1132 2793 1172 2825 Cf.
1191 2801 1234 2820 nr.
1247 2797 1302 2820 960.
1390 2794 1416 2828 3)
1436 2793 1498 2820 Scit.
1512 2794 1680 2829 Avinion(e),
1700 2794 1789 2822 XVII.
1802 2794 1864 2822 Kal.
1878 2794 2000 2826 Octobr„

501 2834 524 2852 ο.

2020 886 2046 907 10

2019 2341 2045 2361 ³5

2021 2599 2047 2619 ⁴0
