2190 3172
325 255 386 285 252
600 250 696 277 ACTA
715 249 829 276 REGNI
848 246 1033 274 LUDEWICI
1052 245 1098 272 IV.
1118 245 1164 271 ET
1182 242 1369 271 FRIDERICI
1386 243 1436 270 ΙΙΙ.
1474 242 1550 270 1315.
1586 242 1635 271 Nr.
1647 242 1707 269 290.

325 339 438 381 sigillis
461 338 589 369 munitis
613 336 768 378 premissa
797 334 903 366 omnia
926 333 1052 375 plenius
1076 330 1230 363 contineri
1255 329 1436 371 debebunt,
1465 332 1498 361 et
1525 330 1681 361 instanter
1709 339 1767 361 nos
1795 329 1879 360 dicto
1910 339 1981 360 car-

326 391 424 422 dinali
440 393 584 431 rogante,
608 391 643 419 ut
659 387 865 418 donationem
882 388 915 416 et
935 383 1175 415 concessionem
1192 380 1376 413 huiusmodi
1392 381 1551 412 dictarum
1567 381 1731 413 abbatisse
1755 384 1788 412 et
1804 382 1981 412 conventus

326 446 412 474 ratas
435 445 468 473 et
489 443 598 483 gratas
621 438 741 470 habere
770 447 807 468 ac
831 436 1022 468 auctoritate
1052 435 1143 475 regia
1166 433 1354 465 confirmare
1383 436 1417 464 et
1443 434 1574 474 insuper
1595 432 1759 475 predictas
1781 434 1916 464 mottam
1948 434 1982 463 et

326 493 463 525 insulam
487 492 547 523 sibi
571 494 603 522 et
627 491 718 521 dictis
741 487 915 520 heredibus
940 490 972 518 et
987 484 1224 518 successoribus
1241 486 1305 516 suis
1329 484 1369 516 de
1393 495 1476 516 novo
1499 484 1620 516 donare
1644 494 1682 516 ac
1704 485 1737 516 in
1757 494 1831 516 eum
1854 486 1888 515 et
1909 483 1982 515 illos

326 546 422 587 plene
445 543 616 575 transferre
641 541 832 572 auctoritate
857 538 972 569 eadem
997 537 1199 578 deberemus,
1287 546 1347 567 nos
1369 535 1503 578 provida
1526 535 1783 567 consideratione
1808 538 1982 577 pensantes

327 596 568 639 persecutiones
597 591 808 633 multiplices,
841 593 986 631 sumptus
1010 592 1043 620 et
1066 588 1206 630 dampna
1229 588 1434 629 gravissima,
1466 598 1529 629 que
1557 587 1645 619 idem
1672 586 1845 618 cardinalis
1872 589 1906 618 et
1933 586 1981 618 sui

327 648 488 690 preteritis
511 644 710 687 temporibus
726 641 972 673 adversantibus
997 641 1042 671 eis
1058 640 1225 682 potissime
1241 641 1374 680 propter
1390 639 1546 681 obsequia
1561 638 1844 681 predecessoribus
1866 638 1983 670 nostris

327 700 546 731 Romanorum
578 696 708 737 regibus
743 697 775 725 et
798 691 1047 735 imperatoribus
1075 702 1134 733 per
1162 690 1359 722 cardinalem
1387 691 1492 732 ipsum
1523 694 1556 722 et
1589 701 1663 722 suos
1694 701 1731 722 ac
1759 690 1983 732 progenitores

328 762 436 783 eorum
471 750 501 780 in
533 747 707 779 honoribus
742 749 775 777 et
802 744 922 776 iuribus
950 744 1076 786 imperii
1103 742 1331 774 conservandis
1365 745 1398 774 et
1423 742 1669 774 manutenendis
1696 742 1917 783 multipliciter
1951 743 1984 773 et

327 800 543 834 diversimode
578 801 651 830 sunt
679 797 840 839 perpessi,
876 796 918 827 ad
947 806 1083 837 quornm
1111 794 1365 826 satisfactionem
1395 805 1453 825 nos
1481 797 1514 825 et
1540 795 1711 835 imperium
1741 793 1863 825 eisdem
1891 803 1982 826 reco-

327 854 509 895 gnoscimus
533 851 707 892 obligatos,
737 853 770 880 et
793 851 925 889 propter
951 847 1013 878 hoc
1035 846 1195 878 habentes
1218 846 1260 877 ad
1283 846 1370 887 ipsos
1392 845 1493 877 multe
1517 846 1747 887 compassionis
1770 845 1922 877 affectum
1945 855 1984 877 ac

327 905 474 936 volentes
499 903 544 935 eis
567 902 796 943 premissorum
820 899 955 931 obtentu
978 898 1019 930 de
1043 897 1176 930 alicuius
1199 897 1427 928 satisfactionis
1456 900 1489 928 et
1512 897 1661 939 aliqualis
1683 897 1926 929 restaurationis
1952 897 1986 928 in

328 957 486 988 dictorum
506 954 719 995 dampnorum
736 950 1033 992 compensationem
1056 948 1228 991 providere
1245 948 1407 990 remediis,
1431 951 1597 991 sperantes
1620 949 1729 989 etiam,
1753 948 1840 991 quod
1864 951 1984 990 quanto

327 1007 505 1050 potioribus
529 1006 615 1046 ipsos
636 1003 800 1035 favoribus
817 1011 1051 1044 prosequemur
1074 1003 1107 1032 et
1129 1001 1251 1042 gratiis,
1276 1003 1365 1032 tanto
1383 1001 1613 1032 constituemus
1636 1001 1722 1042 ipsos
1745 1010 1787 1032 ex
1810 999 1919 1032 debito
1942 999 1986 1031 ad

327 1060 465 1091 honores
490 1060 614 1088 nostros
639 1059 671 1087 et
693 1054 822 1096 imperii
843 1053 1069 1095 promptiores,
1093 1052 1240 1083 volentes
1256 1052 1386 1093 insuper
1401 1054 1535 1094 propter
1556 1051 1618 1083 hoc
1642 1051 1762 1083 dictum
1779 1051 1986 1092 cardinalem,

328 1114 394 1142 tam
423 1109 559 1141 sublime
590 1107 771 1139 membrum
804 1105 941 1137 ecclesie
968 1105 1047 1145 Dei,
1082 1104 1281 1146 peculiarem
1311 1103 1449 1135 reddere
1477 1103 1570 1134 nobis
1596 1103 1628 1134 in
1654 1103 1771 1134 nostris
1797 1106 1830 1135 et
1858 1103 1986 1145 imperii

328 1162 449 1194 iuribus
473 1159 700 1192 conservandis
724 1158 873 1196 amicum,
898 1155 1168 1198 postulationibus
1192 1156 1260 1187 eius
1283 1156 1452 1187 annuimus
1475 1158 1508 1186 et
1530 1154 1706 1197 prelibatas
1723 1154 1931 1186 donationem
1954 1157 1988 1186 et

329 1213 569 1245 concessionem
596 1211 752 1241 dictarum
776 1208 939 1240 abbatisse
965 1211 997 1239 et
1020 1210 1197 1239 conventus
1224 1206 1264 1238 de
1294 1206 1388 1238 dictis
1410 1209 1513 1238 motta
1543 1210 1576 1238 et
1598 1206 1701 1238 insula
1724 1206 1786 1238 sibi
1808 1207 1890 1237 sicut
1911 1216 1986 1248 pre-

328 1265 465 1297 mittitur
488 1263 588 1294 factas
615 1262 667 1293 vel
690 1260 814 1292 fiendas
837 1263 923 1291 ratas
947 1262 980 1291 et
1003 1263 1112 1301 gratas
1135 1258 1303 1299 habentes,
1329 1269 1392 1290 non
1416 1258 1617 1290 obstantibus
1640 1257 1805 1300 quibusvis
1829 1258 1987 1290 dictorum

329 1316 595 1358 predecessorum
616 1316 795 1344 nostrorum
813 1311 991 1353 privilegiis
1015 1321 1072 1342 seu
1094 1309 1256 1342 mandatis
1280 1309 1416 1341 fortasse
1441 1310 1618 1351 contrariis,
1642 1313 1675 1342 et
1697 1309 1843 1342 volentes
1865 1309 1987 1341 habere

329 1369 414 1410 ipsas
447 1370 480 1398 et
514 1366 568 1396 illa
596 1365 746 1407 perpetui
774 1364 899 1395 roboris
927 1363 1130 1403 firmitatem,
1162 1372 1218 1393 eas
1250 1365 1283 1393 et
1317 1372 1357 1393 ea
1384 1362 1577 1393 auctoritate
1612 1361 1703 1403 regia
1729 1361 1988 1392 confirmavimus

330 1419 438 1462 quoad
461 1419 525 1450 alia
549 1420 582 1449 et
606 1421 716 1449 tenore
742 1416 941 1458 presentium
958 1415 1184 1446 confirmamus
1207 1414 1359 1456 ipsasque
1383 1416 1521 1445 mottam
1545 1415 1578 1444 et
1600 1413 1737 1444 insulam
1761 1423 1834 1444 cum
1857 1412 1988 1453 iuribus,

330 1470 532 1514 pertinentiis
562 1472 594 1501 et
624 1468 818 1510 appenditiis
846 1467 1014 1509 prelibatis
1042 1477 1114 1498 cum
1142 1465 1307 1503 libertate,
1342 1465 1544 1496 immunitate
1579 1467 1612 1496 et
1639 1464 1864 1506 exemptione,
1898 1474 1988 1496 mero

331 1533 458 1564 quoque
490 1525 522 1553 et
545 1522 645 1552 mixto
670 1520 807 1561 imperio
840 1530 877 1551 ac
901 1518 1120 1550 iurisdictione
1144 1517 1237 1549 totali
1260 1517 1346 1548 dicto
1371 1516 1526 1548 cardinali
1549 1526 1587 1548 ac
1610 1515 1784 1548 heredibus
1807 1519 1840 1548 et
1861 1526 1989 1548 succes-

331 1574 456 1606 soribus
480 1574 548 1604 eius
571 1571 807 1603 universalibus
835 1571 887 1603 vel
914 1572 947 1602 in
974 1580 1058 1609 rem,
1088 1569 1130 1601 ad
1154 1579 1250 1610 quem
1274 1568 1327 1600 vel
1351 1579 1432 1611 quos
1459 1568 1500 1600 de
1524 1568 1592 1599 iure
1616 1578 1674 1599 seu
1695 1568 1795 1609 ipsius
1818 1567 1989 1599 cardinalis

332 1625 550 1667 dispositione,
576 1623 777 1654 ordinatione
802 1622 855 1653 vel
878 1622 1044 1653 voluntate
1069 1621 1270 1662 devenerint,
1295 1621 1336 1652 de
1360 1631 1444 1652 novo
1469 1619 1677 1651 concedenda
1700 1619 1852 1651 duximus
1875 1622 1908 1651 et
1931 1619 1989 1650 do-

330 1677 451 1716 nanda,
490 1677 522 1707 in
550 1677 654 1718 ipsum
688 1674 885 1706 cardinalem
914 1684 951 1705 ac
985 1673 1163 1715 prelibatos
1197 1671 1336 1704 heredes
1371 1676 1404 1703 et
1426 1682 1627 1703 successores
1660 1671 1759 1712 ipsius
1789 1670 1990 1712 supradictas

330 1732 466 1760 mottam
491 1730 523 1758 et
547 1727 683 1758 insulam
708 1736 779 1757 cum
797 1726 944 1757 omnibus
968 1725 1133 1767 premissis
1154 1724 1374 1756 iurisdictione
1398 1727 1432 1755 et
1454 1723 1575 1755 iuribus
1598 1723 1742 1765 plenarie
1758 1722 1989 1754 transferentes

332 1781 483 1821 ipsasque
515 1789 534 1809 a
558 1778 728 1809 cuiuslibet
758 1778 890 1809 alterius
913 1780 1076 1819 potestate
1101 1779 1134 1808 et
1157 1776 1298 1808 dominio
1322 1776 1354 1807 in
1377 1779 1480 1807 totum
1505 1775 1683 1807 exemimus
1707 1778 1739 1806 et
1761 1775 1848 1816 ipsas
1870 1773 1990 1812 liberas

332 1842 402 1862 esse
420 1831 599 1862 censuimus
623 1832 655 1860 et
672 1820 892 1870 supplevimus
910 1839 1038 1860 omnem
1055 1828 1229 1868 defectum,
1253 1829 1279 1859 si
1302 1828 1373 1869 quis
1390 1827 1496 1858 forsan
1519 1827 1552 1858 in
1575 1826 1759 1866 donatione,
1783 1826 1990 1858 concessione

334 1886 366 1914 et
390 1882 598 1913 translatione
623 1881 776 1923 pretactis
800 1881 908 1912 extitit
935 1881 987 1912 vel
1012 1881 1144 1921 existet,
1175 1880 1216 1911 de
1243 1883 1352 1911 nostre
1375 1878 1587 1921 precellentis.
1610 1878 1789 1919 potestatis.
1879 1878 1925 1918 (2)
1947 1875 1991 1908 Et

332 1934 478 1965 volentes
503 1933 605 1964 dictos
622 1932 820 1964 cardinalem
844 1943 882 1963 ac
905 1931 1045 1964 heredes
1069 1935 1102 1963 et
1118 1941 1320 1963 successores
1344 1930 1456 1962 favore
1470 1930 1623 1972 prosequi
1637 1929 1742 1971 gratie
1760 1930 1903 1970 potioris,
1926 1939 1991 1960 non

334 1986 481 2016 obstante
506 1984 676 2026 privilegio
700 1984 861 2026 imperiali
884 1995 942 2015 seu
973 1983 1144 2024 mandato,
1175 1993 1239 2025 quo
1270 1982 1387 2014 dicitur
1413 1982 1497 2014 inter
1519 1985 1629 2013 cetera
1653 1981 1824 2021 contineri,
1851 1991 1891 2012 ne
1920 1981 1991 2022 quis

333 2037 497 2068 hominum
527 2039 636 2077 preter
666 2036 804 2067 electum
833 2035 886 2067 vel
914 2036 1100 2077 episcopum
1131 2038 1163 2067 et
1190 2035 1342 2066 comitem
1362 2034 1655 2074 Valentin(ensem)
1685 2043 1705 2064 a
1736 2033 1867 2064 flumine
1901 2031 1990 2064 Isare

334 2099 435 2130 usque
460 2088 500 2119 ad
525 2091 664 2119 castrum
687 2087 825 2118 Montilii
856 2092 889 2119 et
917 2098 936 2118 a
960 2090 1064 2118 castro
1089 2086 1202 2119 Creste
1233 2096 1334 2127 usque
1359 2085 1402 2117 ad
1423 2085 1534 2117 villam
1558 2084 1599 2116 de
1623 2083 1787 2116 Subdione
1810 2086 1844 2115 et
1866 2083 1899 2115 in
1923 2086 1990 2115 toto

338 2140 525 2181 episcopatu
541 2139 693 2170 Valentie
716 2139 891 2180 pedagium
915 2139 968 2170 vel
991 2138 1179 2180 guidagium
1203 2138 1349 2179 recipere
1373 2137 1601 2179 quoquomodo
1617 2138 1793 2178 presumat,
1818 2134 1904 2176 quod
1921 2136 1992 2177 qui-

337 2191 410 2222 dem
433 2191 637 2231 privilegium
662 2201 785 2222 necnon
815 2194 848 2222 et
872 2191 978 2221 omnia
1006 2191 1070 2221 alia
1101 2193 1133 2221 et
1160 2189 1286 2231 singula
1309 2189 1492 2231 privilegia,
1519 2188 1739 2220 immunitates
1762 2189 1796 2219 et
1825 2187 1993 2219 libertates

337 2252 488 2273 concessa
513 2242 618 2273 eidem
636 2243 771 2273 ecclesie
790 2241 1040 2283 Valentin(ensi)
1064 2252 1122 2283 per
1139 2241 1387 2283 predecessores
1402 2243 1529 2272 nostros
1543 2239 1764 2271 Romanorum
1780 2238 1994 2280 imperatores

338 2296 370 2324 et
392 2294 566 2334 principes,
591 2294 807 2335 cuiuscunque
832 2295 952 2325 tenoris
976 2294 1131 2334 existant,
1156 2293 1290 2324 obtentu
1315 2292 1392 2324 dicti
1415 2291 1586 2323 cardinalis
1609 2301 1667 2322 nos
1690 2289 1874 2332 specialiter
1897 2300 1994 2332 super

337 2345 398 2375 hoc
422 2348 454 2376 et
470 2348 591 2376 attente
609 2346 750 2386 rogantis
771 2356 811 2376 ex
829 2349 918 2376 certa
934 2345 1067 2376 scientia
1083 2344 1340 2376 confirmavimus
1365 2346 1398 2375 et
1413 2346 1526 2374 tenore
1542 2342 1740 2384 presentium
1756 2342 1992 2382 confirmamus,

339 2399 427 2427 certa
455 2396 515 2427 sibi
543 2397 574 2427 in
598 2396 684 2427 dicta
707 2400 809 2428 motta
833 2400 866 2427 et
888 2397 1084 2438 appenditiis
1116 2399 1149 2427 et
1172 2395 1482 2427 circumadiacentiis
1505 2395 1574 2426 eius
1597 2393 1738 2435 pedagia
1762 2404 1819 2425 seu
1842 2393 1995 2435 guidagia

340 2448 406 2478 sive
430 2458 488 2488 per
512 2457 628 2488 aquam
652 2448 683 2478 in
706 2448 836 2479 flumine
860 2448 1013 2480 videlicet
1035 2447 1165 2479 Rodani
1192 2448 1260 2478 sive
1290 2457 1348 2488 per
1376 2449 1498 2478 terram
1525 2446 1559 2476 in
1582 2446 1690 2476 stratis
1714 2448 1747 2476 et
1768 2445 1848 2477 locis
1871 2445 1994 2477 eisdem

339 2501 440 2529 motte
471 2501 503 2529 et
532 2498 632 2530 insule
662 2499 1003 2531 circumadiaeentibus
1031 2503 1064 2531 et
1093 2499 1219 2540 vicinis,
1253 2509 1315 2540 que
1346 2498 1388 2529 ad
1418 2498 1644 2529 executionem
1675 2497 1779 2538 gratie
1810 2496 1995 2538 supradicte

341 2549 476 2590 aptiora,
501 2550 617 2580 tutiora
642 2554 673 2581 et
696 2551 854 2582 habiliora
877 2551 964 2582 idem
989 2551 1159 2583 cardinalis
1183 2550 1312 2581 duxerit
1336 2549 1487 2591 eligenda
1511 2559 1568 2580 seu
1592 2549 1690 2580 etiam
1707 2548 1904 2590 deputanda,
1928 2549 1995 2580 sive

341 2600 543 2631 ascendendo
561 2602 627 2632 sive
645 2601 870 2633 descendendo
894 2603 986 2633 iuxta
1002 2603 1215 2644 quantitatem
1236 2600 1291 2644 [et]
1308 2601 1445 2632 formam
1468 2602 1501 2632 in
1517 2601 1588 2632 aliis
1604 2611 1642 2632 ac
1659 2600 1862 2642 presentibus
1877 2600 1994 2631 nostris

342 2652 517 2692 privilegiis
545 2663 602 2683 seu
629 2653 744 2684 litteris
774 2654 922 2694 specifice
950 2654 1215 2695 comprehensas,
1245 2663 1286 2684 ex
1316 2653 1447 2694 proprio
1475 2656 1584 2683 nostro
1612 2655 1702 2683 motu
1732 2655 1766 2683 et
1791 2650 1995 2683 liberalitatis

342 2703 489 2742 arbitrio,
514 2714 581 2734 rem
605 2707 745 2735 nostram
779 2709 811 2736 et
838 2706 965 2747 imperii
989 2705 1158 2737 credentes
1189 2715 1230 2736 ex
1257 2705 1318 2736 hoc
1346 2704 1455 2735 facere
1478 2703 1647 2735 meliorem
1676 2714 1713 2735 ac
1736 2714 1794 2734 nos
1818 2705 1851 2734 et
1874 2702 1995 2734 dictum

342 2755 511 2795 imperium
536 2759 748 2787 exonerantes
771 2757 957 2788 satisfacere
983 2756 1023 2788 de
1041 2756 1204 2798 predictis,
1228 2758 1361 2797 propter
1384 2766 1496 2787 causas
1513 2755 1725 2797 supradictas,
1749 2765 1830 2797 quas
1853 2754 1895 2786 ad
1919 2764 1994 2785 cou-

344 2806 521 2837 cessionem
546 2806 727 2837 huiusmodi
750 2808 863 2848 iustas,
892 2808 1054 2850 legitimas
1078 2811 1111 2839 et
1134 2808 1321 2848 canonicas,
1351 2807 1562 2847 sufficientes,
1586 2806 1730 2848 ydoneas
1754 2810 1786 2838 et
1809 2806 1996 2848 probabiles

343 2856 522 2888 iudicamus
546 2861 642 2898 atque
667 2858 881 2900 decernimus,
912 2871 1035 2892 necnon
1059 2863 1092 2891 et
1115 2859 1186 2891 aliis
1208 2860 1300 2891 iustis
1322 2859 1426 2890 causis
1450 2862 1484 2890 et
1504 2859 1658 2900 legitimis
1681 2869 1718 2890 ac
1742 2858 1838 2899 plene
1861 2857 1996 2899 ydoneis

2002 801 2027 822 1⁰

2007 1576 2033 1596 2⁵

2012 2350 2038 2369 ⁴0

2011 2607 2037 2627 4³

2014 2873 2039 2892 50
