2184 3126
419 181 515 209 ACTA
534 180 648 208 REGNI
666 179 851 208 LUDEW101
871 180 918 208 lv.
938 179 982 207 ΕΤ
1003 179 1187 209 munemel
1206 181 1255 209 111.
1291 180 1367 208 1322.
1403 181 1452 209 Nr.
1465 181 1524 209 663.
1542 182 1600 210 664.
1620 182 1679 210 665.
1814 185 1876 215 527

215 269 340 302 nobiles
375 269 459 300 viros
492 267 667 300 Roduli'um
706 267 747 300 de
781 267 924 300 Hewen⁶
951 268 1224 310 consanguineum
1258 271 1402 300 nostrum
1434 270 1468 300 et
1501 268 1680 300 Iohannem
1710 268 1751 300 de
1776 269 1878 301 Turi‘¹

214 320 380 353 dominum
417 319 620 352 castilionis·
654 320 685 351 in
718 318 875 351 Valexio'
906 322 939 350 et
970 318 1190 351 honorabilem
1220 319 1323 351 virum
1356 320 1547 362 magistrum
1578 319 1801 352 Hermannum
1834 320 1876 353 de

215 371 392 414 Stoohkafl,
415 371 605 404 secretarios
627 374 660 403 et
682 370 857 403 familiares
880 374 1005 402 nostros
1028 370 1175 412 dilectos,
1198 374 1324 403 nostros
1347 375 1572 413 procuratores
1594 372 1625 403 in
1641 371 1780 403 solidum
1799 383 1875 404 con-

214 423 430 456 stituerimus¹²
446 426 479 455 et
501 423 634 454 nuncios
656 422 814 464 speciales
836 421 878 454 ad
900 421 1106 464 exigendum,
1130 422 1305 464 petendum
1329 416 1362 454 et
1377 422 1597 464 recipiendum
1620 427 1729 455 nostro
1745 426 1779 456 et
1793 424 1876 455 sacri

182 484 195 504 s
215 474 353 507 Romani
378 475 502 517 imperii
526 473 654 506 nomine
678 473 720 506 ab
742 473 898 506 universis
925 473 1123 514 civitatibus,
1154 474 1280 514 castris,
1315 474 1414 515 villis,
1450 474 1559 516 burgis
1588 477 1622 507 et
1644 485 1664 507 a
1686 474 1875 515 rectoribus,

215 524 462 557 comunitatibus
492 527 524 556 et
554 523 735 556 hominibus
763 523 963 556 eorumdem¹
987 525 1018 556 in
1045 524 1241 557 Lombardie
1271 525 1415 567 partibus
1443 526 1623 558 constitutis
1658 529 1691 558 et
1727 526 1875 558 Romano

215 576 367 608 subiectis
389 576 524 618 imperio
547 586 672 608 necnon
694 585 714 606 a
738 575 924 615 baronibus,
948 575 1019 607 aliis
1041 575 1215 618 nobilibus,
1239 577 1356 609 vasalis
1379 582 1412 609 et
1435 577 1643 609 feodotariis*
1667 581 1699 609 et
1727 577 1876 624 fidelibus

214 629 358 670 parcium
393 626 568 660 earundem
595 627 849 668 recognitionem
882 630 916 659 et
948 627 1112 659 fidelitatis
1144 627 1288 660 debitum
1316 633 1567 668 sacramentum,
1602 628 1724 661 eisdem
1752 630 1876 661 nunciis

214 679 330 712 nostris
357 679 439 711 hanc
462 681 658 720 potestatem
686 677 836 710 duximus
863 678 1120 719 concedendam,
1142 682 1178 711 ut
1201 682 1296 721 prout
1322 684 1514 722 oportunum
1539 680 1651 721 fuerit,
1681 691 1753 713 cum
1782 680 1876 713 dictis

170 740 196 761 ιο
213 730 405 771 civitatibus,
429 731 550 770 castris,
574 730 656 761 villis
678 732 711 762 et
726 729 835 772 burgis
850 739 888 761 ac
904 729 1064 762 nobilibus
1081 733 1114 762 et
1128 730 1278 763 fidelibus
1293 731 1426 773 prefatis
1442 735 1581 764 tractare
1597 731 1726 764 valeant
1741 731 1782 764 de
1799 742 1875 764 con-

213 781 378 814 firmandis
401 782 478 824 ipsis
500 791 559 823 per
587 792 646 813 nos
675 781 816 823 ipsorum
840 781 1031 823 privilegii-1¹
1055 785 1088 813 et
1117 782 1233 823 graciis
1261 793 1281 815 a
1304 782 1386 815 divis
1414 783 1664 825 imperatoribus
1685 787 1720 816 et
1746 783 1876 826 regibus

213 833 433 866 Romanorum
451 832 732 875 predecessoribus
749 833 864 864 nostris
886 833 946 865 rite
970 835 1003 864 et
1019 832 1252 866 rationabiliter
1275 835 1434 866 concessis
1458 835 1593 877 ipsaque
1613 835 1802 877 promittere
1818 846 1876 878 per

213 895 272 917 nos
295 885 397 918 eciam
420 884 619 916 confirmare.
679 883 797 916 Ratum
822 887 855 916 et
877 888 1004 926 gratum
1026 884 1180 926 habituri,
1215 885 1370 928 quidquid
1398 896 1458 928 per
1481 887 1614 919 eosdem
1644 887 1696 919 vel
1724 887 1804 920 duos
1833 898 1874 919 ex

213 937 292 979 ipsis
313 936 346 968 in
369 936 430 968 hac
452 939 543 978 parte
568 939 674 967 actum
699 935 796 967 fuerit
818 937 849 967 in
873 936 1046 977 premissis.
1091 935 1349 970 Promittentesm
1372 941 1497 970 nostras
1519 938 1648 980 regales
1670 938 1796 970 litteras
1811 939 1874 970 eis-

171 999 196 1020 is
215 988 290 1020 dem
306 987 484 1020 concedere
501 988 610 1019 iuxta.¹²
628 990 782 1019 tractatus
804 997 901 1029 super
916 987 1097 1020 huiusmodi
1122 988 1416 1022 confirmationibus
1432 989 1560 1022 habitos
1584 994 1618 1021 et
1640 993 1748 1022 nostro
1772 990 1874 1032 regali

213 1039 319 1082 sigillo
343 1040 516 1072 comunire.
610 1038 647 1070 In
678 1049 813 1080 quorum
844 1039 984 1071 omnium
1016 1040 1233 1072 testimonium
1260 1039 1354 1073 dictis
1383 1042 1500 1073 nostris
1526 1041 1788 1083 procuratoribus
1815 1041 1874 1074 has

214 1095 339 1124 nostras
362 1091 486 1123 litteras
509 1090 604 1123 scribi
629 1093 662 1122 et
685 1090 784 1122 nostri
807 1090 891 1133 sigili
914 1091 1088 1123 munimine
1112 1092 1283 1124 iussimus⁰
1305 1092 1470 1124 comuniri.

321 1142 414 1175 Dav
431 1143 463 1175 in
487 1142 631 1175 Scaffusa
639 1147 663 1182 ⁸¹,
686 1141 781 1174 XIII.
798 1141 983 1174 Kalendas‘
999 1142 1082 1183 Iulii,
1105 1153 1189 1175 anno
1204 1143 1335 1176 Domini
1357 1143 1529 1176 millesimo
1546 1142 1758 1185 CCCXX11·‚
1782 1145 1873 1186 regni

215 1205 291 1227 vero
314 1195 414 1227 nostri
437 1205 520 1226 anno
544 1197 668 1226 octavo.

171 1346 196 1367 ,ο
397 1334 471 1371 664.
507 1333 808 1372 PROMlssm
835 1333 1068 1371 ALBERTI
1096 1321 1167 1370 'DE
1196 1333 1695 1373 HOHENRECHBERG

832 1389 937 1426 PRO
960 1388 1256 1427 LUDEwmo.

878 1458 905 1493 11
913 1457 998 1494 322.
1040 1458 1122 1494 Iun.
1143 1457 1204 1494 28.

325 1538 485 1580 Om'yinale
520 1539 556 1571 in
588 1539 747 1572 tabulario
787 1542 902 1572 secreto
935 1539 1046 1572 domus
1078 1540 1183 1581 reyiae
1216 1540 1414 1573 Bawaricae.
1475 1540 1653 1581 Descripsit
1689 1541 1733 1574 Η.
1758 1541 1871 1575 Herre.

214 1590 334 1624 Pendet
355 1590 493 1632 siyillum
515 1590 579 1623 loro
602 1591 844 1623 membranaceo.
870 1609 908 1614 —
933 1591 1103 1624 Ineditum.

173 1665 198 1687 a
323 1650 420 1683 Extr.
442 1650 567 1683 Riezler
590 1651 836 1692 ‘Forschunqen‘
859 1650 935 1690 XX,
958 1651 1023 1683 246
1044 1662 1094 1684 nr.
1113 1653 1162 1683 16.

322 1729 379 1761 Ich
395 1729 512 1760 Albert
534 1739 595 1760 von
611 1729 891 1771 Hohenrechberg
914 1729 1045 1771 vergihe
1068 1729 1135 1761 und
1157 1729 1304 1761 urkunde
1328 1740 1369 1761 au
1392 1729 1511 1761 dissem
1535 1729 1628 1770 brief,
1652 1729 1711 1761 daz
1733 1730 1784 1762 ich
1808 1730 1871 1762 han

215 1779 348 1822 gelobet
371 1780 446 1812 dem
470 1780 695 1822 erwirdiggem
726 1781 841 1812 herren
865 1781 954 1822 kung
977 1780 1136 1823 Ludewig
1162 1791 1198 1812 ze
1222 1780 1374 1813 helfenne
1397 1791 1438 1812 an
1460 1781 1543 1813 aller
1571 1781 1711 1813 menlich
1734 1781 1793 1813 mit
1815 1781 1873 1813 der

214 1831 494 1864 besohaidenhait:
529 1842 596 1864 wer
626 1831 685 1863 daz
714 1832 799 1864 mich
828 1831 886 1864 der
917 1832 1006 1874 kung
1037 1832 1171 1874 kriegen
1201 1831 1293 1864 hieze
1323 1832 1388 1864 und
1420 1833 1482 1864 mir
1511 1832 1569 1865 der
1597 1832 1692 1875 krieg
1723 1843 1760 1865 ze
1790 1843 1873 1865 swer

214 1882 334 1924 werde,
358 1894 394 1915 so
417 1883 466 1915 sol
487 1884 549 1915 mir
572 1883 630 1915 der
653 1883 742 1925 kung
757 1883 913 1915 darumbe
930 1886 996 1924 tun,
1021 1883 1079 1916 daz
1102 1884 1134 1915 in
1158 1884 1264 1915 heizet
1287 1883 1351 1915 und
1374 1886 1459 1916 ratet
1475 1883 1533 1916 der
1554 1884 1794 1916 lantkometure
1809 1895 1872 1916 von

170 1942 198 1964 ω
215 1933 451 1977 Gundelfingen
475 1934 539 1966 und
564 1934 622 1966 der
637 1934 790 1967 kanzeler
812 1945 875 1966 von
890 1934 1135 1977 Lietthenberg.
1223 1934 1298 1966 Und
1321 1934 1397 1977 gibe
1421 1934 1479 1966 des
1495 1935 1600 1967 dissen
1617 1935 1692 1967 bref
1703 1939 1873 1977 gevestent

217 1986 276 2018 mit
297 1986 395 2018 mime
418 1986 543 2028 insigel,
568 1985 626 2017 daz
650 1985 709 2017 dar
731 1995 772 2017 an
795 1985 916 2027 hanget
938 1985 976 2017 zu
1000 1986 1083 2017 eime
1107 1985 1254 2017 urkunde
1278 1985 1336 2018 der
1358 1986 1628 2028 vorgescribenen
1650 1987 1757 2019 sache.

321 2036 417 2069 Dirre
441 2036 529 2068 brief
547 2037 589 2068 ist
611 2037 759 2079 gegeben
784 2047 820 2068 ze
843 2036 1051 2078 Notenberg‚
1076 2036 1118 2068 do
1141 2047 1215 2068 man
1245 2037 1308 2069 zalt
1331 2048 1392 2069 von
1416 2037 1518 2069 Gotes
1541 2037 1658 2079 geburt
1680 2037 1871 2070 driuzehen-

215 2087 353 2120 hundert
372 2089 425 2130 ⁸iar
447 2088 512 2120 und
535 2090 566 2120 in
591 2088 663 2121 dem
688 2088 1098 2130 zwaiundzwanzigostem‚
1129 2099 1169 2119 an
1193 2091 1265 2120 sant
1285 2088 1402 2121 Peters
1427 2089 1491 2121 und
1522 2093 1593 2121 sant
1616 2089 1737 2122 Paules
1762 2085 1870 2122 abent.

466 2259 540 2296 665.
575 2258 876 2297 PROMISSIO
901 2257 1178 2297 CIVITATIS
1209 2258 1615 2297 HEILBRUNNEN

171 2318 197 2339 ³⁸
824 2314 928 2352 PRO
952 2314 1263 2352 FRIDERICO.

906 2384 1015 2421 1322.
1057 2385 1124 2421 lul.
1145 2384 1181 2421 8.

326 2463 485 2504 Ori-finale
507 2465 582 2507 (or.)
597 2466 634 2498 in
655 2466 814 2499 tabulario
836 2477 980 2499 caesareo
1002 2466 1242 2499 Vindoboncnsi.
1291 2466 1489 2499 Contulimae
1509 2466 1555 2499 ad
1576 2467 1743 2509 imaqinem
1758 2467 1869 2510 photo-

214 2513 399 2556 9raphe'cam
421 2526 442 2548 a
463 2517 548 2548 socio
569 2520 676 2550 nostro
699 2517 741 2550 H.
758 2518 877 2550 Hirsch
901 2519 1082 2557 confectam.
1129 2517 1275 2559 Sv'yillum
1297 2517 1390 2555 deest,
1412 2517 1478 2551 loro
1499 2518 1733 2551 membranaceo
1751 2518 1867 2551 relicto.

216 2583 258 2590 —
281 2565 344 2598 Ed.
360 2566 462 2608 -Kopp
486 2567 684 2601 ‘Geschichte
705 2569 761 2602 der
783 2570 1049 2610 eidqmsssischen
1072 2570 1198 2602 Biindc'
1223 2568 1286 2608 IV,
1307 2571 1330 2601 2
1345 2579 1380 2609 p.
1396 2570 1460 2600 490
1481 2579 1532 2602 nr.
1549 2571 1591 2601 60
1612 2581 1652 2602 ea:
1674 2581 1719 2603 or.

171 2667 200 2688 ω
319 2658 388 2687 ⁰08.
416 2661 440 2693 ⁰)
453 2662 572 2688 Heiven!
583 2662 614 2692 2,-
631 2664 738 2690 Hedden
750 2665 819 2690 mole
833 2664 855 2690 1.
930 2663 955 2694 d)
974 2664 1050 2689 'runi
1065 2663 1087 2689 1.
1158 2662 1182 2695 ο)
1202 2663 1354 2689 cautioni·
1374 2664 1396 2690 1.
1470 2663 1491 2697 s)
1506 2665 1612 2691 vuli-io
1632 2666 1653 2691 1.
1725 2665 1751 2697 Β)
1770 2666 1868 2691 Stoeln

217 2703 286 2728 male
306 2702 328 2728 1.
350 2701 357 2709 ⁸
396 2701 423 2735 11)
441 2705 620 2731 constituimus
637 2705 662 2732 2.
732 2705 751 2739 ¹)
769 2707 948 2733 eorumdem
966 2706 1034 2732 deese
1051 2705 1076 2732 2.
1146 2704 1172 2737 Β)
1191 2706 1339 2732 feudatariis
1359 2706 1382 2733 1.
1452 2705 1471 2738 ¹)
1490 2708 1645 2741 previllegiis
1664 2708 1686 2734 1.
1757 2707 1789 2739 Ν)
1809 2709 1867 2734 Per-

216 2746 347 2771 mittentes
366 2743 391 2771 2.
461 2746 487 2778 Ι1)
505 2747 573 2773 iusta
591 2747 615 2774 1.
632 2746 658 2774 2.
728 2747 752 2782 ⁰)
771 2749 838 2775 dem
855 2749 880 2775 2.
951 2748 976 2782 ν)
995 2750 1062 2774 Data
1080 2748 1104 2775 2.
1183 2749 1209 2780 G)
1228 2749 1344 2775 Sotffuu
1361 2748 1386 2775 2.
1465 2750 1486 2781 ¹)
1506 2751 1607 2777 Ksllen.
1629 2751 1650 2777 1.
1729 2751 1752 2783 ·)
1770 2756 1867 2777 trecen-

215 2788 309 2814 tesimo
327 2788 454 2821 vigesimo
470 2789 580 2815 secondo
598 2789 622 2816 1.
