2184 3126
409 198 508 227 ACTA
526 197 642 234 REGNJ
659 197 846 225 LUDEWICI
864 197 911 225 lv.
931 196 977 225 ΕΤ
996 195 1181 224 FRlDERICI
1200 195 1249 223 111.
1287 195 1362 223 1324.
1398 195 1447 222 Nr.
1459 195 1519 222 826.
1538 195 1598 223 827.
1616 194 1676 223 828.
1810 199 1873 229 649

214 286 336 319 domini
359 288 392 319 et
414 286 521 328 patrui
543 285 643 318 nostri
670 295 799 327 sponse,
828 284 973 317 redditus
995 282 1067 316 ΧΙΜ
1091 282 1245 315 librarum
1267 282 1472 314 Hallensium
1495 292 1619 314 annuos
1643 286 1676 314 et
1699 287 1874 324 perpetuos

214 337 256 371 ad
279 338 387 370 omnia
410 340 556 380 tempora
579 337 645 369 vite
668 346 726 369 sue
749 337 781 368 in
804 337 916 368 castris
939 336 1055 368 nostris
1070 334 1172 376 Cuba,
1194 333 1434 374 Fumtembero,
1457 332 1658 376 Rikensteyn
1682 336 1716 366 et
1730 334 1872 366 Linden-

213 390 284 422 velz
306 399 378 422 cum
403 388 585 422 castellanis
608 392 642 421 et
663 387 812 420 fidelibus
833 398 958 420 necnon
981 390 1015 419 et
1037 397 1149 419 eorum
1168 386 1369 428 pertinentiis
1392 389 1425 418 et
1447 385 1604 418 fructibus
1627 386 1783 418 universis
1800 387 1873 427 vini,

214 441 316 483 bladi,
349 441 553 474 denariorum
585 443 619 472 et
645 439 788 472 thelonei
817 439 876 471 sub
904 439 990 471 dicto
1019 441 1124 471 castro
1148 437 1240 470 Guba
1267 440 1302 470 et
1328 437 1388 470 sub
1414 437 1487 469 aliis
1514 438 1627 470 castris
1655 438 1808 480 predictis
1835 448 1874 470 ac

184 504 196 524 s
214 492 433 525 iurisdictione
461 492 641 534 ceterisque
669 501 780 524 eorum
808 490 986 523 redditibus
1013 489 1284 532 quibuscumque,
1312 489 1511 522 estimandos
1533 492 1567 522 et
1589 489 1763 530 tuendos,
1792 490 1874 522 sicut

214 555 257 577 ex
279 544 411 587 antiquo
434 543 534 586 recipi
557 547 802 575 consueverunt.
847 542 891 575 Et
911 543 938 574 si
961 542 1047 585 quod
1071 541 1112 574 de
1136 541 1290 584 predictis
1313 541 1492 573 redditibus
1513 544 1691 574 castrorum
1714 543 1873 584 prescrip-

164 625 175 636 „
214 599 320 628 torum
348 595 516 635 deficeret,
546 594 579 627 iu
602 594 851 637 proximioribus
879 594 950 626 aliis
979 594 1095 626 nostris
1124 593 1318 633 redditibus,
1347 593 1463 635 Altzey
1487 603 1559 625 cum
1582 593 1648 625 suis
1670 594 1874 635 pertinentiis

214 647 384 679 dumtaxat
405 649 555 689 excepto,
579 647 731 688 supplere
755 646 912 679 debemus
927 656 1029 688 usque
1045 645 1133 689 quod
1155 644 1303 688 predicta
1324 655 1449 677 somma
1470 644 1614 677 totaliter
1636 645 1678 677 sit
1699 645 1872 687 completa.

213 698 400 731 Laudantes
422 697 647 730 nichilominus
671 700 704 730 et
726 698 936 739 ratificantes‚
965 696 1052 740 quod
1075 697 1160 729 circa
1182 696 1444 729 constitutionem
1471 695 1680 740 huius[modi]
1709 697 1794 729 dotis
1815 707 1874 730 seu

171 759 198 781 ιο
216 749 396 782 donationis
419 752 551 792 propter
565 751 694 792 nuptias
716 760 776 792 per
791 749 971 792 predictum
995 748 1159 781 dominum
1183 751 1324 780 nostrum
1350 747 1470 780 factum
1494 749 1611 789 extitit,
1636 752 1731 791 prout
1754 750 1785 781 in
1809 750 1874 781 suis

213 801 328 833 litteris
362 801 573 833 continetur1.
662 801 700 833 In
729 802 819 833 cuius
848 801 895 834 rei
927 800 1145 833 testimonium
1177 802 1362 842 presentem
1403 798 1551 832 dedimus
1587 799 1730 833 litteram
1766 801 1874 843 sigillo

214 853 315 885 nostri
343 852 454 885 Adolfi
483 852 622 895 predicti
653 864 711 895 pro
742 852 835 885 nobis
863 852 1024 892 omnibus,
1061 862 1133 885 oum
1165 862 1224 884 nos
1252 850 1413 884 Rudulfus
1447 854 1481 884 et
1511 851 1676 894 Rupertus
1705 852 1874 895 prescripti

215 903 354 946 siginae)
378 914 546 936 careamus
569 905 717 947 propriis,
741 904 923 946 sigillatam.

322 955 396 988 Dat.
421 956 453 988 in
475 955 703 998 Frankenfurt,
727 955 804 988 1111.
821 955 904 988 Non.
926 955 1066 996 Ianuar„
1088 965 1172 987 anno
1195 954 1326 987 Domini
1348 954 1614 988 MCOC‘XXIIII.

173 1093 197 1113 ¹⁵
456 1086 543 1124 827.
585 1087 740 1124 Mtterae
766 1087 857 1133 regis
882 1098 987 1133 super
1014 1087 1212 1123 liberatione
1239 1090 1436 1123 castrorum
1462 1087 1500 1123 in
1527 1087 1641 1123 dotem

767 1149 1034 1194 assiynatorum.
1136 1147 1238 1191 (Ian.
1258 1147 1318 1191 2).

329 1220 428 1261 Copia
451 1222 504 1262 (c.)
534 1221 648 1254 ibidem
675 1231 726 1254 nr.
744 1221 817 1253 136.
866 1220 1066 1254 contulimus
1087 1230 1154 1253 nos.
1199 1220 1262 1253 Est
1283 1220 1432 1253 rubrum:
1466 1220 1550 1254 Item
1577 1231 1640 1254 une
1663 1224 1755 1254 autre
1778 1221 1874 1254 lettre

217 1271 283 1304 dou
306 1272 353 1305 dit
375 1283 442 1315 roy.

330 1331 379 1372 Os.
403 1332 551 1372 Bb‘hmer,
574 1331 650 1374 Req.
667 1332 780 1366 Ludw.
797 1343 835 1373 p.
850 1333 893 1364 39
915 1343 965 1366 nr.
982 1334 1054 1365 666.
1099 1332 1251 1374 Reqesten
1273 1333 1329 1366 der
1352 1332 1562 1374 Psalzyrasen
1584 1343 1634 1366 nr.
1649 1334 1746 1367 2007.

171 1419 198 1440 »ο
324 1410 392 1443 Nos
420 1411 604 1444 Ludovicus
633 1414 667 1444 et
698 1414 759 1444 cet.
789 1411 1006 1453 promittimus
1040 1421 1099 1454 per
1132 1415 1314 1453 presentes,
1346 1411 1433 1454 quod
1463 1415 1569 1444 castra
1598 1415 1708 1444 nostra
1738 1411 1873 1456 Cubam,

216 1461 464 1504 Fursteynberc,
487 1462 680 1495 Rikenstein
703 1466 737 1495 et
758 1463 995 1504 Lindenuens·‚
1018 1463 1051 1495 in
1074 1463 1190 1505 quibus
1212 1463 1359 1505 preclare
1380 1463 1588 1506 Margharete
1609 1464 1796 1506 spectabilis
1818 1466 1876 1497 viri

215 1513 374 1547 willelmi
390 1514 550 1555 Hanonie,
564 1514 761 1548 Hollandieb
773 1518 806 1547 et
821 1515 1009 1548 Zeellandie
1025 1516 1152 1547 comitis
1167 1525 1206 1548 ac
1221 1515 1342 1547 domini
1358 1515 1463 1547 Frizie
1479 1515 1555 1553 filie,
1571 1516 1741 1548 karissime
1757 1528 1875 1559 sponse

215 1568 324 1598 nostre
348 1565 457 1598 dotem
481 1565 616 1598 fecimus
639 1570 672 1599 et
688 1567 920 1608 constituimus,
943 1567 1026 1598 sicut
1046 1567 1079 1598 in
1102 1558 1178 1599 aliis*
1197 1568 1312 1599 nostris
1328 1567 1444 1599 litteris
1467 1568 1648 1600 continetur
1656 1569 1679 1608 ²,
1701 1569 1785 1600 infra
1801 1569 1875 1601 hinc

216 1619 250 1649 et
271 1617 390 1649 festum
406 1617 493 1650 beati
507 1617 659 1650 Iohannis
674 1618 815 1660 baptiste
830 1622 1000 1650 venturum
1016 1619 1163 1660 proxime
1179 1618 1221 1650 ab
1237 1619 1323 1651 omni
1340 1618 1538 1661 obligatione
1554 1623 1588 1651 et
1603 1630 1702 1652 onere
1719 1620 1874 1654 faciemus
1888 1630 1936 1652 nm.
1946 1633 1978 1653 x.

171 1678 196 1698 π
216 1671 249 1700 et
271 1668 445 1701 reddemus
468 1668 572 1701 libera
595 1673 629 1702 et'
650 1670 755 1702 soluta
777 1680 815 1702 ac
831 1669 914 1702 infra
937 1669 1077 1702 eundem
1093 1670 1265 1702 terminum
1289 1670 1435 1713 predicte
1459 1682 1575 1713 sponse
1599 1675 1708 1704 nostre
1731 1672 1877 1705 redditus

214 1720 290 1753 XIM
311 1720 465 1753 librarum
488 1720 693 1753 Hallensium
723 1722 755 1753 in
785 1721 895 1754 dotem
925 1721 985 1753 sibi
1013 1723 1203 1754 constitutos
1230 1722 1261 1753 in
1287 1725 1464 1754 castrorum
1491 1722 1649 1755 dictorum
1677 1728 1710 1756 et
1738 1723 1875 1757 aliorum

214 1773 358 1805 locorum
387 1773 433 1805 eis
456 1773 633 1805 vicinorum
661 1772 840 1804 redditibus
868 1773 1108 1815 designabimus
1135 1777 1168 1806 et
1195 1773 1482 1806 determinabimus
1509 1774 1676 1816 expedire.
1721 1776 1875 1818 Alioquin

215 1828 321 1857 castra
344 1827 378 1857 et
392 1821 585 1857 munitiones
608 1828 716 1857 nostre
736 1824 979 1866 Haydclberch‚
1003 1824 1213 1866 Welresawe,
1237 1825 1437 1866 Wisenloch,
1461 1825 1676 1867 Obsi-nehem,
1699 1826 1876 1860 Niwnstat⁰

216 1879 248 1909 ct
263 1876 463 1919 Wolfsperg,
487 1887 549 1919 que
573 1887 671 1918 super
692 1877 754 1909 hoc
776 1877 809 1908 in
824 1877 953 1908 vadium
977 1880 1010 1909 et
1032 1877 1148 1919 pignus
1171 1878 1402 1917 constituimus,
1426 1877 1512 1909 dicte
1536 1870 1652 1920 sponse
1675 1882 1784 1911 nostre
1802 1890 1875 1912 cum

170 1934 196 1956 ω
214 1928 372 1960 universis
395 1938 507 1960 eorum
530 1927 723 1968 redditibus,
752 1927 986 1969 iurisdictione,
1017 1928 1201 1960 castellanis
1227 1932 1261 1960 et
1287 1928 1437 1961 fidelibus
1464 1929 1495 1960 in
1523 1929 1632 1962 dotem
1662 1934 1754 1962 erunt
1781 1932 1874 1963 simul

215 1979 464 2022 cumpredictis
487 1981 600 2012 castris
622 1980 738 2012 nostris
761 1979 803 2012 ad
826 1982 895 2011 tota
918 1983 1066 2021 tempora
1089 1980 1154 2012 vite
1177 1990 1245 2014 sue.
1334 1979 1372 2012 In
1395 1981 1485 2012 cuius
1508 1984 1542 2012 et
1563 1985 1625 2013 cet.

381 2103 468 2140 828.
509 2103 682 2149 Scriptum
710 2104 870 2140 comitum
898 2103 1142 2139 Palatinorum
1169 2115 1273 2149 super
1299 2105 1425 2140 eodem.
1531 2104 1635 2147 (Ian.
1655 2106 1717 2149 2.)

219 2227 240 2260 d
327 2176 429 2218 Copia
451 2177 508 2219 (c.)
532 2177 646 2210 ibidem
667 2188 718 2210 nr.
735 2178 808 2209 139.
857 2177 1057 2210 Contulimus
1079 2188 1144 2210 nos.
1196 2178 1258 2210 Est
1283 2177 1435 2210 rubrum:
1470 2178 1553 2211 Item
1577 2189 1640 2212 une
1662 2182 1755 2213 autre
1778 2180 1874 2213 lettre

241 2237 277 2261 es
299 2228 472 2262 dessusdis.

173 2295 199 2316 u
328 2287 376 2328 cf.
400 2289 552 2330 Regesten
574 2289 630 2322 der
653 2289 865 2332 Pfazaeyrasen
887 2300 936 2323 nr.
952 2290 1048 2322 2007.

324 2365 392 2398 Nos
420 2366 573 2408 Adoli'us‚
597 2367 757 2400 Rudolfus
788 2371 821 2403 et
847 2367 1010 2410 Rupertus
1037 2368 1099 2400 Dei
1127 2368 1232 2410 gratia
1263 2369 1398 2400 comites
1427 2368 1562 2411 palatini
1590 2367 1684 2411 Reny
1714 2373 1747 2401 et
1775 2369 1874 2402 duces

217 2415 364 2450 Bawarie
392 2428 450 2460 per
475 2422 643 2461 presentes
672 2420 889 2461 promittimus
921 2422 954 2451 et
981 2419 1207 2462 spondemus·,
1244 2419 1331 2462 quod
1362 2420 1444 2452 infra
1471 2419 1546 2452 hinc
1573 2423 1607 2452 et
1636 2419 1754 2453 festum
1784 2421 1873 2454 beati

217 2467 370 2500 Iohannis
392 2468 532 2512 baptiste
555 2474 724 2503 venturum
747 2472 894 2514 proxime
918 2475 1023 2503 castra
1045 2474 1155 2503 nostra
1178 2470 1318 2512 cubam,
1346 2470 1590 2512 Fumtembero,
1618 2471 1810 2505 Rikeustein
1839 2477 1872 2506 et
1887 2485 1978 2507 nutu.

217 2519 424 2562 Lindeuvelz‚
447 2522 480 2553 in
503 2521 620 2564 quibus
642 2523 787 2565 preclare
810 2522 1017 2566 Margharete
1041 2522 1226 2565 spectabilis
1248 2523 1307 2555 viri
1330 2522 1498 2555 Guillelmi
1513 2523 1675 2565 Hanonie‚
1696 2523 1873 2558 Hellandie

174 2582 200 2602 ιο
219 2574 252 2603 et
280 2571 456 2605 Zeelandie
485 2574 610 2606 comitis
637 2585 675 2606 ac
703 2574 823 2607 domini
850 2574 955 2606 Frizie
985 2574 1063 2615 filie,
1095 2574 1290 2607 serenissimi
1320 2574 1441 2607 domini
1468 2575 1624 2608 Ludovici
1651 2575 1871 2609 Romanorum

218 2624 305 2666 rogis
331 2623 491 2657 karissimi
519 2624 639 2658 domini
672 2629 706 2658 et
731 2627 836 2668 patrui
866 2627 965 2658 nostri
989 2637 1121 2668 sponse,
1152 2625 1262 2658 dotem
1289 2626 1360 2658 ΧῙΜ
1388 2626 1541 2659 librarum
1565 2627 1768 2660 Hallensium
1798 2639 1872 2661 con-

322 2702 388 2733 827.
417 2705 440 2739 ι)
458 2707 494 2732 cic
512 2715 550 2733 or.
638 2707 664 2740 b)
683 2717 764 2738 supra
782 2708 877 2734 lineam
896 2709 958 2734 add.
978 2718 998 2734 c.
1088 2707 1112 2741 ⁰)
1131 2709 1258 2735 Niwusun
1277 2718 1297 2734 c.

322 2757 387 2785 828.
415 2757 439 2792 ⁸)
457 2759 641 2792 respondemus
658 2769 678 2786 c.

324 2818 349 2852 1)
369 2817 461 2852 Supra
478 2826 519 2844 nr.
532 2821 592 2846 825.

321 2877 359 2897 u.
372 2877 584 2897 consriruriosss
599 2879 624 2897 v.
1631 2872 1664 2900 82
