2190 3172
358 209 417 239 152
629 206 726 234 ACTA
746 206 859 234 REGNI
877 205 1062 233 LUDEWIOI
1080 205 1126 233 IV.
1146 205 1192 232 ΕΤ
1211 205 1396 233 FRIDERICI
1414 202 1464 233 111.
1500 205 1576 232 1314.
1613 205 1660 233 Nr.
1675 205 1733 233 159.
1785 204 1787 207 '

358 295 551 326 Trcvirensis
573 294 786 335 diplomatica'
808 294 858 331 II,
879 294 921 323 92
942 304 992 326 nr.
1009 293 1072 324 616
1095 292 1169 335 (Η),
1192 292 1284 325 aliud
1305 293 1463 333 ememplar
1484 293 1716 334 autoyraphum
1737 292 1915 324 adhibitum
1941 302 2005 325 esse

354 347 486 384 videtur,
509 347 545 378 in
567 356 628 386 quo
650 346 758 385 capita
774 348 795 376 ’7
817 348 846 376 et
870 347 891 376 8
913 345 1051 383 deerant,
1073 345 1167 376 cuius
1189 344 1333 377 lectiones
1354 345 1463 376 varias
1478 354 1606 384 paucas
1628 344 1828 376 adnotamus.

462 407 607 444 Bo‘hmer,
631 406 705 446 Rey.
729 406 840 438 Ludw.
859 416 894 445 p.
911 407 933 437 2
954 416 1004 437 nr.
1021 406 1072 436 19.

467 468 554 508 Quae
577 467 766 498 concordant
789 477 860 497 cum
876 465 1127 498 Promissionum
1149 476 1251 506 supra
1272 476 1322 498 nr.
1340 467 1382 497 63
1404 476 1492 506 capp.
1510 467 1539 498 5.
1564 467 1592 497 6.
1616 466 1677 506 (8).
1703 464 1839 503 11—15,
1862 475 1899 496 ea
1922 464 2006 506 typis

355 519 530 551 minoribus
552 529 684 550 excussa
706 520 789 550 sunt.

463 609 655 641 Ludowicus
678 608 741 641 Dei
764 609 873 650 gracia
895 608 1114 640 Romanorum
1137 619 1195 640 rex
1218 618 1348 650 semper
1370 611 1524 650 augustus
1591 607 1746 640 universis
1773 608 1855 639 sacri
1877 607 2006 648 imperii

354 661 503 693 fidelibus
527 665 694 702 presentes
715 661 840 692 litteras
862 661 1052 702 inspecturis
1139 661 1281 702 graciam
1305 670 1396 692 suam
1420 663 1453 692 et
1476 670 1570 691 omne
1593 660 1721 691 bonum.
1990 664 1992 667 ’

466 720 492 748 1.
526 717 659 759 Regalis
682 716 836 748 celsitudo
859 716 988 748 illorum
1009 716 1289 758 promocionibus·
1313 717 1479 748 consuevit
1499 716 1656 747 libencius
1679 715 1861 756 intendere,
1886 715 1942 757 qui
1963 714 2007 747 ad

354 769 569 811 imperialium
593 769 794 810 negotiorum
820 768 976 810 obsequia
999 779 1033 800 se
1056 767 1219 812 red[d]unt
1241 768 1440 810 frequentius
1462 768 1691 810 prompciores.
1736 767 1821 799 Hinc
1846 771 1895 799 est
1918 766 2006 809 quod

354 832 411 852 nos
435 820 640 852 attendentes
664 820 857 852 venerabilis
888 820 1068 852 Baldewini
1099 820 1333 862 archiepiscopi
1362 819 1570 852 Treverensis
1597 820 1749 862 principis
1771 820 1871 851 nostri
1895 819 2005 851 dilecti

354 876 447 915 grata
480 872 633 914 obsequia
661 873 830 914 ipsumque
861 876 894 903 et
924 873 1095 904 ecclesiam
1124 883 1214 904 suam
1238 873 1472 904 Treverensem
1503 882 1600 913 super
1623 871 1774 913 expensis
1796 871 1949 912 gravibus
1972 873 2006 902 et

354 925 516 964 inmensis,
540 935 620 966 quas
642 935 700 966 pro
718 924 930 966 expedicione
953 935 1056 966 nuper
1071 925 1278 966 negociorum
1301 927 1481 955 nostrorum
1506 926 1539 955 et
1560 924 1688 965 imperii
1710 923 1868 964 sustinuit,
1889 921 2004 966 [inten-

229 966 341 1013 ⁰‘'0',¹¹fi,⁶³
355 975 480 1019 dentes]
511 976 695 1018 aliqualiter
720 976 883 1016 relevare,
914 975 974 1007 sibi
997 979 1030 1008 et
1053 977 1189 1008 ecclesie
1212 987 1268 1008 sue
1291 975 1508 1017 permittimus
1530 978 1564 1007 et
1590 985 1632 1007 ex
1654 978 1743 1006 certa
1765 975 1906 1006 sciencia
1927 985 2004 1006 con-

274 1308 336 1326 c.ll.

275 1521 293 1537 c.
304 1519 335 1536 12.

276 1885 295 1899 c.
306 1882 337 1900 1³.

276 2254 295 2269 c.
307 2250 339 2269 14.

275 2514 297 2530 c.
307 2511 340 2530 15.

353 1029 497 1061 cedimus
521 1031 632 1059 tenore
656 1028 868 1069 presencium,
893 1027 979 1068 quod
1002 1028 1070 1069 ipse
1088 1027 1194 1070 quoad
1217 1028 1335 1059 vixerit
1354 1027 1437 1058 ultra
1461 1030 1598 1069 quatuor
1618 1037 1745 1068 grossos
1761 1026 2004 1068 Turon(enses)‚

354 1092 433 1122 quos
462 1081 531 1122 ipse
559 1083 592 1112 et
620 1079 756 1111 ecclesia
783 1090 841 1110 sua
873 1079 1081 1111 Treverensis
1111 1090 1152 1110 ex
1179 1082 1349 1111 nostra'et
1375 1079 1511 1110 aliorum
1534 1081 1715 1110 nostrorum
1737 1077 2004 1119 predecessorum

352 1133 572 1164 Romanorum
603 1132 783 1173 principum
812 1132 1018 1163 concessione
1050 1134 1207 1172 perpetuo
1235 1141 1293 1172 pro
1325 1130 1470 1172 qualibet
1499 1133 1624 1162 carrata
1652 1130 1717 1161 vini
1740 1133 1774 1161 et
1795 1129 1866 1161 aliis
1888 1130 2004 1162 meroi-

353 1185 467 1215 moniis
497 1184 588 1214 iuxta
623 1186 808 1215 consuetam
843 1183 1047 1214 taxacionem
1080 1183 1113 1213 in
1137 1183 1371 1223 Confluen(cia)
1401 1192 1498 1223 super
1530 1181 1658 1213 Renum
1692 1182 1821 1213 racione
1849 1181 2006 1213 theolonii

352 1236 468 1277 recipit
490 1239 523 1267 et
545 1236 691 1276 recipere
716 1234 824 1275 debet,
847 1235 928 1266 alios
952 1234 1033 1266 duos
1055 1245 1184 1276 grossos
1207 1233 1438 1275 Turon(enses)
1461 1233 1582 1265 ibidem
1605 1234 1742 1275 recipiat
1763 1237 1861 1275 atque
1884 1233 1972 1266 levet
1981 1234 2004 1265 ².

460 1294 489 1323 2.
522 1291 676 1323 Similiter
698 1291 911 1332 permittimus
935 1294 969 1322 et
990 1295 1179 1322 concedimus
1201 1294 1300 1327 eidem,
1324 1294 1400 1328 quod
1423 1294 1518 1322 omnia
1539 1294 1615 1321 bona
1637 1293 1761 1329 imperiis
1781 1293 1950 1328 ubicumque
1973 1294 2005 1322 in

352 1357 404 1375 sua
425 1348 538 1382 dyocesi
560 1347 739 1382 reperiantur
762 1347 896 1382 obligata,
926 1347 1099 1374 coniunctim
1122 1347 1166 1374 vel
1195 1346 1307 1373 divisim
1336 1355 1369 1374 eo
1393 1346 1497 1381 precio,
1521 1346 1604 1375 modo
1634 1347 1663 1374 et
1685 1346 1789 1379 forma,
1813 1346 1915 1380 quibus
1938 1347 2005 1374 sunt

353 1400 487 1435 obligata,
511 1399 648 1427 redimere
671 1399 766 1426 valeat
788 1407 821 1426 ac
844 1407 877 1426 eo
900 1398 961 1426 iure
983 1400 1089 1426 tenere.
1647 1398 1650 1401 ⁴
1796 1396 1798 1398 ’

2023 829 2050 849 1⁰

2022 1089 2048 1108 15

460 1454 488 1484 3.
523 1450 566 1482 Et
589 1451 664 1492 quia
687 1461 729 1482 ex
751 1451 852 1482 nostri
875 1450 973 1482 officii
996 1450 1106 1482 debito
1130 1450 1302 1493 unicuique
1326 1461 1384 1482 sua
1406 1451 1476 1481 iura
1498 1449 1624 1482 illibata
1641 1460 1831 1482 conservare
1848 1453 2004 1491 tenemur,
2035 1441 2037 1444 Α

350 1504 566 1545 promittimus
590 1506 622 1535 et
645 1502 801 1543 volumuS,
825 1503 910 1544 quod
934 1507 959 1534 si
975 1502 1124 1542 contingat
1140 1516 1192 1535 nos
1207 1507 1314 1534 intrare
1330 1507 1467 1534 terminos
1483 1506 1730 1534 archicancellario
1746 1501 1883 1544 predicti
1899 1503 2004 1535 archi-

352 1556 496 1597 episcopi
519 1555 736 1595 Treverensis‚
760 1559 892 1587 videlicet
914 1559 1051 1587 terminos
1068 1559 1159 1587 Gallie
1175 1561 1226 1587 aut
1248 1559 1329 1594 regni
1351 1559 1509 1587 Arlatensis
1533 1554 1632 1586 nostri
1655 1552 1846 1593 aliorumque
1867 1559 2003 1594 locorum,

350 1612 380 1639 in
403 1612 505 1646 quibus
528 1611 613 1639 debet
635 1613 668 1638 et
691 1611 838 1638 consuevit
860 1612 920 1646 ipse
945 1612 989 1639 vel
1012 1612 1056 1640 sui
1078 1612 1290 1647 predecessores
1306 1611 1369 1638 iura
1385 1610 1636 1638 archicancellarie
1660 1619 1797 1645 exercere,
1819 1611 1895 1646 quod
1911 1613 2001 1649 custo·

351 1664 427 1691 diam
449 1663 607 1698 sigillorum
629 1665 803 1696 nostrorum,
834 1663 896 1690 iura
919 1663 1167 1690 archicancellar-ie
1190 1663 1316 1698 predicte
1340 1671 1373 1690 ac
1395 1662 1523 1690 redditus
1548 1664 1578 1690 et
1600 1662 1675 1690 bona
1704 1663 1829 1691 eiusdem
1855 1663 1950 1691 levare
1973 1665 2004 1691 et

1856 1711 1868 1729 δ
1893 1715 2004 1743 eidem*

351 1777 384 1795 ac
407 1767 495 1795 eciam
518 1769 690 1801 potestatem
713 1767 906 1795 constituendi
929 1767 1190 1795 vicecancellarium
1213 1768 1247 1795 et
1269 1767 1442 1794 destituendi
1465 1768 1494 1794 et
1517 1767 1551 1794 de
1574 1766 1712 1799 omnibus,
1734 1775 1789 1801 que
1813 1768 1945 1802 spectant
1966 1768 2003 1794 ad

351 1715 496 1751 percipere
519 1724 581 1742 cum
603 1715 734 1751 insigniis
757 1715 843 1743 officii
858 1715 996 1743 antedicti
1018 1724 1069 1751 per
1088 1724 1117 1742 se
1134 1716 1180 1742 vel
1202 1724 1253 1751 per
1268 1715 1355 1742 alium
1378 1709 1594 1749 permittemusb
1612 1715 1642 1741 et
1665 1714 1848 1742 concedemus

351 1820 457 1847 dictam
479 1819 684 1852 cancellariam,
708 1819 884 1854 disponendi,
907 1821 1002 1854 prout,
1026 1820 1139 1854 quando
1162 1821 1192 1847 et
1214 1819 1348 1854 quociens
1371 1819 1425 1846 sibi
1448 1818 1590 1846 videbitur
1613 1818 1754 1853 expedire.

461 1874 490 1903 4.
524 1870 683 1902 Volumus
717 1871 818 1903 eciam
854 1874 887 1902 et
921 1871 961 1902 de
996 1864 1136 1913 speciali*
1160 1870 1271 1912 gracia
1304 1874 1492 1902 concedimus
1524 1874 1614 1901 eidem
1646 1874 1722 1908 quod
1751 1874 1813 1909 ipse
1845 1883 1897 1902 nec
1928 1874 2004 1902 ultra

352 1929 463 1955 montes
485 1936 537 1955 nec
565 1927 637 1954 citra
666 1927 702 1954 ad
728 1927 936 1962 parlamentum
959 1927 1004 1954 vel
1028 1914 1240 1962 expedicionem
1270 1927 1397 1954 nostram
1419 1926 1560 1962 publicam
1586 1926 1631 1953 vel
1653 1926 1803 1960 privatam,
1826 1926 1883 1953 nisi
1906 1935 2003 1954 omnes

353 1976 407 2007 alii
430 1975 590 2017 principes
612 1979 748 2006 electores
771 1975 871 2006 nostri
894 1979 929 2006 ad
952 1979 1006 2006 hoc
1021 1979 1128 2006 fuerint
1147 1979 1258 2006 evocati
1281 1980 1311 2006 et
1332 1978 1479 2014 negotium
1500 1979 1612 2005 tantum
1628 1978 1674 2011 sit.
1698 1978 1773 2012 quod
1795 1978 1898 2006 merito
1921 1979 2005 2006 simul

353 2031 532 2063 conveniant,
555 2031 596 2058 ire
619 2029 767 2058 teneatur
789 2039 841 2058 nec
863 2033 980 2066 propter
1002 2031 1055 2058 hoc
1079 2031 1214 2058 offensam
1236 2032 1362 2057 nostram
1386 2030 1439 2058 vel
1461 2019 1689 2065 indignacionem
1719 2030 1874 2058 incurrere
1897 2026 2006 2058 valeat

353 2078 419 2111 ullo
443 2078 549 2111 modo.

463 2137 491 2165 5.
527 2134 569 2165 Et
591 2133 667 2165 licet
690 2144 965 2176 quorumcumque
989 2134 1120 2165 iniurias
1142 2133 1325 2177 propellere
1342 2137 1519 2174 teneamur,
1537 2134 1612 2175 quia
1627 2136 1735 2166 tamen
1751 2134 1836 2165 circa
1853 2133 2006 2166 ecclesias

355 2190 388 2218 et
410 2196 564 2227 personas
588 2185 823 2217 ecclesiasticas
847 2196 888 2217 ex
910 2187 1011 2218 nostri
1034 2185 1131 2218 officii
1155 2185 1264 2222 debito
1287 2185 1321 2217 id
1344 2185 1452 2218 facere
1475 2185 1645 2227 specialius
1668 2195 1776 2218 sumus
1793 2185 1924 2227 astricti,
1947 2196 2006 2218 nos

354 2242 555 2277 promittimus,
579 2242 655 2276 quod
677 2242 796 2269 eundem
818 2242 1060 2277 archiepiscopum
1084 2244 1114 2270 et
1136 2242 1196 2270 eius
1219 2242 1366 2270 ecclesiam
1388 2250 1474 2276 quam
1496 2241 1544 2269 diu
1561 2241 1712 2269 vixerimus
1736 2243 1835 2268 contra
1859 2250 2005 2276 quoscum-

353 2302 407 2328 que
438 2293 605 2320 invadentes
634 2294 663 2320 et
690 2293 858 2320 iniuriantes
886 2295 948 2321 toto
977 2302 1059 2328 posse
1086 2295 1184 2333 nostro
1207 2293 1366 2322 iuvabimus
1395 2292 1428 2320 ct
1453 2293 1596 2329 tuebimur
1626 2294 1657 2320 et
1682 2293 1815 2322 assistere
1846 2293 2007 2323 tenebimur

353 2345 444 2372 eidem
467 2346 496 2372 et
518 2345 634 2371 ecclesie
658 2353 706 2371 sue
730 2347 759 2371 et
781 2354 832 2379 pro
855 2345 963 2372 iuribus
986 2354 1018 2372 ac
1041 2345 1206 2380 pignoribus
1230 2354 1279 2373 seu
1300 2345 1449 2380 ypothecis
1473 2344 1530 2372 suis
1554 2346 1583 2372 et
1599 2344 1715 2372 ecclesie
1739 2353 1788 2372 sue
1804 2340 2005 2380 adipiscendis,

353 2396 551 2431 recuperandis
575 2398 604 2423 et
627 2396 782 2423 retinendis
804 2393 921 2434 iugiter
944 2397 1116 2424 assistemus.

462 2450 492 2480 6.
527 2448 664 2489 Insuper
686 2459 757 2479 cum
781 2459 832 2480 res
854 2449 997 2491 pluribus
1021 2459 1172 2480 onerosas
1194 2449 1368 2490 prohibere
1391 2451 1424 2481 et
1447 2449 1575 2481 deicere
1599 2459 1641 2481 ex
1663 2449 1741 2480 iuris
1758 2448 1867 2480 debito
1885 2447 2006 2480 debea-

354 2511 436 2539 mu8‚
459 2504 651 2539 promittimus
675 2500 777 2531 eciam
801 2500 908 2531 eidem
931 2501 1185 2542 archiepiscopo,
1209 2505 1284 2540 quod
1305 2506 1415 2532 nullum
1434 2514 1538 2532 novum
1555 2505 1739 2538 theolonium,
1761 2505 1838 2539 quod
1861 2506 2007 2540 receptum

354 2565 414 2584 non
435 2556 522 2583 fuerit
544 2564 561 2583 a
584 2557 712 2591 tempore
734 2556 808 2591 regis
831 2557 987 2592 Rudolphi
1012 2557 1092 2590 citra,
1113 2557 1188 2584 infra
1203 2557 1363 2585 districtum
1380 2557 1448 2590 eius,
1465 2557 1688 2586 iurisdictionem
1711 2558 1762 2584 aut
1784 2557 1954 2584 conductum
1976 2556 2007 2583 in

354 2616 429 2642 aqua
447 2616 497 2634 nec
517 2606 545 2633 in
564 2608 639 2634 terra
657 2616 792 2641 ponemus
809 2615 860 2634 nec
878 2607 966 2642 recipi
979 2608 1174 2643 permittemus
1185 2617 1237 2636 nec
1252 2608 1341 2636 eciam
1354 2609 1387 2635 de
1403 2608 1528 2636 Wesalia
1541 2617 1628 2643 usque
1641 2608 1851 2642 *flamersteyn
1869 2607 2007 2635 inclusive

353 2659 414 2687 sine
434 2659 523 2695 ipsius
543 2659 697 2686 voluntate.

458 2728 520 2755 159.
549 2729 572 2761 ²)
590 2730 702 2761 sequitur
715 2730 742 2755 in
754 2732 810 2763 fine
829 2731 911 2756 lineae
929 2739 1031 2756 erasum
1050 2731 1184 2756 consuevit
1202 2739 1240 2756 or.
1321 2729 1348 2763 b)
1366 2739 1433 2756 corr.
1447 2739 1478 2756 ex
1496 2731 1639 2764 pmittimus
1658 2735 1680 2756 et
1698 2731 1861 2756 concedimus
1880 2738 1933 2760 or.,·
1951 2738 2006 2763 per-

355 2773 480 2798 mittimus
499 2776 524 2797 et
541 2773 704 2798 concedimus
723 2773 759 2798 H.
1552 2781 1555 2784 ⁴

459 2837 484 2869 1)
506 2835 547 2869 Cf.
566 2835 644 2862 etiam
663 2840 774 2863 nr.160.

2020 1616 2046 1636 25

2024 2143 2050 2163 85

1969 2671 1972 2675 ·
2025 2662 2051 2683 45
