2190 3172
0 1203 11 1289 ·ae·*.*·u·*
0 1116 11 1191 ΝἯ
0 989 15 1106 Ἶῂωτμῃυη
0 805 18 979 *vsu-Laz-wmwv
0 727 6 748 *v
0 694 4 715 “¹
0 670 2 681 ⁷
0 639 3 641 ’
0 619 3 622 ·

156 984 181 1015 is

477 167 574 196 ACTA
593 167 707 196 13le
725 166 910 196 LUDEwlcl
928 167 976 195 1v.
995 167 1040 194 ΕΤ
1060 166 1245 194 FRIDERICI
1264 166 1313 195 111.
1351 167 1426 195 1315.
1463 166 1511 195 Nr.
1523 168 1582 195 262.
1793 172 1856 202 225

199 255 312 296 versis,
328 254 415 298 quod
431 255 664 297 prospicientes
680 264 850 287 commune
866 253 984 286 bonum
1002 256 1159 286 terrarum
1183 257 1216 286 et
1238 253 1423 296 specialiter
1438 254 1565 296 imperii
1588 265 1626 287 ac
1647 255 1856 288 ecclesiarum

199 310 310 339 nostre
333 306 541 339 Treverensis
564 309 598 338 et
619 305 808 348 Maguntine
837 316 908 338 cum
936 305 1114 337 venerabili
1141 305 1271 337 domino
1295 305 1395 337 Petro
1418 304 1606 347 Maguntine
1638 306 1725 338 sedis
1752 307 1856 339 archi-

201 358 355 400 episcopo
370 357 606 400 infrascriptam
621 357 772 389 unionem
789 367 848 388 seu
863 356 1172 398 confederationem,
1190 367 1287 399 quam
1302 356 1358 388 diu
1374 367 1432 388 nos
1447 356 1544 389 ambo
1561 357 1655 389 simul
1672 358 1856 398 vixerimus,

201 409 388 441 duraturam
419 408 554 441 fecimus
583 411 616 441 et
644 409 793 440 inivimus
823 418 860 440 ac
891 418 964 440 eam
992 408 1127 440 firmiter
1155 407 1328 440 observare
1358 409 1563 450 promisimus
1592 414 1625 440 et
1655 410 1858 451 presentibus

200 460 285 493 bona
307 460 372 492 fide
395 460 620 503 promittimus.

308 518 337 548 2.
360 515 524 548 Videlicet
546 515 634 558 quod
657 526 715 547 nos
730 515 877 557 predicto
898 514 1028 547 domino
1043 514 1172 555 P(etro)
1189 515 1433 558 archiepiscopo
1450 516 1640 558 Maguntino
1662 517 1692 548 in
1709 517 1858 549 omnibus

199 569 264 600 suis
287 571 320 600 et
342 567 479 600 ecclesie
502 578 559 600 sue
582 567 847 600 neccessitatibus
870 570 982 599 contra
1004 578 1133 599 omnem
1157 567 1335 604 hominem,
1367 567 1506 600 exclusis
1536 569 1624 600 curia
1647 568 1796 601 Romana
1825 574 1858 601 et

199 629 290 652 sacro
319 620 471 662 imperio,
501 622 535 652 et
562 618 747 661 specialiter
770 619 801 650 in
824 629 901 650 casu
924 618 1091 650 electionis
1118 619 1259 660 imperii,
1290 629 1387 661 quam
1419 619 1460 651 de
1489 621 1694 652 serenissimo
1727 620 1858 652 domino

198 663 404 714 Lud(ewico)
426 671 647 703 Romanorum
671 681 749 712 rege
772 670 866 702 simul
890 669 1041 711 fecimus,
1071 673 1104 702 et
1127 670 1275 702 omnibus
1299 671 1535 703 ancietatibus·
1558 683 1614 704 seu
1638 672 1855 714 perturbatio-

199 722 306 765 nibus,
330 733 392 765 que
417 722 525 755 eidem
548 723 718 754 occasione
741 721 827 754 dicte
851 721 1019 754 electionis
1042 721 1257 763 inminebunt,
1284 733 1342 754 nos
1366 722 1544 755 astabimus
1568 733 1707 765 eumque
1731 724 1856 756 iuvabi-

200 785 285 815 mus,
314 784 386 806 cum
409 784 469 816 per
491 784 565 805 eum
588 773 734 816 requisiti
757 773 926 814 fuerimus,
954 784 1012 815 per
1034 784 1092 805 nos
1116 773 1167 806 vel
1194 773 1342 806 homines
1372 778 1497 806 nostros
1525 778 1594 806 toto
1619 786 1713 817 posse
1738 780 1857 816 nostro,

200 826 287 858 omni
309 825 384 858 dolo
408 828 442 858 et
464 824 578 857 fraude
602 824 740 857 exclusis
764 835 826 866 que
850 824 985 867 argelist
1007 825 1184 866 vulgariter
1207 825 1422 867 appellantur,

308 883 337 914 3.
371 881 444 914 Hoc
467 881 610 923 adiecto,
641 881 897 923 quandocunque
928 881 970 912 ad
994 881 1196 913 vocationem
1220 881 1357 923 predicti
1387 881 1507 914 domini
1531 883 1615 924 regis
1638 883 1857 915 Romanorum

199 933 295 966 simul
322 933 580 974 convenerimus,
614 935 729 964 neuter
758 936 900 964 nostrum
931 932 972 964 ab
1002 932 1106 964 altero
1139 943 1299 974 expensas
1331 938 1443 974 petere
1476 934 1596 976 poterit
1625 939 1681 966 aut
1712 935 1856 969 debebit.

200 984 336 1022 Quando
361 994 436 1016 vero
460 995 518 1016 nos
540 983 722 1026 predictum
746 983 910 1016 dominum
935 983 1213 1026 archiepiscopum
1237 984 1460 1026 Maguntinum
1489 996 1547 1027 pro
1577 986 1737 1018 adiutorio
1765 987 1857 1019 nobis

197 1035 417 1079 impendendo
440 1036 676 1076 vocaverimus,
708 1035 768 1068 sibi
798 1039 832 1068 et
861 1036 941 1076 suis,
971 1040 1143 1078 postquam
1171 1036 1255 1067 ultra
1282 1047 1395 1068 nemus
1418 1037 1504 1079 quod
1529 1042 1663 1069 vocatur
1685 1038 1744 1070 der
1767 1038 1858 1071 Yder

197 1087 251 1120 vel
273 1087 315 1120 ad
331 1087 523 1119 Mousellam
538 1087 590 1119 vel
614 1098 656 1119 ex
679 1087 743 1119 alia
758 1090 851 1129 parte
867 1087 951 1119 Reni
971 1087 1055 1119 ultra
1075 1098 1193 1130 aquam
1209 1088 1321 1120 Loene
1346 1088 1387 1120 ad
1403 1099 1461 1120 nos
1477 1090 1692 1130 pervenerint,
1718 1097 1856 1132 excepto

198 1139 318 1182 pabulo
342 1140 373 1171 in
397 1140 606 1171 neccessariis
629 1149 843 1181 expensarum
866 1139 1118 1181 providebimus.
1164 1140 1197 1172 Si
1221 1150 1298 1172 vero
1326 1140 1431 1181 ipsum
1456 1140 1506 1171 vel
1535 1140 1682 1172 homines
1711 1153 1784 1173 suos
1814 1142 1856 1174 ad

159 1196 161 1199 “
198 1191 394 1224 cotidianam
409 1201 561 1234 guerram
584 1191 617 1222 in
636 1190 744 1233 aliqua
763 1191 951 1231 munitione,
974 1191 1006 1222 in
1023 1192 1112 1223 cuius
1129 1191 1326 1223 districtibus
1342 1191 1496 1233 pabulum
1513 1191 1626 1224 haberi
1650 1204 1712 1224 non
1736 1198 1855 1235 posset,

154 1251 182 1272 ¹⁰

199 1246 398 1285 teneremus,
428 1246 545 1275 extunc
574 1242 634 1274 sibi
664 1243 695 1274 in
720 1242 838 1284 pabulo
869 1246 902 1274 et
928 1243 959 1274 in
984 1243 1055 1274 aliis
1082 1244 1234 1285 expensis
1258 1242 1439 1275 tenebimur
1461 1243 1642 1285 providere.
1689 1244 1721 1276 Si
1746 1250 1855 1276 autem

198 1305 257 1327 nos
280 1295 376 1327 ambo
400 1294 494 1326 simul
517 1293 557 1326 de
581 1294 742 1326 communi
765 1294 930 1326 voluntate
954 1294 1095 1336 aliquem
1119 1294 1276 1326 vellemus
1303 1294 1471 1335 invadere,
1503 1295 1535 1326 in
1566 1305 1605 1327 eo
1635 1306 1711 1327 casu
1742 1302 1856 1328 neuter

199 1349 342 1378 nostrum
365 1345 458 1378 alteri
481 1346 513 1377 in
537 1345 688 1386 expensis
711 1344 903 1386 providebit.

307 1404 336 1433 4.
375 1401 411 1433 Iu
436 1401 580 1443 prefatab
605 1411 732 1443 quoque
755 1401 874 1432 unione
898 1401 1109 1442 spectabilem
1127 1401 1228 1432 virum
1250 1401 1427 1434 Iohannem
1451 1403 1603 1434 comitem
1627 1403 1668 1435 de
1690 1401 1854 1445 Spanham

199 1453 363 1486 dominum
394 1453 435 1485 de
463 1452 715 1485 Starkemberch
743 1451 873 1484 fidelem
901 1455 1044 1484 nostrum
1077 1455 1111 1484 et
1140 1453 1413 1495 consanguineum
1448 1454 1637 1495 simpliciter
1668 1460 1701 1486 et
1732 1456 1854 1497 absque

198 1505 380 1538 conditione
405 1505 554 1536 duximus
577 1503 794 1536 eximendum.
841 1504 923 1535 Item
952 1503 1076 1536 nobiles
1099 1505 1184 1535 viros
1206 1503 1383 1547 Georgium
1407 1505 1448 1537 de
1470 1505 1659 1546 Valdenth,
1686 1506 1854 1540 Iofl'ridum

198 1557 240 1590 de
255 1557 440 1599 Lingneges
455 1557 622 1596 iuniorem,
640 1555 848 1588 Guillelmum
865 1556 906 1587 de
923 1555 1197 1588 Kachenelebove
1220 1557 1355 1588 comites
1371 1566 1409 1588 ac
1424 1557 1565 1589 nobilem
1583 1559 1683 1589 virum
1701 1557 1854 1590 Theodo-

198 1609 298 1641 ricum
329 1608 370 1640 de
393 1608 617 1640 Ysembourch
640 1607 804 1639 dominum
829 1607 870 1639 de
894 1607 1010 1639 Arvels
1041 1608 1229 1649 excipimus.
1277 1607 1366 1644 Quos
1392 1607 1434 1639 ad
1464 1608 1665 1641 reddendam
1695 1610 1853 1642 iusticiam

198 1659 328 1693 domino
351 1659 541 1702 Maguntino
564 1659 616 1691 vel
638 1659 703 1690 suis
726 1662 760 1691 et
782 1658 1022 1700 recipiendum*
1044 1658 1086 1690 ab
1111 1658 1249 1699 eisdem,
1280 1660 1306 1690 si
1334 1659 1418 1691 forte
1442 1661 1526 1692 inter
1548 1671 1605 1692 eos
1628 1662 1765 1693 oriretur
1788 1661 1853 1693 dis·

198 1712 317 1752 sentio,
346 1710 450 1744 modis
478 1714 512 1743 et
534 1711 592 1742 viis
615 1710 731 1752 quibus
759 1711 936 1751 poterimus
959 1710 1158 1742 inducemus.
1204 1711 1357 1753 Alioquin
1388 1711 1465 1753 ipsis
1493 1712 1611 1744 nullam
1641 1717 1752 1744 contra
1780 1724 1853 1755 pre-

198 1762 319 1796 dictum
342 1763 507 1795 dominum
530 1762 754 1804 Maguntinum
778 1765 812 1794 et
834 1772 907 1794 suos
930 1763 1169 1793 assistantiam·
1193 1762 1356 1794 faciemus.

306 1822 336 1852 5.
367 1818 410 1851 Et
432 1818 629 1860 generaliter
644 1818 823 1859 excipimus
839 1828 951 1850 omnes
974 1821 1099 1849 nostros
1115 1818 1281 1856 vassallos,
1303 1822 1484 1850 castrenses
1507 1822 1540 1851 et
1563 1819 1725 1851 subiectos
1748 1821 1852 1852 cuius-

198 1881 336 1914 cumque
363 1870 556 1902 conditionis
586 1870 727 1902 existant
757 1869 818 1901 hoc
845 1869 956 1911 modo,
986 1870 1011 1901 si
1042 1870 1126 1901 inter
1155 1869 1334 1911 predictum
1363 1870 1527 1902 dominum
1551 1871 1773 1913 Maguntinum
1801 1872 1853 1904 vel

198 1933 273 1956 suos
299 1925 333 1955 et
360 1922 503 1964 aliquem
527 1921 568 1954 de
591 1921 744 1964 predictis
767 1922 884 1953 nostris
907 1921 1067 1962 vassallis,
1099 1921 1315 1953 castrensibus
1342 1925 1376 1953 et
1398 1922 1552 1954 subiectis
1575 1927 1646 1954 orta
1670 1923 1766 1955 fuerit
1789 1924 1852 1955 dis-

198 1974 352 2006 sentionis
373 1974 525 2014 materia,
549 1973 635 2015 quod
663 1973 704 2004 de
731 1973 787 2004 illa
810 1972 1006 2014 Harduynus
1029 1972 1070 2004 de
1090 1972 1243 2014 Winighy
1266 1973 1420 2004 scultetus
1448 1978 1557 2005 noster
1584 1975 1615 2005 in
1640 1974 1852 2016 Confluentis,

197 2025 324 2058 Baurus
353 2025 512 2057 officiatus
540 2027 650 2056 noster
677 2025 709 2055 in
738 2024 916 2064 Bobardia‚
949 2023 1109 2055 Ricardus
1137 2023 1177 2055 de
1206 2023 1451 2067 Schonemburg
1478 2029 1512 2056 et
1540 2025 1723 2057 Fridericus
1753 2037 1854 2068 nepos

199 2087 275 2109 suus
302 2077 493 2119 burgravius
522 2077 555 2107 in
582 2076 766 2118 Loynstene
795 2076 914 2108 milites
946 2086 1004 2117 per
1032 2086 1089 2107 nos
1120 2076 1333 2107 communiter
1362 2075 1403 2107 ad
1437 2076 1497 2108 hoc
1529 2077 1623 2108 electi
1657 2088 1853 2120 cognoscere

200 2128 366 2161 debebunt
391 2127 474 2160 infra
500 2137 655 2159 mensem.
701 2126 743 2159 Et
771 2137 995 2169 quemcunque
1027 2127 1076 2158 ius
1106 2126 1228 2158 habere
1258 2126 1411 2165 dixerint,
1445 2127 1490 2159 illi
1522 2127 1564 2159 ad
1593 2129 1853 2170 consequendam

199 2180 358 2212 iusticiam
381 2182 488 2211 astare
512 2178 713 2211 debebimus.

305 2237 335 2268 6.
370 2235 522 2267 Ceterum
546 2234 587 2267 ab
611 2235 728 2266 unione
752 2234 898 2276 predicta
921 2245 1033 2266 omnes
1056 2235 1311 2276 consanguineos
1337 2239 1463 2267 nostros
1490 2235 1573 2267 infra
1596 2235 1787 2268 Mousellam
1812 2247 1854 2268 ex

198 2292 335 2330 utraque
351 2291 443 2330 parte
460 2286 543 2319 Reni
566 2287 688 2328 absque
713 2287 799 2318 omni
823 2286 1004 2319 conditione
1028 2297 1099 2318 esse
1116 2286 1262 2318 volumus
1283 2286 1440 2318 exclusos.
1480 2287 1570 2318 Alios
1593 2291 1703 2319 nutem
1727 2293 1853 2319 nostros

198 2339 454 2380 consanguineos
477 2338 557 2370 citra
572 2337 764 2370 Mousellam
788 2338 833 2370 ita
857 2337 987 2369 demum
1004 2338 1150 2370 volumus
1173 2348 1245 2369 esse
1269 2342 1450 2380 exemptos,
1473 2339 1499 2369 si
1523 2339 1612 2370 iuxta
1629 2339 1852 2371 diffinitionem

198 2394 341 2422 nostram
364 2401 383 2422 a
406 2389 552 2432 predicto
576 2389 706 2422 domino
729 2389 918 2431 Maguntino
941 2390 1100 2421 iusticiam
1123 2390 1269 2431 recipere
1294 2389 1453 2420 voluerint
1475 2393 1531 2420 aut
1554 2395 1647 2421 eam⁰
1671 2390 1731 2421 sibi
1759 2391 1851 2422 exbi-

199 2440 287 2474 bere.
335 2441 489 2483 Alioquin
519 2451 578 2472 nos
607 2440 712 2472 eidem
746 2440 875 2472 domino
905 2440 1094 2482 Maguntino
1129 2444 1240 2472 contra
1274 2440 1408 2472 eosdem
1441 2444 1548 2472 astare
1581 2441 1764 2472 tenebimur
1795 2452 1852 2483 pro

198 2494 319 2526 iustitia
335 2492 571 2535 consequenda.
686 2491 810 2524 Harum
827 2493 1011 2524 testimonio
1028 2492 1207 2524 litterarum
1223 2491 1320 2533 sigilli
1336 2492 1434 2523 nostri
1452 2493 1626 2523 munimine
1643 2493 1852 2534 signatarum.

306 2543 382 2576 Dat.
406 2543 584 2586 Bopardie,
614 2542 767 2576 vicesima
795 2547 889 2575 sexta
921 2543 974 2575 die
1005 2544 1123 2575 mensis
1147 2544 1281 2585 Aprilis,
1316 2553 1400 2574 anno
1429 2543 1560 2575 Domini
1589 2543 1758 2575 millesimo
1787 2548 1851 2574 tre-

199 2596 375 2628 centesimo
399 2595 634 2637 quindecimo⁸.

307 2652 335 2682 7.
370 2650 453 2682 Item
477 2649 654 2692 Georgium
678 2651 829 2682 comitem
852 2649 1006 2681 Yrsutum
1029 2649 1159 2681 fidelem
1183 2654 1341 2689 nostrum,
1369 2650 1452 2681 sicut
1474 2649 1555 2681 alios
1578 2651 1725 2692 superius
1748 2652 1850 2681 nomi-

200 2702 299 2733 natim
328 2704 482 2743 exceptos
506 2702 698 2743 excipimus,
729 2701 879 2733 duximus
907 2701 1124 2733 eximendum.
1173 2700 1359 2732 Adicientes
1383 2701 1469 2743 quod
1497 2702 1523 2732 si
1547 2701 1688 2743 aliquem
1713 2701 1753 2732 de
1778 2712 1849 2742 pro-

303 2785 370 2814 2⁶2.
397 2787 422 2818 ⁵)
442 2787 478 2812 eie
495 2796 534 2812 or.
622 2787 646 2819 ιἱ)
663 2796 730 2812 corr.
749 2795 780 2812 a
799 2788 937 2820 impressis
956 2796 994 2812 or.
1083 2788 1107 2816 ⁰)
1126 2789 1152 2812 in
1171 2796 1268 2812 raum-n
1287 2796 1325 2813 or.

303 2846 340 2864 ιι..
359 2845 570 2864 consui-urtone
589 2846 610 2864 v.
1612 2837 1645 2863 29
