<?xml version="1.0" encoding="UTF-8"?>
<!DOCTYPE html PUBLIC "-//W3C//DTD XHTML 1.0 Transitional//EN"
    "http://www.w3.org/TR/xhtml1/DTD/xhtml1-transitional.dtd">
<html xmlns="http://www.w3.org/1999/xhtml" xml:lang="en" lang="en">
 <head>
  <title>
</title>
<meta http-equiv="Content-Type" content="text/html;charset=utf-8" />
  <meta name='ocr-system' content='tesseract 3.04.00' />
  <meta name='ocr-capabilities' content='ocr_page ocr_carea ocr_par ocr_line ocrx_word'/>
</head>
<body>
  <div class='ocr_page' id='page_1' title='image "./monumentagerma05geseuoft_0220.png"; bbox 0 0 2190 3172; ppageno 0'>
   <div class='ocr_carea' id='block_1_1' title="bbox 220 1360 324 1433">
    <p class='ocr_par' dir='ltr' id='par_1_1' title="bbox 220 1360 324 1433">
     <span class='ocr_line' id='line_1_1' title="bbox 233 1360 324 1381; baseline -0.022 0"><span class='ocrx_word' id='word_1_1' title='bbox 233 1360 280 1381; x_wconf 86' lang='lat' dir='ltr'><em>Oct.</em></span> <span class='ocrx_word' id='word_1_2' title='bbox 291 1361 324 1381; x_wconf 73' lang='lat'><em>20.</em></span> 
     </span>
     <span class='ocr_line' id='line_1_2' title="bbox 220 1411 319 1433; baseline -0.01 -1"><span class='ocrx_word' id='word_1_3' title='bbox 220 1411 276 1432; x_wconf 85' lang='lat' dir='ltr'><em>Nov.</em></span> <span class='ocrx_word' id='word_1_4' title='bbox 289 1413 319 1433; x_wconf 76' lang='lat'><em>25.</em></span> 
     </span>
    </p>
   </div>
   <div class='ocr_carea' id='block_1_2' title="bbox 334 190 1786 236">
    <p class='ocr_par' dir='ltr' id='par_1_2' title="bbox 334 190 1786 236">
     <span class='ocr_line' id='line_1_3' title="bbox 334 190 1786 236; baseline -0.003 -6"><span class='ocrx_word' id='word_1_5' title='bbox 334 206 394 236; x_wconf 73' lang='lat'><em>180</em></span> <span class='ocrx_word' id='word_1_6' title='bbox 530 202 627 230; x_wconf 77' lang='lat' dir='ltr'>ACTA</span> <span class='ocrx_word' id='word_1_7' title='bbox 647 202 757 229; x_wconf 83' lang='lat' dir='ltr'>REGNI</span> <span class='ocrx_word' id='word_1_8' title='bbox 776 200 960 228; x_wconf 84' lang='lat' dir='ltr'>LUDEWICI</span> <span class='ocrx_word' id='word_1_9' title='bbox 979 201 1025 227; x_wconf 90' lang='lat' dir='ltr'><em>IV.</em></span> <span class='ocrx_word' id='word_1_10' title='bbox 1045 200 1090 227; x_wconf 87' lang='lat' dir='ltr'><em>ET</em></span> <span class='ocrx_word' id='word_1_11' title='bbox 1109 190 1295 226; x_wconf 82' lang='lat' dir='ltr'>FRIDERICI</span> <span class='ocrx_word' id='word_1_12' title='bbox 1314 199 1363 226; x_wconf 89' lang='lat'>111.</span> <span class='ocrx_word' id='word_1_13' title='bbox 1401 199 1475 226; x_wconf 85' lang='lat'>1315.</span> <span class='ocrx_word' id='word_1_14' title='bbox 1511 199 1559 226; x_wconf 87' lang='lat' dir='ltr'><em>Nr.</em></span> <span class='ocrx_word' id='word_1_15' title='bbox 1574 199 1631 227; x_wconf 84' lang='lat'>196.</span> <span class='ocrx_word' id='word_1_16' title='bbox 1651 198 1708 226; x_wconf 86' lang='grc'><strong>197.</strong></span> <span class='ocrx_word' id='word_1_17' title='bbox 1727 199 1786 226; x_wconf 87' lang='grc'><strong>198.</strong></span> 
     </span>
    </p>
   </div>
   <div class='ocr_carea' id='block_1_3' title="bbox 331 285 1984 486">
    <p class='ocr_par' dir='ltr' id='par_1_3' title="bbox 331 285 1984 374">
     <span class='ocr_line' id='line_1_4' title="bbox 331 285 1984 330; baseline -0.003 -8"><span class='ocrx_word' id='word_1_18' title='bbox 331 289 514 322; x_wconf 84' lang='lat' dir='ltr'><em>intendatis.</em></span> <span class='ocrx_word' id='word_1_19' title='bbox 603 289 640 320; x_wconf 93' lang='lat' dir='ltr'><em>In</em></span> <span class='ocrx_word' id='word_1_20' title='bbox 664 299 799 330; x_wconf 91' lang='lat' dir='ltr'><em>quorum</em></span> <span class='ocrx_word' id='word_1_21' title='bbox 824 287 1019 320; x_wconf 80' lang='lat' dir='ltr'><em>evidentiam</em></span> <span class='ocrx_word' id='word_1_22' title='bbox 1043 290 1076 318; x_wconf 87' lang='lat' dir='ltr'><em>et</em></span> <span class='ocrx_word' id='word_1_23' title='bbox 1098 287 1316 329; x_wconf 88' lang='lat' dir='ltr'><em>testimonium</em></span> <span class='ocrx_word' id='word_1_24' title='bbox 1339 286 1398 318; x_wconf 86' lang='lat' dir='ltr'><em>has</em></span> <span class='ocrx_word' id='word_1_25' title='bbox 1412 286 1542 318; x_wconf 86' lang='lat' dir='ltr'><em>licteras</em></span> <span class='ocrx_word' id='word_1_26' title='bbox 1557 286 1735 317; x_wconf 82' lang='lat' dir='ltr'><em>maiestatis</em></span> <span class='ocrx_word' id='word_1_27' title='bbox 1751 289 1859 318; x_wconf 86' lang='lat' dir='ltr'><em>nostre</em></span> <span class='ocrx_word' id='word_1_28' title='bbox 1876 285 1984 328; x_wconf 80' lang='lat' dir='ltr'><em>sigillo</em></span> 
     </span>
     <span class='ocr_line' id='line_1_5' title="bbox 332 341 1250 374; baseline -0.007 -1"><span class='ocrx_word' id='word_1_29' title='bbox 332 342 487 374; x_wconf 80' lang='lat' dir='ltr'><strong>tradimus</strong></span> <span class='ocrx_word' id='word_1_30' title='bbox 511 341 731 373; x_wconf 83' lang='lat' dir='ltr'><em>communitas.</em></span> <span class='ocrx_word' id='word_1_31' title='bbox 1247 349 1250 353; x_wconf 93' lang='lat'><em>·</em></span> 
     </span>
    </p>

    <p class='ocr_par' dir='ltr' id='par_1_4' title="bbox 332 389 1984 486">
     <span class='ocr_line' id='line_1_6' title="bbox 438 389 1984 435; baseline -0.003 -11"><span class='ocrx_word' id='word_1_32' title='bbox 438 393 559 424; x_wconf 86' lang='lat' dir='ltr'><em>Datum</em></span> <span class='ocrx_word' id='word_1_33' title='bbox 584 392 803 433; x_wconf 85' lang='lat' dir='ltr'><em>Oppenheim‚</em></span> <span class='ocrx_word' id='word_1_34' title='bbox 834 390 878 421; x_wconf 92' lang='lat' dir='ltr'><em>II.</em></span> <span class='ocrx_word' id='word_1_35' title='bbox 898 390 980 421; x_wconf 89' lang='lat' dir='ltr'><em>Non.</em></span> <span class='ocrx_word' id='word_1_36' title='bbox 1004 390 1088 430; x_wconf 86' lang='lat' dir='ltr'><em>Ian.,</em></span> <span class='ocrx_word' id='word_1_37' title='bbox 1120 400 1203 421; x_wconf 79' lang='lat' dir='ltr'><em>anno</em></span> <span class='ocrx_word' id='word_1_38' title='bbox 1233 389 1365 435; x_wconf 81' lang='lat' dir='ltr'>Domini</span> <span class='ocrx_word' id='word_1_39' title='bbox 1396 389 1567 435; x_wconf 86' lang='lat' dir='ltr'><em>millesimo</em></span> <span class='ocrx_word' id='word_1_40' title='bbox 1598 389 1824 421; x_wconf 83' lang='lat' dir='ltr'><em>trecentesimo</em></span> <span class='ocrx_word' id='word_1_41' title='bbox 1857 389 1984 432; x_wconf 87' lang='lat' dir='ltr'><em>quinto-</em></span> 
     </span>
     <span class='ocr_line' id='line_1_7' title="bbox 332 440 1051 486; baseline -0.006 -10"><span class='ocrx_word' id='word_1_42' title='bbox 332 440 469 486; x_wconf 83' lang='lat' dir='ltr'><em>decimo,</em></span> <span class='ocrx_word' id='word_1_43' title='bbox 493 444 584 486; x_wconf 87' lang='lat' dir='ltr'><em>regni</em></span> <span class='ocrx_word' id='word_1_44' title='bbox 608 454 683 475; x_wconf 92' lang='lat' dir='ltr'><em>vero</em></span> <span class='ocrx_word' id='word_1_45' title='bbox 706 443 807 473; x_wconf 81' lang='lat' dir='ltr'>nostri</span> <span class='ocrx_word' id='word_1_46' title='bbox 830 452 913 473; x_wconf 84' lang='lat' dir='ltr'><em>anno</em></span> <span class='ocrx_word' id='word_1_47' title='bbox 937 442 1051 483; x_wconf 89' lang='lat' dir='ltr'><em>primo.</em></span> 
     </span>
    </p>
   </div>
   <div class='ocr_carea' id='block_1_4' title="bbox 606 564 2029 618">
    <p class='ocr_par' dir='ltr' id='par_1_5' title="bbox 606 564 2029 618">
     <span class='ocr_line' id='line_1_8' title="bbox 606 564 2029 618; baseline -0.001 -17"><span class='ocrx_word' id='word_1_48' title='bbox 606 615 608 618; x_wconf 27' lang='grc' dir='ltr'>Ι</span> <span class='ocrx_word' id='word_1_49' title='bbox 634 566 716 602; x_wconf 85' lang='grc'><strong>197.</strong></span> <span class='ocrx_word' id='word_1_50' title='bbox 757 565 911 601; x_wconf 81' lang='lat' dir='ltr'><em>Litterae</em></span> <span class='ocrx_word' id='word_1_51' title='bbox 939 565 1066 602; x_wconf 82' lang='lat' dir='ltr'><em>civitati</em></span> <span class='ocrx_word' id='word_1_52' title='bbox 1098 565 1300 601; x_wconf 76' lang='lat' dir='ltr'><em>Tervisinae</em></span> <span class='ocrx_word' id='word_1_53' title='bbox 1324 565 1456 615; x_wconf 66' lang='lat' dir='ltr'><em>missae.</em></span> <span class='ocrx_word' id='word_1_54' title='bbox 1562 564 1642 600; x_wconf 77' lang='lat' dir='ltr'><em>Ian.</em></span> <span class='ocrx_word' id='word_1_55' title='bbox 1661 566 1693 599; x_wconf 87' lang='lat'><em>9.</em></span> <span class='ocrx_word' id='word_1_56' title='bbox 2016 580 2029 600; x_wconf 70' lang='lat' dir='ltr'><em>s</em></span> 
     </span>
    </p>
   </div>
   <div class='ocr_carea' id='block_1_5' title="bbox 331 637 1991 837">
    <p class='ocr_par' dir='ltr' id='par_1_6' title="bbox 331 637 1991 837">
     <span class='ocr_line' id='line_1_9' title="bbox 444 637 1987 683; baseline -0.003 -10"><span class='ocrx_word' id='word_1_57' title='bbox 444 642 542 682; x_wconf 80' lang='lat' dir='ltr'><em>Copia</em></span> <span class='ocrx_word' id='word_1_58' title='bbox 571 640 628 683; x_wconf 88' lang='lat' dir='ltr'><em>(c.)</em></span> <span class='ocrx_word' id='word_1_59' title='bbox 662 641 697 672; x_wconf 79' lang='lat' dir='ltr'><em>in</em></span> <span class='ocrx_word' id='word_1_60' title='bbox 730 639 912 671; x_wconf 78' lang='lat' dir='ltr'><em>bibliotheca</em></span> <span class='ocrx_word' id='word_1_61' title='bbox 942 640 1109 671; x_wconf 80' lang='lat' dir='ltr'><em>Tervisina</em></span> <span class='ocrx_word' id='word_1_62' title='bbox 1138 639 1304 671; x_wconf 82' lang='lat' dir='ltr'><em>‘Raccolta</em></span> <span class='ocrx_word' id='word_1_63' title='bbox 1332 639 1419 671; x_wconf 80' lang='lat' dir='ltr'><em>Scoti</em></span> <span class='ocrx_word' id='word_1_64' title='bbox 1447 642 1518 671; x_wconf 88' lang='lat' dir='ltr'><em>tom.</em></span> <span class='ocrx_word' id='word_1_65' title='bbox 1543 638 1585 670; x_wconf 84' lang='lat' dir='ltr'><em>V’</em></span> <span class='ocrx_word' id='word_1_66' title='bbox 1612 649 1692 670; x_wconf 84' lang='lat' dir='ltr'><em>saec.</em></span> <span class='ocrx_word' id='word_1_67' title='bbox 1708 637 1827 670; x_wconf 87' lang='lat' dir='ltr'><em>XVII.</em></span> <span class='ocrx_word' id='word_1_68' title='bbox 1854 639 1927 678; x_wconf 72' lang='lat' dir='ltr'><em>pay.</em></span> <span class='ocrx_word' id='word_1_69' title='bbox 1944 638 1987 668; x_wconf 80' lang='grc'><em>90</em></span> 
     </span>
     <span class='ocr_line' id='line_1_10' title="bbox 333 689 1991 732; baseline -0.004 -7"><span class='ocrx_word' id='word_1_70' title='bbox 333 694 393 726; x_wconf 78' lang='lat' dir='ltr'><em>‘del</em></span> <span class='ocrx_word' id='word_1_71' title='bbox 415 694 511 725; x_wconf 85' lang='lat' dir='ltr'><em>Libro</em></span> <span class='ocrx_word' id='word_1_72' title='bbox 539 693 574 724; x_wconf 76' lang='lat' dir='ltr'><em>di</em></span> <span class='ocrx_word' id='word_1_73' title='bbox 601 691 835 731; x_wconf 70' lang='lat' dir='ltr'><em>Riformaeioni</em></span> <span class='ocrx_word' id='word_1_74' title='bbox 865 691 946 724; x_wconf 82' lang='lat' dir='ltr'><em>della</em></span> <span class='ocrx_word' id='word_1_75' title='bbox 972 691 1165 723; x_wconf 79' lang='lat' dir='ltr'><em>Cancelleria</em></span> <span class='ocrx_word' id='word_1_76' title='bbox 1192 691 1242 723; x_wconf 85' lang='lat' dir='ltr'><em>del</em></span> <span class='ocrx_word' id='word_1_77' title='bbox 1268 691 1404 723; x_wconf 81' lang='lat' dir='ltr'><em>Comune</em></span> <span class='ocrx_word' id='word_1_78' title='bbox 1426 693 1556 732; x_wconf 74' lang='lat' dir='ltr'><em>seynata</em></span> <span class='ocrx_word' id='word_1_79' title='bbox 1579 690 1679 721; x_wconf 84' lang='lat'>1315’</span> <span class='ocrx_word' id='word_1_80' title='bbox 1711 689 1804 721; x_wconf 80' lang='lat' dir='ltr'><em>hodie</em></span> <span class='ocrx_word' id='word_1_81' title='bbox 1826 689 1991 729; x_wconf 50' lang='lat' dir='ltr'><em>deperdito⁴</em></span> 
     </span>
     <span class='ocr_line' id='line_1_11' title="bbox 331 740 1984 785; baseline -0.003 -7"><span class='ocrx_word' id='word_1_82' title='bbox 331 746 387 785; x_wconf 84' lang='lat' dir='ltr'><em>fol.</em></span> <span class='ocrx_word' id='word_1_83' title='bbox 405 747 471 778; x_wconf 84' lang='lat'><em>13¹.</em></span> <span class='ocrx_word' id='word_1_84' title='bbox 521 744 663 776; x_wconf 74' lang='lat' dir='ltr'><em>Contulit</em></span> <span class='ocrx_word' id='word_1_85' title='bbox 691 754 718 775; x_wconf 89' lang='lat' dir='ltr'><em>v.</em></span> <span class='ocrx_word' id='word_1_86' title='bbox 742 743 779 775; x_wconf 82' lang='lat' dir='ltr'><em>cl.</em></span> <span class='ocrx_word' id='word_1_87' title='bbox 803 743 846 775; x_wconf 86' lang='lat' dir='ltr'><em>H.</em></span> <span class='ocrx_word' id='word_1_88' title='bbox 863 743 1028 775; x_wconf 76' lang='lat' dir='ltr'><em>Bresslau.</em></span> <span class='ocrx_word' id='word_1_89' title='bbox 1053 762 1094 767; x_wconf 89' lang='lat'><strong>—</strong></span> <span class='ocrx_word' id='word_1_90' title='bbox 1117 743 1180 775; x_wconf 77' lang='lat' dir='ltr'><em>Ed.</em></span> <span class='ocrx_word' id='word_1_91' title='bbox 1204 743 1295 775; x_wconf 85' lang='lat' dir='ltr'><em>Verci</em></span> <span class='ocrx_word' id='word_1_92' title='bbox 1317 743 1436 775; x_wconf 83' lang='lat' dir='ltr'><em>‘Storia</em></span> <span class='ocrx_word' id='word_1_93' title='bbox 1456 742 1539 774; x_wconf 81' lang='lat' dir='ltr'><em>delta</em></span> <span class='ocrx_word' id='word_1_94' title='bbox 1560 752 1670 774; x_wconf 82' lang='lat' dir='ltr'><em>marca</em></span> <span class='ocrx_word' id='word_1_95' title='bbox 1687 741 1883 782; x_wconf 73' lang='lat' dir='ltr'><em>Triviyiana&#39;</em></span> <span class='ocrx_word' id='word_1_96' title='bbox 1902 740 1984 779; x_wconf 80' lang='lat' dir='ltr'><em>VII,</em></span> 
     </span>
     <span class='ocr_line' id='line_1_12' title="bbox 332 795 1298 837; baseline -0.002 -8"><span class='ocrx_word' id='word_1_97' title='bbox 332 799 375 829; x_wconf 83' lang='lat'><em>93</em></span> <span class='ocrx_word' id='word_1_98' title='bbox 396 808 446 829; x_wconf 77' lang='lat' dir='ltr'><em>nr.</em></span> <span class='ocrx_word' id='word_1_99' title='bbox 464 796 527 828; x_wconf 77' lang='lat'><em>725</em></span> <span class='ocrx_word' id='word_1_100' title='bbox 550 807 589 828; x_wconf 77' lang='lat' dir='ltr'><em>ex</em></span> <span class='ocrx_word' id='word_1_101' title='bbox 611 806 637 828; x_wconf 93' lang='lat' dir='ltr'><em>c.</em></span> <span class='ocrx_word' id='word_1_102' title='bbox 661 796 718 836; x_wconf 88' lang='lat'><em>(=</em></span> <span class='ocrx_word' id='word_1_103' title='bbox 742 795 890 833; x_wconf 66' lang='lat' dir='ltr'><em>Behmer,</em></span> <span class='ocrx_word' id='word_1_104' title='bbox 906 795 1042 827; x_wconf 85' lang='lat' dir='ltr'><em>‘Fontes&#39;</em></span> <span class='ocrx_word' id='word_1_105' title='bbox 1066 795 1095 834; x_wconf 89' lang='lat' dir='ltr'><em>I,</em></span> <span class='ocrx_word' id='word_1_106' title='bbox 1120 796 1184 827; x_wconf 85' lang='lat'><em>192</em></span> <span class='ocrx_word' id='word_1_107' title='bbox 1204 805 1238 828; x_wconf 80' lang='lat' dir='ltr'><em>n.</em></span> <span class='ocrx_word' id='word_1_108' title='bbox 1254 796 1298 837; x_wconf 86' lang='lat'><em>1).</em></span> 
     </span>
    </p>
   </div>
   <div class='ocr_carea' id='block_1_6' title="bbox 333 851 2031 1034">
    <p class='ocr_par' dir='ltr' id='par_1_7' title="bbox 333 851 2031 1034">
     <span class='ocr_line' id='line_1_13' title="bbox 440 851 2031 892; baseline -0.004 -8"><span class='ocrx_word' id='word_1_109' title='bbox 440 853 588 891; x_wconf 72' lang='lat' dir='ltr'><em>Bohmer,</em></span> <span class='ocrx_word' id='word_1_110' title='bbox 613 852 688 892; x_wconf 75' lang='lat' dir='ltr'><em>Rey.</em></span> <span class='ocrx_word' id='word_1_111' title='bbox 713 851 826 883; x_wconf 80' lang='lat' dir='ltr'><em>Ludw.</em></span> <span class='ocrx_word' id='word_1_112' title='bbox 844 862 879 891; x_wconf 80' lang='lat' dir='ltr'><em>p.</em></span> <span class='ocrx_word' id='word_1_113' title='bbox 896 853 917 882; x_wconf 80' lang='lat'><strong><em>4</em></strong></span> <span class='ocrx_word' id='word_1_114' title='bbox 939 861 988 882; x_wconf 79' lang='lat' dir='ltr'><em>nr.</em></span> <span class='ocrx_word' id='word_1_115' title='bbox 1007 852 1056 882; x_wconf 85' lang='lat'><em>60.</em></span> <span class='ocrx_word' id='word_1_116' title='bbox 2002 859 2031 878; x_wconf 60' lang='grc' dir='ltr'><em>πο</em></span> 
     </span>
     <span class='ocr_line' id='line_1_14' title="bbox 441 934 1986 980; baseline -0.003 -10"><span class='ocrx_word' id='word_1_117' title='bbox 441 939 624 971; x_wconf 86' lang='lat' dir='ltr'><em>Ludovicus</em></span> <span class='ocrx_word' id='word_1_118' title='bbox 646 937 710 970; x_wconf 90' lang='lat' dir='ltr'><em>Dei</em></span> <span class='ocrx_word' id='word_1_119' title='bbox 738 938 843 980; x_wconf 84' lang='lat' dir='ltr'><em>gratia</em></span> <span class='ocrx_word' id='word_1_120' title='bbox 865 937 1086 969; x_wconf 83' lang='lat' dir='ltr'><em>Romanorum</em></span> <span class='ocrx_word' id='word_1_121' title='bbox 1114 947 1172 968; x_wconf 87' lang='lat' dir='ltr'><em>rex</em></span> <span class='ocrx_word' id='word_1_122' title='bbox 1202 946 1331 977; x_wconf 80' lang='lat' dir='ltr'><em>semper</em></span> <span class='ocrx_word' id='word_1_123' title='bbox 1359 938 1514 978; x_wconf 81' lang='lat' dir='ltr'><em>augustus</em></span> <span class='ocrx_word' id='word_1_124' title='bbox 1609 934 1820 977; x_wconf 77' lang='lat' dir='ltr'><em>prudentibus</em></span> <span class='ocrx_word' id='word_1_125' title='bbox 1848 935 1923 978; x_wconf 84' lang='lat' dir='ltr'><em>viris</em></span> <span class='ocrx_word' id='word_1_126' title='bbox 1946 958 1955 967; x_wconf 90' lang='lat'><strong>.</strong></span> <span class='ocrx_word' id='word_1_127' title='bbox 1979 959 1986 967; x_wconf 93' lang='lat'>.</span> 
     </span>
     <span class='ocr_line' id='line_1_15' title="bbox 333 987 1987 1034; baseline -0.003 -11"><span class='ocrx_word' id='word_1_128' title='bbox 333 992 497 1034; x_wconf 78' lang='lat' dir='ltr'><em>potestati,</em></span> <span class='ocrx_word' id='word_1_129' title='bbox 522 990 705 1022; x_wconf 89' lang='lat' dir='ltr'><em>consulibus</em></span> <span class='ocrx_word' id='word_1_130' title='bbox 729 993 762 1022; x_wconf 91' lang='lat' dir='ltr'><em>et</em></span> <span class='ocrx_word' id='word_1_131' title='bbox 783 989 985 1021; x_wconf 85' lang='lat' dir='ltr'><em>universitati</em></span> <span class='ocrx_word' id='word_1_132' title='bbox 1007 988 1147 1020; x_wconf 80' lang='lat' dir='ltr'><em>civitatis</em></span> <span class='ocrx_word' id='word_1_133' title='bbox 1170 988 1345 1028; x_wconf 84' lang='lat' dir='ltr'><em>Tervisine,</em></span> <span class='ocrx_word' id='word_1_134' title='bbox 1369 987 1518 1018; x_wconf 88' lang='lat' dir='ltr'><em>fidelibus</em></span> <span class='ocrx_word' id='word_1_135' title='bbox 1541 987 1606 1029; x_wconf 87' lang='lat' dir='ltr'><em>suis</em></span> <span class='ocrx_word' id='word_1_136' title='bbox 1630 987 1755 1019; x_wconf 86' lang='lat' dir='ltr'><em>dilectis</em></span> <span class='ocrx_word' id='word_1_137' title='bbox 1848 987 1987 1030; x_wconf 83' lang='lat' dir='ltr'><em>gratiam</em></span> 
     </span>
    </p>
   </div>
   <div class='ocr_carea' id='block_1_7' title="bbox 333 1042 2037 2118">
    <p class='ocr_par' dir='ltr' id='par_1_8' title="bbox 333 1042 751 1074">
     <span class='ocr_line' id='line_1_16' title="bbox 333 1042 751 1074; baseline -0.005 0"><span class='ocrx_word' id='word_1_138' title='bbox 333 1053 425 1074; x_wconf 86' lang='lat' dir='ltr'><em>suam</em></span> <span class='ocrx_word' id='word_1_139' title='bbox 449 1045 481 1074; x_wconf 89' lang='lat' dir='ltr'><em>et</em></span> <span class='ocrx_word' id='word_1_140' title='bbox 504 1053 598 1074; x_wconf 89' lang='lat' dir='ltr'><em>omne</em></span> <span class='ocrx_word' id='word_1_141' title='bbox 623 1042 751 1073; x_wconf 92' lang='lat' dir='ltr'><em>bonum.</em></span> 
     </span>
    </p>

    <p class='ocr_par' dir='ltr' id='par_1_9' title="bbox 333 1089 2037 2059">
     <span class='ocr_line' id='line_1_17' title="bbox 444 1089 1988 1133; baseline -0.002 -8"><span class='ocrx_word' id='word_1_142' title='bbox 444 1093 525 1125; x_wconf 87' lang='lat' dir='ltr'><em>Oum</em></span> <span class='ocrx_word' id='word_1_143' title='bbox 554 1104 637 1125; x_wconf 80' lang='lat' dir='ltr'><em>nova</em></span> <span class='ocrx_word' id='word_1_144' title='bbox 667 1093 708 1124; x_wconf 92' lang='lat' dir='ltr'><em>de</em></span> <span class='ocrx_word' id='word_1_145' title='bbox 738 1093 823 1124; x_wconf 92' lang='lat' dir='ltr'><em>bono</em></span> <span class='ocrx_word' id='word_1_146' title='bbox 855 1095 939 1124; x_wconf 86' lang='lat' dir='ltr'><em>statu</em></span> <span class='ocrx_word' id='word_1_147' title='bbox 971 1095 1003 1123; x_wconf 88' lang='lat' dir='ltr'><em>et</em></span> <span class='ocrx_word' id='word_1_148' title='bbox 1030 1092 1193 1133; x_wconf 81' lang='lat' dir='ltr'><em>prosperis</em></span> <span class='ocrx_word' id='word_1_149' title='bbox 1228 1090 1427 1122; x_wconf 78' lang='lat' dir='ltr'><em>successibus</em></span> <span class='ocrx_word' id='word_1_150' title='bbox 1461 1090 1613 1132; x_wconf 88' lang='lat' dir='ltr'><em>principis</em></span> <span class='ocrx_word' id='word_1_151' title='bbox 1641 1089 1683 1122; x_wconf 85' lang='lat' dir='ltr'><em>ad</em></span> <span class='ocrx_word' id='word_1_152' title='bbox 1704 1089 1813 1122; x_wconf 60' lang='lat' dir='ltr'><em>&#39;aures’</em></span> <span class='ocrx_word' id='word_1_153' title='bbox 1831 1089 1988 1132; x_wconf 81' lang='lat' dir='ltr'><em>producta</em></span> 
     </span>
     <span class='ocr_line' id='line_1_18' title="bbox 333 1141 2031 1187; baseline -0.005 -9"><span class='ocrx_word' id='word_1_154' title='bbox 333 1146 477 1178; x_wconf 88' lang='lat' dir='ltr'><em>fidelium</em></span> <span class='ocrx_word' id='word_1_155' title='bbox 493 1147 525 1177; x_wconf 93' lang='lat' dir='ltr'><em>in</em></span> <span class='ocrx_word' id='word_1_156' title='bbox 541 1146 618 1187; x_wconf 87' lang='lat' dir='ltr'><em>ipsis</em></span> <span class='ocrx_word' id='word_1_157' title='bbox 634 1145 839 1176; x_wconf 85' lang='lat' dir='ltr'><em>iocunditatis</em></span> <span class='ocrx_word' id='word_1_158' title='bbox 855 1144 1023 1175; x_wconf 83' lang='lat' dir='ltr'><em>materiam</em></span> <span class='ocrx_word' id='word_1_159' title='bbox 1041 1143 1192 1183; x_wconf 84' lang='lat' dir='ltr'><em>efficiant,</em></span> <span class='ocrx_word' id='word_1_160' title='bbox 1205 1142 1369 1174; x_wconf 89' lang='lat' dir='ltr'><em>fidelitatis</em></span> <span class='ocrx_word' id='word_1_161' title='bbox 1386 1141 1598 1174; x_wconf 80' lang='lat' dir='ltr'><em>constantiam</em></span> <span class='ocrx_word' id='word_1_162' title='bbox 1614 1145 1755 1184; x_wconf 79' lang='lat' dir='ltr'><em>augeant</em></span> <span class='ocrx_word' id='word_1_163' title='bbox 1770 1145 1803 1174; x_wconf 86' lang='lat' dir='ltr'><em>et</em></span> <span class='ocrx_word' id='word_1_164' title='bbox 1817 1141 1988 1174; x_wconf 85' lang='lat' dir='ltr'><em>rebellium</em></span> <span class='ocrx_word' id='word_1_165' title='bbox 2007 1151 2031 1171; x_wconf 67' lang='grc' dir='ltr'><em>ιι</em></span> 
     </span>
     <span class='ocr_line' id='line_1_19' title="bbox 336 1194 1989 1236; baseline -0.003 -6"><span class='ocrx_word' id='word_1_166' title='bbox 336 1198 434 1230; x_wconf 85' lang='lat' dir='ltr'><em>corda</em></span> <span class='ocrx_word' id='word_1_167' title='bbox 464 1198 578 1229; x_wconf 90' lang='lat' dir='ltr'><em>timore</em></span> <span class='ocrx_word' id='word_1_168' title='bbox 608 1196 715 1229; x_wconf 84' lang='lat' dir='ltr'><em>valido</em></span> <span class='ocrx_word' id='word_1_169' title='bbox 744 1196 968 1228; x_wconf 83' lang='lat' dir='ltr'><em>tremefaciant</em></span> <span class='ocrx_word' id='word_1_170' title='bbox 998 1199 1031 1227; x_wconf 89' lang='lat' dir='ltr'><em>et</em></span> <span class='ocrx_word' id='word_1_171' title='bbox 1061 1194 1263 1236; x_wconf 81' lang='lat' dir='ltr'><em>perturbent,</em></span> <span class='ocrx_word' id='word_1_172' title='bbox 1294 1194 1386 1226; x_wconf 87' lang='lat' dir='ltr'><em>vobis</em></span> <span class='ocrx_word' id='word_1_173' title='bbox 1409 1194 1464 1235; x_wconf 92' lang='lat' dir='ltr'><em>qui</em></span> <span class='ocrx_word' id='word_1_174' title='bbox 1485 1194 1642 1226; x_wconf 88' lang='lat' dir='ltr'><em>honorem</em></span> <span class='ocrx_word' id='word_1_175' title='bbox 1664 1194 1791 1236; x_wconf 92' lang='lat' dir='ltr'><em>imperii</em></span> <span class='ocrx_word' id='word_1_176' title='bbox 1815 1196 1849 1225; x_wconf 92' lang='lat' dir='ltr'><em>et</em></span> <span class='ocrx_word' id='word_1_177' title='bbox 1870 1196 1989 1226; x_wconf 88' lang='lat' dir='ltr'><em>statum</em></span> 
     </span>
     <span class='ocr_line' id='line_1_20' title="bbox 337 1245 1989 1292; baseline -0.004 -10"><span class='ocrx_word' id='word_1_178' title='bbox 337 1251 406 1282; x_wconf 90' lang='lat' dir='ltr'><em>eius</em></span> <span class='ocrx_word' id='word_1_179' title='bbox 428 1260 617 1292; x_wconf 86' lang='lat' dir='ltr'><em>prosperum</em></span> <span class='ocrx_word' id='word_1_180' title='bbox 641 1249 772 1280; x_wconf 86' lang='lat' dir='ltr'><em>sinceris</em></span> <span class='ocrx_word' id='word_1_181' title='bbox 794 1247 963 1286; x_wconf 85' lang='lat' dir='ltr'><em>affectibus</em></span> <span class='ocrx_word' id='word_1_182' title='bbox 986 1247 1119 1289; x_wconf 86' lang='lat' dir='ltr'><em>diligitis</em></span> <span class='ocrx_word' id='word_1_183' title='bbox 1142 1246 1291 1278; x_wconf 83' lang='lat' dir='ltr'><em>duximus</em></span> <span class='ocrx_word' id='word_1_184' title='bbox 1313 1245 1536 1286; x_wconf 86' lang='lat' dir='ltr'><em>intimandum,</em></span> <span class='ocrx_word' id='word_1_185' title='bbox 1559 1245 1646 1289; x_wconf 83' lang='lat' dir='ltr'><em>quod</em></span> <span class='ocrx_word' id='word_1_186' title='bbox 1669 1245 1776 1277; x_wconf 84' lang='lat' dir='ltr'><em>divina</em></span> <span class='ocrx_word' id='word_1_187' title='bbox 1800 1245 1989 1287; x_wconf 86' lang='lat' dir='ltr'><em>disponente</em></span> 
     </span>
     <span class='ocr_line' id='line_1_21' title="bbox 335 1296 1990 1344; baseline -0.003 -11"><span class='ocrx_word' id='word_1_188' title='bbox 335 1302 537 1344; x_wconf 85' lang='lat' dir='ltr'><em>providentia</em></span> <span class='ocrx_word' id='word_1_189' title='bbox 561 1302 593 1332; x_wconf 91' lang='lat' dir='ltr'><em>in</em></span> <span class='ocrx_word' id='word_1_190' title='bbox 615 1310 727 1342; x_wconf 89' lang='lat' dir='ltr'><em>regem</em></span> <span class='ocrx_word' id='word_1_191' title='bbox 747 1300 967 1331; x_wconf 87' lang='lat' dir='ltr'><em>Romanorum</em></span> <span class='ocrx_word' id='word_1_192' title='bbox 993 1309 1101 1330; x_wconf 90' lang='lat' dir='ltr'><em>sumus</em></span> <span class='ocrx_word' id='word_1_193' title='bbox 1125 1309 1183 1340; x_wconf 90' lang='lat' dir='ltr'><em>per</em></span> <span class='ocrx_word' id='word_1_194' title='bbox 1206 1297 1398 1330; x_wconf 86' lang='lat' dir='ltr'><em>electionem</em></span> <span class='ocrx_word' id='word_1_195' title='bbox 1421 1298 1607 1329; x_wconf 79' lang='lat' dir='ltr'><em>canonicam</em></span> <span class='ocrx_word' id='word_1_196' title='bbox 1631 1298 1821 1342; x_wconf 83' lang='lat' dir='ltr'><em>principum,</em></span> <span class='ocrx_word' id='word_1_197' title='bbox 1844 1296 1887 1328; x_wconf 88' lang='lat' dir='ltr'><em>ad</em></span> <span class='ocrx_word' id='word_1_198' title='bbox 1909 1307 1990 1339; x_wconf 87' lang='lat' dir='ltr'><em>quos</em></span> 
     </span>
     <span class='ocr_line' id='line_1_22' title="bbox 338 1348 1989 1395; baseline -0.002 -10"><span class='ocrx_word' id='word_1_199' title='bbox 338 1355 387 1385; x_wconf 90' lang='lat' dir='ltr'><em>ius</em></span> <span class='ocrx_word' id='word_1_200' title='bbox 411 1353 553 1395; x_wconf 88' lang='lat' dir='ltr'><em>eligendi</em></span> <span class='ocrx_word' id='word_1_201' title='bbox 574 1353 726 1394; x_wconf 86' lang='lat' dir='ltr'><em>pertinet,</em></span> <span class='ocrx_word' id='word_1_202' title='bbox 749 1353 782 1383; x_wconf 93' lang='lat' dir='ltr'><em>in</em></span> <span class='ocrx_word' id='word_1_203' title='bbox 799 1352 957 1383; x_wconf 74' lang='lat' dir='ltr'><em>crastino⁸</em></span> <span class='ocrx_word' id='word_1_204' title='bbox 980 1350 1068 1382; x_wconf 83' lang='lat' dir='ltr'><em>beati</em></span> <span class='ocrx_word' id='word_1_205' title='bbox 1084 1350 1172 1382; x_wconf 91' lang='lat' dir='ltr'><em>Luce</em></span> <span class='ocrx_word' id='word_1_206' title='bbox 1197 1350 1394 1392; x_wconf 80' lang='lat' dir='ltr'><em>evangeliste</em></span> <span class='ocrx_word' id='word_1_207' title='bbox 1415 1349 1448 1381; x_wconf 89' lang='lat' dir='ltr'><em>in</em></span> <span class='ocrx_word' id='word_1_208' title='bbox 1461 1348 1718 1381; x_wconf 63' lang='lat' dir='ltr'><em>Franehenfurtb</em></span> <span class='ocrx_word' id='word_1_209' title='bbox 1740 1349 1812 1381; x_wconf 92' lang='lat' dir='ltr'><em>loco</em></span> <span class='ocrx_word' id='word_1_210' title='bbox 1835 1353 1989 1391; x_wconf 81' lang='lat' dir='ltr'><em>consueto</em></span> 
     </span>
     <span class='ocr_line' id='line_1_23' title="bbox 338 1399 2035 1444; baseline -0.003 -7"><span class='ocrx_word' id='word_1_211' title='bbox 338 1409 371 1437; x_wconf 88' lang='lat' dir='ltr'><em>et</em></span> <span class='ocrx_word' id='word_1_212' title='bbox 398 1405 492 1436; x_wconf 88' lang='lat' dir='ltr'><em>solito</em></span> <span class='ocrx_word' id='word_1_213' title='bbox 521 1404 685 1436; x_wconf 85' lang='lat' dir='ltr'><em>sublimati</em></span> <span class='ocrx_word' id='word_1_214' title='bbox 713 1407 745 1435; x_wconf 89' lang='lat' dir='ltr'><em>et</em></span> <span class='ocrx_word' id='word_1_215' title='bbox 772 1403 888 1435; x_wconf 87' lang='lat' dir='ltr'><em>deinde</em></span> <span class='ocrx_word' id='word_1_216' title='bbox 919 1403 951 1434; x_wconf 94' lang='lat' dir='ltr'><em>in</em></span> <span class='ocrx_word' id='word_1_217' title='bbox 979 1402 1031 1434; x_wconf 89' lang='lat' dir='ltr'><em>die</em></span> <span class='ocrx_word' id='word_1_218' title='bbox 1063 1402 1159 1434; x_wconf 81' lang='lat' dir='ltr'><em>beate</em></span> <span class='ocrx_word' id='word_1_219' title='bbox 1188 1401 1362 1433; x_wconf 80' lang='lat' dir='ltr'><em>Oatharine</em></span> <span class='ocrx_word' id='word_1_220' title='bbox 1391 1402 1522 1444; x_wconf 88' lang='lat' dir='ltr'><em>virginis</em></span> <span class='ocrx_word' id='word_1_221' title='bbox 1556 1400 1772 1443; x_wconf 87' lang='lat' dir='ltr'><em>subsequente</em></span> <span class='ocrx_word' id='word_1_222' title='bbox 1799 1401 1830 1432; x_wconf 89' lang='lat' dir='ltr'><em>in</em></span> <span class='ocrx_word' id='word_1_223' title='bbox 1859 1399 1990 1433; x_wconf 77' lang='lat' dir='ltr'><em>civitate</em></span> <span class='ocrx_word' id='word_1_224' title='bbox 2008 1407 2035 1428; x_wconf 62' lang='grc' dir='ltr'><strong>ὀ</strong></span> 
     </span>
     <span class='ocr_line' id='line_1_24' title="bbox 337 1453 1991 1498; baseline -0.003 -9"><span class='ocrx_word' id='word_1_225' title='bbox 337 1460 446 1489; x_wconf 88' lang='lat' dir='ltr'><em>nostra</em></span> <span class='ocrx_word' id='word_1_226' title='bbox 470 1457 572 1498; x_wconf 87' lang='lat' dir='ltr'><em>regali</em></span> <span class='ocrx_word' id='word_1_227' title='bbox 595 1456 740 1498; x_wconf 86' lang='lat' dir='ltr'><em>Aquensi</em></span> <span class='ocrx_word' id='word_1_228' title='bbox 765 1466 837 1486; x_wconf 92' lang='lat' dir='ltr'><em>cum</em></span> <span class='ocrx_word' id='word_1_229' title='bbox 863 1465 917 1495; x_wconf 86' lang='lat' dir='ltr'><em>ea,</em></span> <span class='ocrx_word' id='word_1_230' title='bbox 942 1465 1006 1496; x_wconf 87' lang='lat' dir='ltr'><em>qua</em></span> <span class='ocrx_word' id='word_1_231' title='bbox 1028 1453 1171 1496; x_wconf 85' lang='lat' dir='ltr'><em>regalem</em></span> <span class='ocrx_word' id='word_1_232' title='bbox 1197 1453 1305 1485; x_wconf 85' lang='lat' dir='ltr'><em>decuit</em></span> <span class='ocrx_word' id='word_1_233' title='bbox 1327 1453 1554 1485; x_wconf 79' lang='lat' dir='ltr'><em>excellentiam</em></span> <span class='ocrx_word' id='word_1_234' title='bbox 1576 1453 1771 1494; x_wconf 80' lang='lat' dir='ltr'><em>reverentia,</em></span> <span class='ocrx_word' id='word_1_235' title='bbox 1794 1453 1935 1494; x_wconf 83' lang='lat' dir='ltr'><em>suscepti</em></span> <span class='ocrx_word' id='word_1_236' title='bbox 1957 1456 1991 1485; x_wconf 90' lang='lat' dir='ltr'><em>et</em></span> 
     </span>
     <span class='ocr_line' id='line_1_25' title="bbox 337 1504 1990 1548; baseline -0.003 -8"><span class='ocrx_word' id='word_1_237' title='bbox 337 1510 519 1541; x_wconf 81' lang='lat' dir='ltr'><em>intronizati</em></span> <span class='ocrx_word' id='word_1_238' title='bbox 541 1509 574 1540; x_wconf 91' lang='lat' dir='ltr'><em>in</em></span> <span class='ocrx_word' id='word_1_239' title='bbox 597 1508 733 1540; x_wconf 82' lang='lat' dir='ltr'><em>ecclesia</em></span> <span class='ocrx_word' id='word_1_240' title='bbox 756 1507 851 1539; x_wconf 85' lang='lat' dir='ltr'><em>beate</em></span> <span class='ocrx_word' id='word_1_241' title='bbox 868 1506 970 1538; x_wconf 85' lang='lat' dir='ltr'><em>Marie</em></span> <span class='ocrx_word' id='word_1_242' title='bbox 986 1506 1118 1548; x_wconf 87' lang='lat' dir='ltr'><em>virginis</em></span> <span class='ocrx_word' id='word_1_243' title='bbox 1141 1505 1272 1546; x_wconf 89' lang='lat' dir='ltr'><em>ibidem,</em></span> <span class='ocrx_word' id='word_1_244' title='bbox 1295 1505 1386 1537; x_wconf 50' lang='lat' dir='ltr'><em>loco?</em></span> <span class='ocrx_word' id='word_1_245' title='bbox 1409 1504 1451 1536; x_wconf 82' lang='lat' dir='ltr'><em>ad</em></span> <span class='ocrx_word' id='word_1_246' title='bbox 1473 1505 1534 1536; x_wconf 92' lang='lat' dir='ltr'><em>hoc</em></span> <span class='ocrx_word' id='word_1_247' title='bbox 1557 1504 1663 1545; x_wconf 88' lang='lat' dir='ltr'><em>solito,</em></span> <span class='ocrx_word' id='word_1_248' title='bbox 1687 1507 1720 1536; x_wconf 88' lang='lat' dir='ltr'><em>et</em></span> <span class='ocrx_word' id='word_1_249' title='bbox 1743 1515 1816 1536; x_wconf 90' lang='lat' dir='ltr'><em>cum</em></span> <span class='ocrx_word' id='word_1_250' title='bbox 1839 1504 1990 1536; x_wconf 90' lang='lat' dir='ltr'><em>solemni-</em></span> 
     </span>
     <span class='ocr_line' id='line_1_26' title="bbox 338 1555 1989 1601; baseline -0.004 -8"><span class='ocrx_word' id='word_1_251' title='bbox 338 1561 458 1593; x_wconf 81' lang='lat' dir='ltr'><em>tatibus</em></span> <span class='ocrx_word' id='word_1_252' title='bbox 493 1561 653 1592; x_wconf 90' lang='lat' dir='ltr'><em>consuetis</em></span> <span class='ocrx_word' id='word_1_253' title='bbox 681 1563 714 1591; x_wconf 90' lang='lat' dir='ltr'><em>et</em></span> <span class='ocrx_word' id='word_1_254' title='bbox 744 1559 862 1590; x_wconf 89' lang='lat' dir='ltr'><em>debitis</em></span> <span class='ocrx_word' id='word_1_255' title='bbox 895 1559 1019 1601; x_wconf 86' lang='lat' dir='ltr'><em>regium</em></span> <span class='ocrx_word' id='word_1_256' title='bbox 1054 1558 1253 1599; x_wconf 85' lang='lat' dir='ltr'><em>suscepimus</em></span> <span class='ocrx_word' id='word_1_257' title='bbox 1288 1557 1447 1589; x_wconf 87' lang='lat' dir='ltr'><em>diadema.</em></span> <span class='ocrx_word' id='word_1_258' title='bbox 1492 1557 1534 1588; x_wconf 90' lang='lat' dir='ltr'><em>Et</em></span> <span class='ocrx_word' id='word_1_259' title='bbox 1560 1557 1624 1588; x_wconf 84' lang='lat' dir='ltr'><em>iam</em></span> <span class='ocrx_word' id='word_1_260' title='bbox 1657 1555 1765 1587; x_wconf 81' lang='lat' dir='ltr'><em>divina</em></span> <span class='ocrx_word' id='word_1_261' title='bbox 1795 1559 1989 1598; x_wconf 87' lang='lat' dir='ltr'><em>cooperante</em></span> 
     </span>
     <span class='ocr_line' id='line_1_27' title="bbox 339 1608 1988 1654; baseline -0.004 -9"><span class='ocrx_word' id='word_1_262' title='bbox 339 1613 511 1645; x_wconf 84' lang='lat' dir='ltr'><em>clementia</em></span> <span class='ocrx_word' id='word_1_263' title='bbox 540 1613 573 1644; x_wconf 89' lang='lat' dir='ltr'><em>iu</em></span> <span class='ocrx_word' id='word_1_264' title='bbox 601 1611 834 1654; x_wconf 86' lang='lat' dir='ltr'><em>gubernatione</em></span> <span class='ocrx_word' id='word_1_265' title='bbox 862 1611 957 1642; x_wconf 91' lang='lat' dir='ltr'><em>huius</em></span> <span class='ocrx_word' id='word_1_266' title='bbox 985 1611 1076 1652; x_wconf 87' lang='lat' dir='ltr'><em>regni</em></span> <span class='ocrx_word' id='word_1_267' title='bbox 1102 1610 1203 1641; x_wconf 88' lang='lat' dir='ltr'><em>nostri</em></span> <span class='ocrx_word' id='word_1_268' title='bbox 1232 1619 1397 1641; x_wconf 86' lang='lat' dir='ltr'><em>successus</em></span> <span class='ocrx_word' id='word_1_269' title='bbox 1424 1609 1581 1641; x_wconf 87' lang='lat' dir='ltr'><em>habemus</em></span> <span class='ocrx_word' id='word_1_270' title='bbox 1610 1618 1782 1650; x_wconf 88' lang='lat' dir='ltr'><em>prosperos</em></span> <span class='ocrx_word' id='word_1_271' title='bbox 1811 1611 1844 1640; x_wconf 89' lang='lat' dir='ltr'><em>et</em></span> <span class='ocrx_word' id='word_1_272' title='bbox 1865 1608 1988 1649; x_wconf 84' lang='lat' dir='ltr'><em>felices,</em></span> 
     </span>
     <span class='ocr_line' id='line_1_28' title="bbox 338 1659 2033 1708; baseline -0.003 -12"><span class='ocrx_word' id='word_1_273' title='bbox 338 1669 434 1708; x_wconf 90' lang='lat' dir='ltr'><em>prout</em></span> <span class='ocrx_word' id='word_1_274' title='bbox 461 1666 558 1696; x_wconf 89' lang='lat' dir='ltr'><em>etiam</em></span> <span class='ocrx_word' id='word_1_275' title='bbox 582 1664 672 1696; x_wconf 87' lang='lat' dir='ltr'><em>vobis</em></span> <span class='ocrx_word' id='word_1_276' title='bbox 697 1662 756 1706; x_wconf 88' lang='grc'>[..]</span> <span class='ocrx_word' id='word_1_277' title='bbox 778 1662 933 1695; x_wconf 71' lang='lat' dir='ltr'><em>clericusd</em></span> <span class='ocrx_word' id='word_1_278' title='bbox 957 1662 1081 1704; x_wconf 87' lang='lat' dir='ltr'><em>plenius</em></span> <span class='ocrx_word' id='word_1_279' title='bbox 1106 1662 1225 1703; x_wconf 88' lang='lat' dir='ltr'><em>poterit</em></span> <span class='ocrx_word' id='word_1_280' title='bbox 1247 1671 1412 1702; x_wconf 83' lang='lat' dir='ltr'><em>enarrare,</em></span> <span class='ocrx_word' id='word_1_281' title='bbox 1442 1671 1536 1703; x_wconf 89' lang='lat' dir='ltr'><em>quem</em></span> <span class='ocrx_word' id='word_1_282' title='bbox 1564 1671 1624 1702; x_wconf 87' lang='lat' dir='ltr'><em>pro</em></span> <span class='ocrx_word' id='word_1_283' title='bbox 1648 1659 1873 1702; x_wconf 87' lang='lat' dir='ltr'><em>comparandis</em></span> <span class='ocrx_word' id='word_1_284' title='bbox 1898 1659 1990 1692; x_wconf 90' lang='lat' dir='ltr'><em>nobis</em></span> <span class='ocrx_word' id='word_1_285' title='bbox 2008 1667 2033 1686; x_wconf 72' lang='lat'><em>2³</em></span> 
     </span>
     <span class='ocr_line' id='line_1_29' title="bbox 340 1713 1993 1759; baseline -0.002 -11"><span class='ocrx_word' id='word_1_286' title='bbox 340 1716 530 1759; x_wconf 85' lang='lat' dir='ltr'><em>quibusdam</em></span> <span class='ocrx_word' id='word_1_287' title='bbox 555 1716 678 1748; x_wconf 85' lang='lat' dir='ltr'><em>exeniis</em></span> <span class='ocrx_word' id='word_1_288' title='bbox 701 1716 733 1746; x_wconf 92' lang='lat' dir='ltr'><em>in</em></span> <span class='ocrx_word' id='word_1_289' title='bbox 757 1719 865 1757; x_wconf 82' lang='lat' dir='ltr'><em>partes</em></span> <span class='ocrx_word' id='word_1_290' title='bbox 885 1714 1081 1747; x_wconf 88' lang='lat' dir='ltr'><em>Lombardie</em></span> <span class='ocrx_word' id='word_1_291' title='bbox 1106 1714 1344 1755; x_wconf 84' lang='lat' dir='ltr'><em>destinavimus,</em></span> <span class='ocrx_word' id='word_1_292' title='bbox 1369 1716 1402 1745; x_wconf 92' lang='lat' dir='ltr'><em>et</em></span> <span class='ocrx_word' id='word_1_293' title='bbox 1425 1713 1575 1744; x_wconf 86' lang='lat' dir='ltr'><em>eumdem</em></span> <span class='ocrx_word' id='word_1_294' title='bbox 1599 1723 1656 1754; x_wconf 90' lang='lat' dir='ltr'><em>pro</em></span> <span class='ocrx_word' id='word_1_295' title='bbox 1679 1716 1788 1743; x_wconf 84' lang='lat' dir='ltr'><em>nostra</em></span> <span class='ocrx_word' id='word_1_296' title='bbox 1811 1713 1993 1744; x_wconf 81' lang='lat' dir='ltr'><em>reverentia</em></span> 
     </span>
     <span class='ocr_line' id='line_1_30' title="bbox 339 1764 1993 1807; baseline -0.004 -7"><span class='ocrx_word' id='word_1_297' title='bbox 339 1769 431 1800; x_wconf 92' lang='lat' dir='ltr'><em>vobis</em></span> <span class='ocrx_word' id='word_1_298' title='bbox 459 1769 492 1799; x_wconf 91' lang='lat' dir='ltr'><em>in</em></span> <span class='ocrx_word' id='word_1_299' title='bbox 520 1768 666 1800; x_wconf 88' lang='lat' dir='ltr'><em>omnibus</em></span> <span class='ocrx_word' id='word_1_300' title='bbox 694 1767 842 1799; x_wconf 80' lang='lat' dir='ltr'><em>habeatis</em></span> <span class='ocrx_word' id='word_1_301' title='bbox 876 1767 1128 1799; x_wconf 89' lang='lat' dir='ltr'><em>recommissum.</em></span> <span class='ocrx_word' id='word_1_302' title='bbox 1183 1765 1392 1797; x_wconf 83' lang='lat' dir='ltr'><em>Fidelitatem</em></span> <span class='ocrx_word' id='word_1_303' title='bbox 1421 1766 1530 1807; x_wconf 88' lang='lat' dir='ltr'><em>itaque</em></span> <span class='ocrx_word' id='word_1_304' title='bbox 1561 1767 1700 1796; x_wconf 83' lang='lat' dir='ltr'><em>vestram</em></span> <span class='ocrx_word' id='word_1_305' title='bbox 1733 1764 1925 1805; x_wconf 86' lang='lat' dir='ltr'><em>requirimus</em></span> <span class='ocrx_word' id='word_1_306' title='bbox 1959 1767 1993 1795; x_wconf 86' lang='lat' dir='ltr'><em>et</em></span> 
     </span>
     <span class='ocr_line' id='line_1_31' title="bbox 339 1815 1992 1862; baseline -0.004 -10"><span class='ocrx_word' id='word_1_307' title='bbox 339 1831 524 1861; x_wconf 89' lang='lat' dir='ltr'><em>monemus,</em></span> <span class='ocrx_word' id='word_1_308' title='bbox 555 1821 704 1862; x_wconf 87' lang='lat' dir='ltr'><em>quatinus</em></span> <span class='ocrx_word' id='word_1_309' title='bbox 728 1830 785 1861; x_wconf 91' lang='lat' dir='ltr'><em>pro</em></span> <span class='ocrx_word' id='word_1_310' title='bbox 808 1820 893 1851; x_wconf 94' lang='lat' dir='ltr'><em>bono</em></span> <span class='ocrx_word' id='word_1_311' title='bbox 918 1822 1002 1850; x_wconf 81' lang='lat' dir='ltr'><em>statu</em></span> <span class='ocrx_word' id='word_1_312' title='bbox 1026 1821 1183 1850; x_wconf 83' lang='lat' dir='ltr'><em>terrarum</em></span> <span class='ocrx_word' id='word_1_313' title='bbox 1209 1821 1242 1848; x_wconf 89' lang='lat' dir='ltr'><em>et</em></span> <span class='ocrx_word' id='word_1_314' title='bbox 1263 1817 1397 1859; x_wconf 82' lang='lat' dir='ltr'><em>pacifico</em></span> <span class='ocrx_word' id='word_1_315' title='bbox 1421 1815 1656 1857; x_wconf 82' lang='lat' dir='ltr'><em>conservando,</em></span> <span class='ocrx_word' id='word_1_316' title='bbox 1679 1816 1761 1847; x_wconf 85' lang='lat' dir='ltr'><em>sicut</em></span> <span class='ocrx_word' id='word_1_317' title='bbox 1783 1816 1992 1855; x_wconf 76' lang='lat' dir='ltr'><em>consuevistis</em></span> 
     </span>
     <span class='ocr_line' id='line_1_32' title="bbox 339 1866 1992 1913; baseline -0.004 -10"><span class='ocrx_word' id='word_1_318' title='bbox 339 1872 510 1912; x_wconf 86' lang='lat' dir='ltr'><em>hactenus,</em></span> <span class='ocrx_word' id='word_1_319' title='bbox 539 1882 632 1913; x_wconf 89' lang='lat' dir='ltr'><em>opem</em></span> <span class='ocrx_word' id='word_1_320' title='bbox 658 1874 691 1903; x_wconf 87' lang='lat' dir='ltr'><em>et</em></span> <span class='ocrx_word' id='word_1_321' title='bbox 714 1881 846 1913; x_wconf 81' lang='lat' dir='ltr'><em>operam</em></span> <span class='ocrx_word' id='word_1_322' title='bbox 871 1870 1058 1912; x_wconf 82' lang='lat' dir='ltr'><em>apponatis,</em></span> <span class='ocrx_word' id='word_1_323' title='bbox 1087 1879 1254 1912; x_wconf 89' lang='lat' dir='ltr'><em>quousque</em></span> <span class='ocrx_word' id='word_1_324' title='bbox 1275 1869 1416 1911; x_wconf 88' lang='lat' dir='ltr'><em>negotiis</em></span> <span class='ocrx_word' id='word_1_325' title='bbox 1439 1868 1566 1909; x_wconf 89' lang='lat' dir='ltr'><em>imperii</em></span> <span class='ocrx_word' id='word_1_326' title='bbox 1595 1868 1627 1899; x_wconf 92' lang='lat' dir='ltr'><em>in</em></span> <span class='ocrx_word' id='word_1_327' title='bbox 1654 1866 1799 1909; x_wconf 86' lang='lat' dir='ltr'><em>partibus</em></span> <span class='ocrx_word' id='word_1_328' title='bbox 1822 1866 1992 1898; x_wconf 85' lang='lat' dir='ltr'><em>Alemanie</em></span> 
     </span>
     <span class='ocr_line' id='line_1_33' title="bbox 340 1918 2037 1966; baseline -0.004 -10"><span class='ocrx_word' id='word_1_329' title='bbox 340 1927 436 1966; x_wconf 87' lang='lat' dir='ltr'><em>prout</em></span> <span class='ocrx_word' id='word_1_330' title='bbox 459 1927 675 1966; x_wconf 85' lang='lat' dir='ltr'><em>opportunum</em></span> <span class='ocrx_word' id='word_1_331' title='bbox 691 1923 788 1955; x_wconf 85' lang='lat' dir='ltr'><em>fuerit</em></span> <span class='ocrx_word' id='word_1_332' title='bbox 803 1923 966 1964; x_wconf 87' lang='lat' dir='ltr'><em>dispositis</em></span> <span class='ocrx_word' id='word_1_333' title='bbox 982 1922 1142 1964; x_wconf 87' lang='lat' dir='ltr'><em>possimus</em></span> <span class='ocrx_word' id='word_1_334' title='bbox 1164 1921 1195 1952; x_wconf 92' lang='lat' dir='ltr'><em>in</em></span> <span class='ocrx_word' id='word_1_335' title='bbox 1213 1921 1357 1962; x_wconf 87' lang='lat' dir='ltr'><em>partibus</em></span> <span class='ocrx_word' id='word_1_336' title='bbox 1372 1919 1570 1952; x_wconf 85' lang='lat' dir='ltr'><em>Lombardie</em></span> <span class='ocrx_word' id='word_1_337' title='bbox 1594 1919 1634 1951; x_wconf 89' lang='lat' dir='ltr'><em>de</em></span> <span class='ocrx_word' id='word_1_338' title='bbox 1658 1918 1747 1961; x_wconf 76' lang='lat' dir='ltr'><em>pac&#39;is</em></span> <span class='ocrx_word' id='word_1_339' title='bbox 1770 1919 1992 1950; x_wconf 80' lang='lat' dir='ltr'><em>conservantia</em></span> <span class='ocrx_word' id='word_1_340' title='bbox 2010 1926 2037 1946; x_wconf 73' lang='lat'><em>³⁰</em></span> 
     </span>
     <span class='ocr_line' id='line_1_34' title="bbox 340 1971 1993 2017; baseline -0.004 -10"><span class='ocrx_word' id='word_1_341' title='bbox 340 1976 483 2007; x_wconf 87' lang='lat' dir='ltr'><em>uberiori</em></span> <span class='ocrx_word' id='word_1_342' title='bbox 512 1974 716 2017; x_wconf 84' lang='lat' dir='ltr'><em>providentia</em></span> <span class='ocrx_word' id='word_1_343' title='bbox 744 1974 919 2016; x_wconf 83' lang='lat' dir='ltr'><em>perfectius</em></span> <span class='ocrx_word' id='word_1_344' title='bbox 948 1973 1102 2015; x_wconf 82' lang='lat' dir='ltr'><em>cogitare.</em></span> <span class='ocrx_word' id='word_1_345' title='bbox 1149 1971 1253 2014; x_wconf 90' lang='lat' dir='ltr'><em>Super</em></span> <span class='ocrx_word' id='word_1_346' title='bbox 1282 1982 1345 2013; x_wconf 93' lang='lat' dir='ltr'><em>quo</em></span> <span class='ocrx_word' id='word_1_347' title='bbox 1374 1971 1516 2003; x_wconf 89' lang='lat' dir='ltr'><em>breviter</em></span> <span class='ocrx_word' id='word_1_348' title='bbox 1545 1971 1587 2002; x_wconf 84' lang='lat' dir='ltr'><em>ad</em></span> <span class='ocrx_word' id='word_1_349' title='bbox 1613 1981 1670 2003; x_wconf 93' lang='lat' dir='ltr'><em>vos</em></span> <span class='ocrx_word' id='word_1_350' title='bbox 1701 1971 1845 2013; x_wconf 85' lang='lat' dir='ltr'><em>ydoneos</em></span> <span class='ocrx_word' id='word_1_351' title='bbox 1867 1973 1993 2002; x_wconf 89' lang='lat' dir='ltr'><em>nostros</em></span> 
     </span>
     <span class='ocr_line' id='line_1_35' title="bbox 341 2027 760 2059; baseline -0.005 0"><span class='ocrx_word' id='word_1_352' title='bbox 341 2028 474 2059; x_wconf 87' lang='lat' dir='ltr'><em>nuncios</em></span> <span class='ocrx_word' id='word_1_353' title='bbox 497 2027 760 2059; x_wconf 79' lang='lat' dir='ltr'><em>transmittemus.</em></span> 
     </span>
    </p>

    <p class='ocr_par' dir='ltr' id='par_1_10' title="bbox 450 2075 1480 2118">
     <span class='ocr_line' id='line_1_36' title="bbox 450 2075 1480 2118; baseline -0.005 -8"><span class='ocrx_word' id='word_1_354' title='bbox 450 2079 543 2111; x_wconf 77' lang='lat' dir='ltr'><em>Dat.0</em></span> <span class='ocrx_word' id='word_1_355' title='bbox 559 2077 766 2118; x_wconf 74' lang='lat' dir='ltr'><em>Wormaties,</em></span> <span class='ocrx_word' id='word_1_356' title='bbox 790 2078 830 2110; x_wconf 90' lang='lat' dir='ltr'><em>V.</em></span> <span class='ocrx_word' id='word_1_357' title='bbox 846 2077 895 2109; x_wconf 88' lang='lat' dir='ltr'><em>Id.</em></span> <span class='ocrx_word' id='word_1_358' title='bbox 920 2077 999 2117; x_wconf 88' lang='lat' dir='ltr'><em>Ian.,</em></span> <span class='ocrx_word' id='word_1_359' title='bbox 1024 2077 1115 2118; x_wconf 90' lang='lat' dir='ltr'><em>regni</em></span> <span class='ocrx_word' id='word_1_360' title='bbox 1138 2076 1238 2108; x_wconf 85' lang='lat' dir='ltr'><em>nostri</em></span> <span class='ocrx_word' id='word_1_361' title='bbox 1261 2085 1344 2107; x_wconf 80' lang='lat' dir='ltr'><em>anno</em></span> <span class='ocrx_word' id='word_1_362' title='bbox 1367 2075 1480 2117; x_wconf 90' lang='lat' dir='ltr'><em>primo.</em></span> 
     </span>
    </p>
   </div>
   <div class='ocr_carea' id='block_1_8' title="bbox 653 2246 2035 2386">
    <p class='ocr_par' dir='ltr' id='par_1_11' title="bbox 653 2246 2035 2386">
     <span class='ocr_line' id='line_1_37' title="bbox 653 2246 1844 2337; baseline -0.005 -20"><span class='ocrx_word' id='word_1_363' title='bbox 653 2272 871 2317; x_wconf 81' lang='lat'>198.199.</span> <span class='ocrx_word' id='word_1_364' title='bbox 914 2268 1349 2317; x_wconf 82' lang='lat' dir='ltr'><strong>INFEUDATIO</strong></span> <span class='ocrx_word' id='word_1_365' title='bbox 1379 2246 1708 2313; x_wconf 68' lang='lat' dir='ltr'>ABBATIS.</span> <span class='ocrx_word' id='word_1_366' title='bbox 1842 2335 1844 2337; x_wconf 6' lang='lat' dir='ltr'>v</span> 
     </span>
     <span class='ocr_line' id='line_1_38' title="bbox 967 2346 2035 2386; baseline -0.005 -1"><span class='ocrx_word' id='word_1_367' title='bbox 967 2348 1076 2386; x_wconf 87' lang='lat'>1315.</span> <span class='ocrx_word' id='word_1_368' title='bbox 1117 2349 1194 2384; x_wconf 85' lang='lat' dir='ltr'><em>Ian.</em></span> <span class='ocrx_word' id='word_1_369' title='bbox 1215 2346 1372 2383; x_wconf 69' lang='lat'>6.—26.</span> <span class='ocrx_word' id='word_1_370' title='bbox 2010 2361 2035 2382; x_wconf 62' lang='grc' dir='ltr'>ω</span> 
     </span>
    </p>
   </div>
   <div class='ocr_carea' id='block_1_9' title="bbox 718 2453 1628 2500">
    <p class='ocr_par' dir='ltr' id='par_1_12' title="bbox 718 2453 1628 2500">
     <span class='ocr_line' id='line_1_39' title="bbox 718 2453 1628 2500; baseline -0.005 -7"><span class='ocrx_word' id='word_1_371' title='bbox 718 2458 800 2494; x_wconf 87' lang='grc'><strong>198.</strong></span> <span class='ocrx_word' id='word_1_372' title='bbox 845 2457 1056 2492; x_wconf 77' lang='lat' dir='ltr'><em>Mandatum</em></span> <span class='ocrx_word' id='word_1_373' title='bbox 1084 2456 1262 2492; x_wconf 81' lang='lat' dir='ltr'><em>Ludewici</em></span> <span class='ocrx_word' id='word_1_374' title='bbox 1287 2455 1386 2500; x_wconf 67' lang='lat' dir='ltr'><em>reglis.</em></span> <span class='ocrx_word' id='word_1_375' title='bbox 1493 2453 1574 2488; x_wconf 79' lang='lat' dir='ltr'><em>Ian.</em></span> <span class='ocrx_word' id='word_1_376' title='bbox 1594 2454 1628 2488; x_wconf 87' lang='lat'><em>6.</em></span> 
     </span>
    </p>
   </div>
   <div class='ocr_carea' id='block_1_10' title="bbox 339 2524 1996 2675">
    <p class='ocr_par' dir='ltr' id='par_1_13' title="bbox 339 2524 1996 2675">
     <span class='ocr_line' id='line_1_40' title="bbox 456 2524 1996 2573; baseline -0.005 -9"><span class='ocrx_word' id='word_1_377' title='bbox 456 2532 618 2573; x_wconf 79' lang='lat' dir='ltr'><em>Oriyinale</em></span> <span class='ocrx_word' id='word_1_378' title='bbox 643 2533 680 2564; x_wconf 75' lang='lat' dir='ltr'><em>in</em></span> <span class='ocrx_word' id='word_1_379' title='bbox 707 2531 865 2564; x_wconf 74' lang='lat' dir='ltr'><em>tabulario</em></span> <span class='ocrx_word' id='word_1_380' title='bbox 891 2532 975 2572; x_wconf 66' lang='lat' dir='ltr'><em>regio</em></span> <span class='ocrx_word' id='word_1_381' title='bbox 1002 2531 1215 2563; x_wconf 70' lang='lat' dir='ltr'><em>Bmellensi.</em></span> <span class='ocrx_word' id='word_1_382' title='bbox 1263 2529 1498 2568; x_wconf 64' lang='lat' dir='ltr'><em>Descripsimm</em></span> <span class='ocrx_word' id='word_1_383' title='bbox 1519 2537 1585 2559; x_wconf 76' lang='lat' dir='ltr'><em>nos.</em></span> <span class='ocrx_word' id='word_1_384' title='bbox 1639 2526 1759 2558; x_wconf 81' lang='lat' dir='ltr'><em>Pendet</em></span> <span class='ocrx_word' id='word_1_385' title='bbox 1784 2524 1881 2566; x_wconf 64' lang='lat' dir='ltr'><em>sio-illi</em></span> <span class='ocrx_word' id='word_1_386' title='bbox 1908 2525 1996 2565; x_wconf 73' lang='lat' dir='ltr'><em>fraq-</em></span> 
     </span>
     <span class='ocr_line' id='line_1_41' title="bbox 342 2576 1995 2623; baseline -0.005 -7"><span class='ocrx_word' id='word_1_387' title='bbox 342 2587 483 2616; x_wconf 79' lang='lat' dir='ltr'><em>mentum</em></span> <span class='ocrx_word' id='word_1_388' title='bbox 506 2584 570 2616; x_wconf 83' lang='lat' dir='ltr'><em>loro</em></span> <span class='ocrx_word' id='word_1_389' title='bbox 592 2584 834 2616; x_wconf 82' lang='lat' dir='ltr'><em>membranaceo.</em></span> <span class='ocrx_word' id='word_1_390' title='bbox 858 2603 901 2607; x_wconf 92' lang='lat'><strong>—</strong></span> <span class='ocrx_word' id='word_1_391' title='bbox 923 2583 985 2615; x_wconf 78' lang='lat' dir='ltr'><em>Ed.</em></span> <span class='ocrx_word' id='word_1_392' title='bbox 1004 2583 1203 2623; x_wconf 76' lang='lat' dir='ltr'><em>Reiffenbery</em></span> <span class='ocrx_word' id='word_1_393' title='bbox 1224 2582 1260 2614; x_wconf 85' lang='lat' dir='ltr'><em>in</em></span> <span class='ocrx_word' id='word_1_394' title='bbox 1282 2592 1372 2621; x_wconf 81' lang='lat' dir='ltr'><em>opere</em></span> <span class='ocrx_word' id='word_1_395' title='bbox 1398 2590 1500 2620; x_wconf 81' lang='lat' dir='ltr'><em>supra</em></span> <span class='ocrx_word' id='word_1_396' title='bbox 1520 2579 1573 2610; x_wconf 43' lang='lat' dir='ltr'><em>*ad</em></span> <span class='ocrx_word' id='word_1_397' title='bbox 1593 2589 1643 2611; x_wconf 80' lang='lat' dir='ltr'><em>nr.</em></span> <span class='ocrx_word' id='word_1_398' title='bbox 1661 2579 1723 2609; x_wconf 86' lang='lat'><em>131</em></span> <span class='ocrx_word' id='word_1_399' title='bbox 1746 2578 1843 2609; x_wconf 82' lang='lat' dir='ltr'><em>citato</em></span> <span class='ocrx_word' id='word_1_400' title='bbox 1867 2576 1995 2609; x_wconf 74' lang='lat' dir='ltr'><em>‘Monu-</em></span> 
     </span>
     <span class='ocr_line' id='line_1_42' title="bbox 339 2635 888 2675; baseline 0 -8"><span class='ocrx_word' id='word_1_401' title='bbox 339 2636 456 2667; x_wconf 81' lang='lat' dir='ltr'><em>&#39;ments’</em></span> <span class='ocrx_word' id='word_1_402' title='bbox 474 2638 529 2668; x_wconf 82' lang='lat' dir='ltr'><em>etc.</em></span> <span class='ocrx_word' id='word_1_403' title='bbox 561 2635 655 2674; x_wconf 87' lang='lat' dir='ltr'><em>VIII,</em></span> <span class='ocrx_word' id='word_1_404' title='bbox 678 2636 742 2667; x_wconf 79' lang='lat'><em>487</em></span> <span class='ocrx_word' id='word_1_405' title='bbox 764 2645 803 2667; x_wconf 77' lang='lat' dir='ltr'><em>ex</em></span> <span class='ocrx_word' id='word_1_406' title='bbox 824 2645 888 2675; x_wconf 76' lang='lat' dir='ltr'><em>cop.</em></span> 
     </span>
    </p>
   </div>
   <div class='ocr_carea' id='block_1_11' title="bbox 454 2661 2042 2732">
    <p class='ocr_par' dir='ltr' id='par_1_14' title="bbox 454 2661 2042 2732">
     <span class='ocr_line' id='line_1_43' title="bbox 454 2661 2042 2732; baseline -0.004 -9"><span class='ocrx_word' id='word_1_407' title='bbox 454 2692 599 2730; x_wconf 58' lang='lat' dir='ltr'><em>Bahmer,</em></span> <span class='ocrx_word' id='word_1_408' title='bbox 622 2691 697 2732; x_wconf 74' lang='lat' dir='ltr'><em>Req.</em></span> <span class='ocrx_word' id='word_1_409' title='bbox 721 2691 833 2724; x_wconf 67' lang='lat' dir='ltr'><em>[suam.</em></span> <span class='ocrx_word' id='word_1_410' title='bbox 852 2702 887 2731; x_wconf 73' lang='lat' dir='ltr'><em>p.</em></span> <span class='ocrx_word' id='word_1_411' title='bbox 903 2691 968 2722; x_wconf 80' lang='lat'><em>269</em></span> <span class='ocrx_word' id='word_1_412' title='bbox 990 2701 1040 2722; x_wconf 76' lang='lat' dir='ltr'><em>m.</em></span> <span class='ocrx_word' id='word_1_413' title='bbox 1056 2690 1142 2722; x_wconf 83' lang='lat'>2612</span> <span class='ocrx_word' id='word_1_414' title='bbox 1164 2689 1291 2730; x_wconf 77' lang='lat' dir='ltr'><em>(Addit.</em></span> <span class='ocrx_word' id='word_1_415' title='bbox 1308 2689 1351 2730; x_wconf 91' lang='lat'><em>1).</em></span> <span class='ocrx_word' id='word_1_416' title='bbox 1987 2661 1990 2664; x_wconf 38' lang='lat'><strong>⁴</strong></span> <span class='ocrx_word' id='word_1_417' title='bbox 2015 2697 2042 2716; x_wconf 62' lang='grc' dir='ltr'><em>ω</em></span> 
     </span>
    </p>
   </div>
   <div class='ocr_carea' id='block_1_12' title="bbox 347 2783 1999 2868">
    <p class='ocr_par' dir='ltr' id='par_1_15' title="bbox 347 2783 1999 2868">
     <span class='ocr_line' id='line_1_44' title="bbox 452 2783 1999 2824; baseline -0.006 -7"><span class='ocrx_word' id='word_1_418' title='bbox 452 2790 516 2817; x_wconf 77' lang='grc'><strong>197.</strong></span> <span class='ocrx_word' id='word_1_419' title='bbox 544 2792 567 2824; x_wconf 71' lang='lat'><em>⁸)</em></span> <span class='ocrx_word' id='word_1_420' title='bbox 587 2792 676 2817; x_wconf 81' lang='lat' dir='ltr'><em>castris</em></span> <span class='ocrx_word' id='word_1_421' title='bbox 695 2800 716 2816; x_wconf 86' lang='lat' dir='ltr'><em>c.</em></span> <span class='ocrx_word' id='word_1_422' title='bbox 804 2790 828 2824; x_wconf 78' lang='lat' dir='ltr'><em>b)</em></span> <span class='ocrx_word' id='word_1_423' title='bbox 848 2791 1029 2817; x_wconf 79' lang='lat' dir='ltr'><em>Franchoifurt</em></span> <span class='ocrx_word' id='word_1_424' title='bbox 1046 2799 1066 2816; x_wconf 81' lang='lat' dir='ltr'><em>c.</em></span> <span class='ocrx_word' id='word_1_425' title='bbox 1155 2789 1178 2822; x_wconf 79' lang='lat' dir='ltr'><em>c)</em></span> <span class='ocrx_word' id='word_1_426' title='bbox 1197 2793 1222 2815; x_wconf 81' lang='lat' dir='ltr'><em>et</em></span> <span class='ocrx_word' id='word_1_427' title='bbox 1240 2788 1301 2814; x_wconf 77' lang='lat' dir='ltr'><em>add.</em></span> <span class='ocrx_word' id='word_1_428' title='bbox 1321 2797 1341 2814; x_wconf 85' lang='lat' dir='ltr'><em>c.</em></span> <span class='ocrx_word' id='word_1_429' title='bbox 1430 2785 1455 2820; x_wconf 60' lang='grc' dir='ltr'><em>ὅ)</em></span> <span class='ocrx_word' id='word_1_430' title='bbox 1473 2787 1511 2812; x_wconf 77' lang='lat' dir='ltr'><em>ita</em></span> <span class='ocrx_word' id='word_1_431' title='bbox 1529 2786 1634 2812; x_wconf 74' lang='lat' dir='ltr'><em>coniecit</em></span> <span class='ocrx_word' id='word_1_432' title='bbox 1652 2785 1685 2811; x_wconf 81' lang='lat' dir='ltr'><em>K.</em></span> <span class='ocrx_word' id='word_1_433' title='bbox 1699 2784 1807 2811; x_wconf 77' lang='lat' dir='ltr'><em>Zeumer</em></span> <span class='ocrx_word' id='word_1_434' title='bbox 1821 2784 1870 2816; x_wconf 88' lang='lat' dir='ltr'><em>(dis</em></span> <span class='ocrx_word' id='word_1_435' title='bbox 1883 2794 1915 2805; x_wconf 93' lang='lat'>=</span> <span class='ocrx_word' id='word_1_436' title='bbox 1928 2783 1999 2816; x_wconf 76' lang='lat' dir='ltr'><em>olis),-</em></span> 
     </span>
     <span class='ocr_line' id='line_1_45' title="bbox 347 2833 1827 2868; baseline -0.001 -8"><span class='ocrx_word' id='word_1_437' title='bbox 347 2835 495 2868; x_wconf 84' lang='lat' dir='ltr'><em>Displemus</em></span> <span class='ocrx_word' id='word_1_438' title='bbox 514 2844 534 2860; x_wconf 84' lang='lat' dir='ltr'><em>c.</em></span> <span class='ocrx_word' id='word_1_439' title='bbox 624 2834 645 2866; x_wconf 68' lang='grc' dir='ltr'><em>θ)</em></span> <span class='ocrx_word' id='word_1_440' title='bbox 665 2836 733 2860; x_wconf 76' lang='lat' dir='ltr'><em>Data</em></span> <span class='ocrx_word' id='word_1_441' title='bbox 751 2843 772 2861; x_wconf 88' lang='lat' dir='ltr'><em>c.</em></span> <span class='ocrx_word' id='word_1_442' title='bbox 860 2833 881 2867; x_wconf 79' lang='lat' dir='ltr'><em>f)</em></span> <span class='ocrx_word' id='word_1_443' title='bbox 900 2835 1029 2860; x_wconf 76' lang='lat' dir='ltr'><em>Vormatie</em></span> <span class='ocrx_word' id='word_1_444' title='bbox 1047 2843 1067 2859; x_wconf 81' lang='lat' dir='ltr'><em>c.</em></span> <span class='ocrx_word' id='word_1_445' title='bbox 1334 2836 1337 2838; x_wconf 88' lang='lat'>&#39;</span> <span class='ocrx_word' id='word_1_446' title='bbox 1671 2835 1675 2838; x_wconf 85' lang='grc'><em>”</em></span> <span class='ocrx_word' id='word_1_447' title='bbox 1823 2834 1827 2838; x_wconf 82' lang='grc'><strong>”</strong></span> 
     </span>
    </p>
   </div>
  </div>
 </body>
</html>
