2184 3126
358 178 417 207 794
589 173 687 200 ACTA
706 172 819 199 REGNI
838 170 1022 198 LUDEWICI
1042 170 1088 197 IV.
1106 169 1154 196 ET
1173 169 1357 197 FRIDERICI
1376 169 1424 197 111.
1461 169 1537 197 1324.
1574 169 1622 197 Nr.
1635 170 1695 198 952.
1712 170 1772 198 953.

356 271 413 302 per
440 270 551 302 regem
581 258 799 289 Romanorum
829 257 954 298 integre
985 255 1081 287 fuerit
1110 255 1256 295 exoluta,
1288 265 1346 286 nos
1373 255 1554 287 tenebimus
1583 265 1642 297 pro
1669 256 1804 298 pignore
1832 257 2009 290 secundum

355 310 619 343 consuetudinem
647 311 680 340 et
705 318 796 339 usum
819 307 975 339 nobilium
997 307 1219 347 Alemann(ie)
1243 306 1350 347 villas,
1381 306 1541 346 civitates,
1569 309 1675 339 castra
1700 317 1760 339 seu
1782 307 1855 340 loca
1878 309 2010 342 inferius

355 365 522 402 annotata,
557 361 678 392 scilicet
711 358 936 391 Gonstanciam
945 359 970 396 b,
1005 358 1158 390 Sanctum
1186 357 1331 398 Gallum,
1362 357 1563 399 Thuregum,
1597 357 1785 400 Schafussa,
1815 358 2008 399 Rinvelden,

355 414 539 453 Mulhusen,
567 410 818 450 Niroenburch0‚
848 409 998 449 Brisaeh,
1026 409 1157 441 Basilea
1180 411 1213 440 et
1236 408 1342 449 Selse,
1372 408 1453 440 nec‘¹
1476 408 1571 440 aliter
1594 409 1637 441 ad
1660 409 1854 442 solutionem
1878 411 2009 453 triginta

355 464 506 505 mil(ium)
527 462 731 495 marcharum
754 461 970 503 predictarum
999 460 1087 492 idem
1116 470 1176 492 rex
1204 460 1366 492 tenebitur
1388 460 1440 491 vel
1468 459 1509 492 ab
1537 460 1653 492 eodem
1676 461 1764 503 exigi
1786 463 1905 503 poterit
1929 473 2008 505 quo-

355 515 527 557 quomodo.
563 514 666 550 Quase
682 513 784 552 villas,
809 513 954 544 civitates
976 514 1009 543 et
1031 511 1104 543 loca
1121 511 1302 543 tenebimus
1323 521 1396 543 cum
1419 511 1551 553 iuribus,
1576 512 1870 555 consuetudinibus,
1893 514 2008 555 steiris,

354 567 463 598 Iudeis
486 569 518 597 et
541 566 611 597 aliis
634 564 897 606 quibuscumque,
921 566 1017 605 prout
1037 563 1220 595 Romanum
1243 565 1393 594 tenentur
1408 562 1570 604 respicere
1586 564 1767 605 imperium.
1802 564 1884 597 Cum
1898 568 2009 597 autem

354 618 532 659 predictam
548 626 705 648 summam
721 615 925 646 marcharum
949 618 982 646 et
998 614 1266 656 quandocumque
1290 613 1392 645 semel
1414 614 1581 656 exolverit,
1605 615 1788 647 tenebimur
1802 626 1870 658 nos,
1893 616 2010 648 fratres

354 672 386 700 et
410 668 546 700 heredes
576 668 675 699 nostri
698 667 803 708 villas,
834 667 993 706 civitates,
1025 669 1130 697 castra
1157 675 1215 696 seu
1244 665 1317 697 loca
1339 665 1486 707 predicta
1512 666 1598 698 dicto
1621 667 1691 708 regi
1713 667 1933 700 Romanorum
1956 668 2010 701 vel

353 719 503 751 mandato
528 730 584 750 suo
608 718 746 750 reddere
774 721 807 750 et
836 717 974 749 liberare
1005 727 1047 748 ex
1076 717 1202 758 integro
1232 717 1301 748 sine
1330 716 1445 749 fraude
1474 720 1508 749 et
1531 718 1784 750 contradictione
1807 729 2008 762 quacunque.

352 771 394 802 Et
417 781 488 802 cum
512 781 569 802 nos
593 770 702 812 aliqua
725 772 829 801 castra
853 779 911 800 seu
933 768 1035 808 villas,
1067 778 1130 810 que
1162 769 1259 800 etiam
1288 770 1362 799 sunt
1389 768 1430 800 de
1453 768 1646 810 patrimonio
1669 770 1755 812 regis
1777 769 2008 812 Romanorum,

353 822 602 864 obligaverimus
615 821 807 863 quibusdam
819 820 973 852 militibus
985 830 1043 852 seu
1057 819 1246 852 valitoribus
1257 820 1374 851 nostris
1385 830 1444 862 pro
1457 820 1648 862 quibusdam
1659 823 1867 864 pecuniarum
1877 823 2010 854 summis

352 873 599 905 ascendentibus
619 883 721 914 usque
738 872 780 904 ad
796 882 954 904 summam
970 872 1065 903 trium
1082 871 1232 911 mil(ium)
1249 871 1479 912 mammarum)
1495 873 1632 914 argenti,
1654 874 1813 915 promittit
1835 874 1922 907 idem
1939 885 2008 915 rem

352 925 438 967 quod
460 926 492 956 in
509 927 658 956 eventum
682 924 782 964 illum,
805 923 859 954 ubi
877 926 1093 955 assumeretur
1115 924 1148 954 in
1171 933 1283 965 regem
1299 922 1530 965 Romanorum,
1553 924 1673 956 dictam
1691 926 1942 968 assignationem
1957 926 2010 958 vel

353 976 582 1018 obligationem
610 987 672 1007 non
703 975 867 1006 revocabit
889 985 909 1006 a
933 975 1025 1007 dictis
1052 974 1207 1006 militibus
1236 975 1295 1006 nisi
1326 975 1432 1006 soluta
1463 976 1509 1007 eis
1539 976 1626 1017 prius
1656 987 1780 1008 summa
1806 978 2010 1011 marcharum

352 1028 512 1069 predicta,
539 1028 599 1059 nisi
622 1027 741 1058 milites
764 1030 876 1058 contra
899 1026 1044 1068 predicta
1073 1036 1107 1058 se
1136 1030 1339 1068 opponerent
1362 1026 1447 1058 dicto
1470 1027 1541 1069 regi
1563 1027 1616 1059 vel
1639 1027 1741 1059 nobis.
1786 1028 1878 1060 Alias
1900 1030 2010 1062 autem

353 1089 464 1111 omnes
493 1079 599 1120 villas,
631 1079 777 1110 civitates
806 1081 863 1109 aut
890 1081 996 1109 castra
1018 1077 1060 1109 ad
1088 1078 1258 1120 imperium
1287 1079 1501 1121 pertinentes,
1532 1089 1612 1120 quas
1640 1082 1674 1111 et
1703 1089 1767 1121 quc
1797 1083 1944 1112 tenemus
1966 1080 2010 1113 ad

352 1141 484 1172 presens
507 1130 558 1162 vel
581 1141 638 1161 nos
666 1133 740 1161 tuno
763 1133 875 1161 tenere
903 1130 1068 1171 continget
1096 1133 1129 1161 et
1157 1139 1219 1171 que
1248 1129 1340 1161 nobis
1363 1129 1415 1161 vel
1438 1130 1592 1172 predictis
1618 1130 1775 1163 militibus
1802 1141 1867 1163 non
1890 1132 2010 1165 debent

354 1183 387 1213 in
409 1183 542 1224 pignore
565 1191 744 1222 remanere,
769 1192 827 1212 nos
850 1181 881 1212 in
898 1183 1054 1223 quantum
1077 1180 1119 1212 ad
1142 1191 1201 1212 nos
1224 1181 1414 1223 pertinuerit
1434 1184 1468 1213 et
1482 1182 1591 1214 facere
1607 1182 1784 1224 poterimus
1800 1183 1885 1215 bono
1901 1183 2009 1226 modo,

352 1233 560 1265 liberabimus
576 1237 609 1265 et
624 1233 797 1265 reddemus
813 1236 887 1264 tunc
905 1232 990 1264 dicto
1006 1233 1076 1274 regi
1093 1242 1134 1264 ex
1150 1233 1276 1274 integro
1294 1232 1378 1265 bona
1393 1232 1468 1265 fide.
1502 1233 1604 1266 Facta
1619 1237 1728 1266 tamen
1745 1235 1832 1276 prius
1847 1235 2010 1268 solucione

352 1286 450 1317 tercie
488 1285 587 1326 partis
623 1285 688 1316 XX
726 1285 877 1325 mil(ium)
907 1284 1124 1324 marcharum,
1162 1284 1203 1316 de
1234 1284 1350 1327 quibus
1387 1296 1484 1327 supra
1514 1285 1547 1317 in
1578 1285 1768 1328 precedenti
1798 1286 1934 1319 articulo
1960 1290 2012 1320 est

353 1347 549 1377 expressum,
574 1346 633 1368 nec
656 1339 731 1368 ante
755 1336 948 1368 solutionem
964 1337 1068 1378 ipsam
1084 1339 1193 1378 potest
1214 1336 1301 1368 idem
1318 1346 1377 1368 rex
1393 1338 1526 1379 exigere
1542 1337 1734 1380 homagium
1749 1341 1805 1371 aut
1819 1338 2010 1372 fidelitatem

351 1398 370 1419 a
394 1388 544 1429 predictis
567 1388 649 1420 villis
669 1398 727 1419 seu
751 1389 872 1419 castris.

460 1442 489 1471 9.
523 1440 608 1471 Item
632 1440 767 1471 durante
796 1439 1060 1472 confederatione
1090 1439 1236 1482 predicta
1264 1440 1369 1472 dictus
1395 1450 1453 1472 rex
1479 1451 1543 1472 non
1570 1441 1695 1474 iuvabit
1720 1441 1753 1474 in
1781 1441 1936 1484 predictis
1957 1441 2011 1474 vel

352 1491 459 1533 aliquo
488 1491 707 1533 predictorum
736 1491 857 1522 dictum
888 1491 1003 1523 ducem
1026 1491 1268 1532 Lud(ovicum),
1300 1492 1369 1523 eius
1393 1491 1535 1524 fautores
1563 1496 1596 1524 et
1619 1493 1787 1533 valitores,
1815 1493 2010 1535 quicumque

353 1543 414 1574 sint
436 1543 482 1574 illi
506 1546 539 1575 et
562 1544 789 1585 cuiuscumque
813 1544 1006 1575 conditionis
1030 1547 1063 1575 et
1086 1547 1187 1576 status
1211 1544 1367 1585 existant,
1393 1554 1454 1576 nec
1482 1543 1596 1576 federa
1623 1545 1712 1586 pacis
1735 1544 1787 1576 vel
1813 1544 2010 1587 alligationis

352 1595 430 1626 iniet
453 1605 525 1626 cum
548 1595 633 1626 dicto
657 1595 738 1627 duce
762 1595 958 1635 Lud(0vieo)
982 1596 1050 1627 sine
1074 1606 1231 1627 consensu
1255 1599 1288 1627 et
1310 1595 1475 1627 voluntate
1502 1598 1625 1636 nostra,
1655 1596 1744 1628 salva
1766 1596 1953 1628 reverencia
1977 1598 2011 1628 et

351 1648 542 1678 auctoritate
566 1647 742 1688 apostolice
766 1647 953 1679 sanctitatis.

461 1701 508 1730 10.
547 1698 630 1730 Item
654 1701 761 1730 actum
785 1701 818 1730 et
841 1699 1071 1730 concordatum
1095 1703 1144 1731 est
1162 1700 1246 1731 inter
1268 1698 1431 1741 prefatum
1447 1709 1559 1741 regem
1575 1703 1608 1732 et
1623 1709 1692 1740 nos,
1715 1699 1803 1742 quod
1825 1699 2010 1732 huiusmodi

352 1749 570 1781 confederatio
595 1749 689 1781 duret
712 1754 869 1795 perpetuo
893 1751 977 1782 inter
999 1751 1104 1792 ipsum
1128 1761 1241 1793 regem
1265 1754 1298 1783 et
1321 1761 1389 1792 nos,
1418 1751 1535 1783 solutio
1561 1754 1671 1783 autem
1694 1751 1913 1793 predictarum
1936 1754 2010 1784 octo

351 1800 497 1841 mil(ium)
514 1801 667 1832 librarum
684 1801 943 1842 Tur(onensium)
961 1802 1144 1834 annualium
1167 1803 1200 1834 in
1223 1813 1310 1843 casu,
1333 1802 1389 1834 ubi
1405 1802 1522 1835 electio
1538 1802 1579 1835 de
1596 1802 1683 1834 dicto
1699 1812 1777 1844 rege
1792 1802 1955 1843 Francfie)
1978 1803 2011 1835 in

351 1862 462 1893 regem
484 1852 702 1884 Romanorum
727 1864 784 1885 seu
807 1854 947 1895 provisio
971 1854 1036 1893 fiet,
1060 1854 1144 1885 infra
1160 1853 1325 1886 biennium
1348 1865 1368 1886 a
1391 1857 1538 1896 tempore
1561 1854 1637 1886 date
1660 1854 1860 1896 presentium
1882 1854 2012 1887 durabit

352 1914 451 1944 usque
479 1903 520 1935 ad
549 1907 675 1946 tempus
702 1915 818 1946 guerre
849 1905 938 1938 finite
969 1908 1003 1937 et
1033 1905 1232 1937 liberationis
1260 1917 1279 1938 a
1302 1916 1432 1938 carcere
1460 1906 1598 1948 predicti
1626 1906 1716 1938 ducis
1741 1905 1917 1938 Frederici.
1961 1905 2011 1938 Eo

350 1958 459 1986 autem
489 1965 565 1987 casu
596 1967 659 1997 quo
685 1956 770 1988 dicta
802 1957 918 1989 electio
949 1968 1006 1990 seu
1028 1958 1170 2000 provisio
1198 1969 1262 1990 non
1289 1961 1480 2000 sequeretur
1506 1958 1589 1990 infra
1615 1958 1794 1999 biennium,
1824 1958 1910 1991 dicta
1933 1968 2010 1990 con-

351 2006 508 2038 federatio
533 2011 565 2038 et
589 2008 704 2039 solutio
727 2019 791 2040 non
815 2009 976 2042 durabunt
999 2010 1060 2041 nisi
1083 2010 1145 2041 isto
1167 2010 1298 2042 biennio
1322 2021 1342 2042 a
1365 2010 1443 2042 data
1465 2010 1663 2052 presentium
1679 2009 1899 2042 subsecuturo.
1936 2009 2010 2042 Hoc

352 2058 439 2089 salvo
463 2058 548 2100 quod
571 2060 598 2090 si
621 2071 762 2091 summus
786 2061 933 2102 pontifex
961 2061 1109 2093 dominus
1131 2062 1294 2094 Iohannes
1319 2072 1406 2104 papa
1427 2061 1542 2102 XXII,
1573 2062 1627 2104 qui
1650 2061 1693 2094 ad
1714 2071 1847 2103 presens
1869 2062 2009 2094 Domino

352 2109 540 2151 disponente
564 2111 706 2152 presidet
729 2113 901 2144 universali
924 2113 1072 2155 ecclesie,
1096 2114 1258 2156 predictas
1274 2113 1556 2146 confederationes
1571 2116 1605 2145 et
1626 2113 1802 2145 solutiones
1824 2114 1856 2144 in
1875 2113 2010 2146 ulterius

352 2162 478 2202 tempus
502 2172 674 2204 prorogare
698 2163 851 2204 voluerit,
881 2164 984 2197 dictus
1016 2175 1073 2197 rex
1106 2168 1138 2197 et
1161 2176 1219 2197 nos
1243 2165 1507 2197 concordavimus
1530 2166 1599 2197 eius
1622 2164 1816 2197 ordinationi
1840 2167 1874 2196 et
1895 2175 2009 2207 proro-

353 2212 473 2252 gationi
496 2216 581 2245 stare
605 2217 637 2245 et
659 2215 745 2256 ipsas
768 2215 853 2247 bona
875 2216 939 2248 fide
964 2220 1075 2249 tenere
1099 2220 1133 2249 et
1156 2217 1339 2250 observare.

459 2263 495 2294 In
519 2275 653 2305 quorum
671 2267 811 2298 omnium
828 2268 1046 2300 testimonium
1070 2271 1104 2300 et
1126 2269 1168 2300 ad
1191 2270 1349 2301 maiorem
1370 2269 1493 2301 roboris
1508 2268 1693 2300 firmitatem
1710 2267 1845 2300 fecimus
1863 2270 2009 2300 nostrum

353 2315 553 2354 presentibus
576 2318 694 2358 apponi
718 2318 869 2360 sigillum.
1549 2326 1553 2330 ”

354 2374 577 2457 ΟΟΟΧΛζζοΙῢέιΙῐῗ
604 2377 689 2417 apud
718 2377 853 2410 Barrum
889 2390 986 2421 super
1014 2380 1149 2421 Albam,
1182 2381 1323 2413 XXVII.
1354 2381 1407 2413 die
1440 2381 1525 2421 Iulii,
1559 2390 1644 2412 anno
1673 2379 1804 2411 Domini
1836 2379 2008 2412 millesimo

837 2527 923 2564 953.
960 2514 1134 2574 Scriptum
1159 2530 1262 2575 reglis.
1368 2529 1440 2566 Iul.
1460 2531 1522 2565 27.

464 2593 623 2635 Oriyinale
640 2596 712 2639 (or.)
736 2599 771 2630 in
786 2600 942 2633 tabulario
958 2612 1102 2634 caesareo
1121 2602 1360 2635 Vindobonensi.
1404 2602 1604 2636 Contulimus
1625 2612 1693 2635 nos.
1730 2601 1854 2634 Pendet
1869 2601 2008 2642 siyillum
2025 2614 2051 2634 ιε

354 2644 473 2677 laesum
500 2646 565 2678 loro
593 2649 833 2685 membranaceo.
863 2671 905 2675 —
938 2653 998 2684 Ed.
1020 2653 1112 2686 Kurz
1136 2654 1339 2687 ‘Oestewreich
1368 2658 1463 2687 unter
1484 2654 1528 2687 K.
1549 2653 1718 2686 Friedrich
1749 2654 1817 2686 dem
1847 2653 2006 2686 schonen‘

456 2747 522 2775 952.
550 2749 574 2782 ¹1)
593 2751 620 2775 z'n
644 2752 697 2777 Ioco
720 2761 779 2778 roso
803 2763 840 2779 or.
957 2756 979 2786 0)
1003 2758 1039 2782 sic
1059 2766 1109 2790 pro
1134 2758 1306 2784 Niwenburcb
1333 2767 1371 2784 or.
1485 2757 1510 2791 d)
1532 2759 1736 2784 Basilea—nec
1757 2758 1785 2783 in
1808 2758 1863 2783 loco
1885 2765 1947 2783 raso
1969 2765 2006 2783 or.

354 2791 375 2822 s)
395 2791 436 2822 Qu
454 2791 482 2816 in
501 2793 554 2818 Ioco
573 2795 651 2819 raso?
670 2804 707 2820 or.
