2184 3126
131 1010 155 1031 u

129 1274 156 1294 20

135 2569 160 2589 ⁴³

448 191 547 220 ACTA
564 189 679 219 REGNI
698 189 885 218 LUDEWICI
903 189 951 217 lv.
971 188 1018 217 ET
1037 187 1222 216 rmnmucl
1240 187 1290 216 111.
1328 187 1404 215 1323.
1440 187 1489 215 Nr.
1503 188 1561 216 792.
1770 191 1832 221 617

171 278 325 312 movendi
341 278 458 311 electio
474 277 668 321 pertinebat,
691 278 774 310 votis
796 286 908 310 eorum
931 277 963 309 in
979 276 1107 310 diversa
1123 274 1253 308 divisis‘¹
1277 275 1359 307 duos
1379 276 1463 307 sicut
1484 275 1601 307 dicitur
1622 276 1655 307 in
1671 275 1834 308 discordia

173 331 358 374 elegerunt,
391 329 583 373 quibusdam
606 340 718 362 eorum
746 329 778 361 in
801 329 954 362 dilectum
977 328 1078 361 filium
1101 326 1308 371 magnificum
1332 328 1435 359 virum
1457 327 1660 359 Ludovicum
1682 327 1833 368 Bavarie‚

175 382 369 425 quibusdam
397 391 473 414 vero
504 382 536 413 in
563 381 717 414 dilectum
746 380 847 413 filium
874 379 1084 413 Fredericum
1105 380 1236 411 Austrie
1264 379 1364 411 duces
1394 379 1589 411 nominando
1618 383 1651 411 et
1681 379 1833 421 eligendo

174 433 262 476 ipsos
284 433 316 465 in
339 432 587 474 Roman(orum)
611 443 705 474 reges
729 431 942 474 dirigentibus
965 430 1156 463 discorditer
1178 434 1254 463 vota
1277 441 1344 462 sua.

281 490 312 521 2.
336 488 456 521 Verum
484 488 629 530 prefatus
656 487 874 529 Ludovicus⁰‚
902 498 922 520 a
944 487 1051 527 nobis,
1082 486 1124 518 ad
1147 497 1244 529 quem
1274 497 1331 519 sue
1354 486 1522 519 electionis
1545 486 1730 519 huiusmodi
1752 488 1835 520 sicut

173 540 370 583 premittitur
391 540 423 571 in
439 539 601 571 discordia
624 539 789 571 celebrate
812 549 850 571 ac
866 549 1002 582 persone
1026 539 1126 581 ipsius
1145 539 1353 579 examinatio,
1377 538 1570 581 approbatio
1594 538 1649 571 ac'
1669 539 1834 581 admissio,

173 591 313 634 repulsio
337 601 467 634 quoque
490 594 523 623 et
546 590 731 632 reprobatio
755 591 897 623 noscitur
911 591 1093 633 pertinere,
1117 590 1276 623 electione
1300 590 1446 632 predicta
1465 601 1670 633 nequaquam
1694 591 1835 624 admissa

172 653 233 675 nec
256 643 326 675 eius
348 642 530 685 approbata
552 653 702 684 persona,
726 643 808 675 sicut
830 642 957 675 notoria
979 642 1067 674 fama
1089 643 1230 674 notoriat
1253 646 1286 674 et
1309 642 1439 684 publica
1454 641 1531 674 facti
1553 642 1716 675 evidentia
1731 644 1835 676 mani·

173 694 288 737 festat,
319 705 382 726 non
411 705 550 737 querens
579 697 614 726 ut
644 693 781 726 deberet
808 704 867 736 per
890 694 1030 726 ostium⁸
1051 693 1093 726 ad
1121 693 1305 726 huiusmodi
1334 694 1425 736 regni
1449 704 1506 726 seu
1530 695 1656 737 imperii
1680 705 1835 728 conscen-

173 745 272 779 dere¹²
295 746 461 788 dignitatis
484 746 661 789 fastigium,
692 746 749 778 sed
773 746 880 788 potius
902 745 1032 778 aliunde
1056 745 1229 777 nescimus¹
1252 755 1316 788 quo
1341 745 1456 777 ductus
1475 745 1531 786 ⁴vel
1554 747 1660 778 verius
1683 747 1835 779 seductus

173 797 327 830 oonsilio*
350 797 470 840 prefati
489 798 655 838 Roman(i)
679 799 769 840 regni
792 807 910 830 nomen
933 797 995 829 sibi
1017 801 1051 829 et
1074 796 1201 829 titulum
1218 797 1343 838 regium
1360 798 1536 839 usurpavit,
1561 799 1707 840 quamvis
1730 799 1834 840 prius-

172 859 270 892 quam
293 849 479 882 alterutrius
502 860 613 882 eorum
637 859 696 891 per
719 849 830 881 sedem
846 849 1057 891 apostolicam
1082 848 1196 881 fuisset
1218 848 1400 891 approbata
1423 849 1473 881 vel
1497 849 1669 891 reprobata
1686 860 1834 892 persona,

172 901 277 934 neutri
293 901 471 933 electorum
493 902 636 943 ipsorum
659 911 823 933 assumere
846 901 938 933 licuit
959 911 1077 933 nomen
1100 904 1134 933 et
1155 900 1283 933 titulum
1304 900 1508 943 prelibatum,
1533 911 1604 932 cum
1628 912 1688 933 nec
1706 902 1834 934 interim

172 951 338 994 Roman(i)
370 963 465 995 reges
488 954 643 994 existant,
673 952 731 985 sed
758 953 791 984 in
820 963 914 995 reges
937 952 1047 994 electi,
1080 962 1140 984 nec
1163 953 1226 984 sint
1247 952 1389 985 habendi
1421 963 1479 995 pro
1503 953 1634 995 regibus
1657 963 1716 986 nec
1740 964 1835 995 reges

174 1005 273 1037 etiam
296 1004 493 1037 nominandi.
539 1004 631 1037 Idem
660 1005 758 1037 etiam
782 1004 981 1036 Ludovicus¹
1009 1004 1125 1036 eodem
1158 1008 1345 1047 presumpto
1374 1004 1468 1036 titulo
1496 1015 1560 1036 non
1584 1008 1753 1037 contentus
1775 1004 1834 1037 ad-

174 1055 441 1088 ministrationem
470 1057 585 1088 iurium
614 1057 705 1098 regni
735 1059 769 1088 et
799 1055 927 1098 imperii
954 1055 1172 1098 predictorum
1201 1056 1234 1087 in
1260 1066 1394 1098 gravem
1418 1055 1480 1089 Dei
1509 1055 1666 1088 offensam
1697 1060 1731 1088 et
1757 1067 1834 1089 con-

174 1109 334 1150 temptum
371 1118 409 1140 ac
446 1107 651 1140 manifestam
685 1107 834 1139 iniuriam
868 1107 1016 1139 Romane
1051 1107 1188 1139 ecclesie
1222 1107 1335 1139 matris
1368 1117 1443 1147 sue,
1481 1107 1523 1139 ad
1557 1118 1654 1150 quam
1689 1108 1835 1142 eiusdem

168 1160 350 1192 ‘vacationis
366 1159 493 1201 imperii
509 1159 664 1201 regimen,
688 1159 769 1191 sicut
791 1162 825 1191 et
851 1159 1158 1200 impresentiarum·¹¹
1181 1162 1286 1199 vacat,
1308 1159 1473 1201 pertinere
1500 1159 1686 1201 dinoscitur,
1710 1171 1835 1193 necnon

174 1213 209 1244 et
230 1210 442 1253 plurimorum
465 1210 652 1243 scandalum
675 1213 708 1243 et
731 1211 779 1242 rei
801 1209 1018 1243 turbationem
1049 1214 1082 1242 et
1104 1210 1260 1242 lesionem
1284 1210 1412 1252 publice
1444 1221 1481 1243 ac
1509 1222 1567 1243 sue
1598 1213 1706 1244 anime
1734 1212 1834 1245 detri-

174 1265 319 1295 mentum
348 1262 494 1305 prosilire
525 1272 624 1304 seque
655 1262 701 1294 illi
729 1262 900 1294 inmiscere
930 1263 1145 1294 irreverenter
1173 1272 1211 1294 ac
1239 1261 1383 1294 indebite
1407 1264 1602 1305 presumpsit
1625 1263 1781 1296 hactenus
1803 1268 1837 1296 et

174 1315 346 1357 presumit,
376 1314 537 1356 exigendo
565 1317 598 1346 et
626 1313 812 1355 recipiendo
841 1313 900 1345 sub
927 1313 1056 1355 prefato
1083 1313 1176 1345 titulo
1205 1314 1297 1356 regio
1320 1313 1487 1346 fidelitatis
1510 1315 1541 1346 in
1567 1315 1781 1348 Alamannie¹‘
1804 1320 1837 1348 et

174 1366 335 1398 nonnullis
357 1366 454 1398 Italie
477 1365 622 1407 partibus
646 1368 712 1397 tam
736 1375 755 1397 a
779 1365 924 1407 personis
947 1364 1173 1397 ecclesiasticis
1197 1376 1293 1408 quam
1317 1366 1516 1398 secularibus
1539 1367 1685 1399 vassallis
1708 1368 1836 1410 imperii

175 1428 235 1460 per
257 1428 291 1450 se
315 1421 348 1451 et
370 1417 451 1450 alios
474 1418 654 1450 iuramenta
682 1427 719 1449 ac
748 1416 789 1449 ds
813 1416 1039 1459 dignitatibus,
1070 1417 1245 1449 honoribus
1269 1422 1302 1449 et
1324 1417 1438 1450 officiis
1461 1418 1503 1450 ad
1527 1419 1672 1451 eiusdem
1696 1419 1836 1452 Romani

175 1470 267 1512 regni
282 1481 339 1502 seu
354 1469 482 1511 imperii
498 1469 743 1511 dispositionem
758 1469 978 1511 spectantibus
994 1479 1052 1511 pro
1070 1479 1128 1501 suo
1145 1469 1236 1501 libito
1254 1469 1484 1511 disponend00,
1506 1470 1588 1502 sicut
1603 1470 1664 1502 hiis
1679 1472 1836 1513 proximis

176 1520 292 1554 diebus
319 1521 481 1563 preteritis
509 1519 550 1552 de
581 1520 804 1552 marchionatu
831 1520 1120 1563 Magdeburgensi,
1149 1531 1246 1563 quem
1271 1545 1279 1552 .
1297 1526 1324 1553 ,Ρ
1348 1522 1565 1563 primogenito
1593 1532 1650 1554 suo
1679 1523 1720 1555 de
1748 1523 1835 1557 facto

175 1572 303 1615 publice
320 1572 464 1613 contulit,
488 1571 658 1612 ordinavit,
682 1582 807 1604 necnon
823 1572 887 1604 alia
902 1572 1041 1614 plurima
1057 1572 1251 1613 exercendo,
1276 1583 1338 1615 que
1355 1573 1397 1604 ad
1421 1573 1567 1606 eiusdem
1582 1573 1721 1606 Romani
1744 1575 1836 1618 regni

176 1627 210 1656 et
231 1624 358 1666 imperii
381 1625 529 1666 regimen
552 1634 615 1655 non
640 1627 689 1655 est
713 1623 846 1655 dubium
870 1624 1044 1665 pertinere.
1089 1623 1243 1655 Eiusdem
1268 1625 1400 1666 insuper
1423 1624 1560 1657 ecclesie
1584 1625 1731 1658 Romane
1754 1628 1838 1659 sicut

176 1675 327 1708 Galeatio
355 1675 395 1707 de
419 1675 673 1708 Vicecomitibus
700 1678 734 1707 et
763 1676 831 1707 eius
859 1675 1025 1716 fratribus,
1062 1676 1208 1717 quamvis
1243 1676 1307 1707 sint
1341 1675 1382 1707 de
1410 1676 1542 1708 crimine
1570 1677 1693 1709 heresis
1722 1688 1741 1710 a
1771 1679 1837 1710 suis

176 1727 435 1769 competentibus
457 1727 616 1759 iudicibus
640 1727 792 1769 exigente
820 1726 940 1758 iustitia
970 1732 1049 1768 per<¹
1073 1726 1274 1759 diffinitivam
1307 1729 1500 1760 sententiam
1530 1729 1774 1771 condempnati,
1803 1734 1838 1762 et

176 1779 336 1811 nonnullis
363 1779 435 1810 aliis
467 1778 602 1811 ecclesie
630 1778 757 1820 prefate
789 1778 964 1810 rebellibus
993 1788 1028 1810 se
1055 1778 1211 1811 exhibere
1241 1779 1401 1811 fautorem
1433 1783 1466 1811 et
1489 1780 1694 1813 defensorem
1724 1785 1837 1814 contra

177 1830 296 1862 dictam
327 1830 498 1862 ecclesiam
528 1833 777 1872 prosequentem
808 1829 963 1862 adversus
996 1830 1129 1863 eosdem
1159 1830 1298 1863 rebelles
1327 1831 1413 1863 iura‘
1444 1831 1572 1873 imperii
1603 1837 1636 1864 et
1669 1834 1835 1876 negotium

176 1881 268 1914 fidei·
291 1882 323 1913 in
345 1892 478 1924 gravem
502 1881 610 1914 divine
634 1882 824 1924 magestatis
848 1882 1005 1922 iniuriam,
1029 1885 1251 1924 contemptum
1267 1882 1414 1915 eiusdem
1431 1883 1569 1916 ecclesie
1593 1887 1627 1915 et
1649 1885 1755 1917 anime
1778 1895 1835 1917 sue

176 1933 353 1975 perniciem
376 1944 438 1965 non
462 1937 511 1965 est
534 1934 655 1965 veritus
678 1944 738 1965 nec
761 1938 900 1965 veretur.

286 1992 315 2022 3.
338 1989 407 2022 Nos
435 1990 545 2032 itaque
576 1993 643 2022 tam
671 1990 853 2022 temerariis
880 1990 1024 2031 ausibus,
1056 2001 1096 2022 ne
1126 2001 1196 2023 mos
1227 1994 1292 2023 tam
1322 1991 1533 2033 pernitiosus‘
1556 1991 1752 2024 invalescatu
1775 1993 1835 2023 im-

176 2043 352 2083 posterum,
373 2041 504 2074 obviare
527 2052 566 2074 ac
588 2045 684 2084 prout
700 2042 741 2074 ad
757 2042 957 2084 apostolatus
972 2043 1071 2075 nostri
1087 2046 1215 2084 spectat
1230 2041 1382 2083 officium,
1406 2043 1565 2075 iusticiam
1582 2054 1699 2085 sponse
1717 2043 1836 2076 Christi

176 2093 209 2124 in
230 2093 292 2125 hac
315 2096 407 2135 parte
430 2093 607 2126 defendere
631 2093 817 2136 dictumque
833 2093 1034 2126 Ludovicum
1057 2105 1077 2126 a
1100 2098 1167 2126 tam
1190 2095 1371 2136 periculoso
1388 2095 1505 2127 erroris
1521 2094 1616 2126 devio
1632 2095 1675 2126 ad
1690 2096 1836 2127 veritatis

177 2143 294 2176 callem
316 2144 471 2178 reducere
495 2145 662 2187 cupientes
685 2155 723 2177 ac
746 2145 1001 2186 considerantes,
1031 2146 1117 2188 quod
1146 2146 1188 2178 ad
1211 2147 1280 2178 eius
1304 2148 1499 2188 presentiam
1524 2146 1566 2179 ad
1589 2147 1836 2188 proponendum

177 2205 287 2228 coram
309 2206 349 2228 eo
365 2196 612 2238 presentialiter,
636 2207 695 2238 per
717 2207 779 2239 que
803 2200 913 2238 posset
935 2201 969 2229 et
987 2197 1124 2230 deberet
1147 2197 1266 2230 retrahi
1290 2207 1309 2229 a
1334 2197 1496 2240 predictis,
1520 2208 1724 2240 nequaquam
1750 2202 1837 2231 tutus

177 2249 268 2290 patet
295 2257 444 2280 accessus
473 2248 625 2290 quodque
649 2249 681 2280 in
704 2249 867 2290 premissis
891 2248 1096 2289 formidatur,
1127 2249 1214 2291 quod
1243 2259 1334 2281 mora
1364 2249 1542 2291 periculum
1566 2253 1601 2282 et
1623 2249 1835 2283 dissimulatio

179 2297 354 2340 dampnum
377 2298 484 2331 forent
505 2300 617 2341 procul
640 2299 738 2331 dubio
762 2299 915 2339 allature,
946 2299 988 2331 ad
1012 2299 1246 2342 providendum
1275 2310 1372 2343 super
1401 2301 1566 2343 premissis
1593 2301 1779 2334 excessibus
1803 2306 1837 2335 et

178 2348 372 2382 obviandum
395 2350 518 2383 eisdem
534 2351 748 2393 subscriptum
771 2351 902 2383 modum
925 2351 967 2383 de
984 2351 1117 2384 fratrum
1134 2356 1316 2384 nostrorum
1333 2352 1466 2384 consilio
1484 2363 1522 2384 ac
1538 2363 1580 2385 ex
1596 2356 1685 2385 certa
1701 2354 1836 2386 scientia

178 2403 212 2432 et
235 2400 276 2432 de
298 2401 476 2443 apostolice
499 2403 671 2444 potestatis
694 2402 892 2445 plenitudine
917 2403 1085 2445 eligentes,
1174 2403 1336 2445 prefatum
1360 2403 1560 2436 Ludovioum
1580 2408 1731 2447 presente
1754 2405 1835 2438 fide—

179 2451 258 2484 lium
283 2451 487 2485 multitudine
515 2454 647 2496 copiosa
679 2454 877 2496 presentium
907 2458 1020 2486 tenore
1044 2465 1226 2495 monemus,
1257 2455 1364 2487 eidem
1392 2455 1451 2487 sub
1474 2456 1592 2488 virtute
1621 2460 1731 2489 sancte
1756 2457 1834 2489 obe-

180 2502 300 2535 dientie
322 2514 369 2536 ac·
383 2505 723 2537 excommunicationis
745 2515 847 2548 pena,
875 2516 971 2548 quam
996 2507 1114 2548 ipsum,
1139 2507 1198 2538 nisi
1221 2516 1294 2539 cum
1319 2505 1437 2540 effectu
1461 2507 1644 2540 huiusmodi
1668 2509 1835 2541 monitioni

180 2557 287 2586 nostre
315 2555 487 2597 paruerw,
514 2557 676 2589 incurrere
705 2556 851 2588 volumus
878 2558 948 2599 ipso
977 2558 1078 2598 facto,
1108 2558 1300 2590 auctoritate
1329 2558 1507 2600 apostolica
1532 2559 1758 2592 nichilominus
1786 2561 1834 2592 in—

286 2647 348 2675 792.
376 2647 402 2682 ἃ)
420 2650 527 2676 diversis
546 2650 570 2676 1.
657 2650 680 2683 ο)
699 2651 729 2676 L.
748 2651 840 2676 able-'nc
857 2659 956 2683 semper
976 2651 999 2677 1.
1086 2650 1106 2683 Ι)
1125 2656 1150 2678 et
1167 2652 1191 2678 2.
1205 2652 1230 2679 3.
1312 2653 1338 2686 Ι)
1357 2654 1468 2679 hostium
1491 2654 1512 2680 l.
1592 2653 1618 2686 ¹¹)
1638 2656 1794 2681 consendere
1812 2656 1834 2681 l.

180 2690 198 2722 ί)
218 2691 307 2724 incip-‘t
326 2691 362 2717 M.
463 2690 491 2723 k)
509 2693 618 2718 coneilio
638 2693 677 2719 M.
780 2692 800 2725 ¹)
818 2695 848 2720 L.
860 2694 897 2720 Μ.
991 2695 1024 2726 ¹¹¹)
1043 2695 1254 2728 inpresentiarum
1276 2696 1311 2722 M.
1417 2696 1442 2729 Ιἱ)
1463 2697 1599 2723 Alamanie
1617 2697 1649 2726 2,-
1674 2698 1790 2723 Alcman.
1810 2698 1835 2723 3.

181 2734 204 2766 ⁰)
223 2734 380 2768 disponendo
400 2734 444 2764 M,-
461 2735 596 2768 disponere
615 2734 690 2762 1—3.
781 2736 807 2768 ν)
825 2754 832 2762 .
845 2757 851 2763 .
870 2737 938 2762 dcent
957 2737 993 2763 M.
1086 2738 1112 2770 ⁸⁸)
1131 2739 1244 2772 nequitur
1261 2747 1335 2765 suam
1353 2739 1427 2766 deles.
1447 2739 1484 2766 M.
1583 2740 1605 2772 ἲ)
1624 2742 1704 2774 ipsius
1723 2741 1786 2766 add.
1807 2744 1833 2768 1.·

180 2777 263 2810 ipsius
280 2777 349 2803 deest
367 2776 440 2803 ΜΞ.
452 2777 477 2804 3.
599 2780 621 2809 ·)
639 2778 721 2812 ipsius
742 2779 783 2804 hic
806 2779 869 2805 aad.
889 2779 913 2806 2.
1037 2781 1056 2813 ι)
1074 2782 1219 2814 perntiosus
1239 2782 1261 2808 1.
1384 2784 1411 2814 ¹¹)
1436 2791 1492 2808 cum
1519 2783 1612 2809 litteris
1635 2785 1660 2809 in
1680 2784 1774 2809 desinit
1796 2783 1835 2808 Μ.

137 2822 164 2843 ⁸⁰
182 2819 207 2851 V)
226 2821 359 2853 paruerint
378 2819 401 2846 l.

286 2878 325 2898 u..
338 2877 564 2897 consi-murrona
576 2879 602 2898 v.
1593 2877 1627 2902 78
