2184 3126
316 217 378 247 636
513 210 609 238 ACTA
627 208 738 236 REGNI
757 204 938 234 LUDEWICI
957 203 1003 230 IV.
1022 202 1068 229 ET
1088 200 1270 228 FRIDERICI
1288 200 1336 227 III.
1373 199 1449 227 1323.
1485 198 1534 226 Nr.
1546 198 1605 226 815.
1623 198 1683 226 816.
1701 198 1761 226 817.

286 306 291 316 '
316 309 380 330 nou
396 298 552 329 facientes
567 295 661 337 plene
686 297 719 325 et
742 301 894 333 expresse
918 300 955 321 ac
972 289 1012 320 de
1029 287 1128 319 verbo
1152 286 1194 318 ad
1209 285 1342 317 verbum
1359 285 1399 317 de
1415 285 1540 316 indulto
1555 284 1739 316 huiusmodi
1754 285 1963 317 mentionem.

316 349 503 381 Inhibentes
519 345 743 378 nichilominus
758 343 857 374 nobili
873 340 1065 383 supradicto,
1088 348 1128 369 ne
1148 340 1259 369 eontra
1275 336 1414 368 eundem
1429 336 1708 378 archiepiscopum
1724 336 1776 367 vel
1792 336 1964 368 ecclesiam

317 400 531 442 supradictam
556 398 697 438 aliquam
719 394 895 426 indebitam
918 392 1016 423 faciat
1039 390 1091 422 vel
1114 388 1247 420 mandet
1273 388 1342 420 fieri
1368 388 1536 419 occasione
1563 387 1747 419 huiusmodi
1775 388 1963 429 novitatem,

317 451 486 493 presertim
508 459 579 481 cum
602 447 704 489 parati
729 446 825 477 simus
848 443 1018 484 unicuique
1042 440 1250 482 conquerenti
1274 439 1314 471 de
1338 439 1424 470 dicto
1448 439 1692 481 archiepiscopo
1715 440 1839 471 ratione
1861 439 1963 472 dicto-

317 513 386 534 rum
409 502 564 533 bonorum
587 498 740 529 iustitiam
764 495 928 527 exhibere.
1994 500 2007 519 5

422 553 541 584 Datum
564 550 732 588 Avinione‚
757 547 848 579 VIII.
872 545 949 577 Idus
972 542 1175 583 Novembris,
1198 552 1281 573 anno
1306 545 1429 574 octavo.

315 768 388 804 816.
420 762 690 803 LUDEWICI
716 760 989 799 SCRIPTUM
1012 758 1115 796 PRO
1132 755 1381 795 GERLACO
1400 755 1602 795 COMITE
1625 758 1697 795 DE
1720 758 1962 796 NASSOW.

978 828 1087 865 1323.
1124 826 1217 863 Nov.
1242 826 1299 862 12.

427 933 586 974 Oriyimde
603 932 676 974 (or.)
699 932 735 964 in
755 930 913 963 tabulario
935 930 1018 970 reyio
1038 928 1248 962 Wisbadensi.
1284 926 1462 967 Descripsit
1475 927 1517 959 E.
1530 927 1662 960 Schaus.
1700 928 1858 969 Siailzam,
1881 929 1966 970 quod

317 987 390 1018 olim
405 986 564 1026 pendebat
587 984 651 1016 loro
672 983 913 1020 membranaceo,
936 981 1001 1012 iam
1024 981 1114 1012 deest.
1138 997 1180 1002 -—
1203 979 1264 1011 Ed.
1279 979 1419 1011 Bthmer
1441 979 1535 1011 ‘Acta
1556 980 1684 1020 imperii
1704 979 1831 1012 selecta’
1847 991 1884 1021 p.
1899 981 1964 1012 494
1983 994 2009 1014 ιο

317 1049 367 1070 rir-
383 1039 446 1070 720
469 1047 507 1069 ex
529 1046 653 1076 apogr.;
675 1034 908 1074 ‘Forschunyen
928 1042 987 1064 zur
1008 1031 1188 1063 Deutschen
1213 1030 1411 1062 Geschichte’
1434 1030 1532 1070 XVI,
1555 1032 1619 1063 105
1639 1042 1690 1064 nr.
1707 1033 1749 1063 16
1770 1042 1810 1064 ex
1832 1043 1878 1066 or.

426 1097 569 1134 Bo'hmer,
593 1096 668 1136 Rey.
684 1095 797 1127 Ludw.
814 1105 850 1134 p.
867 1095 909 1124 38
931 1103 981 1125 nr.
998 1093 1063 1124 652
1085 1092 1144 1132 (ad
1169 1091 1234 1123 Oct.
1250 1092 1318 1132 30).

427 1157 481 1188 Ad
502 1156 617 1187 lineam
641 1155 710 1186 dati
733 1154 777 1194 cf.
800 1153 820 1187 l.
836 1164 861 1184 c.
878 1153 990 1185 Addit.
1006 1151 1071 1184 III
1084 1162 1119 1192 p.
1138 1151 1217 1183 XII
1236 1151 1292 1192 (cf.
1307 1151 1420 1183 Addit.
1434 1151 1459 1183 I
1469 1161 1506 1191 p.
1522 1151 1581 1192 X),

423 1242 491 1273 Nos
513 1241 704 1273 Ludowicus
725 1240 786 1271 Dei
810 1239 920 1281 gracia
941 1238 1162 1270 Romanorum
1184 1248 1243 1269 rex
1266 1248 1397 1279 semper
1417 1240 1582 1279 augustus.

426 1292 506 1324 Cum
529 1293 561 1323 in
585 1291 787 1323 conferendis
802 1290 968 1322 beneficiis
990 1290 1035 1321 sic
1050 1289 1186 1321 velimus
1209 1288 1370 1331 aliquibus
1393 1290 1534 1321 existere
1549 1288 1712 1330 liberales,
1729 1289 1817 1331 quod
1832 1289 1969 1322 aliorum
1987 1301 2012 1320 u

318 1346 366 1376 ius
395 1348 428 1376 et
449 1344 605 1375 iusticiam
634 1353 697 1374 non
726 1341 886 1382 ledamus,
917 1351 990 1372 cum
1021 1351 1085 1372 non
1115 1340 1270 1382 expediat
1298 1340 1440 1382 aliquem
1467 1340 1599 1372 alterius
1626 1340 1791 1373 beneficiis
1812 1341 1866 1372 vel
1893 1340 1968 1373 odio

318 1394 512 1437 pregravari‚
542 1394 616 1425 hinc
649 1397 698 1425 est
725 1393 810 1435 quod
841 1403 900 1435 per
922 1392 1149 1425 libertaciones
1173 1402 1436 1434 quorumcunque
1465 1392 1611 1424 locorum
1639 1402 1700 1434 per
1726 1403 1785 1424 nos
1813 1393 1970 1425 hactenus

318 1447 420 1478 factas
442 1446 492 1477 vel
516 1456 595 1487 quas
619 1455 676 1476 nos
700 1445 865 1486 continget
888 1443 995 1475 facere
1017 1444 1049 1475 in
1074 1444 1225 1484 futurum,
1249 1443 1398 1474 nolumus
1419 1443 1520 1475 nobili
1543 1444 1611 1476 viro
1634 1443 1773 1476 Gerlaco
1795 1444 1906 1476 comiti
1927 1444 1970 1477 de

318 1498 465 1538 Nazzoya
479 1497 568 1528 fideli
591 1500 700 1527 nostro
719 1496 837 1528 dilecto
859 1496 893 1527 in
917 1496 981 1527 suis
997 1495 1179 1527 hominibus
1195 1494 1390 1536 preiudicari
1406 1495 1458 1527 vel
1477 1496 1662 1538 aliqualiter
1682 1496 1844 1538 derogari.
1931 1496 1971 1528 In

319 1550 407 1581 cuius
429 1549 476 1580 rei
496 1549 710 1580 testimonium
729 1550 896 1589 presentes
912 1546 1069 1578 conscribi
1094 1550 1127 1578 et
1148 1547 1328 1578 maiestatis
1350 1549 1459 1579 nostre
1475 1547 1581 1589 sigillo
1596 1547 1745 1579 iussimus
1761 1548 1969 1581 communire.
1987 1558 2015 1578 ιο

417 1600 490 1631 Dat.
507 1599 687 1631 inWerdea
703 1609 804 1641 prope
820 1598 1016 1639 Danubium,
1039 1599 1121 1640 prid.
1138 1598 1187 1630 Id.
1203 1598 1235 1630 N
1236 1598 1391 1640 ovembr„
1414 1609 1497 1630 anno
1508 1599 1640 1631 Domini
1655 1598 1826 1632 millesimo
1843 1603 1968 1633 trecen-

318 1652 432 1683 tesimo
454 1652 605 1683 vicesimo
630 1651 740 1691 tercio,
764 1651 855 1693 regni
877 1660 954 1682 vero
977 1651 1076 1682 nostri
1099 1660 1183 1684 anno
1206 1660 1300 1682 nono.

542 1870 616 1905 817.
650 1869 899 1906 EIUSDEM
927 1868 1391 1908 PROCURATORIUM
1416 1869 1748 1908 LEGATIONIS

798 1925 874 1961 AD
903 1924 1243 1962 PONTIFICEM
1271 1925 1484 1963 MISSAE.

981 1994 1090 2031 1323.
1131 1993 1224 2031 Nov.
1250 1994 1306 2031 12.
1989 1998 2015 2018 ²⁵

435 2090 596 2131 Oriyinode
618 2092 760 2132 deperiit,
783 2093 867 2133 quod
889 2093 994 2125 adhuc
1014 2096 1273 2126 commemoratur
1294 2094 1331 2126 iri
1349 2093 1497 2134 Gataloyo
1519 2104 1549 2127 a.
1565 2094 1660 2126 1366.
1683 2093 1829 2134 confecto,
1851 2093 1889 2126 de
1911 2104 1973 2135 quo

321 2150 349 2172 v.
372 2151 475 2181 supra
491 2152 566 2182 pay.
582 2143 646 2174 251
668 2146 730 2175 not.
749 2146 777 2182 1,
801 2143 820 2175 l.
836 2155 862 2176 c.
885 2143 940 2176 col.
958 2145 1020 2175 190
1033 2144 1124 2176 VIII:

430 2201 552 2233 Littcre
576 2202 732 2235 Ludovici
754 2203 794 2235 de
816 2204 971 2244 Bavaria,
994 2204 1027 2235 in
1049 2204 1164 2246 quibus
1187 2205 1351 2236 constituit
1373 2208 1598 2247 procuratores
1625 2205 1667 2237 ad
1689 2191 1875 2238 habendum
1897 2217 1973 2248 pro-

323 2261 431 2282 cessus
466 2256 498 2283 et
527 2252 649 2284 litteras
681 2258 790 2286 contra
821 2266 895 2287 eum
925 2255 1027 2287 factas
1058 2266 1117 2298 per
1147 2256 1311 2288 dominum
1337 2257 1517 2289 Iohannem
1546 2267 1667 2299 papam
1693 2256 1804 2289 XXII.
1854 2257 1898 2290 Et
1926 2259 1974 2290 eis

325 2302 442 2333 habitis
464 2303 505 2334 ad
528 2305 701 2344 petendum
725 2306 918 2338 dilacionem
942 2310 1180 2349 competentem
1203 2308 1244 2340 ab
1269 2308 1385 2340 eodem
1409 2308 1539 2340 domino
1562 2318 1657 2350 papa.
1992 2325 2018 2345 so

433 2353 506 2386 Dat.
531 2355 573 2386 II.
590 2355 667 2387 Idus
689 2357 909 2399 Novembris⁸‚
933 2369 1016 2390 anno
1039 2358 1169 2391 Domini
1194 2360 1442 2392 MOOCXXIII.

434 2413 586 2445 Servatur
607 2416 735 2448 nonnisi
757 2418 792 2448 iri
808 2417 962 2450 Processu
978 2418 1070 2460 infra
1091 2430 1140 2451 nr.
1154 2420 1218 2450 839
1241 2420 1365 2459 edendo,
1388 2421 1425 2452 de
1440 2421 1534 2453 euius
1549 2421 1708 2454 codicibus
1725 2424 1806 2453 1—5
1822 2432 1850 2454 v.
1868 2422 1971 2464 infra.

329 2463 414 2503 Quos
438 2473 540 2496 omnes
561 2466 751 2499 contulimus
771 2479 837 2501 nos.
883 2469 989 2510 Siyilli
1011 2470 1250 2511 descriptionem
1274 2483 1302 2503 v.
1325 2472 1440 2504 ibidem
1462 2483 1530 2514 cap.
1546 2472 1578 2504 2.

434 2523 575 2563 Bo'hmer,
598 2525 671 2566 Rey.
689 2527 800 2560 Ludw.
819 2539 854 2568 p.
872 2529 914 2560 38
935 2541 984 2562 nr.
1002 2532 1074 2563 657.

436 2608 503 2640 Nos
535 2609 736 2642 Ludovicusb
763 2613 825 2645 Dei
854 2617 957 2656 gratia
985 2610 1203 2649 Roman‘orum
1238 2628 1297 2650 rex
1331 2629 1459 2660 semper
1492 2621 1646 2661 augustus
1679 2618 1723 2651 ad
1754 2619 1976 2652 universorum
1993 2634 2019 2654 ns

329 2668 463 2700 quorum
486 2660 618 2692 interest
641 2664 788 2695 notitiam
804 2666 949 2698 volumus
964 2669 1144 2710 pervenire,
1164 2669 1250 2711 quod
1273 2670 1442 2713 religiosos
1465 2673 1499 2702 et
1520 2670 1727 2702 honorabiles
1742 2671 1828 2703 viros
1841 2670 1976 2703 fratrem

328 2709 516 2741 Albertum⁰
547 2711 586 2743 de
616 2711 837 2757 Swartzburgd
866 2728 1018 2759 magnum
1049 2724 1276 2762 preceptorem
1306 2721 1445 2753 ordinis⁰
1470 2721 1650 2764 Hospitalis
1679 2721 1789 2755 Sancti
1819 2723 1973 2755 Iohannis

432 2803 498 2831 817.
525 2806 548 2837 ιδ)
567 2807 713 2833 Decembris
731 2817 751 2834 c.
820 2809 846 2842 b)
865 2811 923 2837 Lud
942 2812 965 2838 3.
1036 2814 1059 2846 c)
1078 2815 1230 2841 Alberthum
1249 2815 1274 2842 3.
1344 2815 1369 2848 d)
1388 2817 1567 2843 Sirartzburch
1581 2817 1603 2843 1.
1617 2816 1642 2844 5.
1713 2816 1737 2851 Θ)
1756 2818 1852 2844 ordinis
1863 2818 1933 2844 dem
1949 2817 1973 2844 1.
