2190 3172
172 764 197 786 10

171 1023 195 1044 u

165 2412 191 2432 ⁸5

164 2671 192 2691 40

452 201 550 230 ACTA
567 201 684 230 anem
704 200 889 230 LUDEWICI
908 201 956 229 lv.
974 201 1021 229 ET
1041 201 1225 230 Fleffllcl
1245 202 1292 229 111.
1330 202 1405 230 1315.
1442 202 1562 230 mam.
1580 203 1640 231 203.
1809 207 1868 238 153

324 288 414 321 Inter
441 288 584 321 diversas
613 288 846 321 sollicitudines
872 292 997 320 nostras
1026 288 1113 320 illam
1142 299 1206 320 non
1234 289 1398 321 minimam
1428 293 1631 331 reputamus,
1655 293 1691 323 ut
1713 290 1788 329 hiis,
1813 292 1866 333 qui

217 340 397 373 ardenciori
420 340 526 372 studio
550 343 583 372 et
606 339 784 373 devocione
800 340 954 382 precipua
970 340 1085 372 nostris
1109 343 1142 372 et
1157 341 1284 383 imperii
1300 341 1443 372 serviciis
1459 346 1705 383 perseveranter
1721 342 1866 374 insistere

216 395 425 433 curaverunt,
459 394 568 424 nostra
602 391 722 434 regalis
757 391 939 434 benignitas
972 391 1150 424 clementer
1183 392 1353 434 provideat
1387 393 1427 424 de
1456 392 1597 425 uberiori
1626 393 1867 435 indempnitatis

215 442 352 477 comodo
375 446 409 476 et
431 443 558 486 quietis.
603 443 689 475 Hinc
718 446 768 475 est
794 442 881 486 quod
910 442 1029 475 devota
1056 444 1207 485 servicia,
1230 454 1293 486 que
1317 443 1409 476 nobis
1433 447 1466 476 et
1488 445 1624 486 imperio
1652 455 1710 487 per
1733 455 1866 477 venera-

215 494 314 528 bilem
336 494 523 538 Philippum
547 495 735 538 episcopum
751 494 978 538 Eystetensem
994 495 1172 537 principem
1187 500 1330 527 nostrum
1347 495 1500 528 dilectum
1521 500 1707 528 reverenter
1723 496 1867 529 exhibita

215 550 288 579 sunt
317 550 351 579 et
381 547 413 579 in
441 549 605 589 posterum
630 550 783 589 poterunt
805 546 964 587 exhiberi,
987 546 1177 589 diligencius
1199 547 1406 579 attendentes
1428 547 1554 590 sibique
1583 552 1616 580 et
1639 548 1775 580 ecclesie
1798 559 1866 587 sue,

216 608 279 642 que
315 598 406 641 gravi
441 598 623 630 debitorum
657 609 755 631 onere
785 602 835 631 est
864 608 1035 640 oppressa,
1065 608 1248 631 succurrere
1280 599 1320 631 de
1349 599 1548 641 benignitate
1576 601 1666 642 regia
1690 601 1866 642 cupientes,

215 650 323 682 omnia
349 650 535 692 privilegia,
563 649 701 691 litteras,
731 651 852 692 gratias
880 660 938 682 seu
971 649 1191 692 indulgencias
1222 650 1281 682 sibi
1313 654 1346 682 et
1375 650 1511 683 ecclesie
1544 662 1600 683 sue
1633 662 1692 694 per
1721 652 1866 694 preclare

214 701 451 735 recordacionis
473 701 651 734 Henricum
667 701 889 734 Romanorum
912 702 1153 744 imperatorem,
1178 706 1251 734 tunc
1274 711 1398 744 regem,
1422 702 1579 735 illustrem
1602 702 1866 744 predecessorem

214 756 358 786 nostrum
372 754 384 774 ²
406 763 531 786 necnon
553 763 612 796 per
634 753 791 785 illustrem
808 753 986 785 Iohannem
1009 763 1120 794 regem
1138 753 1295 785 Bohemie
1320 757 1353 785 et
1373 753 1509 786 Polonie
1532 755 1614 786 sacri
1637 754 1764 796 imperii
1787 755 1867 786 citra

213 809 341 843 montes
368 808 443 838 tunc
471 805 626 837 vicarium
656 805 860 848 generalem,
886 805 1064 847 principem
1092 808 1234 837 nostrum
1263 805 1448 847 dilectum2,
1477 816 1646 838 concessas
1676 810 1709 838 et
1732 805 1866 838 traditas

214 867 311 899 super
334 867 392 896 eo,
423 855 510 899 quod
540 856 582 889 ad
604 856 803 889 solucionem
826 867 994 888 usurarum
1018 857 1274 889 accrescencium
1301 867 1398 899 super
1420 858 1626 899 pecuniarum
1651 858 1783 889 summis
1806 857 1865 889 sibi

214 911 248 941 et
277 907 413 941 ecclesie
442 919 499 941 sue
527 918 587 950 per
613 907 732 940 Iudeos
762 918 982 950 quoscumque
1012 907 1143 939 creditis
1165 908 1351 940 nullomodo
1375 912 1563 949 teneantur,
1591 908 1765 941 dummodo
1789 909 1866 950 ipsis

213 959 323 992 Iudeis
355 963 474 993 sortem
502 959 687 1002 persolvant
715 963 748 992 et
777 960 949 991 restituant
978 960 1204 1002 principalem,
1232 964 1318 992 ratas
1347 960 1469 992 habere
1496 960 1643 992 volumus
1674 964 1707 992 et
1734 959 1866 992 easdem

214 1012 407 1044 auctoritate
446 1012 537 1054 regia
574 1011 814 1053 confirmamus,
849 1010 1066 1054 approbamus
1098 1011 1220 1044 eisdem
1254 1012 1459 1054 inpendendo
1494 1012 1591 1044 robur
1623 1012 1733 1044 debite
1767 1012 1865 1044 firmi-

213 1063 300 1096 tatis.
388 1063 426 1096 In
449 1064 538 1096 cuius
560 1064 608 1096 rei
631 1063 850 1096 testimonium
874 1066 907 1095 et
930 1062 1129 1095 evidenciam
1158 1062 1337 1106 pleniorem
1369 1067 1537 1106 presentes
1559 1063 1664 1106 sigillo
1687 1064 1866 1096 maiestatis

213 1118 322 1148 nostre
345 1115 501 1148 tradimus
525 1115 747 1147 communitas.

319 1171 441 1204 Datum
458 1171 664 1212 Wormacie,
698 1171 777 1203 1111.
796 1171 874 1203 Idus
907 1171 1063 1213 Ianuarii,
1098 1182 1181 1203 anno
1218 1170 1346 1204 Domini
1368 1170 1747 1214 MCCCquintodecimo,
1774 1172 1866 1214 regni

213 1233 290 1256 vero
313 1223 414 1256 nostri
436 1233 520 1255 anno
544 1223 656 1266 primo.

393 1438 644 1484 203-209.
687 1437 970 1484 SCRIPTA
997 1436 1209 1483 SUPER
1237 1436 1641 1484 OBLIGATION
1646 1436 1684 1482 E

690 1501 1064 1549 CIVITATUM
1098 1501 1388 1548 IMPERII.

751 1583 860 1620 1315.
905 1584 982 1620 Ian.
1009 1583 1242 1621 11.—Febr.
1267 1584 1324 1620 16.

570 1704 656 1741 203.
697 1704 911 1740 Mandatwm
938 1704 1117 1740 Ludewicz·
1138 1705 1252 1749 prius.
1357 1704 1434 1739 Ian.
1454 1705 1509 1738 11.

324 1777 486 1819 Oriyinalc
519 1777 595 1821 (or.)
629 1779 665 1810 in
696 1779 855 1812 tabulario
888 1779 971 1820 reyio
1005 1778 1292 1819 Dusseldomiensi.
1344 1777 1580 1818 Descripsimus
1602 1787 1667 1808 nos.
1718 1775 1863 1817 Siyt'uum

212 1829 304 1868 deest,
319 1828 532 1869 foraminibus
547 1830 675 1863 relictis.
710 1831 754 1863 In
769 1841 855 1863 verso
870 1831 1023 1873 scm‘ptum
1045 1833 1106 1862 est:
1128 1830 1194 1862 Lr-az
1217 1829 1270 1862 dffi
1286 1831 1372 1872 regis
1387 1829 1470 1870 Lud,
1487 1828 1573 1872 quod
1588 1828 1633 1860 hii
1654 1828 1707 1871 qui
1723 1831 1862 1860 castrum

210 1877 507 1925 Rych[en]sth(ein)
531 1881 652 1915 habent
675 1883 727 1915 vel
749 1883 916 1926 possident
937 1893 980 1915 ex
1002 1885 1094 1925 parte
1117 1882 1164 1914 Io.
1188 1881 1256 1914 Hol
1279 1885 1312 1914 et
1334 1880 1430 1914 Cfinr.
1454 1881 1597 1923 Dymari,
1621 1880 1707 1922 quod
1730 1890 1862 1922 presen-

210 1936 280 1966 tent
302 1930 366 1967 dtff)
381 1933 480 1966 Petro
498 1934 651 1977 archie’pB
667 1935 822 1977 Mogunt.‚
839 1935 972 1975 itemque
986 1944 1085 1966 manu
1101 1933 1205 1966 adhuc
1220 1944 1300 1966 saec.
1316 1933 1430 1966 XIV..-
1453 1932 1579 1964 Nullius
1589 1937 1662 1964 sunt
1677 1931 1804 1964 valoris.
1818 1949 1862 1956 —

210 1984 273 2018 Ed.
297 1984 540 2019 Wiotckelmann
568 1988 662 2020 ‘Acta
685 1987 811 2027 imperii
837 1986 968 2019 inedita'
991 1986 1044 2024 11,
1066 1987 1132 2018 288
1153 1996 1202 2018 nr.
1218 1987 1282 2017 456
1304 1996 1343 2017 ex
1365 1995 1440 2025 cop„
1463 1984 1519 2016 ubi
1541 1984 1651 2016 datum
1674 1983 1754 2015 male
1775 1983 1861 2015 indi-

210 2039 316 2070 catum
339 2039 385 2070 est
407 2037 496 2079 (Ian.
514 2039 559 2079 9).

322 2098 371 2139 Cs-
386 2098 478 2138 infra
499 2099 544 2131 ad
564 2110 595 2131 a.
614 2099 706 2132 1315.
730 2099 816 2132 Mai.
833 2101 862 2131 6.

317 2192 389 2225 Wir
421 2189 580 2235 Ludewig
613 2203 674 2224 von
713 2192 814 2225 Godis
853 2193 981 2235 gnaden
1020 2193 1221 2226 Romescher
1258 2192 1347 2235 kfing
1379 2192 1536 2234 allewege
1574 2192 1625 2224 ein
1662 2202 1768 2224 merer
1804 2191 1861 2224 des

207 2239 323 2286 ryches
350 2242 482 2276 inbiden
570 2255 687 2277 unsern
716 2244 883 2286 getriiwen
913 2245 1089 2277 Heinriche
1113 2256 1175 2276 von
1192 2244 1409 2278 Winterheim
1441 2243 1506 2276 und
1540 2243 1720 2276 Emerchen
1753 2243 1859 2275 Breit-

207 2294 341 2328 scheide
429 2305 526 2328 unser
547 2295 654 2339 gnade
677 2295 741 2328 und
766 2296 846 2328 alles
869 2295 958 2339 giith.

317 2347 390 2380 Wir
413 2346 556 2390 gebiden
589 2348 652 2380 uch
686 2348 718 2380 bi
752 2359 867 2381 unsern
896 2347 1015 2380 hfilden
1047 2347 1113 2380 und
1142 2347 1271 2380 heiszen
1299 2347 1361 2379 uch
1390 2357 1430 2378 an
1453 2346 1596 2378 dieseme
1626 2343 1859 2388 geginv‘i‘rtigen

211 2398 319 2432 brieve
342 2399 408 2431 und
431 2398 548 2432 wollen
571 2410 618 2439 ez,
642 2399 701 2432 daz
725 2401 752 2431 ir
775 2400 826 2432 die
850 2399 934 2442 bfirg
955 2399 1188 2441 Rychinsthein
1211 2397 1405 2431 antvirthent
1421 2398 1484 2430 und
1501 2397 1657 2440 ufgebent
1676 2407 1859 2429 unsermme

208 2450 316 2483 lieben
343 2450 466 2483 fiirsten
497 2451 660 2484 erzebizof
684 2451 784 2484 Peter
807 2462 869 2484 von
895 2451 1056 2483 Meintzen
1082 2451 1148 2483 und
1170 2451 1251 2483 sime
1273 2450 1383 2482 stifthe
1410 2460 1471 2482 von
1500 2449 1664 2489 Meinzen‚
1687 2459 1799 2480 wanne
1823 2459 1859 2480 ez

208 2502 270 2535 uch
305 2502 428 2535 heiszet
463 2503 566 2535 Iohan
601 2503 863 2535 Holderbaumer
899 2503 964 2535 und
993 2502 1114 2536 Ofinrat
1140 2503 1263 2545 Dymar
1294 2501 1431 2543 bfirgere
1465 2512 1527 2533 von
1548 2501 1727 2532 Wormisze
1758 2500 1804 2532 bit
1833 2501 1860 2531 ir

209 2553 315 2587 eelbes
344 2553 463 2587 mflnde
492 2555 572 2587 oder
601 2555 649 2587 bit
680 2556 728 2587 irn
751 2554 859 2598 gilden
891 2555 1034 2587 brieven.
1079 2554 1153 2587 Und
1177 2554 1297 2598 globen
1323 2553 1386 2586 uch
1414 2553 1472 2586 dez
1500 2552 1539 2585 ιθ
1561 2551 1858 2584 verantworthene·

208 2605 275 2638 und
303 2604 343 2638 ιθ
371 2605 587 2639 beschirmme
622 2607 698 2650 gein
730 2617 912 2640 unsermme
941 2605 1080 2639 brfldere
1108 2606 1269 2648 herzogen
1300 2604 1457 2645 Rfldolfe,
1488 2605 1562 2647 gein
1595 2605 1678 2636 sinre
1709 2613 1857 2635 vrauwen

209 2655 367 2690 Methilde
398 2657 464 2690 und
491 2659 567 2700 gein
594 2657 680 2690 allen
710 2659 759 2690 irn
787 2658 886 2691 erben
913 2658 978 2690 und
1007 2659 1081 2700 gein
1104 2657 1318 2690 menlicheme
1341 2667 1402 2689 ane
1425 2656 1510 2689 allen
1539 2666 1647 2687 uwern
1676 2654 1767 2687 kflstz
1793 2654 1856 2686 und

311 2751 379 2780 208·
406 2752 432 2786 ὓ)
450 2750 465 2778 ἦ
483 2753 511 2778 ὄπ
530 2753 599 2779 linea
612 2757 672 2787 poet
689 2753 752 2780 add.
771 2762 809 2780 or.

317 2829 344 2861 1)
363 2827 454 2862 Supra
472 2830 533 2855 tom.
547 2827 600 2861 IV,
619 2833 632 2855 1
649 2836 692 2855 nr.
705 2831 759 2856 357.
780 2831 828 2856 353
846 2831 871 2855 ct
888 2831 945 2856 680.
964 2831 1019 2855 681.
1106 2828 1134 2861 2)
1155 2827 1247 2862 Supra
1266 2830 1326 2855 tom.
1340 2827 1392 2860 1V,
1405 2831 1421 2854 2
1439 2835 1480 2855 nr.
1494 2830 1564 2854 1136.
