2158 3138
412 181 509 210 ACTA
528 173 641 209 amm
658 181 846 209 LUDEWICI
866 181 912 210 IV.
931 182 978 210 m·
996 182 1181 211 FBIDERICI
1200 184 1248 211 111.
1286 185 1361 212 1314.
1397 185 1444 212 Nr.
1458 186 1500 213 99.
1519 186 1577 214 100.
1599 187 1655 215 101.
1815 192 1855 221 97

206 269 425 302 Romanorum
448 269 565 311 'regem
593 268 654 301 rite
686 272 719 300 et
753 269 955 302 concorditer
981 269 1086 302 electo
1116 270 1287 303 obidiatisb
1317 271 1458 304 fideliter
1483 283 1521 305 ac
1550 274 1652 305 eciam
1683 274 1856 306 intendatis

203 320 334 363 sibique
351 331 408 352 vos
430 323 597 363 promptos
619 319 660 352 ad
684 319 889 362 beneplacita
913 322 1024 363 quevis
1047 325 1212 364 tamquam
1236 332 1313 355 vero
1335 328 1441 356 vestro
1464 324 1594 356 domino
1618 325 1800 357 exhibeatis
1824 330 1856 358 et

201 375 342 414 paratos.
376 371 441 404 ‚Sic
463 372 579 404 nostris
601 372 731 403 monitis
754 375 788 404 et
810 372 1089 405 exhortationibus
1106 373 1254 406 benivole
1271 379 1465 417 annuentes,
1489 380 1523 407 ut
1539 377 1654 407 vestris
1671 376 1855 416 honoribus,

204 422 382 455 commodis
412 425 445 454 et
475 422 678 454 libertatibus
707 423 776 465 ipse
813 423 961 455 dominus
994 435 1053 456 rex
1088 429 1120 456 et
1154 436 1213 456 nos
1246 426 1405 468 principes
1438 428 1626 469 opportunis
1657 428 1856 470 temporibus

173 485 185 504 s
203 474 371 506 intendere
394 474 510 506 merito
534 473 743 506 delectemur.

310 525 385 558 Dat.
416 526 449 557 in
481 526 592 558 eastris
625 526 712 568 apud
738 525 968 567 Frankenfurt,
1003 527 1064 559 XI.
1089 528 1161 560 Kal.
1195 528 1383 570 Novembr.,
1411 541 1495 562 anno
1523 531 1654 563 Domini
1685 531 1856 563 millesimo

204 577 402 618 OOCXIIII,
423 587 596 618 regnorum
620 588 696 610 vero
719 581 900 610 nostrorum
923 588 1008 610 anno
1032 583 1157 621 quarto.

312 717 402 754 100.
443 718 617 764 Scriptum
639 717 851 755 Woldemari
877 719 1087 755 marchionis
1114 721 1474 767 Brandenlmrqensis.
1583 723 1655 759 Oct.
1677 726 1742 759 22.

312 791 473 833 Oriyinale
487 793 691 833 deperditum.
733 792 833 834 Copia
848 792 904 835 (o.)
927 794 964 825 in
984 794 1087 826 codice
1110 795 1321 835 ‘Kopialbuch
1337 795 1360 828 I
1366 797 1374 810 '
1399 796 1537 828 eiusdem
1559 797 1714 829 tabularii
1734 798 1788 837 sol.
1807 799 1852 830 98

158 852 184 871 ¹⁰
201 853 251 876 nr.
268 843 340 877 172.
385 843 620 884 Desmipsimus
641 853 708 876 noe.
731 862 774 867 —
803 845 976 878 Ineditum.

308 934 536 967 Woldemarus
573 934 635 966 Dei
673 935 783 977 gracia
824 935 1146 979 Brandenburgensis
1190 938 1334 970 marchio
1372 938 1584 981 dominusque
1622 944 1706 972 terre
1750 941 1852 973 Luza-

199 986 248 1018 cie
343 986 553 1029 prudentibus
579 987 654 1018 viris
677 986 836 1027 scultetis,
871 987 1024 1029 scabinis,
1059 989 1242 1020 consulibus
1270 1000 1307 1021 ac
1338 991 1598 1023 universitatibus
1626 992 1790 1023 civitatum
1822 993 1854 1024 in

198 1037 432 1079 Frankenford,
456 1037 647 1080 Frideberg,
669 1038 805 1071 Wetflar
827 1043 860 1071 et
876 1038 1096 1081 Geylnhusen,
1119 1041 1180 1073 sibi
1204 1041 1330 1074 dilectis
1418 1043 1555 1075 salutem
1573 1047 1606 1075 et
1622 1044 1855 1085 plenitudinem

203 1090 305 1122 omnis
328 1089 411 1122 boni.
1038 1122 1041 1125 Α

155 1147 180 1167 ¹⁵
306 1141 387 1174 Cum
411 1141 479 1174 dies
503 1146 591 1174 certa
613 1142 738 1184 precise
762 1145 795 1174 et
818 1145 1034 1185 peremptorie
1059 1145 1091 1175 in
1107 1143 1331 1176 Frankenfurd
1348 1145 1462 1178 fuisset
1478 1146 1520 1178 ad
1538 1147 1725 1189 eligendum
1742 1158 1853 1189 regem

197 1191 418 1224 Romanorum
446 1194 625 1235 assignata,
656 1194 919 1226 convenientibus
949 1195 1117 1227 nobiscum
1144 1199 1177 1227 et
1208 1198 1469 1238 comparentibus
1498 1202 1531 1229 et
1559 1198 1600 1229 ob
1629 1199 1690 1231 hoc
1719 1210 1854 1241 congre-

198 1244 301 1286 gatis*
334 1244 571 1277 venerabilibus
609 1245 753 1288 patribus
787 1245 942 1278 dominis·
976 1247 1076 1279 Petro
1110 1248 1324 1289 Maguntfino)
1360 1253 1393 1281 et
1427 1249 1624 1291 Bald(wino)
1659 1251 1851 1283 Treverensi

198 1295 448 1338 archiepiscopis
475 1307 598 1328 necnon
630 1297 803 1330 excellenti
833 1297 963 1331 domino
992 1299 1138 1331 Iohanne
1162 1300 1356 1332 Boemorum
1387 1312 1465 1343 rege
1493 1313 1532 1334 ac
1561 1302 1676 1334 illustri
1707 1304 1851 1345 principe

198 1346 327 1379 domino
350 1347 494 1380 Iohanne
519 1347 599 1380 duce
623 1347 766 1381 Saxonie
788 1350 925 1390 seniore,
949 1352 1064 1382 nostris
1087 1351 1331 1393 coelectoribus,
1355 1353 1426 1385 aliis
1438 1354 1574 1386 *minime
1590 1356 1852 1396 comparentibus

153 1408 180 1427 νο
198 1401 231 1430 et
252 1399 407 1431 interesse
430 1399 652 1432 recusantibus
674 1411 735 1433 nec
757 1412 815 1443 pro
839 1413 873 1434 se
896 1402 1107 1445 mittentibus,
1131 1413 1173 1435 ex
1190 1414 1253 1446 quo
1274 1404 1420 1446 plenaria
1443 1408 1587 1447 potestas
1610 1406 1794 1438 nominandi
1818 1411 1851 1439 et

199 1450 340 1493 eligendi
362 1461 533 1493 personam
556 1451 716 1494 ydoneam
739 1453 771 1484 in
787 1453 1008 1486 Romanorum
1031 1465 1143 1497 regem
1166 1466 1267 1497 penes
1290 1467 1348 1488 nos
1371 1461 1539 1499 presentes
1563 1458 1739 1498 residebat,
1762 1459 1848 1490 voci-

195 1502 255 1534 bus
278 1502 465 1535 absencium
488 1504 638 1536 extinctis
661 1504 767 1546 quoad
799 1505 937 1538 eandem
965 1507 1161 1539 eleccionem
1191 1511 1309 1540 extunc
1334 1512 1368 1540 et
1395 1510 1523 1551 penitus
1546 1510 1730 1550 annullatis,
1818 1511 1850 1541 in

197 1553 354 1586 illustrem
380 1555 558 1597 principem
592 1555 755 1588 dominum
785 1557 996 1590 Ludewicum
1031 1559 1181 1591 comitem
1216 1560 1392 1602 palatinum
1427 1560 1510 1593 Reni
1545 1561 1660 1593 ducem
1690 1561 1850 1603 Bawarie,

196 1607 297 1638 virum
331 1607 443 1649 utique
480 1607 649 1649 providum
684 1611 717 1640 et
750 1609 1032 1652 circumspectum,
1068 1611 1176 1643 divina
1209 1612 1385 1654 inspirante
1420 1613 1597 1645 clemencia
1631 1618 1707 1645 vota
1740 1618 1850 1646 nostra

153 1665 178 1686 2⁵
197 1657 373 1689 direximus
406 1661 439 1690 et
471 1658 577 1701 ipsum
610 1659 642 1691 in
668 1659 889 1692 Romanorum
917 1672 1029 1703 regem
1062 1663 1263 1695 concorditer
1296 1663 1446 1696 duximus
1474 1664 1669 1706 eligendum.
1760 1665 1849 1701 Quo-

197 1709 280 1741 circa
303 1709 509 1742 dilectionem
532 1714 672 1743 vestram
695 1712 887 1754 requirimus
910 1717 943 1745 et
965 1713 1132 1746 hortamur
1154 1717 1187 1746 et
1210 1715 1382 1757 diligencia
1411 1727 1474 1758 qua
1498 1727 1666 1758 possumus
1690 1722 1723 1748 et
1747 1727 1848 1758 quan-

195 1763 263 1793 tum
285 1761 318 1793 in
341 1761 434 1793 nobis'
458 1766 507 1794 est
529 1763 725 1795 consulendo
749 1763 999 1806 demandantes,
1024 1769 1181 1808 quatenus
1205 1766 1311 1799 eidem
1339 1766 1514 1799 Ludewico
1537 1771 1702 1810 tamquam
1726 1768 1847 1800 Roma-

194 1823 319 1845 norum*
341 1813 411 1856 regi
442 1814 504 1846 rite
539 1817 572 1846 et
604 1815 807 1848 concorditer
841 1816 945 1848 electo
987 1817 1146 1850 obediatis
1179 1819 1319 1851 fideliter
1353 1823 1386 1852 et
1419 1819 1593 1851 intendatis
1628 1821 1754 1863 sibique
1790 1832 1847 1853 vos

195 1867 360 1906 promptos
387 1865 430 1897 ad
457 1865 660 1908 beneplacita
687 1867 799 1909 quevis
827 1871 992 1911 tamquam
1026 1880 1102 1902 vero
1137 1874 1244 1903 vestro
1279 1871 1409 1903 domino
1439 1871 1621 1905 exhibeatis
1651 1876 1684 1904 et
1707 1876 1846 1914 paratos.

151 1924 177 1945 ω
195 1915 247 1948 Sic
269 1917 385 1948 nostris
408 1918 537 1950 monitis
559 1921 593 1950 et
615 1918 854 1951 hortaeionibus
877 1919 1025 1953 benivole
1049 1925 1239 1963 annuentes,
1262 1926 1297 1954 ut
1320 1924 1435 1955 vestris
1458 1923 1645 1962 honoribus,
1669 1923 1849 1956 commodis

195 1971 228 2000 et
259 1967 463 2001 libertatibus
496 1970 566 2011 ipse
600 1969 748 2003 dominus
775 1982 834 2004 rex
867 1975 900 2004 et
935 1983 992 2004 nos
1022 1974 1184 2016 principes
1211 1973 1421 2018 [oportunis]¹²
1449 1975 1651 2018 temporibus
1678 1975 1846 2008 intendere

195 2020 311 2052 merito
335 2019 544 2053 delectemur.

302 2071 422 2104 Datum
452 2072 483 2104 in
513 2074 625 2105 castris
652 2074 740 2116 apud
761 2074 1002 2117 Frankeni'urd,
1030 2088 1112 2109 anno
1136 2077 1265 2109 Domini
1289 2078 1460 2110 millesimo
1485 2078 1567 2111 CCC
1591 2079 1845 2122 quartodecimo,

194 2123 253 2156 XI.
277 2123 394 2156 Kalen.
418 2123 591 2157 Novembr.

151 2252 176 2272 aa
474 2240 556 2277 101.
597 2240 773 2287 Scriptum
798 2242 966 2278 Iohannis
992 2242 1088 2278 ducis
1117 2242 1298 2278 saa-oniae.
1405 2243 1477 2280 Oct.
1499 2247 1563 2280 22.

304 2313 463 2355 originale
479 2314 554 2358 (or.)
570 2314 693 2348 ibidem.
726 2315 831 2356 Siqilli
846 2326 935 2348 cerae
949 2316 1039 2349 albae
1054 2317 1145 2349 dorso
1160 2317 1306 2357 impressi
1319 2318 1449 2359 vestiyia
1465 2319 1593 2351 adsunt.
1611 2338 1652 2343 —
1669 2319 1843 2351 Ineditum.

303 2369 353 2409 Of.
377 2369 523 2409 Beihmer,
547 2370 623 2412 Rey.
641 2371 753 2404 Ludw.
779 2371 1009 2404 Reichssachen
1032 2372 1051 2405 l.
1069 2383 1093 2405 c.

299 2459 461 2493 Iohannes
487 2461 550 2494 Dei
577 2463 682 2504 gratia
711 2462 851 2495 Saxonie
880 2463 946 2495 dux
1033 2463 1245 2506 prudentibus
1273 2464 1347 2495 viris
1375 2488 1382 2495 .
1407 2490 1413 2495 .
1442 2465 1602 2506 scultetis,
1634 2489 1665 2496 ..
1694 2465 1841 2500 scabinis,

193 2535 201 2543 .
218 2537 226 2544 .
250 2510 433 2543 oonsulibus
460 2523 498 2545 ac
526 2514 787 2546 universitatibus
815 2515 981 2546 civitatum
1009 2515 1040 2546 in
1063 2515 1304 2554 Frankenfurd,
1328 2515 1496 2558 Fridberg,
1514 2515 1652 2548 NVetflar
1675 2521 1708 2548 et
1731 2516 1841 2549 Geiln-

149 2569 175 2589 ω
193 2561 305 2604 husen,
328 2562 388 2594 sibi
412 2563 538 2596 dilectis
625 2565 761 2598 salutem
786 2570 818 2598 et
841 2566 1074 2608 plenitudinem
1098 2567 1200 2598 omnis
1222 2566 1307 2599 boni.

299 2614 380 2646 Oum
405 2618 493 2647 certa
516 2615 584 2648 dies
607 2618 732 2659 precise
755 2621 789 2649 et
810 2619 1027 2659 peremptorie
1051 2618 1165 2649 fuisset
1187 2618 1228 2650 ad
1252 2618 1436 2660 eligendum
1461 2629 1570 2661 regem
1596 2619 1840 2659 Roman(oruni)

193 2665 365 2707 assignata,
389 2667 651 2700 convenientibus
678 2669 843 2700 nobiscum
872 2672 905 2700 et
934 2669 1180 2712 conparentibus
1210 2674 1242 2702 et
1274 2670 1315 2701 ob
1338 2670 1398 2702 hoc
1422 2671 1626 2713 congregatis
1649 2672 1840 2703 venerabili-

317 2751 365 2779 99.
393 2751 417 2786 b)
435 2754 471 2779 sic
489 2763 526 2780 or.

296 2811 362 2854 100.
389 2813 414 2846 ⁸)
433 2832 440 2840 .
453 2832 460 2840 .
478 2815 540 2841 add.
553 2824 574 2842 ο.
662 2814 687 2846 ὓ)
705 2815 797 2841 exc-'da
815 2824 836 2840 c.

295 2872 334 2891 u..
353 2872 577 2892 cousn'wnonm
590 2874 616 2893 v.
1603 2868 1634 2894 13
