2184 3126
266 604 286 619 c.
298 598 330 619 24.

263 1021 283 1036 c.
294 1016 324 1035 25.

267 1330 285 1344 c.
296 1325 328 1344 26.

269 1486 288 1501 c.
299 1482 330 1501 27.

270 1891 289 1905 c.
300 1886 331 1905 28.

270 1946 290 1962 e.
303 1942 335 1961 32.

340 203 402 233 752
613 197 709 225 ACTA
728 196 841 223 REGNI
859 196 1044 223 LUDEWIOI
1062 196 1111 223 1V.
1131 195 1177 222 ΕΤ
1197 194 1383 221 FRIDERICI
1401 194 1451 221 111.
1489 194 1564 222 1324.
1601 194 1649 221 Nr.
1661 194 1721 222 910.

340 289 492 324 duplicatis
505 290 534 316 et
547 287 699 322 triplicatis
718 289 746 313 et
764 287 798 314 de
811 286 978 313 annalibusl‘
992 286 1050 313 sive
1063 285 1201 313 fructibus
1214 284 1330 312 benefici
1336 293 1415 311 orum
1430 283 1602 315 vacancium,
1621 292 1692 318 quas
1708 285 1738 312 et
1755 292 1824 318 quos
1842 292 1894 319 per
1905 286 1997 312 totum

340 341 419 375 quasi
438 340 569 367 mundum
589 339 683 373 exegit
701 338 742 365 etl
762 337 836 372 exigi
861 337 942 370 facit,
969 337 1101 371 precipue
1124 336 1154 363 in
1176 344 1262 371 regno
1281 335 1431 362 Alamanie
1454 337 1483 363 et
1501 343 1586 370 regno
1606 335 1766 363 Arelatensi
1784 337 1814 363 et
1831 335 1862 362 in
1879 335 1998 364 diversis

341 392 437 419 Ytalie
457 391 592 426 partibus.
627 391 664 417 Et
682 392 775 416 tamen
798 389 873 416 dicte
891 389 974 416 Terre
993 388 1095 415 Sancte
1114 386 1266 414 crudeliter
1288 395 1343 414 non
1363 386 1513 419 succurrit,
1538 385 1623 414 immo
1642 386 1728 421 procli
1747 386 1827 414 dolor
1844 387 1998 415 desolatam

342 443 452 470 omnino
470 443 595 470 remanet
614 442 719 474 absque
737 439 832 474 aliquo
855 439 979 467 subsidio
998 440 1042 467 vel
1061 448 1191 466 succursu
1199 444 1223 465 ¹¹.
1260 438 1339 469 Quod
1358 440 1403 466 est
1423 439 1521 465 contra
1538 437 1621 466 fidem
1638 437 1832 466 katholicam⁰
1849 441 1879 466 et
1897 441 1995 467 contra

342 503 435 521 omnes
455 493 558 520 Christi
577 493 684 524 fideles,
709 491 756 526 qui
776 491 929 519 christiano
947 491 1058 518 nomine
1077 491 1254 522 decorantur,
1281 491 1311 517 et
1329 490 1402 524 [in]1³
1422 489 1474 516 Dei
1493 491 1686 524 contemptum
1704 491 1734 517 et
1751 490 1876 517 omnium
1894 489 2000 518 christi
2028 498 2041 518 ι

343 545 464 572 fidelium
483 545 645 572 scandalum
666 542 892 570 manifestum&

450 596 491 624 26.
520 597 539 624 C
565 596 635 623 Item
655 595 716 630 ipse
734 603 789 621 non
807 602 924 628 sequens
944 594 1003 621 eius
1022 594 1124 626 viatus,
1144 594 1223 620 cuius
1242 601 1270 620 se
1290 593 1361 620 dicit
1381 592 1528 625 vicarium,
1553 593 1602 627 qui
1621 592 1760 627 nascendo
1779 599 1876 627 pacem
1895 601 2000 620 aunun-

340 649 414 676 ciare
433 648 501 675 fecit
519 648 547 674 in
566 647 647 675 terris
665 649 694 674 et
714 646 834 673 vivendo
854 654 953 680 pacem
972 645 1096 672 servavit
1112 644 1144 673 et
1160 641 1282 672 servari
1297 639 1463 672 mandavit
1478 645 1508 671 et
1519 643 1643 672 finaliter
1660 652 1760 679 pacem
1779 643 1836 671 suis
1853 643 2000 680 discipulis

339 699 514 733 dereliquitr,
539 708 601 726 cum
622 698 729 725 nobiles
748 698 822 724 viros
844 698 876 724 de
896 697 1063 732 Graifspach
1071 703 1089 728 Β,
1109 696 1144 724 de
1163 695 1398 731 Truhendingent
1415 698 1445 723 et
1463 696 1497 723 de
1515 696 1619 730 Nyffen
1638 695 1754 724 comites
1772 696 1808 723 ad
1826 696 1954 732 legatum
1971 696 2001 723 in

339 750 466 777 Ytaliam
485 751 594 785 legatos
612 750 646 776 de
665 751 758 777 nostro
777 749 865 776 latere
884 749 1058 776 mitteremus
1077 748 1222 775 facturosu
1242 747 1302 774 eius
1320 756 1374 782 ope
1394 748 1424 774 et
1441 747 1549 774 auxilio
1562 755 1661 783 pacem
1678 750 1708 775 et
1729 747 1905 775 concordiam
1924 746 1998 775 inter
2019 754 2044 774 ιο

341 804 447 836 partes,
476 810 530 835 que
555 801 615 828 illic
639 800 693 828 sibi
712 801 816 827 bellum
840 801 870 827 et
892 800 974 827 duras
994 807 1116 834 gwerras
1140 798 1293 826 movebant
1315 798 1460 830 continue,
1487 798 1613 833 ipsarum
1631 799 1758 833 parcium
1776 797 1948 826 invitacione
1970 800 2000 826 et

341 853 457 888 pietatis
467 854 557 880 officio
568 853 692 885 excitati,
705 852 764 887 ipse
775 852 916 879 renitebat
925 854 954 879 et
964 851 1069 878 bellum
1082 859 1115 877 ac
1124 850 1296 878 obsidionem
1309 849 1440 878 fidelibus
1451 849 1728 877 Mediolanensibus*
1739 849 1854 886 paravit
1863 851 1893 878 et
1904 847 2000 885 parari

341 905 500 936 mandavit,
524 905 597 932 sicut
615 905 692 931 hocw
711 904 739 930 in
758 904 820 931 istis
838 904 966 938 partibus
985 905 1027 930 est
1046 902 1185 929 notorie*
1203 901 1392 929 manifestum.
1429 900 1509 932 Quod
1527 902 1623 928 tamen
1640 910 1689 929 sue
1707 901 1873 937 professioni
1886 900 2002 928 minime

343 957 523 992 congruebat,
539 956 649 983 dictosx
663 955 779 982 comites
791 956 821 982 in
832 956 956 982 nostrum
969 957 999 982 et
1011 955 1133 989 ipsorum
1145 954 1189 981 vel
1202 954 1294 981 verius
1307 953 1396 988 ipsius
1410 953 1581 988 vituperium
1594 953 1704 981 dimisit
1716 953 1833 981 nimium
1846 953 2002 981 inhoneste.

443 1008 485 1034 27.
513 1007 533 1035 C
560 1008 629 1034 Item
649 1006 698 1033 ille
717 1006 836 1034 crudelis
854 1009 1003 1041 usurpator
1020 1007 1082 1033 iura
1101 1005 1262 1040 principum
1275 1005 1386 1040 imperii
1405 1005 1520 1039 privata
1539 1005 1655 1040 negocio
1674 1005 1836 1037 indiscusso,
1855 1005 1938 1040 parte
1955 1004 1998 1032 in-
2017 1010 2042 1031 η

341 1059 438 1086 audita
456 1059 556 1086 nititur
574 1067 715 1093 usurpare.
753 1059 821 1086 Cum
846 1058 918 1085 enim
938 1060 1057 1085 vacante
1082 1057 1200 1092 imperio
1220 1057 1317 1084 comiti
1336 1056 1465 1092 palatino
1484 1055 1556 1084 Reui
1579 1057 1614 1084 de
1636 1057 1697 1084 iure
1715 1059 1745 1085 et
1762 1057 1922 1092 approbata
1939 1065 2002 1085 con-

344 1110 489 1138 suetudine
516 1110 626 1145 imperii
655 1111 802 1138 observata
830 1111 965 1137 hactenus
993 1110 1156 1137 inconcusse
1190 1109 1338 1144 presertim
1365 1108 1415 1136 in!
1441 1108 1572 1144 partibus
1596 1109 1744 1137 Alamanie
1771 1110 1932 1144 competat·
1957 1109 2002 1137 ius

343 1162 557 1189 administrandi
580 1163 642 1189 iura
664 1162 789 1196 imperii,
814 1162 894 1189 feoda
919 1161 1112 1189 ecclesiastica
1136 1163 1165 1189 et
1184 1160 1354 1195 temporalia
1378 1160 1539 1188 conferendi
1562 1162 1592 1188 et
1615 1162 1711 1188 cetera
1733 1161 1791 1188 aliu¹
1812 1161 1931 1196 negocia
1949 1161 2003 1188 diu-

343 1213 471 1248 ponendi,
490 1214 550 1248 ipse
569 1213 597 1239 in
616 1213 685 1240 dicti
698 1213 875 1248 principatus
894 1215 923 1241 et
936 1213 1094 1247 principum
1114 1221 1227 1240 suorum
1243 1209 1396 1241 nimiam*
1413 1212 1560 1240 contendit
1574 1209 1607 1240 in
1623 1219 1735 1241 eorum
1750 1209 1910 1251 iniufiam,
1928 1213 2004 1247 quod

343 1265 371 1291 in
390 1265 496 1292 nullum
515 1274 608 1292 casum
627 1265 681 1292 sibi
701 1263 844 1299 competit,
863 1265 899 1291 ad
918 1273 946 1292 se
965 1264 1242 1292 administracionem
1262 1263 1391 1291 vacantis
1410 1264 1523 1299 imperii
1542 1264 1692 1299 pertinere.
2020 1267 2049 1289 ’ὓ

445 1317 487 1343 28.
516 1317 536 1344 G
563 1317 632 1344 Item
656 1316 755 1344 idem*
775 1313 883 1354 palam
908 1316 940 1344 et
962 1316 1109 1343 manifeste
1129 1316 1213 1347 dixit,
1243 1316 1318 1350 quod
1339 1315 1400 1351 ipse
1424 1316 1460 1343 ad
1479 1316 1699 1344 conculcandum
1719 1317 1877 1351 serpentem
1895 1325 2003 1348 eneum,

345 1368 490 1403 imperium
505 1369 748 1400 Alamannorumb‚
767 1367 842 1395 omni
860 1370 986 1402 tempore
1004 1376 1053 1395 suo
1072 1376 1122 1402 pro
1141 1367 1247 1394 viribus
1266 1367 1395 1395 laborare
1419 1367 1504 1395 vellet
1522 1369 1552 1395 et
1569 1368 1714 1396 intendere
1733 1369 1794 1396 toto
1812 1375 1901 1404 poue,
1920 1367 1996 1396 sicut

346 1420 445 1446 effectu
465 1420 556 1454 operis
574 1420 700 1447 declarat
718 1421 746 1447 et
765 1420 921 1454 conprobat
939 1421 1002 1447 tota
1021 1419 1074 1446 die.

448 1472 489 1498 29.
518 1472 538 1499 C
564 1473 634 1499 Item
653 1471 733 1499 nobis
751 1471 848 1498 electis
867 1474 896 1498 et
914 1468 1176 1498 administrantibus
1196 1471 1257 1498 iura
1275 1471 1358 1506 regni
1377 1472 1407 1498 et
1427 1471 1539 1506 imperii
1552 1471 1673 1499 vicarios
1692 1471 1871 1499 constituisse
1890 1471 2003 1505 dicitur,

345 1522 435 1556 ipsum
454 1522 601 1557 imperium
619 1523 659 1550 sic
677 1523 884 1558 sibiusurpare
903 1523 1010 1558 satagit
1035 1525 1064 1550 et
1082 1524 1201 1550 conatur
1224 1525 1253 1550 et
1271 1524 1426 1557 tanquame
1445 1523 1552 1558 fulpisd
1570 1523 1690 1551 subdola
1712 1532 1787 1551 nunc
1809 1523 1903 1556 nobis,
1927 1531 2002 1551 nunc
2020 1529 2047 1549 x

345 1573 408 1600 duci
429 1574 552 1606 Austrie,
577 1574 627 1608 qui
644 1583 673 1601 se
692 1575 829 1609 ingessit⁰
847 1575 883 1602 ad
902 1574 1063 1609 imperium,
1082 1583 1111 1601 se
1129 1575 1223 1601 favere
1242 1574 1436 1602 fraudulenter
1454 1574 1592 1608 ostendit,
1617 1575 1651 1601 ut
1673 1583 1723 1602 noe
1745 1574 1782 1602 ad
1800 1574 1923 1602 invicem
1940 1582 2004 1604 eon-

345 1625 446 1652 citaret
465 1627 493 1652 et
512 1625 571 1660 ipse
590 1626 672 1653 nobis
692 1626 926 1654 contendentibus
943 1628 972 1653 et
990 1626 1108 1653 invicem
1128 1634 1177 1653 nos
1191 1626 1409 1654 extenuantibus
1426 1624 1496 1666 ipse
1513 1628 1623 1662 partem
1643 1635 1721 1654 suam
1739 1626 1884 1654 redden-etr
1894 1625 2005 1662 pingui-

346 1685 420 1704 orem
431 1682 454 1704 Β.
490 1677 542 1704 Ille
561 1677 634 1704 enim
654 1678 784 1705 inimicus
803 1678 894 1713 pacis,
918 1678 1007 1705 hostis
1025 1678 1148 1713 imperii,
1177 1678 1225 1712 qui
1245 1678 1323 1706 venit
1346 1677 1460 1706 mittere
1483 1678 1558 1706 non¹²
1577 1687 1688 1713 pacem,
1714 1679 1769 1706 seti
1787 1677 1928 1713 gladium,
1952 1686 2004 1714 pm

347 1728 501 1755 statuendis
520 1729 618 1756 saltem
637 1729 743 1764 treugis
766 1729 840 1757 inter
857 1738 908 1757 nos
927 1729 971 1756 vel
990 1730 1120 1756 facienda
1139 1738 1209 1764 pace
1229 1729 1272 1756 vel
1292 1728 1472 1757 discucienda
1490 1729 1605 1757 iusticia
1627 1738 1679 1757 nec
1701 1738 1801 1757 manus
1818 1725 2005 1767 aeseroivjtk

348 1788 398 1806 uec
419 1788 529 1814 operam
548 1780 633 1807 ullam
654 1780 744 1813 dedit,
764 1781 885 1816 diligens
904 1790 1026 1816 gwerras
1045 1782 1074 1808 et
1091 1781 1190 1808 sitiens
1209 1781 1386 1816 sanguinem,
1405 1783 1438 1808 ut
1455 1780 1580 1809 animam
1597 1790 1676 1809 suam
1696 1781 1850 1809 inebriaret
1867 1772 2004 1817 sanguine
2022 1787 2050 1808 ω

348 1831 495 1859 innocenti
515 1834 542 1859 et
561 1832 635 1859 circa
653 1833 868 1867 occupacionem
888 1833 932 1860 vel
951 1833 1159 1861 subversionem
1178 1833 1290 1867 imperii
1308 1842 1372 1860 suos
1391 1832 1537 1868 appetitus
1554 1832 1703 1860 malivolos
1721 1832 1849 1860 saciaret.

450 1884 491 1911 30.
519 1884 557 1911 (5¹
585 1885 674 1911 N0n¹¹¹
694 1885 804 1912 suffecit
821 1887 916 1912 autem
935 1885 990 1912 sibi
1002 1894 1107 1913 —vere
1126 1885 1268 1913 hereticus
1287 1888 1330 1913 est
1351 1885 1526 1913 censendus.¹

452 1935 493 1962 31.
524 1935 561 1963 (31
587 1935 671 1963 Nosm
692 1934 876 1964 Lfidewicusn
895 1937 946 1964 Dei
965 1935 1062 1972 gracia
1080 1937 1267 1964 Romanorum
1286 1946 1335 1964 rex
1353 1946 1463 1972 semper
1483 1939 1620 1972 augustus
1637 1939 1835 1972 protestamur,
1853 1936 1928 1971 quod
1946 1944 2005 1972 pre-

348 1987 424 2014 dicta
442 1996 496 2014 non
515 1988 694 2022 proponimus
707 1994 776 2015 nec⁰
791 1988 907 2015 dicimus
927 1990 1043 2023 propter
1061 1988 1155 2015 odium
1175 1988 1289 2023 aliquod
1308 1988 1405 2023 ipsius,
1425 1989 1474 2023 qui
1487 1997 1517 2016 se
1530 1989 1600 2017 dicit
1612 1989 1785 2016 Iohannem?
1797 1997 1903 2024 papam
1915 1988 2006 2021 xxn,

348 2040 415 2073 quia
436 2049 493 2067 non
515 2040 650 2068 habemus
674 2049 737 2068 eum
760 2041 833 2073 odio,
857 2043 901 2068 set
923 2042 1082 2069 iniusticiae
1105 2050 1170 2069 suas
1194 2043 1224 2069 et
1245 2042 1407 2070 maleficia*¹
1427 2042 1494 2069 suar
1512 2041 1649 2077 predicta,
1673 2050 1726 2069 nec
1747 2038 1798 2068 inf
1819 2041 1953 2069 iniuriam
1975 2043 2006 2070 et
2023 2045 2048 2066 ὓ

348 2090 491 2117 infamiam
503 2090 599 2125 ipsius,
613 2093 655 2118 set
667 2092 781 2126 propter
794 2091 883 2118 zelum
896 2091 960 2119 fidei
974 2094 1002 2120 et
1014 2093 1131 2127 propter
1143 2092 1333 2125 devocionem,
1345 2101 1430 2127 quam
1443 2092 1580 2120 habemus
1595 2093 1632 2120 ad
1644 2094 1771 2120 sanctam
1783 2092 1836 2120 Dei
1849 2093 2005 2125 ecelesiam,

349 2141 426 2167 cuius
444 2141 576 2173 defensor,
595 2143 747 2175 patronus*³
767 2145 795 2170 et
813 2143 967 2170 advocatus
985 2143 1139 2177 existimus,
1159 2153 1241 2178 quam
1262 2145 1313 2172 sub
1328 2144 1398 2172 dicti
1410 2144 1516 2171 domini
1528 2143 1704 2179 presidencia
1716 2144 1873 2179 periculose
1885 2143 2006 2180 deprimi

349 2200 381 2218 ac
410 2192 639 2219 deformacionem
663 2202 800 2221 enormem
824 2196 853 2221 et
878 2194 1016 2222 iacturam
1041 2196 1103 2230 pati
1127 2196 1278 2230 videmusss,
1306 2196 1535 2231 compacientem²
1553 2196 1609 2223 eibi
1634 2196 1671 2223 ab
1693 2196 1814 2229 intimis,
1838 2198 1867 2224 et
1890 2197 2007 2232 propter

350 2245 475 2270 sanctam
494 2244 574 2270 fidem
593 2244 773 2276 katholicam,
793 2254 846 2279 que
866 2246 952 2280 proch
971 2246 1050 2273 dolor
1062 2247 1241 2282 languescitv
1255 2247 1368 2275 omnino
1387 2247 1438 2275 sub
1456 2247 1526 2283 ipso,
1545 2250 1575 2276 et
1587 2250 1704 2283 propter
1714 2248 1922 2277 relevacionem
1933 2247 2007 2276 sacri

350 2293 461 2328 imperii
479 2296 508 2321 et
526 2295 680 2330 principum
700 2305 809 2323 suorum
829 2299 858 2324 et
877 2298 1046 2325 vasallorum
1065 2301 1094 2326 et
1112 2299 1277 2327 devotorum
1295 2299 1393 2334 ipsius,
1413 2299 1488 2334 quod
1506 2301 1535 2327 et
1553 2308 1623 2334 quos
1641 2300 1814 2328 defendere*
1833 2302 1862 2328 et
1879 2300 1954 2329 tueri
1972 2309 2007 2329 ex
2024 2305 2051 2325 ⁴⁰

352 2344 506 2372 iuramento
524 2347 676 2378 tenemurx,
699 2348 734 2374 ad
754 2356 869 2381 quorum
888 2350 1105 2377 exterminium&
1123 2351 1185 2385 ipse
1210 2351 1316 2384 tendit,
1340 2353 1369 2378 et
1393 2340 1583 2380 nosti-anxiet
1600 2354 1756 2380 nostrorum
1775 2352 1918 2380 iusticiam
1941 2361 2006 2381 con-

455 2452 519 2479 910.
548 2452 573 2486 ¹¹)
592 2455 626 2479 sic
647 2455 674 2485 1;
700 2456 838 2482 {malibus
856 2457 879 2483 2.
976 2457 995 2492 ¹)
1014 2460 1055 2484 vel
1074 2458 1099 2485 2.
1196 2459 1228 2492 ¹¹¹)
1247 2461 1369 2486 dissoluta
1387 2460 1412 2487 2.
1513 2461 1539 2492 n)
1559 2461 1700 2487 succursu?
1722 2461 1745 2487 1.
1850 2461 1875 2493 ⁰)
1893 2462 1963 2488 cath.
1981 2461 2007 2488 2.

353 2495 377 2526 P)
396 2496 486 2520 eaecidit
512 2496 533 2521 1.
546 2495 569 2522 2.
686 2498 710 2528 q)
730 2500 796 2524 viam
822 2501 878 2526 eius
906 2510 962 2526 cum
986 2502 1058 2534 siquo
1083 2504 1272 2535 transponendi
1292 2504 1314 2530 1.
1432 2504 1454 2537 ¹”)
1473 2505 1616 2538 dereliquid
1633 2504 1657 2530 2.
1778 2505 1800 2538 Ι)
1819 2505 1966 2539 (ὶῐίίΠΡῘΙδῐ
1981 2504 2007 2531 2·

353 2538 372 2569 ῑ)
391 2539 585 2572 Truhindingen
603 2539 627 2566 2.
720 2541 744 2572 ¹¹)
762 2541 863 2569 futuros
881 2543 905 2569 2.
998 2545 1023 2576 v)
1042 2546 1222 2579 Medyolanen.
1241 2545 1266 2572 2.
1363 2546 1394 2579 W)
1413 2548 1461 2574 hec
1478 2546 1503 2573 2.
1591 2547 1618 2579 ¹)
1637 2567 1644 2574 .
1657 2567 1664 2575 .
1683 2548 1746 2574 add.
1764 2547 1789 2574 2.
1881 2549 1908 2580 5)
1925 2556 2009 2581 cupra

354 2581 449 2606 lineam
467 2582 529 2607 add.
549 2582 571 2607 1.
653 2583 675 2615 z)
694 2589 813 2618 conpetat
831 2585 855 2612 2.
938 2587 962 2620 ³)
981 2589 1101 2614 iniuriam
1121 2589 1144 2615 l.
1227 2589 1253 2622 b)
1272 2590 1457 2616 Alamanorum
1475 2590 1500 2616 2.
1585 2590 1608 2624 ⁰)
1626 2595 1706 2624 tamq.
1724 2590 1750 2618 2.
1834 2590 1860 2625 (ἱ)
1877 2592 1964 2625 vulpis
1981 2589 2006 2618 2.
2024 2597 2052 2618 45

353 2624 377 2655 e)
395 2633 463 2649 corr.
488 2633 519 2650 ee:
543 2626 663 2658 ingressit
681 2626 705 2652 2.
829 2627 847 2660 f)
866 2630 893 2655 in
912 2639 994 2663 mary.
1017 2632 1079 2657 add.
1097 2631 1121 2657 2.
1237 2633 1262 2665 Β)
1281 2634 1377 2667 pingw.
1396 2632 1421 2659 2.
1535 2633 1561 2666 ¹¹)
1580 2643 1632 2660 non
1657 2635 1722 2661 mitt.
1740 2633 1765 2660 2.
1880 2634 1900 2668 ¹)
1919 2635 1965 2661 sed
1981 2634 2008 2661 2.

353 2665 379 2698 k)
397 2668 530 2693 assercivit
548 2666 669 2701 (asseiffit)
690 2670 715 2700 l;
734 2673 840 2703 apponit
857 2671 887 2702 2;
906 2674 940 2706 cf'.
955 2682 994 2698 nr.
1009 2676 1065 2699 909.
1126 2674 1146 2706 l)
1165 2675 1220 2701 eine
1238 2676 1310 2709 eiquo
1323 2676 1494 2709 paragraphi
1511 2677 1539 2702 in
1558 2675 1583 2702 2.
1653 2677 1687 2708 ¹¹¹)
1705 2678 1792 2703 littera
1809 2677 1919 2703 {Malis
1935 2678 1964 2703 ὄπ
1981 2675 2007 2703 2.

354 2708 378 2739 ῃ)
397 2710 461 2734 Lud.
480 2709 505 2736 2.
584 2711 608 2742 ⁰)
627 2716 656 2737 ut
674 2712 698 2738 2.
777 2714 802 2745 Ρ)
821 2715 874 2739 Ioh.
893 2714 917 2741 2.
997 2715 1021 2749 q)
1038 2717 1141 2743 malicia
1162 2718 1184 2744 1.
1202 2717 1228 2744 2.
1302 2718 1324 2751 ι·)
1343 2719 1411 2745 deest
1428 2718 1453 2745 2.
1528 2719 1550 2752 ¹)
1568 2724 1690 2753 patronas
1708 2719 1733 2746 2.
1807 2721 1829 2753 ¹⁵)
1847 2721 1965 2746 videmur
1982 2719 2008 2746 2.

354 2751 380 2782 ιι)
399 2753 477 2785 Conp.
496 2752 521 2778 2.
608 2754 632 2786 v)
651 2755 743 2788 langw.
764 2755 787 2781 2.
875 2759 905 2790 w)
924 2759 1062 2785 diffendere
1079 2759 1103 2785 2.
1191 2762 1217 2793 ¹)
1235 2766 1356 2788 tenentur
1374 2761 1398 2788 2.
1475 2762 1502 2795 5)
1520 2767 1713 2789 excrementum
1731 2762 1756 2790 2.
1835 2763 1859 2795 ¹)
1877 2766 1964 2789 ιιιηῶ
1981 2762 2007 2790 2.

460 2811 484 2844 1)
508 2811 619 2838 Variam
637 2813 767 2841 lectionem
785 2824 807 2842 r.
826 2824 910 2849 supra
928 2825 969 2844 nr.
984 2822 1032 2845 909
1050 2826 1107 2852 cap.
1121 2822 1163 2846 28.
2025 2823 2054 2844 ⁸⁰
