2158 3138
410 188 507 217 ACTA
525 172 847 217 REGNIALUDEWIOE
861 189 909 217 IV.
928 188 974 216 m·
993 188 1181 217 FRIDERICI
1199 190 1246 217 ΙΙΙ.
1286 190 1360 218 1314.
1398 190 1517 219 Nr.102.
1537 192 1595 220 103.

240 278 270 309 4.
294 280 331 309 Et
346 281 458 309 demum
473 282 540 316 post
554 279 694 308 tractatus
714 280 887 316 prehabitos,
909 289 972 308 con-

173 332 304 360 sideratis
339 332 461 361 sollicite
494 333 525 360 et
561 332 714 368 diligenter
742 331 973 360 circonstanciis

172 378 319 422 plu-ribus
342 385 373 412 et
394 385 473 412 statu
495 392 679 419 personarum
708 383 895 417 diversarum,
923 392 974 418 per

175 444 246 470 quas
267 444 317 463 sen
340 444 391 472 per
412 435 497 471 quam
526 443 614 470 regno
637 434 750 463 vacanti
778 433 812 462 et
837 430 972 472 imperio

133 493 155 513 as
175 489 273 523 posset
295 487 393 515 utilius
415 486 566 522 provideri,
589 486 619 514 in
641 486 780 514 illustrem
801 486 892 514 virum
906 482 972 514 Lu-

174 534 333 567 dowicum
364 534 516 567 comitem
545 533 724 576 palatinum
746 533 831 566 Reni
858 533 973 565 ducem

172 586 343 626 Bavarie,
374 590 464 618 virum
495 589 595 624 utique
624 589 807 623 catholicum,
837 589 974 617 ortodoxe

176 642 243 671 fidei
265 642 405 670 fervidum
427 642 588 674 zelatorem,
611 641 728 669 ecclesie
743 639 854 669 sancte
870 641 923 669 Dei
946 642 975 668 et

174 694 367 722 ministrorum
390 693 572 725 eiusdem-ac
593 693 671 728 pacis
693 694 790 721 sancte
806 693 842 720 ab
857 693 973 720 ineunte

131 751 156 772 ω
174 747 253 774 etate
263 750 324 774 sua
375 740 556 781 experieucia
579 754 634 780 que
657 746 701 772 est
721 753 815 772 rerum
836 744 974 780 magistra

171 798 271 826 efficax
293 798 451 825 attestante
518 796 651 825 devotum
667 797 698 824 et
711 796 846 824 humilem
863 797 970 824 amato-

171 857 240 882 rem,
263 851 430 878 strennuum
452 844 489 876 in·
509 844 623 884 armis,
647 844 679 875 in
702 843 820 876 iudicio
843 844 971 886 iustum,

171 897 204 929 in
217 922 218 925 η
231 896 372 929 consiliis
403 895 590 938 providum,
624 900 655 927 in
687 896 837 928 universa
863 909 972 928 morum

170 953 344 980 honestate*
369 952 541 988 preclarum,
566 951 734 987 benignum,
761 951 920 979 affabilem⁰
943 953 973 979 et

127 1012 154 1035 ιι
171 1006 365 1038 mansuetum,
397 1003 431 1032 de
459 1003 518 1031 alto
548 1005 579 1031 et
599 1011 738 1039 generoso
763 1002 900 1038 sanguine
923 998 971 1030 di-

169 1055 282 1084 vorum
305 1061 419 1094 regum
436 1054 470 1083 et
485 1051 665 1093 principum
685 1057 864 1090 procreatum
886 1064 920 1082 sc
942 1056 972 1082 in

175 1103 297 1136 eunctis
313 1107 466 1143 agibilibus
482 1116 533 1143 pro
548 1106 686 1142 regimine
702 1106 744 1134 rei
759 1106 871 1142 publice
887 1116 971 1142 quam

168 1159 322 1195 plurimum
345 1159 596 1195 cii-conspectum,
618 1160 747 1186 nostrum
769 1158 906 1186 intuitum
928 1159 971 1186 di-

171 1211 239 1240 vina
271 1211 441 1246 disponente
475 1210 629 1239 clemencie.
665 1211 879 1243 convertentes,
913 1217 971 1238 nos

125 1271 152 1296 ss
169 1258 286 1292 Petrus
308 1258 516 1300 Meguntinus
541 1257 803 1300 archiepiscopus
830 1268 889 1300 pro
911 1269 970 1290 no-

169 1311 219 1343 bis
242 1314 278 1343 et
299 1310 428 1342 nomine
451 1312 571 1350 nostro,
597 1309 744 1352 prefatus
766 1319 843 1342 vero
867 1309 970 1342 domi-

169 1373 228 1394 nus
242 1361 458 1404 Bald(uynus)
475 1361 686 1393 Treverensis
710 1361 972 1403 archiepiscopus

169 1424 228 1456 pro
251 1424 286 1446 se
310 1417 344 1445 et
367 1414 495 1446 nomine
520 1424 596 1454 suo,
625 1423 684 1445 nos
710 1423 787 1445 vero
811 1413 972 1445 Iohannes

168 1465 304 1498 Boemie
331 1469 364 1497 et
385 1464 524 1497 Polonie
548 1476 618 1507 rex,
633 1464 863 1497 Woldemarus
885 1475 970 1496 mar-

125 1530 151 1551 n
170 1517 242 1550 chio
282 1516 606 1559 Brandenburgensis
640 1519 673 1548 et
710 1516 872 1548 Iohannes
905 1516 971 1548 dux

169 1568 310 1601 Saxonis
341 1567 479 1611 predicti
510 1568 646 1610 quilibet
675 1571 817 1600 nostrum
848 1579 907 1610 pro
936 1579 970 1599 se

170 1624 204 1652 et
234 1621 364 1653 nomine
396 1630 454 1653 suo
478 1621 560 1653 votis
582 1621 698 1653 nostris
724 1630 784 1662 per
807 1619 971 1651 dominum

171 1671 398 1714 Maguntinum
445 1672 723 1714 archiepiscopum
772 1671 969 1703 antedictum

174 1724 244 1756 vice
267 1734 325 1755 sua
349 1726 383 1755 et
399 1726 508 1767 nostra
531 1730 561 1756 et
580 1737 614 1756 ex
631 1728 748 1764 speciali
763 1727 897 1756 mandato
913 1734 970 1754 suo

126 1789 155 1810 so
174 1778 208 1807 et
233 1779 343 1807 nostro
373 1779 527 1816 diligenter
549 1779 710 1814 inquisitis,
736 1789 788 1807 nos
812 1775 971 1807 electores

171 1827 309 1870 predicti
331 1827 365 1859 in
387 1827 460 1859 loco
483 1827 630 1870 predicto
653 1831 830 1870 presentes,
853 1832 897 1859 ius
919 1830 969 1858 to-

169 1878 237 1911 tale
261 1889 300 1911 ea
323 1879 394 1911 vice
420 1883 450 1911 in
473 1883 613 1912 electione
639 1883 709 1911 dicti
735 1883 810 1919 regis
833 1883 970 1910 habentes

166 1935 358 1963 consensimus
381 1935 558 1964 concorditer
579 1936 609 1963 in
625 1935 744 1964 eundem
759 1930 968 1962 Ludowicum

167 1989 197 2016 et
221 1987 314 2022 ipsum
336 1987 543 2015 nominavimus
566 1987 687 2022 quilibet
703 1988 833 2014 nostrum
857 1995 907 2022 pro
931 1995 968 2019 se,

122 2047 149 2067 ss
167 2039 247 2067 nullo
262 2039 391 2074 penitus*
406 2038 593 2074 discrepante,
616 2039 647 2066 in
665 2039 856 2067 Romanorum
874 2047 967 2074 regem

133 2103 138 2110 ⁴
167 2091 342 2127 eligendum*
357 2091 402 2118 in*
417 2091 618 2126 imperatorem
634 2086 842 2128 postmodum
858 2098 967 2125 promo-

168 2142 289 2170 vendum
310 2144 340 2170 et
362 2143 393 2170 in
409 2143 578 2171 advocatum
593 2145 772 2170 sacrosancte
788 2142 913 2170 Romane
929 2150 969 2168 ac

167 2194 334 2222 universalis
359 2194 476 2223 ecclesie
496 2195 712 2229 viduarumque
733 2196 763 2222 et
778 2193 968 2228 orphanorum

166 2246 350 2274 defensorem.

123 2305 152 2325 «ιο
235 2295 269 2326 5..
301 2297 408 2330 Quibus
430 2297 471 2326 sic
487 2298 610 2334 peractis
630 2306 682 2333 ego
698 2293 815 2325 Petrus
830 2292 967 2334 Magun-

133 2359 137 2367 ³
168 2345 252 2377 tinus
275 2345 558 2387 archiepiscopus*
582 2350 617 2377 de
639 2349 774 2377 mandato
799 2347 916 2383 speciali
938 2349 969 2375 et

168 2401 317 2429 voluntate
344 2407 419 2429 mea
447 2400 481 2429 et
511 2410 638 2430 meorum
666 2400 875 2429 coelectorum*
903 2408 964 2434 pre-

167 2453 308 2481 dictorum
324 2453 443 2480 eundem
456 2448 693 2490 Lud(owi0um)
707 2448 857 2480 comitem
874 2447 964 2489 pala-

167 2500 268 2532 tinum
284 2499 369 2532 Reni
385 2499 500 2532 ducem
516 2500 663 2532 Bawarie
680 2504 753 2540 elegi
770 2503 965 2538 sollempniter

119 2562 148 2583 ⁴⁸
166 2555 197 2583 in
217 2555 293 2583 hunc
314 2555 442 2584 modum:

269 2730 334 2758 102.
362 2731 385 2764 ⁰)
400 2731 489 2764 prima
507 2740 523 2758 s
541 2740 609 2757 corr.
628 2740 658 2757 α
675 2740 690 2757 e
703 2731 736 2757 Δ.

271 2815 339 2845 1⁰8.
368 2817 392 2850 b)
410 2818 608 2844 venerabilis—
619 2818 790 2851 Maguntinus
808 2818 834 2843 in
854 2818 908 2843 Ioco
927 2826 989 2843 raso
1002 2818 1034 2843 B.

1766 197 1823 227 ¹01

1091 279 1119 308 4.
1143 280 1180 308 Et
1198 281 1309 309 demum
1327 284 1392 315 post
1409 283 1549 310 tractatus
1567 283 1742 318 prehabitos.
1762 293 1824 311 con·
1839 296 1857 310 c.
1870 292 1888 313 s.

1025 331 1155 360 sideratis
1163 332 1286 360 sollicite
1298 334 1328 360 et
1338 332 1489 367 diligenter
1499 334 1719 362 circonstanciis
1728 332 1826 374 pluri-

1025 378 1084 411 bus
1105 385 1136 411 et
1153 387 1231 412 statu
1243 390 1420 419 personarum
1435 385 1615 419 diversarum,
1628 396 1679 422 per
1696 396 1766 421 quas
1778 396 1825 415 seu

1026 442 1075 468 per
1087 443 1170 468 quam
1183 445 1270 471 regno
1284 438 1398 465 vacanti
1415 436 1447 465 et
1463 435 1597 477 imperio
1614 442 1707 474 posset
1729 439 1827 467 utilius

1026 486 1174 520 provideri,
1194 487 1223 514 in
1241 488 1379 517 illustrem
1394 490 1483 517 virum
1498 486 1709 519 Ludowicum
1725 488 1825 519 comi-

1026 536 1092 566 tem
1116 535 1293 577 palatinum
1318 537 1401 570 Reni
1432 538 1548 571 ducem
1571 538 1762 579 Baw(arie)‚
1785 544 1823 571 vi-

1026 597 1087 616 rum
1109 590 1207 624 utique
1233 592 1418 626 catholicum,
1440 595 1573 622 ortodoxe
1599 594 1663 621 fidei
1687 594 1823 621 fervidum

1026 640 1188 674 zelatorem,
1215 643 1332 672 ecclesie
1362 646 1472 674 sancte
1502 646 1553 673 Dei
1580 648 1610 674 et
1635 645 1823 673 ministrorum

1026 691 1148 720 eiusdem
1165 703 1198 721 ac
1211 695 1290 729 pacis
1302 698 1399 724 sancte
1411 697 1447 724 ab
1461 697 1573 725 ineunte
1586 699 1663 725 etate
1675 707 1726 725 sua
1778 706 1822 725 ex-

1027 744 1170 778 periencia
1197 754 1251 780 que
1281 749 1324 774 est
1352 757 1443 775 rerum
1469 749 1605 782 magistra
1626 749 1724 776 efficax
1749 752 1821 777 atte-

1025 797 1119 824 stante
1166 797 1298 825 devotum
1308 801 1338 826 et
1347 799 1480 827 humilem
1491 804 1652 832 amatorem.
1662 804 1824 828 strennuum

1025 844 1057 875 in
1074 845 1181 885 armis,
1205 846 1236 877 in
1256 846 1374 878 iudicio
1391 848 1519 888 iustum,
1543 849 1575 880 in
1595 849 1734 880 consiliis
1748 860 1822 891 pro-

1025 894 1145 937 vidum,
1169 901 1198 928 in
1221 899 1370 930 universa
1393 912 1498 930 morum
1521 904 1688 931 honestate·
1713 905 1819 939 precla-

1024 959 1093 983 rum,
1113 951 1272 987 benignum,
1287 955 1442 983 effabilem
1462 958 1491 982 et
1509 959 1693 989 mansuetum,
1711 957 1745 984 de
1763 958 1823 985 alto

1025 1005 1054 1032 et
1072 1013 1206 1039 generoso
1223 1005 1358 1041 sanguine
1378 1002 1522 1036 divorum
1544 1014 1657 1046 regum
1681 1009 1714 1037 et
1736 1006 1823 1047 prin-

1025 1053 1132 1094 cipum
1158 1061 1333 1091 procreatum
1352 1067 1385 1085 ac
1404 1058 1432 1085 in
1457 1056 1579 1087 eunctis
1601 1060 1756 1095 agibilibus
1774 1070 1823 1096 pro

1024 1107 1159 1142 regimine
1191 1109 1232 1136 rei
1267 1110 1380 1144 publice
1411 1120 1495 1145 quam
1524 1111 1676 1146 plurimum
1707 1112 1785 1141 circo
1793 1123 1821 1141 n-

1024 1162 1159 1193 spectum,
1178 1162 1302 1188 nostrum
1320 1162 1454 1190 intuitum
1474 1163 1571 1190 divina
1583 1163 1749 1198 disponente
1767 1165 1822 1191 cle-

1023 1210 1135 1238 mencia
1161 1215 1368 1246 convertentes,
1392 1221 1450 1242 nos
1474 1211 1686 1253 Bald(uynus)
1710 1212 1822 1244 Trevi-

1025 1262 1160 1300 r(orum)
1177 1261 1437 1304 archiepiscopus
1454 1274 1511 1304 pro
1527 1263 1620 1295 nobis
1641 1268 1675 1295 et
1693 1265 1821 1297 nomine

1024 1314 1144 1353 nostro,
1158 1312 1302 1354 prefatus
1314 1324 1390 1345 vero
1404 1313 1551 1347 dominus
1563 1314 1706 1356 P(etrus)
1716 1317 1820 1348 archi-

1025 1364 1195 1406 episcopus
1222 1364 1454 1407 Maguntfinus)
1482 1377 1540 1408 pro
1569 1378 1603 1398 se
1634 1371 1668 1399 et
1694 1369 1821 1400 nomine

1024 1426 1092 1456 suo,
1116 1426 1174 1447 nos
1197 1427 1272 1448 vero
1296 1416 1457 1449 Iohannes
1479 1419 1613 1450 Boemie
1637 1423 1671 1450 et
1685 1419 1821 1451 Polonie

1024 1477 1092 1508 rex,
1109 1467 1340 1500 Woldemarus
1362 1470 1505 1502 marchio
1527 1471 1820 1514 Brendenburgen—

1025 1519 1067 1550 sis
1091 1522 1125 1550 et
1146 1519 1307 1551 Iohannes
1330 1520 1396 1552 dux
1420 1520 1560 1554 Saxonie
1589 1523 1727 1565 predicti
1750 1524 1820 1566 qui-

1027 1570 1107 1603 libet
1130 1576 1272 1603 nostrum
1296 1582 1417 1613 prose
1447 1578 1480 1604 et
1506 1575 1635 1606 nomine
1658 1586 1716 1606 suo
1738 1577 1821 1607 votis

1023 1623 1140 1654 nostris
1169 1633 1228 1665 per
1259 1623 1476 1656 venerabilem
1508 1630 1632 1667 patrem
1657 1626 1820 1658 dominum

1023 1674 1247 1716 Magantinum
1297 1675 1573 1718 archiepiscopum
1622 1678 1819 1710 antedictum

1022 1727 1092 1758 vice
1115 1737 1173 1758 Sua
1197 1731 1229 1758 et
1252 1731 1360 1759 nostra
1377 1733 1406 1758 et
1424 1739 1457 1759 ex
1475 1732 1592 1766 speciali
1612 1733 1744 1761 mandato
1761 1741 1819 1762 suo

1023 1781 1056 1809 et
1088 1782 1196 1810 nostro
1229 1781 1382 1816 diligenter
1404 1783 1560 1817 inquisitis,
1584 1793 1633 1811 nos
1660 1781 1819 1814 electores

1023 1829 1160 1871 predicti
1183 1830 1216 1861 in
1241 1830 1312 1862 loco
1331 1831 1487 1872 predicto,
1511 1836 1688 1874 presentes,
1712 1838 1756 1865 ius
1771 1838 1820 1865 to-

1021 1881 1086 1913 tale
1110 1891 1150 1913 ea
1178 1882 1247 1913 vice
1271 1887 1301 1913 in
1324 1887 1463 1915 electione
1486 1887 1621 1914 habentes
1650 1888 1718 1915 dicti
1745 1889 1819 1923 regis

1021 1937 1207 1964 consensimus
1247 1938 1422 1965 concorditer
1457 1938 1485 1965 in
1521 1939 1637 1966 eundem
1677 1940 1819 1967 dominum

1021 1980 1228 2012 Ludowieum
1269 1986 1299 2011 et
1334 1984 1424 2020 ipsum
1460 1986 1663 2014 nominavimus
1699 1987 1820 2021 quilibet

1021 2037 1146 2062 nostrum
1170 2045 1221 2070 pro
1249 2046 1291 2066 se.
1322 2037 1400 2064 nullo
1423 2038 1555 2072 penitus·
1575 2038 1764 2072 discrepante,
1792 2038 1820 2065 in

1020 2086 1205 2114 Romanorum
1236 2097 1328 2123 regem
1355 2089 1534 2123 eligendum·
1555 2090 1601 2116 in⁸
1620 2089 1817 2124 imperatorem

1019 2135 1224 2177 postmodum
1237 2141 1452 2174 promovendum
1467 2142 1495 2168 et
1507 2141 1535 2167 in
1549 2141 1714 2168 advocatum
1728 2151 1817 2170 sacro-

1019 2193 1115 2218 sancte
1139 2191 1261 2218 Romane
1280 2201 1318 2220 ac
1341 2193 1508 2220 universalis
1523 2193 1639 2220 ecclesie
1659 2195 1815 2223 viduarum-

1019 2253 1084 2279 que
1104 2246 1134 2271 et
1153 2243 1338 2278 orphanorum
1357 2244 1536 2272 defensorem.

1085 2294 1114 2323 5.
1149 2294 1256 2326 Quibus
1285 2295 1325 2322 sie
1348 2296 1471 2330 peractis
1498 2293 1692 2326 venerabilis
1724 2298 1875 2336 patei-04

1021 2342 1167 2375 dominus
1206 2342 1431 2386 maguntinus»
1468 2345 1749 2387 archiepiscopus*
1783 2349 1817 2376 de

1018 2398 1149 2426 mundato
1168 2398 1284 2432 speciali
1307 2401 1337 2426 et
1356 2399 1501 2427 voluntate
1521 2401 1704 2428 coelectorum
1726 2405 1814 2429 nost·

1018 2452 1149 2477 rorum*0
1170 2457 1208 2478 ec
1232 2447 1310 2478 suod
1334 2451 1367 2479 et
1390 2452 1590 2480 nostrorumc
1612 2450 1679 2480 vice
1703 2453 1737 2481 et
1758 2460 1815 2480 no-

1016 2499 1102 2530 mine
1130 2502 1248 2530 eundem
1277 2498 1514 2540 Lud(owicum)
1542 2501 1692 2532 comitem
1721 2500 1811 2542 pala-

1018 2551 1117 2581 tinum
1142 2549 1228 2581 Reni
1256 2550 1369 2583 ducem
1393 2551 1541 2583 Bawarie
1564 2557 1662 2591 elegit
1684 2555 1811 2590 sollemp-

1017 2605 1092 2632 niter
1109 2604 1136 2631 in
1157 2605 1230 2632 hunc
1249 2606 1370 2632 modum:

1123 2817 1145 2849 ο)
1165 2826 1232 2843 corr.
1246 2825 1277 2842 ex
1292 2826 1405 2843 meorum
1420 2818 1451 2843 B.
1534 2815 1558 2848 ¹¹)
1577 2826 1643 2844 corr.
1661 2827 1692 2844 cs:
1710 2827 1766 2844 meo
1779 2818 1810 2844 B.
