2184 3126
119 1031 144 1052 2³

117 2342 144 2362 40

119 2600 144 2619 sb

444 211 539 241 ACTA
557 211 673 240 REGNI
690 210 876 239 LUDEWICI
895 210 942 238 lv.
960 209 1007 237 ΕΤ
1026 208 1212 237 PRIDERICI
1231 209 1279 237 111.
1317 208 1391 237 1323.
1428 208 1477 237 Nr.
1491 209 1549 236 752.
1757 213 1819 244 587

163 298 385 332 Romanorum
407 300 494 342 regis
517 302 550 332 et
572 298 705 331 cuilibet
727 298 796 331 eius
818 298 940 338 nuntio,
964 297 1018 340 qui
1034 306 1205 339 personam
1221 297 1345 339 regiam
1359 299 1564 340 presentaret
1585 300 1618 329 et
1633 297 1822 330 mandatum

164 352 302 393 spetiale
331 351 482 394 haberet,
519 354 612 383 erunt
642 349 833 383 obedientes
863 352 896 382 et
924 349 993 382 veri
1020 351 1054 381 et
1079 349 1220 391 prompti
1250 349 1439 390 servitores,
1474 348 1571 381 salvis
1595 351 1628 381 et
1650 350 1823 381 reservatis

163 403 350 445 privilegiis,
375 402 669 444 consuetudinibus,
693 401 905 435 observantiis
927 404 961 434 et
983 399 1127 433 moribus
1149 401 1293 432 comunis
1318 403 1351 432 et
1374 400 1541 432 hominum
1564 400 1741 433 Mediolani
1764 411 1824 443 per

163 454 255 487 divos
269 454 490 487 Romanorum
513 464 609 497 reges
632 453 726 486 dictis
747 454 873 486 comuni
898 455 931 485 et
953 451 1134 485 hominibus
1149 451 1328 484 liberaliter
1348 453 1508 485 concessis
1530 452 1666 484 servatis
1689 455 1723 485 et
1746 462 1823 484 con-

163 507 301 540 servatis
328 509 362 538 et
388 506 490 538 auctis
519 508 653 538 actenus
680 515 740 548 per
762 504 906 537 eosdem.
951 504 993 536 Et
1020 503 1062 536 ad
1085 503 1323 546 promitendum
1353 504 1483 536 nomine
1513 503 1590 535 dicti
1613 504 1758 536 comunis
1789 507 1823 536 et

162 558 328 591 hominum
351 556 538 599 Mediolani,
562 557 650 600 quod
674 559 768 589 erunt
790 557 872 589 sacri
893 557 1021 599 imperii
1037 558 1071 589 et
1085 555 1204 598 prefati
1220 555 1341 588 domini
1356 554 1578 588 Romanorum
1594 556 1680 599 regis
1696 555 1824 588 tidelles

163 612 198 643 et
227 608 338 642 devoti
365 611 401 641 et
421 608 552 641 honoris
583 611 616 641 et
638 609 715 641 iuris
736 609 863 651 imperii
892 611 926 641 et
953 607 1032 640 dicti
1054 607 1175 640 domini
1197 607 1420 640 Romanorum
1449 608 1535 650 regis
1561 608 1594 639 in
1617 618 1822 650 quacumque

162 656 256 704 parte
283 663 462 701 amatores,
493 659 692 693 deffensores
722 663 755 692 et
781 660 1009 692 ferventissimi
1039 662 1242 702 promotores
1270 662 1339 691 toto
1367 668 1474 701 posse.
1519 658 1563 691 Et
1590 660 1616 691 si
1644 659 1723 702 quid
1753 660 1823 692 eius

162 713 278 746 honori
300 715 335 744 et
356 712 417 744 iuri
440 710 640 755 [senserint]‘’
663 711 903 754 derrogativum
927 714 983 744 aut
1005 721 1068 754 que
1092 710 1134 743 ad
1156 721 1250 743 suum
1280 714 1313 743 et
1335 721 1474 753 persone
1499 711 1645 744 eiusdem
1668 710 1823 744 cederent

162 764 205 798 ad
226 764 405 807 periculum
428 767 484 796 aut
505 763 640 795 alicuius
662 763 788 796 menbri
810 764 900 805 regie
915 762 1104 806 mayestatis
1126 762 1293 803 lesionem,
1316 762 1349 794 id
1372 773 1470 805 quam
1486 763 1580 794 citius
1595 765 1747 805 poterunt
1762 773 1821 804 per

162 817 250 859 ipsos
271 815 325 847 vel
348 815 428 848 alios
451 814 607 847 curabunt
628 814 768 846 fideliter
790 818 823 846 et
846 814 995 846 celeriter
1017 813 1174 846 revellare
1199 817 1232 846 et
1255 813 1396 846 breviter
1419 815 1540 856 omnia,
1570 824 1632 856 que
1657 814 1699 846 ad
1722 813 1822 846 decus

163 870 196 901 et
217 868 432 900 reverentiam
455 867 538 898 sacri
560 867 686 908 imperii
715 869 748 898 et
779 866 900 898 domini
922 866 1023 898 nostri
1046 865 1163 907 prefati
1187 866 1388 908 proveniant,
1413 866 1538 898 fatient.
1583 866 1626 899 Et
1648 866 1690 898 ad
1713 870 1822 899 cetera

163 919 228 952 alia
250 918 406 960 satienda‚
429 917 574 960 gerenda
590 921 624 950 et
647 917 850 960 explicanda,
874 927 936 960 que
959 918 991 950 in
1012 917 1166 959 predictis
1189 920 1222 950 et
1243 918 1328 950 circa
1351 918 1497 960 predicta
1520 918 1640 950 fuerint
1661 917 1767 950 utillia
1789 921 1824 950 et

161 970 371 1004 neccessarie.
470 970 595 1002 Dantes
623 972 656 1001 et
685 969 899 1001 concedentes
929 969 1036 1002 eidem
1066 968 1198 1011 syndico
1228 969 1373 1011 plenam,
1404 969 1541 1002 liberam
1572 973 1606 1003 et
1634 969 1822 1012 generalem

162 1022 472 1055 administrationem
497 1025 530 1053 et
552 1021 694 1063 plenum,
718 1020 854 1053 liberum
878 1023 910 1053 et
925 1020 1078 1063 generale
1093 1020 1282 1053 mandatum
1304 1022 1337 1052 in
1353 1021 1506 1063 predictis
1530 1025 1563 1053 et
1579 1020 1725 1063 quolibet
1747 1031 1821 1063 pre·

163 1073 320 1106 dictorum
343 1083 381 1105 ac
404 1074 630 1115 promittentes
653 1072 711 1104 sub
735 1072 932 1115 obligatione
956 1073 1098 1104 omnium
1121 1072 1279 1105 bonorum
1303 1074 1448 1105 comunis
1471 1073 1666 1114 Mediolani,
1694 1083 1766 1106 sese
1790 1077 1823 1106 et

162 1135 298 1158 comune
315 1127 348 1157 et
360 1125 506 1157 homines
518 1124 694 1158 Mediolani
706 1127 823 1165 ratum,
835 1127 962 1167 gratum
978 1127 1013 1157 et
1023 1125 1150 1156 firmum
1162 1124 1341 1166 habituros,
1354 1125 1508 1167 quicquid
1525 1135 1584 1167 per
1595 1126 1699 1167 ipsum
1713 1125 1821 1167 syndi-

162 1187 233 1210 cum
258 1181 376 1217 actum,
400 1176 530 1218 dictum,
554 1179 681 1219 gestum
705 1176 802 1208 fuerit
823 1176 856 1208 in
872 1176 1026 1218 predictis
1050 1180 1083 1209 et
1104 1176 1249 1219 quolibet
1264 1175 1484 1218 predictorum
1507 1179 1540 1208 et
1563 1177 1647 1209 circa
1663 1177 1820 1219 predicta.

270 1228 389 1260 Actum
405 1229 438 1260 in
454 1227 540 1260 dicto
555 1228 688 1270 pallatio
711 1220 745 1260 et
760 1227 846 1260 dicto
873 1228 1016 1268 consilio,
1039 1227 1241 1270 presentibus
1264 1227 1395 1260 domino
1411 1227 1554 1260 Henrico
1579 1228 1620 1260 de
1637 1228 1822 1261 Grunesten

161 1280 291 1322 millite,
326 1280 455 1312 domino
486 1279 686 1312 Meliaduxio
718 1279 759 1311 de
788 1280 964 1322 Arongono
998 1279 1261 1312 conestabillibus
1292 1280 1437 1311 comunis
1465 1279 1657 1320 Mediolani,
1691 1279 1821 1312 domino

161 1331 284 1364 Iohane
300 1331 448 1364 Pancera
471 1331 512 1364 de
527 1330 634 1374 Regio
659 1333 821 1373 potestate
837 1331 961 1373 Laude,
985 1331 1115 1363 domino
1131 1330 1272 1363 Galeoto
1295 1330 1336 1363 de
1352 1331 1470 1363 Madiis
1486 1331 1526 1363 de
1544 1331 1666 1373 Brixia,
1690 1331 1821 1364 domino

163 1384 311 1416 Ottorino
345 1383 386 1415 de
414 1382 590 1415 Moscardis
623 1383 742 1415 vicario
777 1382 898 1415 domini
932 1383 1093 1425 capitanei
1127 1386 1160 1415 et
1187 1382 1321 1415 Stefano
1351 1382 1392 1414 de
1416 1382 1518 1425 Vagis
1547 1382 1588 1414 de
1618 1382 1761 1415 Novaria
1789 1386 1823 1415 et

162 1433 381 1467 Guillielmino
406 1434 547 1467 Scaliola
571 1434 611 1467 de
633 1434 777 1467 Novaria
799 1435 932 1467 notariis
954 1434 1090 1477 predicti
1114 1434 1235 1467 domini
1258 1435 1428 1477 potestatis
1451 1435 1597 1467 testibus.

270 1503 332 1546 (11)
355 1502 469 1546 Ibique
491 1503 524 1535 in
545 1504 631 1536 dicto
648 1504 781 1536 consilio
797 1507 974 1536 convocato
997 1508 1030 1536 et
1045 1508 1243 1547 congregato
1267 1508 1302 1536 ut
1318 1515 1414 1547 supra
1429 1503 1592 1546 predictus
1608 1503 1822 1546 Gasparrinus

162 1556 317 1589 Scazosus
340 1555 489 1597 syndicus
517 1555 736 1588 dominorum⁰
759 1555 880 1588 Galeaz
902 1555 1111 1588 Vicecomitis
1139 1556 1276 1588 civitatis
1305 1559 1339 1587 et
1362 1555 1524 1588 districtus
1546 1555 1723 1588 Mediolani
1746 1566 1821 1597 pro-

162 1607 293 1641 tectoris
317 1611 350 1640 et
365 1607 583 1649 deffensoris0,
599 1607 721 1640 Galzini
737 1607 891 1640 Tor-nielli
907 1608 1077 1650 potestatis
1093 1607 1263 1649 comunis⁰‚
1281 1607 1431 1639 Suardini
1454 1607 1495 1639 de
1512 1606 1644 1639 Suardis
1660 1608 1822 1650 capitanei

162 1659 272 1703 populi
294 1655 472 1692 Mediolani
504 1662 538 1691 et
561 1683 592 1691 ..
621 1659 791 1691 duodecim
822 1659 1004 1702 sapientum
1034 1659 1271 1702 prepositorum
1300 1659 1440 1701 negotiis
1466 1659 1611 1690 comunis
1633 1658 1820 1700 Mediolani,

164 1736 170 1744 .
189 1735 196 1743 .
220 1710 345 1743 consilii
368 1713 401 1743 et
423 1711 678 1743 consiliariorum
701 1713 735 1743 et
758 1711 902 1743 comunis
929 1714 963 1742 et
994 1711 1160 1743 hominum
1182 1710 1360 1743 Mediolani
1383 1710 1425 1742 ad
1447 1710 1619 1742 infradicta
1641 1711 1822 1753 spetialiter

162 1763 352 1796 constitutus
375 1773 434 1805 per
456 1762 618 1805 predictos
641 1762 788 1795 dominos
811 1766 844 1795 et
867 1762 1066 1795 consiliarios
1090 1766 1123 1795 et
1145 1762 1314 1794 consilium
1336 1763 1465 1794 nomine
1489 1762 1634 1794 comunis
1660 1766 1693 1794 et
1715 1762 1820 1795 homi·

161 1825 238 1847 num
261 1817 295 1847 et
309 1814 507 1857 singularum
523 1825 734 1856 personarum
750 1814 835 1846 dicte
859 1814 997 1847 civitatis
1020 1817 1054 1846 et
1076 1813 1247 1854 districtus,
1271 1817 1307 1846 ut
1328 1817 1419 1856 patet
1442 1823 1501 1856 per
1516 1813 1679 1856 publicum
1703 1815 1820 1846 instru-

161 1866 327 1898 mentum²
350 1865 426 1898 inde
450 1865 602 1898 traditum
625 1876 684 1908 per
706 1876 758 1898 me
781 1866 951 1907 notarium,
974 1866 1004 1897 in
1028 1865 1123 1907 pleno
1148 1868 1181 1897 et
1203 1865 1347 1908 generali
1371 1866 1503 1897 consilio
1519 1865 1666 1908 predicto
1690 1866 1820 1898 nomine

162 1920 195 1950 et
228 1918 298 1950 vice
331 1918 475 1949 comunis
503 1921 536 1950 et
562 1918 728 1950 hominum
759 1918 896 1949 civitatis
928 1920 962 1949 et
989 1917 1151 1948 districtus
1180 1916 1357 1949 Mediolani
1390 1917 1507 1949 iuravit
1541 1916 1582 1949 ad
1617 1920 1728 1949 sancta
1756 1917 1820 1950 Dei

162 1969 333 2011 euangelia
356 1969 567 2011 corporaliter
593 1970 686 2002 tactis
715 1969 881 2011 scripturis
910 1970 943 2001 in
966 1968 1112 2000 manibus
1139 1967 1276 2010 predicti
1300 1967 1421 2000 domini
1445 1995 1453 2003 .
1470 1993 1477 2000 .
1501 1969 1611 2001 vicarii
1635 1970 1819 2011 recipientis

160 2021 290 2053 nomine
312 2020 430 2063 prefati
452 2020 590 2052 domini⁰
611 2020 769 2053 Ludovici
788 2021 853 2053 Dei
874 2021 979 2062 gratia
994 2020 1214 2052 Romanorum
1237 2021 1323 2062 regis
1346 2023 1380 2052 et
1402 2020 1484 2052 sacri
1507 2021 1633 2063 imperii
1656 2024 1689 2053 et
1713 2021 1820 2054 eidem

160 2072 289 2104 nomine
319 2071 464 2114 predicto
494 2071 572 2104 fecit
595 2076 629 2104 et
656 2072 796 2114 prestitit
819 2071 962 2104 debitum
986 2071 1150 2104 fidelitatis
1172 2071 1386 2103 iuramentum
1410 2073 1442 2103 in
1465 2072 1633 2104 animabus
1662 2076 1695 2105 et
1723 2084 1820 2115 super

161 2122 328 2155 animabus
343 2122 560 2165 predictorum
577 2123 789 2165 dominorum,
813 2124 937 2156 consilii
960 2127 994 2156 et
1010 2123 1274 2164 consiliariorum,
1298 2123 1442 2155 comunis
1462 2126 1496 2155 et
1511 2123 1676 2155 hominum
1693 2123 1818 2156 Medio-

160 2173 235 2217 lani,
259 2173 346 2217 quod
368 2175 430 2216 ipsi
453 2177 486 2207 et
501 2175 638 2217 quilibet
654 2185 766 2208 eorum
783 2178 876 2207 erunt
899 2175 966 2207 veri
990 2178 1023 2206 et
1046 2174 1170 2206 fidelles
1194 2177 1227 2206 et
1242 2175 1382 2216 prompti
1399 2175 1571 2207 servitores
1594 2176 1675 2207 sacri
1692 2176 1818 2218 imperii

162 2229 195 2258 et
216 2226 334 2268 prefati
358 2225 498 2258 domini⁰
520 2226 676 2259 Ludovici
698 2226 761 2259 Dei
783 2227 888 2268 gratia
912 2226 1131 2258 Romanorum
1155 2227 1240 2268 regis
1265 2229 1298 2258 et
1320 2225 1466 2259 eiusdem
1489 2225 1619 2259 honoris
1641 2231 1675 2259 et
1698 2227 1818 2259 domini

161 2301 193 2310 ..
217 2277 327 2310 vicarii
349 2277 496 2320 predicti.
541 2278 583 2310 Et
606 2278 691 2311 dicto
716 2278 846 2311 domino
871 2303 877 2310 .
896 2303 902 2310 .
927 2278 1046 2310 vicario
1070 2282 1235 2320 tamquam
1259 2287 1336 2310 vero
1360 2278 1479 2309 vicario
1503 2282 1536 2310 et
1555 2279 1683 2320 spetiali
1706 2279 1818 2311 nuntio

161 2327 279 2371 prefati
302 2329 423 2361 domini
437 2329 659 2362 Romanorum
674 2331 760 2372 regis
784 2333 818 2362 et
833 2330 965 2362 cuilibet
988 2331 1056 2362 eius
1072 2330 1194 2370 nuntio,
1219 2330 1271 2371 qui
1289 2339 1460 2371 personam
1476 2330 1600 2372 regiam
1616 2333 1820 2372 presentat-et

162 2383 196 2413 et
216 2380 405 2413 mandatum
428 2381 564 2423 spetiale
595 2381 745 2423 haberet,
777 2385 870 2414 erunt
897 2381 1085 2414 obedientes
1118 2385 1150 2413 et
1178 2381 1244 2413 veri
1273 2384 1306 2413 et
1332 2381 1474 2423 prompti
1503 2381 1676 2414 servitores
1697 2385 1731 2414 et
1754 2382 1818 2414 fer-

161 2432 337 2464 ventissimi
360 2435 561 2474 promotores
580 2433 710 2465 honoris
733 2436 766 2465 et
787 2433 865 2465 iuris
888 2433 969 2465 sacri
993 2433 1119 2475 imperii
1149 2435 1182 2464 et
1210 2432 1328 2474 prefati
1351 2432 1473 2464 domini
1488 2432 1708 2465 Romanorum
1731 2435 1819 2476 regis

160 2482 193 2514 in
216 2492 417 2525 quacumque
442 2486 534 2526 parte
566 2487 599 2517 et
626 2487 738 2516 contra
765 2495 994 2527 quoscumque.
1040 2483 1083 2515 Et
1111 2484 1137 2515 si
1165 2483 1242 2525 quid
1271 2483 1386 2515 honori
1409 2487 1442 2515 et
1464 2484 1561 2516 statui
1585 2485 1666 2516 sacri
1689 2485 1818 2527 imperii

163 2537 196 2566 et
211 2533 330 2566 domini
345 2533 565 2567 Romanorum
589 2537 676 2579 regis
699 2539 733 2568 et
748 2536 825 2568 dicti
843 2535 963 2567 domini
988 2559 1019 2567 ..
1044 2535 1153 2566 vicarii
1169 2536 1326 2567 senserint
1341 2534 1586 2577 derogativum‘¹
1609 2539 1666 2567 aut
1689 2546 1752 2578 que
1777 2537 1818 2569 ad

162 2585 252 2627 regie
276 2586 463 2627 mayestatis
484 2596 622 2629 persone
652 2590 685 2619 et
712 2587 787 2619 dicti
818 2587 938 2619 domini
964 2612 995 2619 ..
1021 2587 1130 2618 vicarii
1154 2586 1308 2619 cederent
1334 2586 1376 2618 ad
1406 2586 1584 2629 periculum
1607 2587 1660 2618 vel
1683 2587 1819 2619 alicuius

163 2635 287 2668 menbri
303 2637 392 2679 regie
408 2638 595 2679 mayestatis
619 2641 652 2670 et
669 2638 746 2671 dicti
762 2638 883 2671 domini
907 2663 914 2670 .
933 2663 939 2669 .
965 2639 1074 2670 vicarii
1091 2638 1256 2678 lesionem,
1280 2637 1313 2669 id
1336 2648 1395 2680 per
1418 2648 1452 2670 se
1468 2638 1521 2670 vel
1543 2649 1602 2680 per
1624 2639 1705 2670 alios
1722 2650 1818 2681 quam

268 2729 331 2757 762.
359 2729 384 2764 ι7)
403 2731 495 2757 excidit
512 2731 554 2757 hie
571 2741 622 2762 or.,·
639 2733 674 2766 cf.
693 2732 767 2765 infra
786 2733 831 2758 lin.
845 2734 883 2758 45.
973 2732 996 2765 ὓ)
1014 2751 1039 2758 ..
1060 2732 1122 2758 add.
1141 2741 1178 2758 or.
1262 2730 1286 2764 (1)
1303 2733 1429 2759 senserint
1447 2733 1628 2766 derogativum
1646 2735 1742 2766 scripta
1761 2740 1819 2760 mut

157 2778 218 2806 post
235 2773 358 2799 lesionem
377 2780 414 2800 or.

267 2833 294 2865 1)
312 2831 402 2866 Supra
420 2839 478 2865 cap.
492 2832 515 2859 Ι.

1555 2887 1587 2913 u
1596 2888 1609 2901 ⁸
