2190 3172
223 504 258 519 ov.
270 502 302 521 ll.

316 205 379 237 282
556 203 652 231 ACTA
670 203 785 231 REGNI
802 203 986 231 LUDEWICI
1005 203 1052 230 IV.
1071 203 1116 230 ET
1135 202 1319 230 FRIDERICI
1338 202 1386 229 III.
1424 202 1498 229 1315.
1535 201 1584 229 Nr.
1596 201 1656 230 332.
1674 202 1733 230 333.

426 290 554 322 Wanne
570 291 627 322 wir
642 301 704 322 von
726 301 821 322 unser
836 289 1064 322 kfinecleicher
1079 290 1198 332 gewalt
1221 289 1283 321 den
1304 288 1444 331 bfirgern
1466 289 1702 331 gemainlichen
1723 299 1760 321 ze
1774 288 1967 332 Ezzelingen

317 341 438 385 um[b]¹²
455 342 518 373 den
540 352 658 384 grozen
681 341 832 383 schaden,
858 341 919 373 den
943 343 989 373 sie
1012 341 1112 373 durch
1135 352 1251 373 unsern
1275 341 1359 372 unde
1384 341 1440 373 des
1463 341 1568 372 riches
1583 340 1691 372 willen
1705 340 1835 383 geliden
1850 341 1968 382 haben,

317 394 350 425 in
372 393 411 425 zfi
434 394 524 425 einer
546 392 740 435 ergetzfinge
765 393 817 424 die
840 393 1002 425 besunder
1024 393 1129 435 gnade
1153 396 1249 435 getan
1272 393 1368 434 habu,
1392 393 1450 424 daz
1466 403 1528 424 von
1550 392 1665 424 kainer
1687 392 1820 425 schulde
1843 403 1967 436 wegen,

318 445 371 477 die
403 446 449 476 sie
478 445 540 477 den
570 469 577 476 .
602 469 609 475 .
639 443 748 476 Jfiden
777 455 839 476 von
868 444 1068 486 Uberlingen
1096 444 1175 477 oder
1203 445 1345 476 anderen
1371 445 1480 477 Juden
1509 445 1618 486 gelten
1649 443 1767 484 sfillen,
1797 454 1861 476 von
1888 444 1968 476 sand

317 496 473 528 Marteins
496 499 552 537 tag
575 495 632 527 der
654 495 698 527 m‘i
720 499 791 527 nest
813 507 879 528 was
901 495 983 528 fiber
1001 497 1081 528 zwai
1100 497 1153 536 jar
1174 497 1303 528 nieman
1325 496 1364 527 uf
1383 497 1429 528 sie
1453 496 1529 528 kain
1552 495 1692 528 schaden
1716 495 1822 528 triben
1843 496 1892 528 sol
1906 507 1969 528 von
1999 508 2012 527 s

316 547 456 589 laistung
486 547 565 579 oder
593 557 656 578 von
685 546 828 579 anderen
857 547 976 578 sachen
1004 547 1069 578 und
1096 547 1179 579 auch
1209 547 1262 579 die
1285 547 1397 580 selben
1424 548 1503 579 zwai
1527 549 1581 588 jar
1603 548 1679 579 kein
1701 546 1832 580 wficher
1853 547 1892 579 uf
1915 547 1968 580 die

316 598 430 630 selben
452 597 556 629 schult
579 598 661 639 genb
684 598 743 638 sol,
767 609 802 630 so
826 598 979 640 gebieten
995 599 1051 630 wir
1073 599 1268 631 vestecliche
1292 599 1325 631 bi
1347 610 1464 631 unsern
1487 599 1616 640 hulden,
1641 599 1699 631 daz
1722 600 1750 631 ir
1772 599 1834 631 den
1857 599 1969 631 selben

316 673 323 680 .
349 674 355 681 .
379 649 488 681 Jfiden
510 649 598 680 nicht
622 649 792 681 enlaistent
820 650 903 681 noch
925 650 1045 681 kainen
1072 650 1214 682 schaden
1237 651 1389 682 machent
1415 650 1478 682 den
1501 655 1720 693 vorgenanten
1744 661 1883 693 purgem
1906 661 1968 682 von

315 700 508 742 Ezzelingen
532 710 592 731 von
617 699 676 731 der
698 699 831 732 schi‘ilde
854 711 985 743 wegen,
1016 701 1074 733 der
1100 702 1128 733 ir
1154 701 1279 744 burgen
1307 703 1384 742 sint,
1413 702 1479 734 und
1507 703 1559 734 die
1582 703 1655 735 wile
1679 703 1731 734 die
1755 703 1867 735 selben
1889 703 1969 734 zwai

311 753 364 792 jar
387 755 497 792 wernt,
525 762 560 783 so
584 751 700 783 wellen
723 753 780 784 wir
803 752 862 783 daz
885 753 912 783 ir
935 753 999 784 den
1022 752 1131 784 Juden
1153 753 1324 786 allensamt
1346 754 1470 786 nichtes
1493 754 1667 796 gebunden
1690 755 1774 786 seint
1794 765 1830 787 ze
1853 754 1969 786 laisten
1988 765 2014 785 10

316 802 396 834 oder
422 813 458 834 ze
486 802 556 844 tfin,
587 802 628 834 da
657 813 719 834 von
748 803 811 835 den
834 803 975 846 burgern
997 815 1060 836 von
1082 804 1278 847 Ezzelingen
1301 805 1375 838 kein
1400 805 1520 837 schade
1544 805 1681 838 chfimen
1703 816 1787 848 mag.
1834 805 1909 838 Und
1932 816 1968 838 ze

314 854 480 886 urchunde
504 855 567 886 han
591 855 649 886 wir
673 854 785 886 diesen
809 855 896 887 brief
914 856 973 887 mit
994 867 1123 888 unserm
1145 856 1304 899 ingesigel
1327 858 1489 899 versigelt.

422 910 490 942 Der
518 910 604 952 gebn
633 911 675 942 ist
701 921 738 942 ze
761 910 938 954 Munchen,
969 923 1009 943 an
1039 911 1118 944 sand
1146 911 1347 944 Katherinen
1375 916 1446 955 tag,
1476 913 1518 945 do
1547 924 1622 945 man
1650 914 1732 946 zalte
1763 925 1824 946 von
1849 913 1969 946 Cristes

314 961 451 1004 gebiirte
476 962 791 994 driuzehenhundert
810 964 864 1004 jar
886 962 945 994 dar
967 963 1050 995 nach
1073 964 1106 994 in
1128 963 1203 995 dem
1226 963 1498 1008 fumfzehen[den]
1517 965 1604 1006 jare,
1632 966 1665 997 in
1692 965 1766 998 dem
1790 969 1897 998 ersten
1916 966 1970 1006 jar

314 1024 427 1045 unsers
450 1013 564 1046 riches.
1986 1027 2010 1047 ιι

400 1180 475 1216 333.
510 1179 876 1216 PRIVILEGIUM
903 1179 1147 1217 EIUSDEM
1174 1179 1278 1216 PRO
1301 1179 1596 1218 NOBILIBUS
1624 1180 1880 1219 ROMANIS.

985 1248 1092 1284 1315.
1131 1247 1224 1284 Nov.
1247 1249 1307 1285 30.

426 1346 589 1387 Oriyinale
618 1347 824 1387 deperditum.
881 1347 1117 1380 Trans-santum
1141 1349 1206 1389 (tr.)
1235 1359 1266 1380 a.
1287 1349 1382 1381 1452.
1413 1350 1449 1381 in
1475 1349 1701 1390 Reyistratura
1723 1349 1885 1382 Friderici
1909 1350 1967 1383 11⁷.

315 1397 354 1430 P.
377 1397 431 1438 fol.
449 1399 491 1429 35
515 1398 670 1430 tabularii
692 1399 831 1430 caesarei
862 1398 1118 1431 Vindobonensis.
1142 1417 1185 1423 —
1208 1400 1270 1432 Ed.
1287 1400 1427 1433 Bbhmer
1449 1401 1544 1433 ‘Acta
1565 1401 1692 1442 imperii
1713 1401 1834 1433 selecta’
1852 1412 1887 1443 p.
1903 1403 1967 1434 800

311 1461 361 1482 nr.
379 1450 466 1481 1112
488 1460 527 1482 ex
550 1453 587 1482 tr.
633 1450 817 1482 Editionem
839 1451 1016 1490 repetimus.
1987 1466 2013 1487 zo

420 1511 571 1550 Bb'hmer,
595 1510 671 1552 Rey.
688 1511 801 1543 Ludw.
818 1521 855 1551 p.
873 1513 914 1542 11
936 1522 986 1543 nr.
1004 1513 1076 1544 165.

421 1605 605 1638 Ludovicus
629 1605 693 1637 Dei
716 1606 826 1648 gracia
848 1605 1067 1644 Romanorum
1097 1617 1154 1639 rex
1177 1617 1306 1649 semper
1328 1611 1483 1650 augustus
1570 1607 1696 1639 dilectis
1718 1607 1781 1639 sibi
1803 1607 1967 1650 Stephano

313 1660 347 1690 et
358 1657 477 1689 Iacobo
495 1657 580 1689 dicto
598 1657 722 1689 Sciarre
739 1657 891 1689 fratribus
907 1668 944 1690 ac
960 1658 1118 1690 Iordano⁸⁸
1134 1661 1167 1690 et
1182 1658 1282 1690 Petro
1300 1658 1373 1690 filiis
1388 1658 1551 1701 quondam
1562 1659 1717 1701 Agapitib
1734 1659 1774 1691 de
1787 1659 1967 1702 Columpna

312 1709 485 1751 nepotibus
509 1719 631 1750 eorum,
655 1709 815 1741 nobilibus
840 1709 962 1741 civibus
985 1711 1049 1741 suis
1071 1710 1227 1742 Romanis
1315 1711 1454 1752 gratiam
1479 1714 1512 1742 et
1534 1721 1629 1742 omne
1653 1711 1783 1743 bonum.

420 1761 498 1792 Illos
522 1764 670 1793 tenemur
693 1761 804 1793 favore
826 1762 980 1803 prosequi
1003 1762 1106 1803 gratie
1130 1761 1294 1804 specialis,
1323 1773 1404 1804 quos
1426 1763 1582 1794 hactenus
1604 1762 1753 1795 Romano
1776 1764 1912 1805 imperio
1936 1768 2012 1797 et'n

313 1813 387 1844 dive
410 1812 648 1844 recordacionis
671 1813 922 1855 imperatoribus
946 1816 979 1845 et
1001 1813 1132 1855 regibus
1149 1813 1304 1845 Romanis
1327 1814 1442 1845 nostris
1457 1814 1742 1856 predecessoribus
1765 1815 1969 1858 obsequiales

313 1865 493 1906 reperimus
516 1867 550 1896 et
573 1864 707 1896 devotos
723 1875 869 1906 quosque
893 1864 986 1896 nobis
1010 1868 1043 1896 et
1058 1865 1193 1907 imperio
1217 1868 1345 1908 sumpta
1368 1865 1409 1897 de
1429 1866 1592 1907 preteritis
1608 1866 1769 1908 probabili
1784 1868 1969 1900 coniectura

314 1916 444 1947 inantea
468 1915 564 1957 digne
588 1926 755 1957 speramus
777 1916 905 1958 placide
930 1917 1092 1948 servitutis
1115 1916 1271 1958 obsequia
1286 1917 1496 1959 impensuros.
1542 1917 1748 1960 Quapropter
1763 1919 1968 1961 exigentibus

313 1967 429 1999 vestris
451 1967 575 1998 meritis
591 1967 750 1999 iudicatus
766 1967 919 1999 ordinarii
943 1970 976 1999 et
998 1968 1119 2009 publici
1136 1969 1315 1999 notariatus
1338 1968 1444 2000 officia
1466 1979 1504 2001 ac
1528 1971 1635 2001 omnia
1657 1971 1722 2002 alia
1744 1970 1787 2002 ad
1809 1971 1870 2002 hec
1893 1982 1967 2013 per-

314 2019 449 2050 tinentia
472 2029 545 2050 cum
561 2019 757 2050 execucione
774 2019 885 2050 debita
906 2019 980 2059 illis,
1004 2029 1085 2061 quos
1108 2019 1150 2051 ad
1173 2019 1234 2051 hoc
1250 2019 1394 2061 ydoneos
1410 2021 1606 2061 inveneritis,
1629 2022 1828 2054 concedendi
1843 2033 1967 2055 necnon
1986 2034 2012 2054 ³0

315 2080 522 2111 quoscunque
549 2069 718 2111 illegitime
750 2073 843 2102 natos
865 2070 1082 2112 legittimandi
1109 2082 1147 2103 ac
1177 2071 1280 2103 abiles
1307 2072 1349 2103 ad
1378 2082 1490 2104 omnes
1517 2075 1607 2104 actus
1629 2074 1806 2116 legittimos
1828 2074 1969 2106 faciendi

315 2131 509 2162 omnemque
539 2121 717 2162 defectum,
752 2122 912 2153 maculam
935 2122 988 2154 vel
1017 2122 1182 2154 infamiam
1212 2127 1410 2155 contractam
1445 2134 1487 2156 ex
1513 2125 1756 2167 illegittimitate
1786 2126 1969 2158 huiusmodi

315 2172 468 2204 abolendi
490 2173 581 2204 vobis
605 2178 638 2205 et
653 2178 795 2205 vestrum
819 2174 953 2206 cuilibet
975 2185 1014 2206 ac
1031 2175 1164 2217 singulis
1180 2175 1329 2207 masculis
1353 2186 1395 2207 ex
1417 2176 1507 2207 vobis
1530 2176 1571 2208 de
1587 2177 1746 2219 legittimo
1762 2179 1967 2210 matrimonio

315 2223 586 2256 descendentibus
616 2227 649 2256 et
671 2226 802 2267 insuper
825 2225 964 2257 cudendi
993 2237 1050 2258 seu
1081 2226 1155 2258 cudi
1181 2226 1322 2259 faciendi
1344 2231 1508 2260 monetam
1531 2238 1678 2267 auream,
1712 2232 1901 2271 argenteam
1935 2234 1968 2262 et

316 2285 425 2306 ercam
448 2276 675 2317 cuiuscumque
698 2277 804 2318 cangii
826 2277 878 2309 vel
900 2278 1118 2319 impressionis
1140 2279 1173 2310 in
1196 2279 1288 2310 terris
1311 2282 1345 2310 et
1368 2280 1479 2310 castris
1502 2290 1540 2312 ac
1560 2281 1639 2311 locis
1662 2282 1777 2312 vestris
1799 2281 1868 2312 sine
1891 2291 1967 2313 con-
1986 2291 2011 2311 35

315 2326 510 2358 tradiccione
527 2327 714 2369 cuiusquam
729 2328 859 2369 plenam
878 2332 911 2361 et
926 2329 1062 2361 liberam
1079 2329 1120 2362 de
1137 2331 1270 2372 speciali
1287 2331 1396 2372 gracia
1412 2333 1525 2363 tenore
1541 2333 1744 2373 presencium
1761 2332 1966 2365 concedimus

315 2381 519 2420 potestatem.
622 2379 660 2410 In
688 2390 823 2421 quorum
850 2380 1051 2413 evidenciam
1082 2385 1115 2413 et
1141 2386 1332 2424 perpetuam
1355 2383 1540 2414 firmitatem
1570 2393 1704 2425 presens
1727 2385 1880 2426 scriptum
1909 2395 1967 2417 seu

314 2430 439 2461 litteras
461 2430 530 2461 fieri
554 2433 587 2461 et
609 2432 709 2462 nostri
730 2431 907 2473 imperialis
930 2433 1027 2475 sigilli
1050 2434 1198 2465 iussimus
1221 2435 1418 2476 appensione
1442 2435 1567 2467 muniri.

423 2485 543 2517 Datum
571 2485 764 2527 Ratispone,
794 2487 898 2528 pridie
926 2488 999 2520 Kal.
1025 2488 1230 2530 Decembris,
1263 2500 1346 2522 anno
1369 2489 1500 2522 Domini
1522 2490 1639 2524 MOGO
1668 2490 1820 2535 [decimo]
1845 2493 1966 2534 quinto,

314 2537 407 2578 regni
429 2536 528 2569 nostri
551 2547 633 2568 anno
657 2538 807 2570 secundo.
1983 2562 2009 2581 40

419 2750 484 2778 332.
513 2751 537 2783 ⁸)
556 2752 616 2782 und,
636 2753 652 2777 d
671 2761 748 2778 erasa
767 2762 804 2779 or.
893 2753 917 2786 b)
936 2763 950 2780 e
969 2764 1035 2782 corr.
1054 2764 1084 2781 ex
1102 2756 1110 2781 i
1129 2765 1165 2782 or.

418 2819 484 2847 333.
512 2821 536 2852 ²³)
553 2821 662 2846 Iardano
680 2826 712 2847 tr.
799 2823 824 2856 b)
843 2825 943 2858 Agripti
961 2829 994 2850 tr.
