2184 3126
323 159 386 189 630
603 153 700 181 ACTA
719 152 833 180 REGNI
850 150 1034 178 LUDEWICI
1052 149 1100 177 IV.
1118 149 1164 176 ΕΤ
1182 147 1368 176 FRIDERICI
1386 147 1436 176 111.
1473 147 1548 176 1323.
1584 147 1633 175 Nr.
1645 148 1706 176 806.

322 241 511 284 Arquadam
534 241 575 273 de
599 240 687 272 Salto
712 249 784 272 cum
808 237 954 270 omnibus
978 237 1043 268 suis
1065 235 1283 278 pertinenciis,
1306 234 1416 266 villam
1439 234 1556 266 Fracte
1580 237 1613 266 et
1635 234 1755 267 Choste
1779 245 1853 268 cum
1876 237 1982 268 omni-

322 293 382 325 bus
409 294 474 325 suis
501 291 720 334 pertinenciis,
748 289 884 322 Adriam
915 292 948 320 et
970 288 1151 319 Adrianum
1180 296 1252 318 cum
1280 285 1428 317 omnibus
1456 286 1522 317 suis
1550 285 1723 328 fortiliciis,
1753 287 1925 320 aiacenciis
1947 290 1983 320 et

322 344 538 386 pertinenciis,
561 344 728 375 Venezum
751 351 824 373 cum
848 340 995 372 omnibus
1025 339 1090 370 suis
1120 337 1328 379 pertinenciis
1356 340 1388 369 et
1417 337 1590 378 fortiliciis‚
1618 338 1728 370 villam
1758 349 1821 381 que
1848 342 1982 371 vocatur

322 395 453 427 abbatia
477 395 518 426 de
541 393 744 435 Vangadicia
776 403 849 424 cum
872 391 937 422 suis
960 390 1132 429 fortilieiis,
1161 388 1356 420 adiacenciis
1384 391 1417 420 et
1445 389 1653 431 pertinenciis
1683 393 1716 423 et
1743 400 1817 422 cum
1840 391 1982 423 castellis

323 448 390 479 sive
414 447 527 478 castris
549 445 662 487 positis
685 445 717 475 in
742 442 947 486 pertinenciis
971 441 1056 473 dicte
1080 440 1188 473 abatie
1211 451 1269 472 seu
1283 440 1368 472 iusta
1385 440 1504 472 dictam
1520 441 1663 473 abatiam
1679 441 1720 474 ab
1736 444 1872 484 utraque
1887 446 1981 485 parte

323 498 426 529 Aticis
442 501 475 529 et
490 497 628 528 fluminis
644 496 783 536 Veteris,
807 497 910 526 totum
925 493 1045 524 flumen
1061 492 1166 524 Vetus
1189 503 1262 524 cum
1285 492 1372 534 ripis,
1396 503 1456 524 usu
1480 495 1513 524 et
1535 493 1605 525 iure
1628 494 1771 536 riparum
1787 493 1829 526 ab
1844 498 1982 537 utraque

322 552 415 591 parte
439 549 538 590 ipsius
559 548 713 586 fluminis,
743 549 776 578 et
797 545 996 588 generaliter
1018 554 1221 586 quecumque
1244 543 1382 585 predicti
1403 543 1528 576 nobiles
1551 548 1663 577 tenent
1686 548 1720 577 et
1741 546 1908 587 possident
1929 545 1983 578 vel

323 601 413 642 quasi
435 601 468 630 in
491 600 569 631 locis
585 598 738 640 predictis
762 601 794 629 ct
818 607 930 628 eorum
951 597 1152 639 pertinentiis
1168 599 1201 628 et
1223 596 1256 627 in
1279 595 1418 628 diocessi
1431 595 1585 628 Adriensi
1607 600 1675 629 tam
1697 597 1730 628 in
1753 598 1857 637 terris,
1879 598 1982 640 aquis,

322 651 514 691 fluminibus,
538 650 672 691 valibus,
695 649 877 691 paludibus,
900 648 995 689 villis,
1019 648 1142 688 castris,
1166 647 1333 687 fortiliciis,
1357 647 1478 679 iuribus
1501 651 1534 680 et
1548 647 1821 680 iurisdictionibus
1837 660 1935 691 quam
1950 650 1983 682 in

322 703 393 734 aliis
410 702 673 744 quibuscumque.
697 701 739 732 Et
755 700 797 732 ad
813 701 917 742 ipsam
933 700 1184 740 concessionem,
1200 699 1417 741 largitionem,
1433 699 1686 733 munificentiam
1702 703 1735 733 et
1750 701 1982 734 liberalitatem

322 754 445 796 regiam
469 755 535 785 sive
558 752 761 794 imperialem
778 752 997 794 predictorum
1020 752 1150 783 nomine
1173 750 1404 793 recipiendam,
1428 750 1637 784 obtinendam
1661 755 1694 784 et
1709 753 1982 795 consequendam.

321 806 364 837 Et
386 805 428 837 ad
450 804 636 846 petendum,
664 803 894 846 postulandum
917 807 951 836 et
973 802 1184 835 obtinendum
1207 805 1240 834 et
1263 802 1484 844 recipiendum
1507 813 1658 835 asensum
1681 807 1715 836 et
1736 805 1983 847 aprobationem

323 861 355 889 et
372 857 646 889 confirmationem
663 856 906 887 concessionum
930 859 963 887 et
983 855 1210 896 elargitionum
1225 854 1444 896 imperialium
1466 858 1564 897 atque
1587 856 1746 898 regalium
1769 855 1928 888 factarum
1950 857 1984 895 in

322 919 476 951 personas
508 908 730 940 marchionum
761 907 914 939 Obizonis
948 911 982 939 et
1010 907 1131 939 Azonis
1163 906 1385 938 marchionum
1413 905 1599 939 Estensium
1633 918 1692 950 per
1717 907 1917 940 Rodulfum1
1951 912 1985 941 et

322 959 537 993 Federicum2
559 959 735 991 secundum
766 959 844 991 olim
865 959 1088 991 Romanorum
1126 969 1222 1000 reges
1255 961 1354 1000 atque
1387 958 1602 1000 imperatores
1641 962 1675 991 et
1708 970 1984 1003 quarumcumque

323 1012 459 1044 aliarum
483 1012 725 1043 concessionum
752 1014 786 1043 et
813 1011 1046 1053 elargicionum
1074 1011 1234 1042 factarum
1263 1011 1296 1042 in
1324 1011 1470 1052 personis
1498 1021 1629 1043 suorum
1655 1011 1923 1053 predecessorum
1951 1014 1986 1045 et

323 1063 552 1105 cuiuscumque
580 1064 722 1105 ipsorum
751 1074 770 1095 a
798 1063 1054 1105 quibuscumque
1085 1062 1155 1094 aliis
1189 1065 1277 1094 retro
1307 1061 1506 1104 principibus
1533 1062 1755 1095 Romanorum
1787 1063 1919 1106 regibus
1951 1067 1986 1096 et

323 1115 581 1156 imperatoribus.
627 1115 670 1146 Et
692 1115 735 1146 ad
758 1115 997 1156 impetrandum
1021 1118 1054 1146 et
1077 1114 1340 1156 consequendum
1367 1113 1409 1146 ab
1436 1115 1507 1156 ipso
1531 1114 1662 1146 domino
1685 1115 1840 1157 Lodoyco
1860 1115 1985 1148 Roma-

323 1177 436 1198 norum
459 1176 537 1208 rege
561 1170 593 1198 et
615 1167 705 1208 regia
728 1166 919 1198 celsitudine
943 1166 1116 1208 privilegia
1140 1169 1173 1198 et
1196 1166 1320 1198 litteras
1344 1166 1465 1198 tenoris
1492 1168 1527 1198 et
1549 1165 1653 1198 forme
1676 1169 1709 1198 et
1732 1170 1799 1199 tam
1822 1167 1987 1210 simplices

324 1229 420 1260 quam
450 1218 606 1260 legendas
634 1219 773 1260 gratiam
802 1221 835 1250 et
861 1219 1023 1250 iusticiam
1051 1218 1261 1250 continentes.
1311 1218 1396 1249 Item
1429 1217 1471 1249 ad
1497 1218 1675 1260 petendum
1697 1219 1921 1251 investituram
1951 1222 1986 1252 et

323 1270 599 1302 confirmationem
624 1273 656 1302 et
679 1270 777 1302 etiam
800 1281 919 1302 novam
946 1270 1141 1302 colationem
1169 1273 1202 1302 et
1229 1271 1470 1302 concessionem
1499 1270 1557 1302 sibi
1589 1269 1675 1302 dicto
1706 1272 1836 1303 nomine
1859 1271 1930 1303 fieri
1953 1274 1988 1304 et

323 1322 372 1353 his
396 1333 530 1363 quorum
555 1325 604 1353 est
626 1325 817 1363 procurator
840 1322 983 1354 omnium
1006 1321 1192 1363 feudorum,
1221 1332 1328 1353 rerum
1357 1324 1389 1353 et
1412 1322 1527 1353 iurium
1552 1321 1745 1364 feudalium,
1773 1333 1837 1365 que
1866 1323 1987 1365 prefati

323 1373 447 1405 nobiles
469 1373 668 1415 Raynaldus,
693 1373 795 1405 Obizo
820 1376 853 1405 et
874 1373 1051 1405 Nicholaus
1074 1373 1116 1405 ad
1139 1383 1273 1415 presens
1296 1376 1408 1405 tenent
1431 1376 1464 1405 et
1490 1373 1658 1415 possident
1681 1377 1714 1406 et
1738 1375 1830 1416 quasi
1856 1385 1985 1418 queque

324 1436 435 1458 eorum
459 1426 708 1467 predecessores
737 1425 823 1456 soliti
851 1429 925 1457 sunt
946 1425 1069 1457 habere
1098 1428 1131 1457 et
1157 1428 1270 1457 tenere
1297 1425 1367 1456 iure
1397 1424 1488 1457 feudi
1510 1435 1530 1456 a
1552 1424 1684 1468 regibus
1706 1425 1930 1459 Romanorum
1953 1430 1988 1459 et

323 1477 574 1518 imperatoribus
597 1478 775 1509 retroactis.
821 1477 864 1509 Et
886 1478 1028 1509 maxime
1051 1477 1292 1510 Lendenariam
1315 1487 1388 1508 cum
1411 1480 1480 1508 tota
1503 1477 1572 1508 eius
1602 1479 1692 1509 curte
1721 1481 1755 1509 et
1782 1477 1930 1510 districtu
1953 1482 1986 1511 et

324 1529 470 1561 omnibus
487 1531 552 1561 suis
572 1529 762 1561 adiacentiis
779 1533 812 1561 et
827 1530 1040 1571 pertinentiis,
1064 1529 1232 1570 fortiliciis,
1257 1530 1378 1560 castris.
1413 1528 1455 1560 Et
1475 1528 1673 1571 generaliter
1693 1528 1733 1561 de
1751 1530 1898 1562 omnibus
1914 1530 1987 1562 aliis

324 1582 387 1612 suis
411 1581 530 1622 feudis,
560 1581 656 1613 rebus
679 1585 712 1613 et
734 1581 855 1613 iuribus
878 1581 1071 1622 feudalibus,
1104 1591 1167 1623 que
1190 1580 1440 1623 predecessores
1463 1590 1576 1612 eorum
1598 1580 1782 1613 habuerunt
1803 1582 1873 1613 iure
1897 1581 1987 1614 feudi

325 1644 344 1664 a
366 1633 587 1665 Romanorum
609 1633 739 1675 regibus
763 1636 797 1665 et
818 1633 1016 1675 principibus
1036 1633 1207 1664 retroactis
1222 1634 1255 1664 in
1271 1632 1409 1664 diocessi
1423 1632 1577 1664 Adriensi
1593 1635 1627 1664 et
1642 1631 1713 1663 aliis
1729 1631 1987 1676 quibuscumque

324 1684 404 1716 locis
427 1688 492 1716 tam
515 1686 548 1716 in
570 1686 678 1727 terris,
702 1685 807 1727 aquis,
832 1684 972 1726 valibus,
996 1684 1187 1726 paludibus,
1210 1684 1379 1726 paschuis,
1403 1683 1502 1726 villis,
1526 1685 1649 1724 castris,
1673 1684 1841 1726 fortiliciis,
1864 1684 1988 1717 iuribus

325 1739 357 1768 et
380 1736 649 1768 iurisdictionibus
673 1747 770 1778 quam
794 1737 826 1767 in
849 1737 921 1768 aliis
945 1736 1197 1778 quibuscunque.
1244 1735 1287 1767 Et
1316 1736 1358 1767 ad
1386 1735 1578 1777 petendum,
1601 1735 1852 1777 impetrandum,
1875 1737 1987 1779 acqui-

325 1787 459 1819 rendum
483 1791 515 1819 et
539 1788 799 1830 consequendum
822 1789 952 1820 nomine
975 1787 1161 1829 supradicto
1187 1788 1295 1819 omnia
1318 1790 1351 1819 et
1374 1787 1501 1829 singula
1524 1797 1588 1830 que
1611 1787 1796 1829 supradicta
1818 1791 1891 1820 sunt
1914 1799 1987 1820 cum

325 1840 389 1871 alio
413 1850 615 1881 quocumque
639 1840 725 1880 iure,
750 1843 846 1881 prout
869 1840 930 1872 sibi
952 1840 1068 1871 melius
1092 1842 1125 1872 et
1147 1839 1270 1871 utillius
1293 1838 1466 1880 videbitur,
1490 1849 1563 1870 cum
1586 1839 1733 1881 plenaria
1755 1839 1987 1882 iurisdictione,

326 1901 399 1922 cum
423 1892 509 1922 omni
531 1891 663 1928 honore,
689 1891 856 1933 dignitate,
881 1891 1028 1923 districtu
1050 1893 1084 1924 et
1107 1891 1275 1923 dominatu
1298 1894 1331 1922 et
1354 1901 1426 1922 cum
1450 1890 1598 1922 omnibus
1621 1891 1758 1933 publicis
1782 1891 1987 1934 factionibus,

325 1953 397 1974 cum
420 1944 560 1985 angariis
584 1946 617 1974 et
632 1943 841 1985 perangariis,
866 1953 938 1975 cum
961 1944 1030 1975 iure
1052 1943 1209 1975 merchati
1226 1945 1259 1974 et
1274 1941 1407 1984 pedagii
1430 1946 1463 1974 et
1485 1942 1614 1974 toloniis
1636 1945 1704 1975 tam
1725 1943 1759 1974 in
1774 1944 1866 1985 aquis
1889 1953 1987 1986 quam

325 1995 357 2026 in
391 1995 500 2036 terris,
532 2005 603 2026 cum
632 1998 794 2037 potestate
828 1995 1106 2027 animadvertendi
1133 1996 1167 2026 in
1201 1995 1398 2026 facinorosos
1427 1997 1460 2026 et
1488 2005 1724 2037 quamcumque
1759 1995 1987 2028 iurisdictionis

326 2047 467 2087 speciem
491 2047 678 2088 exercendi,
706 2058 778 2079 cum
802 2048 918 2089 pratis,
943 2047 1043 2087 silvis,
1078 2047 1244 2089 paschuis,
1268 2045 1436 2086 salicibus,
1458 2045 1699 2087 venationibus,
1722 2046 1986 2090 pischationffius,

327 2098 533 2139 molendinis,
564 2099 657 2130 terris
680 2099 774 2130 cultis
798 2102 830 2130 et
852 2098 994 2139 incultis,
1018 2098 1201 2139 novalibus,
1225 2098 1332 2140 aquis,
1355 2097 1564 2140 aquemoliis,
1593 2097 1734 2130 salicetis
1763 2108 1986 2141 aquarumque

328 2149 515 2181 decursibus
544 2153 576 2182 et
602 2150 773 2192 paludibus
801 2154 834 2182 et
862 2161 934 2182 cum
959 2150 1121 2192 omnibus,
1150 2160 1213 2192 que
1236 2149 1279 2182 ad
1305 2150 1435 2191 plenam
1469 2148 1724 2182 iurisdictionem
1757 2150 1921 2191 pertinent
1954 2153 1988 2183 et

327 2201 488 2242 pertinere
512 2201 668 2233 videntur.
713 2201 757 2233 Et
779 2201 822 2234 ad
844 2202 948 2243 ipsam
970 2202 1192 2234 investituram
1217 2205 1251 2233 et
1274 2201 1516 2233 concessionem
1539 2200 1580 2233 de
1608 2211 1692 2232 novo
1719 2201 1930 2234 obtinendum
1953 2205 1988 2235 et

327 2252 588 2294 consequendum
612 2257 644 2284 et
667 2253 708 2285 ad
731 2253 984 2295 promittendum
1007 2254 1137 2285 nomine
1161 2253 1382 2295 predictorum
1403 2252 1576 2294 Raynaldi‚
1601 2252 1754 2285 Obizonis
1777 2257 1811 2285 et
1825 2253 1987 2297 Nicholay

328 2306 361 2334 et
383 2314 440 2344 pro
463 2304 540 2345 ipsis
563 2305 623 2346 ipsi
640 2305 769 2337 domino
785 2305 856 2347 regi
879 2308 913 2337 et
928 2306 1117 2348 cuicumque
1134 2305 1228 2337 alteri
1245 2305 1415 2347 recipienti
1430 2315 1489 2346 pro
1512 2305 1584 2346 ipso
1608 2308 1642 2336 et
1664 2304 1820 2347 deputato
1835 2316 1895 2347 per
1911 2316 1986 2338 eum

327 2355 518 2386 fidelitatem
542 2359 574 2387 et
597 2367 646 2396 ea,
670 2357 711 2388 ad
734 2368 796 2399 que
822 2357 1007 2389 huiusmodi
1029 2357 1142 2389 vasalli
1165 2357 1206 2389 de
1229 2358 1298 2389 iure
1323 2359 1356 2388 et
1372 2367 1414 2388 ex
1430 2355 1662 2388 consuetudine
1679 2357 1848 2389 feudorum
1865 2358 1987 2390 astricti

329 2408 417 2447 sunt,
450 2409 483 2437 et
512 2407 675 2439 fidelitatis
700 2412 935 2440 sacramentum
958 2408 1168 2450 prestandum
1197 2411 1230 2440 et
1252 2408 1455 2440 subeundum
1478 2409 1510 2439 in
1533 2408 1668 2450 singulis
1690 2409 1759 2440 eius
1783 2409 1931 2451 capitulis
1955 2411 1988 2442 et

329 2457 498 2488 cuiuslibet
521 2458 652 2490 alterius
674 2461 801 2501 generis
825 2463 1071 2492 sacramentum.
1117 2460 1160 2492 Et
1182 2459 1379 2502 generaliter
1410 2459 1452 2491 ad
1481 2460 1590 2491 omnia
1621 2463 1654 2492 et
1681 2459 1808 2501 singula
1830 2459 1986 2502 gerenda,

329 2508 477 2540 facienda
493 2512 525 2540 et
542 2511 733 2551 exercenda,
750 2522 812 2553 que
828 2512 859 2542 in
875 2512 1028 2553 predictis
1045 2515 1079 2543 ct
1091 2512 1197 2543 circha
1212 2511 1360 2554 predicta
1376 2514 1410 2542 et
1425 2509 1619 2554 quo[d]libet
1633 2512 1852 2553 predictorum
1867 2511 1988 2544 fuerint

330 2560 511 2591 necessaria
535 2564 567 2592 et
589 2562 680 2593 utilia
704 2566 736 2594 et
759 2566 926 2605 oportuna,
952 2564 1078 2595 etiamsi
1099 2563 1290 2595 mandatum
1311 2564 1481 2604 exigerent
1503 2563 1644 2605 speciale
1669 2567 1702 2596 et
1725 2574 1788 2606 que
1810 2563 1872 2606 ipsi
1894 2563 1984 2595 vide-

330 2611 408 2643 licet
431 2612 659 2644 constituentes
682 2614 788 2646 facere
812 2619 845 2647 et
867 2625 1019 2647 exercere
1036 2618 1177 2657 possent,
1202 2616 1228 2646 si
1244 2615 1459 2657 personaliter
1474 2615 1677 2647 interessent.
1714 2614 1839 2647 Dantes
1854 2615 1987 2656 insuper

331 2665 364 2694 et
387 2662 600 2695 concedentes
623 2664 767 2705 predicto
796 2676 906 2698 eorum
923 2668 1136 2710 *procuratori
1165 2667 1311 2709 plenum,
1340 2666 1478 2698 liberum
1503 2669 1536 2698 et
1564 2666 1717 2709 generale
1739 2666 1929 2699 mandatum
1953 2669 1988 2699 et

436 2766 461 2798 1)
483 2764 546 2798 Req.
559 2765 621 2798 imp.
641 2765 686 2798 VI,
704 2769 772 2794 1377.
791 2771 863 2795 1378.
883 2772 956 2796 1946.
976 2773 1050 2797 1947.
1139 2769 1165 2803 2)
1185 2769 1250 2804 περ.
1263 2769 1325 2803 imp.
1350 2769 1380 2803 V,
1399 2772 1471 2796 1255-

2000 714 2030 734 10

2002 972 2031 992 1⁸

2004 2527 2031 2547 45
