2158 3138
323 189 383 218 114
599 186 696 213 ACTA
715 185 828 212 REGNI
847 183 1031 211 LUDEWICI
1049 184 1096 210 1v.
1115 183 1161 210 ΕΤ
1181 182 1366 209 FRIDERICI
1384 183 1433 209 111.
1470 183 1546 210 1314.
1581 182 1702 210 Nr.117.

430 275 477 304 12.
512 272 555 303 Et
577 276 611 303 ut
634 273 666 303 in
689 272 852 313 premissis
876 271 1023 302 omnibus
1047 273 1080 301 et
1103 269 1235 310 singulis
1262 269 1324 310 ipsi
1351 269 1460 300 comiti
1483 269 1587 310 magis
1609 271 1777 310 caveatur,
1805 269 1971 301 constitui-

313 335 390 356 mus
413 325 444 355 ei
467 324 597 355 obsides
619 323 839 355 venerabilem
864 322 1028 353 dominum
1043 321 1220 352 Henricum
1244 320 1523 361 archiepiscopum
1539 319 1776 360 Coloniensem‚
1798 320 1971 352 Ernestum

314 375 477 406 decanum
502 376 657 406 maiorem
681 375 923 413 Coloniensem,
946 373 1121 404 Henricum
1146 372 1344 413 prepositum
1369 371 1590 409 Bunnensem,
1617 371 1798 412 Ropertum
1821 373 1972 404 comitem

314 427 360 457 vde
377 426 606 467 Vyrnemburg
636 428 669 456 et
692 425 870 456 Iohannem
899 424 1062 455 dominum
1087 422 1128 454 de
1151 422 1377 463 Ryferseheyt.
1425 422 1647 454 Fideiussor-es
1669 433 1746 454 vero
1775 423 1836 464 ipsi
1863 424 1972 455 comiti

313 478 541 509 constituimus
565 476 782 507 venerabilem
807 475 961 506 Adolfum
986 474 1202 505 Leodiensem
1227 474 1426 515 episcopum,
1451 473 1635 506 Conradum
1659 475 1859 516 prepositum
1874 474 1971 506 Wor-
2005 489 2016 507 s

317 530 515 561 maciensem
541 529 608 559 eius
632 527 775 567 fratrem,
799 526 974 567 Symonem
998 526 1149 556 comitem
1174 525 1214 556 de
1232 524 1430 566 Spainheim,
1453 525 1631 557 Iohannem
1655 525 1696 557 de
1719 526 1874 558 Nassowe
1897 536 1972 568 pre-

317 581 458 621 positum
486 578 595 610 Sancti
624 578 746 609 Florini
777 578 810 608 in
833 577 1058 616 Gonfluencia,
1082 575 1264 608 Gerardum
1292 575 1495 608 scolasticum
1520 576 1764 618 Coloniensem,
1789 576 1973 610 Conradum

316 631 486 662 dominum
511 630 551 661 de
569 629 777 669 Thoneburg,
795 627 996 659 Everardum
1014 628 1082 658 eius
1098 627 1241 667 fratrem,
1258 627 1465 668 Reynardum
1490 628 1530 659 de
1547 627 1780 660 Westerburch
1803 629 1974 661 canonicos

319 682 538 720 Oolonienses,
561 680 737 712 Rodolfum
761 680 800 711 de
824 679 1039 721 Ryferscheit‚
1064 678 1246 710 Gerardum
1269 679 1503 710 marschalcum
1526 679 1567 711 de
1583 680 1721 720 Alftere,
1737 679 1908 712 Danielem
1932 680 1973 712 de

318 732 520 774 Lengsdorp,
543 732 711 763 Pawinum
736 731 776 762 de
800 731 981 772 Hemberg,
1006 730 1220 762 Godefridum
1244 731 1455 762 camerarium
1480 730 1520 762 de
1543 731 1715 772 Bacheim,
1737 731 1910 763 Danielem
1933 731 1974 764 de
1993 745 2018 765 ιο

320 783 541 825 Ippelindorp,
566 782 780 814 Godefridum
806 782 846 813 de
871 782 1023 813 Pomerio
1048 781 1168 813 dictum
1193 781 1342 814 Schelart
1363 782 1497 823 milites,
1527 782 1715 824 Philippum
1739 783 1780 815 de
1803 783 1974 825 Kentnich,

318 835 532 866 Wilhelmum
557 834 596 865 de
621 834 806 874 Buschvelt,
830 833 1012 865 Gerardum
1029 833 1069 865 de
1085 833 1304 874 Hamerstein,
1320 834 1544 866 Hermannum
1561 834 1602 866 de
1617 834 1773 866 Bacheim
1794 838 1828 866 et
1839 834 1975 866 Winan-

314 887 395 918 dum
419 886 459 917 de
484 886 580 917 Rore.
628 885 691 921 Qui
714 896 748 917 se
771 896 830 927 pro
854 885 947 917 nobis
971 885 1158 927 obligarunt
1179 885 1238 916 sub
1262 885 1323 917 hac
1347 885 1461 927 forma,
1485 885 1571 927 quod
1595 886 1622 916 si
1643 885 1751 928 aliquo
1767 887 1975 918 terminorum

319 938 537 980 predictorum
562 936 767 978 negligentes
790 947 934 968 essemus
958 937 989 968 in
1014 936 1178 968 solucione
1202 938 1339 978 pecunie
1363 937 1404 968 de
1428 941 1500 968 octo
1516 936 1645 969 milibus
1668 940 1701 969 et
1723 937 1825 968 tribus
1847 938 1976 970 milibus

319 1000 500 1021 marcarum
526 989 653 1030 argenti
678 988 870 1030 supradictis
893 991 949 1019 aut
971 988 1043 1019 aliis
1066 999 1123 1020 seu
1147 988 1255 1030 aliquo
1279 999 1321 1020 ex
1343 989 1508 1030 premissis
1537 989 1598 1031 ipsi
1621 989 1729 1021 comiti
1753 992 1786 1020 et
1808 989 1975 1022 creditori·
1997 1002 2021 1022 u

318 1041 378 1072 bus
408 1041 472 1072 suis
503 1051 600 1082 supra
631 1041 768 1071 narratis
790 1043 826 1071 ut
850 1043 899 1071 est
922 1039 1043 1071 dictum
1065 1050 1125 1081 per
1147 1050 1206 1071 nos
1229 1041 1413 1081 promissis,
1437 1040 1523 1082 quod
1547 1040 1624 1072 dicti
1648 1040 1777 1072 obsides
1799 1042 1912 1072 moniti
1935 1052 1978 1073 ex

318 1095 411 1134 parte
435 1092 534 1133 ipsius
557 1092 703 1122 comitisb
726 1091 809 1122 infra
834 1091 975 1123 triduum
999 1095 1073 1133 post
1094 1092 1310 1123 monicionem
1334 1091 1472 1123 eandem
1494 1091 1659 1124 intrabunt
1680 1093 1711 1123 in
1735 1094 1880 1134 personis
1902 1103 1977 1135 pro-

318 1144 396 1185 priis
417 1143 547 1185 opidum
564 1143 748 1174 Nussiense.
790 1143 923 1184 Reliqui
945 1153 1022 1174 vero
1045 1143 1260 1183 fideiussores,
1284 1144 1310 1174 si
1333 1153 1393 1184 per
1415 1154 1450 1174 se
1473 1144 1560 1185 ipsos
1583 1144 1689 1175 iacere
1711 1144 1882 1186 noluerint,
1906 1145 1976 1187 qui-

318 1195 400 1226 libet
428 1205 539 1226 eorum
572 1195 679 1225 mittet
707 1205 806 1226 unum
839 1194 995 1226 famulum
1025 1194 1173 1226 militaris
1201 1194 1397 1226 condicionis
1418 1205 1477 1236 pro
1505 1205 1539 1226 se
1567 1195 1610 1226 ad
1631 1195 1802 1227 iacendum
1824 1197 1857 1227 in
1880 1196 1977 1238 opido

321 1246 467 1288 predicto
497 1245 614 1277 abinde
644 1257 706 1277 non
735 1256 952 1285 recessurum,
985 1246 1088 1278 donec
1119 1246 1159 1277 de
1187 1245 1319 1278 defectu
1345 1247 1482 1288 pecunie
1506 1246 1558 1278 vel
1589 1247 1721 1278 alterius
1744 1248 1878 1278 alicuius
1900 1258 1976 1280 con·
1996 1259 2023 1279 20

324 1298 487 1329 vencionis
509 1297 561 1328 vel
584 1297 670 1339 pacti
693 1298 924 1338 premissorum
947 1297 1044 1329 fuerit
1066 1297 1275 1329 satisfactum.
1314 1298 1476 1334 Quociens
1498 1301 1608 1330 tamen
1629 1299 1747 1341 prefati
1767 1299 1896 1331 obsides
1917 1310 1977 1341 pro

317 1349 428 1390 aliquo
452 1348 517 1380 alio
542 1348 672 1380 defectu
702 1349 932 1390 premissorum
963 1359 1060 1391 quam
1082 1360 1142 1391 pro
1168 1349 1300 1381 defectu
1322 1350 1458 1391 pecunie
1482 1350 1665 1392 supradicte
1687 1351 1739 1382 vel
1766 1351 1863 1392 sigilli
1890 1352 1978 1393 capi-

323 1400 381 1431 tuli
406 1400 608 1432 Coloniensis
632 1400 672 1431 de
698 1411 760 1441 quo
784 1400 867 1431 infra
891 1401 1007 1432 dicitur
1029 1401 1143 1432 moniti
1166 1401 1295 1442 fuerint,
1318 1401 1454 1443 quilibet
1475 1412 1534 1443 pro
1550 1412 1585 1434 se
1601 1401 1757 1434 famulum
1779 1405 1816 1434 ut
1837 1403 1976 1444 predici-

318 1455 371 1483 tur
394 1462 515 1493 ponere
539 1453 659 1493 poterit
682 1451 724 1483 ad
746 1452 928 1484 iacendum.

430 1509 477 1539 13.
514 1507 556 1538 Et
584 1507 810 1539 nichilominus
840 1508 882 1539 ad
910 1509 1066 1540 maiorem
1097 1508 1211 1540 horum
1242 1509 1426 1541 firmitatem
1455 1509 1638 1551 rogavimus
1667 1509 1787 1542 dictum
1811 1510 1976 1542 dominum
1995 1520 2020 1542 π

323 1559 616 1600 archiepiscopum,
641 1559 728 1600 quod
751 1560 813 1600 ipsi
837 1560 947 1591 comiti
970 1563 1110 1592 castrum
1133 1561 1269 1602 Aspele,
1293 1560 1381 1603 Reys
1405 1563 1438 1592 et
1460 1561 1595 1592 Xanctis
1618 1572 1690 1593 cum
1713 1562 1778 1592 suis
1800 1561 1922 1593 iuribus
1945 1565 1979 1594 et

320 1611 528 1652 pertinenciis
557 1610 811 1653 quibuscumque
838 1622 898 1653 pro
926 1611 1019 1643 dictis
1047 1615 1119 1644 octo
1148 1612 1276 1644 milibus
1307 1623 1487 1644 marcarum
1515 1612 1640 1654 argenti
1671 1622 1797 1644 exnunc
1819 1623 1878 1654 pro
1901 1612 1974 1645 sub-

324 1662 458 1703 pignore
487 1661 661 1703 obligabit,
690 1673 752 1704 que
777 1663 902 1694 tenebit
925 1663 965 1694 de
989 1663 1170 1695 redditibus
1193 1663 1419 1705 percipiendis.
1469 1664 1558 1700 Quos
1581 1664 1725 1696 redditus
1748 1667 1782 1696 et
1802 1668 1977 1706 proventus

321 1724 380 1754 pro
407 1714 557 1755 expensis
581 1713 726 1745 custodie
751 1718 784 1745 et
808 1714 997 1746 defensione
1021 1715 1180 1747 dictorum
1203 1716 1299 1747 castri
1323 1718 1356 1746 et
1378 1715 1546 1756 opidorum
1571 1725 1609 1747 ac
1630 1718 1715 1747 terre
1731 1715 1867 1757 tenebit,
1881 1715 1979 1748 nichil

323 1768 456 1806 propter
478 1765 539 1796 hoc
563 1764 603 1796 de
627 1768 712 1797 sorte
736 1766 905 1808 principali
929 1766 1132 1798 defalcando.
1934 1765 1940 1771 '
1994 1778 2021 1798 το

433 1823 480 1852 14.
515 1820 574 1852 Est
598 1822 701 1852 eciam
725 1821 920 1862 condictum,
945 1822 1031 1864 quod
1053 1822 1141 1854 idem
1164 1832 1274 1853 comes
1297 1832 1369 1853 cum
1392 1821 1481 1853 mille
1505 1822 1637 1853 armatis
1659 1821 1851 1853 militaribus
1870 1822 1979 1854 veniet

322 1872 429 1913 Aquis
460 1872 501 1903 ad
532 1874 778 1904 coronacionem
805 1877 965 1914 nostram,
995 1876 1122 1915 partem
1149 1877 1292 1905 nostram
1315 1876 1427 1905 contra
1449 1874 1614 1905 invasores
1635 1876 1762 1905 nostros
1785 1873 1979 1914 adiuvando,

319 1927 354 1954 ct
390 1923 477 1965 quod
511 1924 552 1954 ab
587 1925 648 1955 ista
683 1928 776 1966 parte
811 1925 912 1967 Mogii
943 1928 976 1956 et
1004 1925 1141 1957 Moselle
1169 1925 1263 1956 nobis
1292 1926 1422 1956 assistet
1449 1927 1560 1956 contra
1586 1929 1712 1957 nostros
1740 1926 1900 1966 inimicos,
1924 1925 1979 1967 qui

318 1978 452 2016 propter
477 1975 675 2007 eleccionem
700 1976 740 2008 de
765 1977 858 2008 nobis
882 1977 1002 2009 factam
1026 1987 1062 2008 se
1085 1980 1252 2019 opponunt
1274 1987 1331 2008 seu
1355 1980 1521 2019 opponent
1542 1976 1646 2008 nobis.
1684 1977 1737 2008 Sic
1759 1980 1868 2008 tamen
1892 1976 1980 2019 quod

318 2029 438 2057 terram
463 2028 588 2058 comitis
606 2027 796 2059 Iuliacensis
819 2028 980 2060 hostiliter
1003 2029 1124 2060 intrare
1141 2029 1193 2060 vel
1216 2029 1370 2060 invadere
1394 2039 1457 2060 non
1481 2031 1630 2060 teneatur
1651 2028 1712 2060 hac
1728 2028 1769 2060 de
1785 2039 1892 2060 causa.
1937 2027 1981 2059 Et
1998 2039 2024 2060 ss

319 2077 381 2108 hoc
410 2078 509 2109 faciet
540 2078 625 2110 bona
656 2079 731 2111 fide.
775 2080 844 2111 Nos
872 2090 1000 2122 quoque
1029 2081 1188 2122 premissa
1214 2081 1276 2121 ipsi
1304 2081 1413 2112 comiti
1440 2080 1526 2112 bona
1553 2079 1617 2111 fide
1647 2079 1826 2121 adimplere
1857 2083 1891 2111 et
1918 2079 1980 2111 sibi

319 2129 469 2160 assistere
504 2131 721 2171 promittimus
754 2132 929 2163 viceversa.
1029 2131 1068 2162 In
1102 2132 1192 2163 cuius
1226 2132 1273 2163 rei
1307 2132 1526 2163 testimonium
1560 2135 1728 2173 presentes
1760 2131 1886 2162 litteras
1918 2131 1980 2173 ipsi

318 2181 429 2211 comiti
461 2184 570 2212 nostro
601 2185 634 2212 et
658 2182 735 2213 dicti
759 2183 998 2225 archiepiscopi
1027 2186 1274 2224 ceterorumque
1307 2182 1455 2215 obsidum
1484 2186 1518 2214 et
1545 2182 1769 2214 fideiussorum
1798 2186 1981 2215 nostrorum

321 2231 539 2272 predictorum
564 2233 677 2274 sigillis
700 2235 852 2276 appensis
875 2235 1080 2276 presentibus
1104 2234 1252 2265 dedimus
1275 2235 1496 2266 communitas.

431 2290 478 2318 15.
515 2288 557 2319 Et
586 2299 644 2319 nos
674 2289 835 2321 Henricus
864 2289 928 2322 Dei
955 2291 1065 2332 gracia
1092 2293 1202 2321 sancte
1226 2289 1427 2321 Coloniensis
1455 2281 1878 2332 ecclesie'archiepiscopus
1899 2289 1983 2321 sacri
1999 2301 2027 2320 ω

321 2338 449 2379 imperii
472 2349 530 2380 per
553 2339 683 2371 Italiam
710 2341 1012 2373 archicancellarius
1029 2342 1194 2383 ceterique
1212 2340 1342 2373 obsides
1358 2344 1391 2373 et
1405 2341 1609 2373 fideiussores
1624 2341 1763 2382 predicti
1777 2341 1982 2383 recognosci-

320 2399 391 2420 mus
420 2400 477 2420 nos
509 2391 645 2431 prestita
674 2391 758 2423 bona
790 2393 854 2424 fide
879 2393 1038 2435 corporali
1065 2392 1105 2424 ad
1140 2393 1299 2434 premissa
1330 2392 1372 2424 ad
1395 2403 1509 2434 preces
1530 2392 1663 2424 illustris
1685 2392 1839 2434 principis
1862 2391 1983 2423 domini

320 2441 421 2471 nostri
445 2440 611 2473 Frederici
635 2443 725 2474 ducis
748 2445 880 2476 Austrie
905 2445 936 2476 in
960 2444 1181 2476 Romanorum
1204 2454 1315 2486 regem
1341 2444 1454 2485 electi,
1477 2444 1630 2476 videlicet
1650 2455 1709 2486 pro
1732 2443 1886 2485 predictis
1909 2446 1982 2475 octo

322 2494 355 2523 et
380 2492 482 2523 tribus
506 2493 636 2535 milibus
660 2505 841 2527 marcarum
865 2497 992 2538 argenti
1015 2496 1150 2537 aliisque
1174 2495 1416 2527 condicionibus
1439 2498 1472 2527 et
1493 2496 1598 2538 pactis
1618 2495 1773 2537 predictis
1796 2494 1855 2526 sub
1878 2494 1983 2526 forma

322 2543 481 2585 predicta,
507 2545 657 2587 quodque
682 2546 806 2578 litteras
829 2548 930 2579 nostri
953 2547 1189 2589 archiepiscopi
1211 2558 1309 2589 super
1325 2547 1528 2589 obligacione
1544 2548 1639 2579 castri
1654 2547 1788 2589 Aspele,
1812 2546 1982 2588 opidorum
2000 2558 2026 2579 4⁵

322 2594 412 2636 Reys
440 2598 473 2626 et
502 2595 638 2628 Xanctis
662 2602 770 2630 nostro
796 2602 828 2630 et
853 2599 986 2640 capituli
1009 2599 1211 2631 Coloniensis
1234 2599 1348 2641 sigillis
1371 2599 1527 2641 sigillatas
1550 2599 1633 2630 infra
1656 2598 1870 2640 quindenam,
1892 2601 1981 2640 post-

322 2655 418 2686 quam
451 2657 548 2687 super
577 2647 638 2679 hoc
674 2659 715 2680 ex
749 2654 841 2691 parte
876 2651 976 2692 ipsius
1006 2651 1132 2682 comitis
1163 2651 1278 2682 moniti
1305 2651 1474 2692 fuerimus,
1501 2661 1674 2692 procurare
1703 2653 1735 2682 et
1762 2649 1893 2681 efficere
1919 2649 1982 2691 ipsi

321 2697 432 2728 comiti
467 2698 550 2729 tradi
583 2702 616 2730 et
644 2701 799 2742 assignari
829 2712 902 2733 cum
930 2702 1064 2743 effectu,
1092 2702 1173 2733 alias
1201 2703 1380 2734 iacenciam
1406 2702 1439 2733 in
1468 2701 1565 2744 opido
1587 2701 1755 2734 Nussiensi
1776 2704 1812 2733 ut
1834 2701 1981 2743 superius

426 2794 489 2822 117.
518 2796 541 2830 b)
560 2799 666 2824 comites
684 2808 723 2824 or.
