2158 3138
338 171 400 201 128
568 167 666 194 ACTA
685 166 799 194 REGNI
817 165 1001 192 LUDEWICI
1020 164 1067 192 IV.
1086 165 1132 192 ΕΤ
1151 164 1336 192 FRIDERICI
1355 164 1404 191 III.
1441 164 1516 191 1314.
1551 163 1600 191 Νι.
1615 163 1672 191 128.
1693 164 1750 192 129.

339 255 501 286 dominum
526 254 579 286 vel
600 254 762 285 hominem
788 252 1040 285 ecclesiasticum
1063 251 1115 283 vel
1137 251 1349 292 mundaum,
1373 252 1598 293 cuiuscumque
1622 251 1787 293 dignitatis
1807 251 1860 283 vel
1883 254 1984 283 status

340 307 482 338 existunt
509 306 560 338 vel
588 306 709 346 existit,
745 305 798 346 qui
833 304 934 335 dictos
967 304 1054 335 cives
1086 304 1311 335 universaliter
1335 303 1388 335 vel
1415 303 1620 344 singulariter
1645 314 1703 344 pro
1733 313 1786 344 eo,
1817 302 1902 344 quod
1924 303 1986 344 ipsi

340 358 644 390 excellentissimum
669 357 831 388 dominum
854 358 997 387 nostrum
1020 355 1184 386 dominum
1200 355 1407 387 Lodewicum
1422 354 1486 386 Dei
1508 355 1617 396 gracia
1631 354 1851 386 Romanorum
1873 364 1986 396 regem

340 410 383 441 ad
406 410 570 441 civitatem
594 408 818 440 Coloniensem
841 407 1024 439 venientem
1046 406 1185 439 letanter
1206 409 1398 449 receperunt
1427 409 1460 438 et
1486 405 1677 437 fidelitatem
1701 404 1806 436 eidem
1830 405 1985 444 fecerunt,

340 462 513 503 impetunt,
536 460 725 499 molestant,
749 461 884 500 gravant
907 458 959 489 vel
980 458 1185 500 iniuriantur,
1209 459 1377 501 impetere,
1400 458 1588 499 molestare,
1611 467 1746 499 gravare
1769 456 1822 488 vel
1843 457 1986 489 iniuriari

340 514 483 544 nituntur
505 515 561 543 aut
583 511 751 551 voluerint,
774 511 805 541 in
829 510 921 541 bonis
945 520 1056 541 eorum
1079 510 1131 541 vel
1154 510 1299 551 personis
1322 509 1531 552 spiritualiter
1545 509 1597 540 vel
1620 509 1808 540 seculariter
1831 508 1985 540 defende-

341 576 425 605 mus,
449 563 744 602 manutenebimus,
775 562 951 593 astabimus
979 561 1102 593 eisdem
1130 562 1262 594 consilio
1290 565 1323 593 et
1353 561 1472 593 auxilio
1502 561 1678 593 secundum
1705 560 1791 603 quod
1813 560 1846 592 in
1867 560 1986 602 littera,

341 627 437 658 quam
462 615 608 647 dominus
631 614 890 655 archiepiscopus
914 613 1178 655 Moguntinensis,
1194 613 1388 645 Wilhelmus
1410 613 1592 654 Hannonis,
1615 612 1801 653 Hollandie,
1825 611 1986 654 Selandie‚

341 667 505 699 Gerardus
528 666 725 705 Iuliacensis,
747 665 910 696 Arnoldus
933 665 1115 706 Lossensis,
1139 665 1277 696 Adolfus
1300 664 1341 696 de
1364 665 1488 704 Monte,
1516 665 1676 696 Iohannes
1705 665 1746 696 de
1770 663 1986 706 Spaynheym,

342 718 561 750 Theodericus
588 717 628 748 de
651 717 751 749 Cleve
775 717 910 748 comites
934 720 967 748 et
990 717 1186 748 Godcfridus
1209 716 1356 748 dominus
1372 716 1413 748 de
1428 716 1636 759 Heymsberg
1652 716 1741 748 etde
1756 715 1988 757 Blankenberg

341 781 438 812 super
460 770 521 801 hoc
546 768 704 800 dederunt
730 768 852 800 eisdem
876 768 998 800 civibus
1025 768 1137 810 sigillis
1160 779 1271 800 eorum
1294 768 1467 810 sigillatam
1497 771 1529 800 et
1550 769 1584 800 in
1606 779 1669 811 qua
1692 778 1800 800 sumus
1822 768 1987 809 nominati,

341 822 552 862 continetur²,
586 831 646 852 nec
679 820 774 852 alicui
812 820 931 852 homini
966 820 1017 852 vel
1052 820 1180 852 domino
1211 821 1298 862 ipsos
1332 821 1417 852 cives
1451 820 1618 852 occasione
1646 819 1792 862 predicta
1817 820 1987 862 impetere,

342 884 493 915 gravare,
519 873 692 904 molestare
714 872 835 904 volenti
857 872 1097 904 consenciemus
1120 883 1177 914 pro
1200 882 1295 914 posse
1318 875 1444 914 nostro,
1468 872 1735 915 quandocumque
1763 874 1797 903 et
1819 872 1987 914 quociens-

342 936 479 968 cumque
503 925 544 957 ab
566 925 644 966 ipsis
667 923 788 956 civibus
806 923 961 955 fuerimus
976 925 1132 966 requisiti,
1155 934 1215 955 nec
1238 925 1325 966 ipsos
1341 924 1426 955 cives
1443 923 1650 956 Colonienses
1674 923 1824 956 deserere
1846 933 1989 966 unquam

341 978 497 1009 debemus
520 978 552 1008 in
567 976 730 1018 premissis
747 986 876 1018 quoquo
899 975 996 1007 modo
1020 976 1088 1008 sine
1113 975 1196 1007 dolo.
1285 976 1324 1007 In
1346 976 1436 1007 cuius
1458 976 1506 1007 rei
1530 977 1747 1008 testimonium
1770 978 1867 1017 atque
1889 975 1988 1008 fidem

343 1029 483 1071 sigillum
506 1031 648 1060 nostrum
672 1027 821 1058 duximus
843 1027 1046 1069 presentibus
1068 1027 1328 1069 appendendum.

450 1088 570 1120 Datum
601 1098 682 1119 anno
710 1086 840 1118 Domini
867 1087 1038 1119 millesimo
1071 1088 1296 1119 trecentesimo
1327 1086 1584 1129 quartodecimo,
1614 1087 1695 1120 feria
1718 1089 1817 1120 tercia
1840 1088 1989 1130 proxima

344 1144 418 1183 post
441 1141 558 1172 festum
582 1139 670 1172 beati
692 1138 823 1170 Andree
849 1138 997 1181 apostoli.

734 1302 816 1338 129.
857 1301 1031 1347 Scriptum
1057 1301 1236 1337 Ludewici
1261 1302 1363 1347 reqis.
1468 1302 1550 1338 Dec.
1570 1303 1604 1337 4.

456 1384 616 1425 Oriyinale
640 1385 714 1426 (or.)
737 1385 849 1417 ibidem
871 1395 920 1417 nr.
937 1385 1010 1417 824.
1053 1383 1252 1417 contulimus
1266 1395 1331 1416 nos.
1370 1384 1491 1417 Pendet
1511 1384 1649 1424 siyillum
1671 1386 1737 1424 fere
1759 1385 1904 1418 illaesum
1926 1385 1992 1419 loro

343 1437 584 1469 membranaceo.
610 1455 649 1460 —
674 1436 736 1468 Ed.
761 1436 901 1477 ‘Quellen
921 1446 981 1469 zur
1006 1435 1189 1468 Geschichte
1211 1436 1266 1467 der
1289 1436 1382 1468 Stadt
1403 1436 1498 1468 Kdln'
1522 1436 1586 1474 IV,
1608 1438 1652 1468 23
1673 1447 1723 1469 m·-
1739 1437 1782 1468 23
1804 1448 1843 1469 ex
1866 1448 1910 1470 or.

452 1497 597 1536 Βὸἢφνιεν,
621 1497 696 1537 Rey.
721 1498 835 1530 Iasdw.
852 1508 887 1537 p.
903 1497 926 1528 2
947 1508 996 1529 nr.
1013 1497 1066 1529 25.

452 1601 642 1633 Lodewicus
674 1601 737 1632 Dei
773 1602 882 1643 gracia
915 1601 1134 1633 Romanorum
1164 1611 1223 1632 rex
1258 1611 1387 1643 semper
1415 1604 1568 1643 augustus
1661 1601 1816 1633 universis
1843 1601 1992 1634 fidelibus

346 1655 410 1685 suis
497 1664 588 1684 suam
610 1654 752 1695 graciam
777 1657 810 1684 et
833 1663 927 1684 omne
953 1653 1081 1684 bonum.

454 1704 615 1736 Noveritis
643 1704 729 1746 quod
751 1705 955 1746 promisimus
987 1708 1020 1736 et
1042 1705 1278 1747 promittimus*
1304 1705 1426 1737 civibus
1449 1704 1693 1737 Coloniensibus
1715 1705 1938 1737 universaliter
1961 1708 1994 1737 et

347 1757 551 1799 singulariter
581 1760 614 1788 et
642 1767 700 1788 nos
730 1757 832 1798 regali
862 1757 1019 1799 dignitate
1050 1757 1172 1789 eisdem
1202 1757 1382 1798 obligamus
1409 1767 1468 1798 per
1490 1759 1666 1798 presentes,
1690 1756 1777 1799 quod
1798 1757 1884 1799 ipsos
1907 1757 1994 1789 cives

347 1813 458 1841 contra
482 1819 688 1851 quoscunque
713 1809 860 1840 dominos
882 1809 934 1840 vel
957 1809 1104 1840 homines
1128 1808 1363 1840 ecclesiasticos
1390 1819 1448 1840 scu
1477 1808 1656 1840 mundanos
1679 1819 1735 1840 scu
1757 1818 1993 1850 quemcumque

348 1861 510 1893 dominum
535 1860 585 1891 vel
607 1860 770 1892 hominem
795 1860 1049 1892 ecclesiasticum
1072 1860 1124 1892 vel
1146 1860 1358 1901 mundanum,
1388 1861 1614 1902 cuiuscumque
1643 1859 1807 1902 dignitatis
1837 1863 1870 1892 et
1892 1862 1994 1891 status

348 1913 489 1944 existunt
523 1922 580 1943 seu
613 1913 739 1953 existit,
775 1913 828 1954 qui
862 1912 964 1944 dictos
994 1913 1080 1944 cives
1109 1913 1332 1944 universaliter
1354 1913 1406 1944 vel
1429 1912 1647 1954 singulariter,
1677 1923 1735 1954 pro
1764 1923 1803 1944 eo
1827 1911 1913 1954 quod
1935 1922 1995 1944 nos

346 1975 458 1996 verum
479 1963 701 1996 Romanorum
731 1974 841 2006 regem
872 1964 914 1995 ad
941 1965 1105 1996 civitatem
1129 1963 1355 1996 Ooloniensem
1377 1964 1516 1996 letanter
1538 1965 1720 1996 venientem
1747 1967 1939 2006 receperunt
1961 1966 1995 1995 et

347 2015 538 2047 fidelitatem
562 2016 653 2047 nobis
677 2016 834 2056 fecerunt,
865 2016 1039 2058 impetunt,
1067 2016 1272 2056 monemuth,
1302 2019 1438 2058 gravant
1459 2015 1511 2048 vel
1533 2016 1722 2048 iniurientur
1743 2015 1795 2047 vel
1823 2016 1994 2058 impetere,

347 2067 519 2099 molestare
547 2067 599 2099 vel
627 2078 763 2109 gravare
791 2078 829 2098 ac
857 2068 1000 2099 iniuriari
1027 2068 1169 2099 nituntur
1192 2068 1244 2099 vel
1274 2068 1434 2099 voluerint
1462 2067 1670 2109 spiritualiter
1697 2067 1748 2099 vel
1775 2067 1995 2110 singulariter⁰

349 2123 404 2151 aut
427 2119 490 2150 alio
515 2130 716 2161 quocumque
744 2119 856 2160 modo,
890 2121 922 2151 in
956 2119 1048 2151 bonis
1076 2130 1187 2151 eorum
1219 2123 1251 2151 et
1279 2120 1424 2161 personis
1453 2119 1682 2160 defendemus,
1704 2119 1994 2161 manutenebimus,

349 2171 525 2202 astabimus
553 2171 675 2202 eisdem
704 2171 837 2202 consilio
866 2175 899 2203 et
929 2172 1051 2203 auxilio
1077 2182 1135 2213 pro
1165 2172 1250 2203 omni
1278 2181 1373 2213 posse
1400 2174 1509 2203 nostro
1532 2172 1600 2203 sine
1624 2171 1698 2203 dolo
1722 2174 1755 2203 et
1777 2171 1995 2213 protractione

349 2233 408 2254 nec
437 2223 531 2254 alicui
561 2223 690 2254 domino
720 2223 772 2254 vel
795 2223 916 2254 homini
942 2223 1029 2264 ipsos
1052 2224 1138 2255 cives
1160 2224 1329 2264 impetere,
1351 2233 1497 2265 gravare,
1520 2223 1693 2255 molestare
1715 2223 1837 2255 volent-i
1859 2233 1992 2255 consen-

350 2275 480 2314 ciemus,
504 2274 771 2316 quandocumque
792 2278 825 2306 et
841 2275 1131 2316 quocienscumque
1155 2275 1196 2306 ab
1213 2275 1290 2316 ipsis
1306 2274 1427 2306 civibus
1442 2275 1596 2307 fuerimus
1611 2275 1767 2316 requisiti,
1785 2285 1846 2307 nec
1861 2274 1995 2307 eosdem

350 2327 435 2357 cives
458 2326 609 2358 deserere
633 2330 766 2368 propter
788 2326 945 2367 premissa
967 2337 1108 2368 unquam
1133 2326 1288 2358 debemus
1311 2337 1440 2369 quoquo
1463 2326 1570 2358 modo.
1664 2326 1703 2358 In
1725 2328 1814 2359 cuius
1836 2327 1883 2359 rei
1906 2327 1996 2359 testi-

349 2379 490 2409 monium
515 2381 547 2410 et
569 2378 752 2410 firmitatem
777 2378 916 2420 sigillum
940 2379 1118 2410 maiestatis
1140 2381 1248 2410 nostre
1271 2378 1475 2420 presentibus
1499 2378 1648 2410 duximus
1671 2378 1930 2421 appendendum.

458 2438 578 2470 Datum
603 2438 751 2480 Colonie,
779 2439 861 2470 feria
890 2443 1004 2481 quarta
1027 2443 1101 2471 ante
1126 2439 1212 2471 beati
1235 2439 1362 2471 Nicolai
1385 2440 1542 2481 episcopi,
1566 2450 1649 2471 anno
1672 2439 1803 2472 Domini
1824 2440 1995 2472 millesimo

350 2492 574 2522 trecentesimo
597 2491 850 2533 quartodecimo.

457 2696 520 2723 129.
548 2697 570 2730 Β)
589 2699 700 2730 sequitur
719 2718 724 2724 .
738 2718 744 2725 .
764 2708 800 2725 or.
889 2700 914 2734 b)
933 2701 1067 2727 molestent
1085 2709 1122 2725 or.
1211 2699 1234 2732 θ)
1252 2700 1288 2725 εἰσ
1301 2709 1352 2732 pro
1371 2700 1519 2726 seculariter
1537 2709 1574 2725 or.

457 2791 482 2824 1)
501 2790 590 2824 Supra
607 2800 649 2818 nr.
664 2796 716 2819 127.

2006 721 2032 742 m

2011 1714 2036 1734 ²5

2013 2228 2039 2249 ³5

2012 2504 2040 2524 w
