2184 3126
296 249 358 280 582
552 241 651 269 ACTA
667 238 781 266 REGNI
799 234 984 264 LUDEWICI
1002 233 1050 262 IV.
1067 232 1116 260 ET
1135 229 1322 258 FRIDERICI
1340 229 1390 256 ΠΙ.
1427 227 1503 255 1323.
1538 226 1587 253 ΝΥ.
1601 226 1659 254 742.
1678 225 1737 252 743.

297 332 396 372 ducis,
421 339 517 372 quem
540 325 749 369 appellabant
770 333 882 365 regem
903 321 1138 358 Romanorum,
1165 317 1382 358 preceperunt
1404 316 1437 346 et
1458 314 1684 345 iniuncxerunt
1706 311 1843 344 dominis
1865 310 1947 344 Cani

298 387 330 416 et
353 381 524 415 Passarino
539 378 692 421 predictis
714 375 772 407 sub
788 374 956 412 fidelitate,
979 380 1077 413 quam
1096 369 1241 401 fecerant
1264 366 1393 398 domino
1410 365 1553 397 Henrico
1570 363 1732 406 quondam
1747 363 1946 406 imperatori,

298 445 336 467 ac
359 433 417 466 sub
439 442 524 475 pena
546 429 726 462 amissionis
749 429 783 458 et
804 424 990 467 privationis
1012 421 1223 454 vicariatuum
1246 421 1280 450 et
1303 417 1445 449 omnium
1469 416 1605 448 aliorum
1626 415 1794 456 bonorum,
1818 425 1881 458 que
1904 414 1947 448 ab

298 487 368 528 ipso
391 486 502 516 tenent
523 481 669 523 imperio,
693 477 779 520 quod
801 478 947 508 iuvarent
967 473 1081 505 fideles
1102 470 1230 518 imperii
1253 472 1286 501 et
1307 468 1462 510 precipue
1484 468 1648 500 civitatem
1669 466 1949 499 Mediolanensem

300 539 410 568 contra
433 534 619 572 exercitum,
647 540 742 572 quem
766 528 868 560 dictus
892 525 1039 557 dominus
1061 525 1170 554 noster
1192 522 1320 563 legatus
1343 522 1455 552 contra
1476 519 1641 551 civitatem
1664 518 1803 550 eandem
1825 517 1950 551 fecerat
1978 529 1992 549 ι

300 586 498 629 congregari.
543 584 585 616 Et
606 585 680 614 tunc
704 580 807 612 dictus
827 578 974 610 dominus
993 574 1213 614 cancellarius,
1237 571 1372 604 audiens
1388 571 1545 613 premissa
1567 571 1600 602 in
1616 570 1850 602 detractionem
1872 570 1950 602 iuris

300 642 334 671 et
354 637 483 670 honoris
506 638 615 667 sancte
630 633 777 665 Romane
801 629 936 662 ecclesie
959 626 1139 659 redundare
1163 628 1196 657 et
1212 623 1457 666 derogationem
1479 622 1556 654 fidei
1579 622 1762 663 christiane,
1784 621 1951 654 mandavit

299 689 395 721 michi
417 687 538 719 Poncio
562 685 670 726 Alpay
695 682 820 714 notario
849 679 978 722 publico
1004 677 1218 718 infrascripto,
1249 674 1335 717 quod
1359 674 1400 706 de
1422 677 1578 716 precepto
1601 677 1635 706 et
1656 673 1853 705 iniunctione
1874 682 1950 715 pre-

300 740 392 771 dictis
415 738 577 780 publicum
601 735 792 767 conficerem
814 733 1070 763 instrumentum.

406 790 490 821 Acta
506 788 635 819 fuerimt
656 786 717 817 hec
731 784 865 816 Mantue
884 783 918 814 in
932 781 1058 824 palacio
1076 778 1252 822 episcopali
1275 779 1307 810 in
1323 787 1453 810 camera
1468 777 1590 809 domini
1615 777 1758 819 episcopi
1771 775 1950 818 Mantuani,
1968 789 1996 810 ιο

300 841 358 873 sub
381 851 463 872 anno
486 850 506 871 a
528 839 696 870 nativitate
719 835 850 868 Domini
872 834 1043 866 millesimo
1071 831 1298 863 trecentesimo
1321 830 1474 861 vicesimo
1497 829 1613 871 tercio,
1641 828 1817 860 indictione
1847 830 1951 869 sexta,

300 893 353 924 die
377 893 487 934 quinta
509 890 627 922 mensis
649 888 741 929 Maii,
768 886 973 929 pontificatus
996 883 1187 916 sanctissimi
1210 882 1311 923 patris
1334 883 1368 913 et
1389 880 1511 912 domini
1532 881 1633 913 nostri
1656 880 1778 912 domini
1799 879 1954 911 Iohannis

301 944 409 975 divina
435 941 641 984 providencia
668 949 751 982 pape
767 938 877 970 XXII.
902 947 984 969 anno
1011 935 1159 977 septimo.
1196 932 1407 965 Presentibus
1423 931 1561 964 dominis
1577 932 1736 974 episcopis
1751 942 1790 963 ac
1805 930 1954 963 omnibus

301 995 373 1027 aliis
396 994 532 1026 dominis
555 991 745 1034 supradictis
767 999 892 1021 necnon
914 987 1075 1019 nobilibus
1098 986 1173 1017 viris
1189 985 1327 1016 dominis
1343 982 1477 1025 spineta
1499 984 1686 1016 marchione
1709 983 1751 1015 de
1765 982 1954 1025 Malespinis

302 1048 335 1078 et
357 1045 546 1077 Paratasino
575 1043 615 1075 de
638 1042 793 1074 Pacitatis
820 1040 861 1072 de
883 1039 1046 1071 Arrimino
1075 1048 1113 1070 ac
1136 1036 1282 1068 discretis
1311 1036 1387 1067 viris
1415 1035 1579 1078 magistris
1601 1034 1738 1067 Nicolao
1768 1034 1810 1067 de
1832 1034 1954 1067 Parma
1970 1045 1996 1065 u

302 1096 447 1139 predicto
471 1099 504 1128 et
525 1094 660 1126 Nicolao
685 1093 725 1125 de
748 1092 892 1134 Legibus
914 1090 1097 1132 iurisperito
1121 1088 1257 1120 testibus
1280 1087 1321 1119 ad
1344 1087 1512 1129 premissa.

411 1155 455 1198 (S.
471 1155 526 1195 N.)
549 1154 592 1185 Et
614 1164 675 1195 ego
691 1152 830 1184 Poncius
845 1151 951 1192 Alpay
976 1149 1109 1181 clericus
1133 1147 1174 1179 de
1189 1147 1314 1179 Naiaco
1340 1145 1524 1178 Ruthenen.
1548 1146 1630 1178 dioc.
1654 1145 1803 1188 publicus
1822 1147 1954 1188 aposto—

303 1208 366 1239 lica
382 1210 415 1239 et
429 1206 588 1248 imperiali
604 1205 796 1237 auctoritate
811 1202 954 1234 notarius
968 1200 1121 1242 predictis
1138 1198 1285 1231 omnibus
1299 1207 1433 1240 presens
1455 1197 1502 1229 fui
1525 1200 1559 1229 et
1581 1207 1621 1229 ea
1644 1198 1751 1229 omnia
1774 1200 1808 1229 et
1829 1196 1956 1239 singula

302 1259 334 1290 in
357 1258 453 1290 fidem
477 1261 510 1289 et
532 1256 750 1288 testimonium
773 1253 1002 1295 premissorum
1024 1252 1057 1283 in
1080 1251 1162 1283 hanc
1185 1249 1347 1292 publicam
1364 1249 1503 1282 sormam
1517 1248 1632 1291 redegi
1646 1259 1786 1291 meoque
1801 1250 1955 1280 consueto

303 1311 394 1352 signo
417 1309 541 1351 signavi
563 1311 703 1349 rogatus.
1973 1311 2001 1332 sc

535 1512 781 1558 743—750.
823 1507 1154 1556 LUDEWICI
1186 1507 1470 1554 SCRIPTA
1498 1505 1722 1551 VARIA.
2180 1531 2184 1575 ξ

876 1591 984 1627 1323.
1021 1590 1105 1627 Mai.
1130 1589 1313 1626 7.—Iun.
1334 1587 1395 1625 20.
2180 1591 2184 1612 ,

515 1708 585 1739 743.
611 1708 683 1738 744.
717 1703 941 1737 LITTERAE
962 1702 1222 1735 MARCHIONI
1244 1700 1457 1735 MISNENSI
1480 1697 1745 1733 OONOESSAE.

1010 1765 1102 1796 1323.
1134 1763 1209 1795 Mai.
1228 1765 1259 1796 7.

708 1879 793 1916 743.
835 1878 1009 1924 Scriptum
1035 1878 1300 1923 infeudationis.
1408 1875 1502 1911 Mai.
1522 1876 1556 1911 7.
1977 1887 2004 1908 a

419 1954 578 1995 OriyinaZe
605 1954 641 1985 in
668 1953 826 1986 tabulario
848 1953 1049 1985 Vimariensi.
1094 1952 1274 1992 Descripsit
1305 1950 1353 1984 W.
1374 1949 1533 1983 Fitsslein.
1579 1948 1700 1981 Pendet
1721 1947 1862 1989 siyillum
1885 1946 1962 1980 linis

310 2006 419 2039 sericis
440 2006 528 2038 rubei
550 2005 671 2037 coloris.

414 2066 560 2104 Bo‘hmer,
583 2065 658 2106 Rey.
675 2065 788 2097 Ludw.
808 2075 841 2106 p.
858 2066 901 2096 33
921 2075 972 2096 nr.
989 2064 1061 2096 570.

420 2126 468 2166 Cf.
491 2136 590 2167 supra
612 2136 662 2158 ην.
679 2126 751 2157 680.

418 2215 490 2247 Wir
505 2215 680 2247 Ludowich
695 2225 758 2246 von
774 2214 855 2246 Gots
870 2214 997 2255 gnaden
1012 2214 1205 2246 Romischer
1220 2214 1357 2246 chunich
1379 2223 1416 2245 ze
1433 2212 1519 2245 allen
1533 2213 1639 2244 zeiten
1653 2221 1760 2244 merei·
1782 2211 1842 2243 dez
1857 2210 1963 2242 riches
1981 2221 2008 2242 ιο

313 2267 465 2308 verjehen
489 2267 637 2298 offenlich
660 2277 701 2298 an
724 2266 826 2298 disem
848 2265 963 2306 briefe,
994 2265 1052 2297 daz
1075 2265 1115 2297 zfi
1136 2276 1195 2297 uns
1218 2266 1314 2297 chom
1337 2275 1434 2297 unser
1455 2264 1543 2296 liebe
1566 2263 1667 2296 fur-ste
1689 2262 1858 2295 Eriderich
1879 2262 1963 2294 lant-

314 2319 405 2361 grafe
427 2318 466 2349 zfi
487 2318 651 2359 Duringen
674 2318 739 2349 und
761 2317 964 2359 marchgrafe
986 2316 1026 2348 zi‘i
1048 2317 1152 2349 Misen
1181 2317 1247 2349 und
1270 2317 1327 2349 bat
1349 2328 1424 2358 uns,
1462 2316 1503 2348 do
1527 2325 1677 2358 engagen
1697 2324 1808 2347 waren
1829 2313 1964 2355 fui-stan,

316 2369 443 2410 grafen,
475 2379 592 2410 vreyen
619 2369 684 2400 und
707 2370 838 2410 getriwe
861 2379 958 2400 unser
988 2369 1053 2400 und
1082 2369 1141 2400 dez
1170 2369 1290 2410 riches,
1321 2369 1380 2401 daz
1403 2369 1462 2401 wir
1491 2368 1536 2400 im
1559 2367 1704 2400 verlihen
1725 2366 1845 2398 wolten
1874 2365 1964 2398 seine

315 2424 509 2461 vorgenante
533 2420 720 2452 ffirstentum
743 2420 807 2451 und
831 2420 889 2452 daz
913 2420 1086 2452 Osterlant.
1131 2420 1200 2452 Der
1222 2420 1297 2452 bete
1320 2423 1445 2463 gewert
1466 2420 1525 2452 wir
1547 2420 1597 2460 in,
1631 2428 1703 2451 wan
1729 2417 1872 2453 sirecht
1897 2415 1965 2448 und

316 2470 458 2503 redelich
474 2481 549 2511 was,
571 2471 636 2502 und
651 2472 794 2503 verlihen
816 2472 859 2503 im
877 2471 1028 2503 offenlich
1047 2472 1113 2503 und
1129 2472 1239 2513 erlich,
1263 2472 1310 2504 als
1326 2471 1507 2514 gewonlich
1530 2471 1572 2502 ist
1594 2470 1658 2502 den
1673 2469 1797 2502 fursten
1811 2479 1851 2500 zu
1866 2468 1964 2509 lihen,
1983 2479 2009 2500 ss

318 2522 370 2554 die
394 2522 505 2553 selben
527 2522 717 2554 furstentfim
741 2523 797 2554 der
819 2523 1065 2564 lantgrafschaft
1091 2522 1130 2555 zfi
1152 2523 1319 2566 Duringen
1346 2524 1413 2555 und
1440 2523 1499 2555 der
1521 2521 1771 2564 margrafschaft
1799 2519 1839 2552 zfi
1861 2519 1966 2551 Misen

318 2573 383 2604 und
414 2573 472 2604 daz
499 2572 662 2605 Osterlant
691 2574 750 2606 mit
780 2574 842 2606 den
870 2575 1136 2616 berchwerchen,
1166 2575 1300 2607 rechten
1332 2575 1398 2607 und
1425 2575 1484 2606 mit
1514 2574 1600 2606 allen
1627 2573 1750 2605 wirden
1780 2571 1847 2603 und
1877 2581 1966 2611 eren,

319 2624 371 2656 die
395 2622 482 2655 dart&
505 2624 668 2665 gehdrent.
755 2625 823 2656 Dar
844 2625 925 2657 uber
951 2625 990 2657 zfi
1021 2627 1187 2659 urchunde
1210 2627 1317 2659 haben
1340 2627 1398 2659 wir
1421 2626 1513 2658 disen
1534 2625 1623 2658 brief
1641 2625 1773 2657 heizzen
1796 2621 1966 2655 schreiben

319 2675 384 2706 und
407 2675 465 2706 mit
486 2686 612 2707 unserm
635 2676 864 2708 chuniclichem
888 2678 1001 2719 insigel
1025 2678 1196 2721 versigeln.

426 2734 494 2766 Der
509 2735 613 2776 geben
629 2735 670 2767 ist
684 2735 722 2766 zii
737 2735 968 2778 Nuremberch,
997 2748 1037 2769 an
1062 2739 1136 2770 dem
1152 2739 1309 2771 nehesten
1327 2738 1497 2780 Samestag
1513 2738 1596 2770 nach
1612 2737 1687 2769 dem
1701 2735 1900 2776 Aufferttag,
1923 2733 1965 2765 do
1984 2744 2012 2765 ω

321 2796 394 2817 man
418 2785 481 2816 zalt
502 2796 563 2817 von
581 2785 700 2817 cristes
719 2787 835 2828 gebdrt
851 2787 1186 2822 dreutzehenhundert
1198 2791 1250 2831 jar
1267 2790 1409 2822 darnach
1424 2790 1457 2821 in
1473 2789 1548 2821 dem
1564 2786 1965 2828 dreiundzweintzigistem

319 2837 401 2877 jare,
423 2836 456 2867 in
479 2836 552 2868 dem
575 2837 722 2868 neunden
742 2839 812 2878 jare
835 2849 947 2870 unsers
969 2841 1083 2873 riches.
