2190 3172
290 176 350 206 140
564 171 661 199 ACTA
680 171 790 199 REGNI
809 169 993 197 LUDEWICI
1012 169 1058 196 IV.
1077 169 1124 196 ET
1141 168 1328 196 FRIDERICI
1346 169 1395 196 111.
1432 169 1506 198 1314.
1542 169 1591 196 Nr.
1604 170 1662 198 144.

287 258 373 286 versis
392 258 519 286 civitatis
539 259 568 286 et
585 257 711 292 dyocesis
730 257 780 284 Mo
786 256 926 291 gunt(ine)
944 255 1155 290 quomodolibet
1173 255 1210 282 ad
1227 254 1362 282 iudicium
1381 255 1517 289 seculare,
1536 264 1619 290 super
1637 254 1790 291 dignitate,
1808 254 1938 283 utilitate

287 311 316 337 et
334 310 438 338 honore
458 308 714 340 archicancellarie,
733 317 816 343 super
834 307 970 334 comitatu
988 306 1158 342 Bachgowie
1165 312 1185 339 ο,
1204 315 1288 341 super
1305 306 1390 340 opido
1408 306 1631 342 Seligenstadd,
1649 316 1732 342 super
1747 306 1937 334 ministeriali—

288 362 349 395 bus,
368 361 505 393 fidelibus,
525 360 720 390 castrensibus,
738 358 898 386 hominibus
916 358 1078 393 supradicte
1097 357 1214 386 ecclesie
1232 358 1407 393 Moguntine
1429 359 1546 386 annexis
1570 358 1768 394 cuiuscumque
1785 360 1815 387 et
1831 358 1935 394 qualis-

287 423 405 448 cumque
424 413 521 441 debito
541 413 585 440 vel
605 412 696 438 officio
714 411 858 439 servitutis
877 411 921 438 vel
939 410 1050 438 servicii
1068 411 1103 438 ad
1123 411 1217 437 nostre
1235 409 1396 437 serenitatis
1414 418 1463 437 seu
1474 409 1590 437 alterius
1608 409 1708 438 iudicis
1721 410 1807 438 nostri
1821 419 1938 438 examen

287 475 370 500 super
389 465 480 493 causis
499 464 641 498 aliquibus
659 465 743 490 antea
762 471 817 489 non
835 462 987 495 trahendis,
1006 471 1091 496 quam
1109 461 1337 496 archiepiscopus
1355 461 1564 496 Mogontinuso
1582 462 1631 497 qui
1648 471 1698 497 pro
1715 464 1841 497 tempore
1853 462 1938 490 fuerit

287 518 441 552 requisitus
464 517 498 544 de
514 515 588 550 ipsis
611 515 639 542 in
664 514 820 541 reddendaf
839 513 974 541 iusticias
996 514 1143 550 negligens
1166 513 1252 541 fuerit
1277 513 1321 540 vel
1343 512 1497 545 remissum
1583 522 1689 541 necnon
1712 513 1883 548 generaliter
1908 515 1939 542 et

286 569 486 596 universaliter
505 567 599 595 omnia
617 574 853 600 quarumcumque
871 565 1038 601 graciarum,
1056 566 1249 601 largicionum,
1269 565 1461 597 douaeionum,
1480 565 1652 597 libertatum,
1670 567 1815 598 terrarum,
1833 574 1939 600 posses-

264 655 266 658 1
286 620 408 652 sionum,
434 618 658 649 iurisdicionum,
684 616 892 649 beneficiorum,
910 616 1096 649 indultorum,
1115 616 1216 643 iurium
1239 618 1268 644 et
1292 616 1428 644 honorum
1446 616 1597 652 privilegia
1614 625 1662 644 seu
1680 617 1865 650 munimenta,
1884 626 1938 652 que

287 670 520 705 archiepiscopis,
540 668 695 704 episcopis,
714 668 843 703 prelatis,
863 667 988 696 ecclesiis
1007 676 1055 695 seu
1073 667 1250 696 monasteriis
1272 670 1300 695 et
1319 668 1444 703 personis
1466 667 1663 696 ecclesiasticis
1682 668 1808 695 civitatis
1826 670 1856 696 et
1873 668 1939 704 dyo·

287 722 356 750 cesis
375 721 552 756 Moguntine
575 729 592 747 a
615 720 688 747 divis
712 719 814 747 nostris
837 718 1080 754 predecessoribus
1102 718 1319 753 imperatoribus
1342 721 1372 747 et
1390 720 1576 747 Romanorum
1593 719 1707 755 regibus
1725 721 1754 748 et
1771 719 1938 748 nominatim

286 783 303 800 a
322 773 369 808 pie
392 772 595 800 recordacionis
620 771 761 806 quondam
783 780 849 806 rege
875 771 976 798 Adolfo
994 770 1187 806 predecessore
1205 772 1299 798 nostro
1318 771 1455 798 hactenus
1477 773 1544 798 sunt
1566 780 1708 804 concessa,
1730 774 1794 799 rata
1813 773 1940 800 tenemes

285 827 315 853 et
333 826 416 860 grata
440 824 520 858 quasi
542 824 650 858 tradita
673 824 706 851 de
724 823 828 851 nostris
846 822 974 850 manibus
993 831 1027 850 ex
1045 824 1122 850 certa
1144 822 1267 850 sciencia
1286 822 1479 850 confirmamus
1503 822 1636 858 regiaque
1653 822 1827 851 liberalitate
1845 823 1939 858 perusi

287 876 466 911 presentibus
485 862 659 907 innovamus,
678 876 804 902 nolentes
823 883 857 902 ea
881 875 910 902 in
934 874 1031 909 aliqua
1048 876 1130 909 parte
1152 874 1195 901 sui
1214 874 1377 909 cuiusquam
1398 874 1583 909 improbitate
1601 875 1721 902 convelli
1745 884 1794 903 seu
1811 875 1939 903 novitate

286 927 401 960 mutari,
421 927 470 954 sed
487 927 570 954 illesa
589 926 686 961 pocius
704 929 734 955 et
752 926 862 953 intacta
879 925 1026 961 perpetuis
1043 925 1217 961 temporibus
1236 925 1378 953 custodiri.
1448 926 1486 960 (3)
1504 926 1584 953 Nulli
1603 935 1668 962 ergo
1690 926 1836 954 hominum
1853 927 1940 954 liceat

286 979 360 1007 hanc
379 980 474 1006 nostre
493 978 715 1007 confirmacionis
733 977 878 1013 paginam,
896 977 1089 1005 innovacionis
1107 987 1155 1005 seu
1173 977 1336 1006 tradicionis
1348 978 1516 1013 scripturam
1528 978 1678 1014 infringere
1697 979 1741 1006 vel
1759 979 1851 1007 eidem
1869 988 1939 1007 ausu

286 1030 414 1065 quolibet
441 1030 586 1057 contraire.
631 1029 661 1056 Si
693 1029 755 1064 quis
783 1031 878 1057 autem
902 1029 955 1057 hoc
984 1030 1076 1057 facere
1104 1029 1149 1056 vel
1175 1029 1385 1064 quomodolibet
1407 1031 1579 1065 attemptare
1606 1030 1818 1065 presumpserit,
1845 1032 1938 1059 nostre

287 1081 494 1116 indignacionis
513 1081 694 1108 acrimoniam
713 1090 741 1109 se
759 1081 869 1109 noverit
887 1081 1043 1113 incurrisse,
1062 1090 1135 1116 pena
1152 1081 1233 1116 gravi
1251 1089 1302 1116 pro
1320 1082 1404 1116 culpa
1422 1081 1582 1109 huiusmodi
1599 1081 1746 1110 feriendus.
1810 1082 1843 1109 In
1861 1082 1939 1110 euius

286 1133 327 1161 rei
346 1132 538 1161 testimonium
558 1134 700 1168 presentes
718 1133 829 1160 litteras
847 1133 1005 1160 maiestatis
1023 1135 1117 1160 nostre
1135 1132 1248 1167 typario
1267 1133 1403 1160 tradimus
1421 1132 1612 1162 communitas.

395 1195 470 1226 Dat.
495 1194 644 1236 Colonie‚
668 1194 748 1226 1111.
765 1194 848 1227 Non.
871 1194 1063 1235 Decembr.‚
1092 1204 1175 1225 anno
1204 1194 1336 1226 Domini
1367 1194 1537 1226 millesimo
1560 1195 1786 1226 trecentesimo
1809 1197 1940 1236 quarto-

286 1246 423 1288 decimo,
447 1247 538 1288 regni
561 1256 638 1278 vero
661 1247 762 1278 nostri
785 1256 867 1278 anno
891 1247 1005 1288 primo.

640 1412 722 1448 144.
763 1412 950 1447 Innovatio
979 1412 1204 1448 concessionis
1228 1412 1358 1448 telonei.
1464 1412 1545 1448 Dec.
1565 1414 1602 1447 2.

399 1495 578 1536 originalia
612 1495 674 1527 duo
711 1498 720 1527 1
747 1498 776 1527 et
805 1497 823 1526 2
857 1495 922 1535 fere
955 1496 1081 1527 omnino
1114 1495 1198 1526 inter
1225 1506 1257 1526 se
1290 1495 1515 1527 concordantia
1549 1494 1663 1527 ibidem
1689 1494 1781 1526 KLS
1813 1505 1862 1526 nr.
1888 1494 1938 1526 14.

288 1547 524 1587 Descripsimus
554 1547 601 1579 vel
634 1547 825 1579 contulimus
859 1557 925 1579 nos.
978 1546 1181 1588 Autoyraphi
1210 1550 1224 1578 1
1259 1546 1398 1587 sigillum
1426 1556 1547 1587 parum
1581 1546 1700 1578 laesum
1727 1545 1843 1586 pendet
1874 1545 1940 1585 filis

287 1600 397 1631 sericis
419 1599 563 1636 caerulei,
586 1599 686 1638 rubei,
709 1599 787 1638 slavi
809 1599 929 1631 coloris.
974 1599 1019 1631 In
1040 1609 1126 1630 verso
1149 1598 1278 1639 leqz‘tur:
1302 1599 1397 1630 lecta.
1485 1598 1688 1638 Autoyraphi
1710 1600 1728 1628 2
1751 1597 1819 1629 alia
1840 1607 1940 1628 manu

287 1652 416 1683 exarati
442 1651 595 1692 siqillum,
626 1651 709 1691 quod
735 1651 808 1683 olim
824 1651 982 1691 pendebat
1007 1650 1073 1691 filis
1095 1651 1218 1689 sericis,
1249 1650 1456 1688 desideratur,
1478 1650 1596 1690 paucis
1623 1650 1690 1690 filis
1715 1649 1801 1690 niqri
1827 1648 1940 1680 coloris

287 1703 415 1734 relictis.
439 1721 481 1726 —-
503 1703 674 1736 Ineditum.
1691 1728 1695 1732 .

294 1804 296 1807 Ι
402 1764 453 1804 Cf.
477 1774 578 1805 supra
599 1774 648 1795 nr.
666 1763 730 1794 142
752 1774 820 1803 cap.
838 1765 868 1795 6.
916 1763 1003 1803 Quae
1031 1763 1220 1795 concordant
1247 1773 1319 1794 cum
1340 1762 1546 1795 Innovatione
1568 1761 1714 1793 Heinrici
1741 1759 1817 1793 VII.
1839 1770 1940 1800 supra

290 1818 362 1847 tom.
379 1815 442 1854 IV,
459 1816 477 1846 1
494 1826 531 1855 p.
547 1817 612 1847 237
634 1826 683 1847 nr.
699 1816 773 1853 270,
796 1825 834 1846 ea
856 1815 941 1855 typis
962 1815 1139 1847 minoribus
1160 1824 1294 1846 excussa
1316 1816 1401 1846 sunt.

397 1910 592 1942 Ludowicus
615 1915 668 1944 Dei
689 1914 785 1950 gratia
807 1914 1000 1942 Romanorum
1021 1922 1071 1941 rex
1094 1922 1205 1948 semper
1226 1914 1364 1949 augustus
1430 1912 1568 1940 universis
1592 1912 1664 1940 sacri
1686 1911 1807 1939 Romani
1828 1910 1940 1946 imperii

290 1966 420 1994 fidelibus
440 1974 553 2000 presens
572 1965 707 2000 scriptum
726 1965 872 1996 audituris,
891 1964 1117 1999 intelligentibus
1135 1967 1185 1991 aut
1204 1963 1304 1991 visuris
1373 1963 1494 1998 gratiam
1513 1971 1591 1990 suam
1610 1964 1639 1990 et
1657 1971 1736 1990 omne
1755 1963 1866 1989 bonum.

399 2019 522 2046 Litteras
550 2019 614 2046 dive
645 2027 678 2045 ac
708 2018 856 2045 recolende
883 2017 1018 2045 memorie
1047 2017 1155 2044 domini
1181 2012 1317 2044 Henriei
1348 2017 1491 2051 quondam
1520 2015 1710 2043 Romanorum
1738 2009 1941 2052 imperatoris

293 2070 367 2098 tunc
390 2066 611 2098 Romanorum
640 2070 714 2105 regis
744 2069 949 2105 predecessoris
978 2069 1069 2096 nostri
1098 2069 1181 2097 nobis
1209 2068 1370 2096 exhibitas⁸
1400 2068 1451 2095 sub
1478 2077 1544 2095 vero
1574 2067 1667 2103 sigillo
1691 2073 1748 2093 suo
1771 2062 1862 2104 regio
1884 2075 1941 2093 non

291 2121 472 2153 cancellatae,
491 2130 545 2148 non
564 2121 695 2153 abolitas,
715 2113 967 2155 omni'suspicione
986 2121 1112 2146 carentes
1129 2121 1159 2146 et
1177 2118 1206 2146 in
1223 2119 1302 2146 nulla
1320 2119 1363 2146 sui
1381 2119 1463 2153 parte
1482 2117 1601 2145 viciatas
1619 2117 1741 2145 vidimus
1763 2119 1792 2144 et
1810 2116 1942 2144 tractavi-

291 2181 361 2199 mus.
399 2171 522 2202 Quarum
540 2174 622 2199 tenor
639 2172 672 2198 de
692 2171 776 2198 verbo
795 2171 830 2198 ad
849 2171 963 2198 verbum
982 2170 1049 2197 talis
1068 2171 1121 2197 est:

399 2232 571 2264 ‘Henricus
594 2232 657 2264 Dei
680 2233 785 2274 gratia
808 2251 848 2254 —
872 2242 955 2263 anno
979 2231 1105 2273 primo.³
1148 2242 1248 2271 supra
1270 2234 1340 2263 tom.
1358 2231 1420 2263 IV.
1443 2241 1492 2262 nr.
1508 2230 1582 2262 270.

399 2305 436 2333 Et
464 2312 530 2333 nos·
550 2306 736 2338 Lud(owicus)
758 2305 950 2333 Romanorum
977 2314 1026 2332 rex
1057 2305 1200 2340 predictus
1231 2305 1401 2333 venerabilis
1428 2305 1506 2332 Petri
1536 2305 1633 2332 sancte
1662 2303 1839 2339 Moguntine
1867 2303 1941 2331 sedis

292 2357 499 2392 archiepiscopi
522 2357 594 2384 sacri
613 2356 725 2391 imperii
747 2365 798 2391 per
816 2357 994 2384 Germaniam
1015 2356 1256 2384 archicancellarii
1275 2355 1412 2390 principis
1429 2355 1518 2383 nostri
1532 2354 1673 2382 karissimi
1684 2354 1942 2389 supplicacionibus

293 2409 426 2436 inclinati
444 2409 480 2435 ad
499 2409 630 2435 honorem
649 2408 700 2436 Dei
720 2409 921 2443 omnipotentis
939 2411 969 2436 et
987 2409 1107 2444 gloriose
1126 2407 1243 2443 virginis
1261 2407 1349 2435 Marie
1361 2416 1469 2435 necnon
1488 2407 1566 2435 beati
1578 2406 1694 2434 Martini
1708 2406 1835 2433 divorum
1846 2405 1942 2441 prede-

294 2469 431 2488 cessorum
451 2462 606 2488 nostrorum
625 2461 754 2496 vestigiis
772 2461 940 2492 inherentes,
959 2460 1179 2495 suprascriptam
1198 2459 1402 2487 concessionem
1421 2459 1480 2486 sive
1493 2459 1672 2486 donacionem
1686 2460 1715 2486 et
1727 2457 1942 2485 translacionem

292 2512 419 2540 thelonei
437 2512 511 2539 sicut
529 2511 604 2539 iacet
622 2512 656 2539 de
675 2513 759 2540 verbo
778 2513 814 2540 ad
833 2513 947 2540 verbum
965 2515 1056 2540 ratam
1075 2512 1211 2539 habentes
1231 2513 1259 2538 et
1277 2513 1388 2546 gratam
1407 2520 1441 2538 ex
1458 2511 1538 2538 iustis
1557 2510 1648 2538 causis
1666 2512 1695 2538 et
1714 2510 1797 2545 digne
1815 2519 1849 2537 ac
1866 2512 1942 2537 recte

292 2565 470 2592 moventibus
493 2573 527 2591 ex
550 2567 627 2591 certa
649 2565 768 2592 scientia
791 2565 996 2598 confirmamus,
1020 2564 1221 2599 approbamus,
1250 2563 1396 2590 laudamus
1417 2563 1551 2599 regiaque
1577 2561 1752 2589 liberalitate
1774 2561 1868 2596 perusi
1890 2562 1942 2589 sub

396 2660 461 2687 143.
489 2661 512 2693 θ)
531 2662 714 2687 Bschachowie
731 2661 756 2688 2.
843 2660 868 2693 ¹³)
887 2662 1041 2695 Seligenstat
1058 2660 1082 2687 2.
1170 2661 1194 2692 θ)
1213 2661 1331 2693 Magum.
1350 2659 1374 2686 2.
1462 2658 1482 2691 f)
1500 2659 1627 2685 reddendo
1646 2657 1670 2684 2.
1757 2658 1783 2692 8)
1801 2659 1879 2684 inscii
1897 2657 1923 2684 2.

398 2719 462 2748 144.
490 2721 514 2753 ³)
533 2722 625 2747 nobis
644 2723 807 2748 exhibitas
825 2723 877 2748 dee.
890 2721 915 2748 2.

398 2798 422 2831 1)
445 2797 485 2830 Cf.
503 2797 581 2830 infra
599 2801 709 2824 nr.149.

1957 728 1983 748 10

1957 986 1982 1007 u

1957 1661 1982 1679 25

1960 2244 1985 2262 85

1960 2519 1986 2538 40
