<?xml version="1.0" encoding="UTF-8"?>
<!DOCTYPE html PUBLIC "-//W3C//DTD XHTML 1.0 Transitional//EN"
    "http://www.w3.org/TR/xhtml1/DTD/xhtml1-transitional.dtd">
<html xmlns="http://www.w3.org/1999/xhtml" xml:lang="en" lang="en">
 <head>
  <title>
</title>
<meta http-equiv="Content-Type" content="text/html;charset=utf-8" />
  <meta name='ocr-system' content='tesseract 3.04.00' />
  <meta name='ocr-capabilities' content='ocr_page ocr_carea ocr_par ocr_line ocrx_word'/>
</head>
<body>
  <div class='ocr_page' id='page_1' title='image "./monumentagerma05geseuoft_0738.png"; bbox 0 0 2184 3126; ppageno 0'>
   <div class='ocr_carea' id='block_1_1' title="bbox 309 179 1694 219">
    <p class='ocr_par' dir='ltr' id='par_1_1' title="bbox 309 179 1694 219">
     <span class='ocr_line' id='line_1_1' title="bbox 309 179 1694 219; baseline -0.003 -8"><span class='ocrx_word' id='word_1_1' title='bbox 309 190 371 219; x_wconf 77' lang='grc'>698</span> <span class='ocrx_word' id='word_1_2' title='bbox 589 183 686 210; x_wconf 87' lang='lat' dir='ltr'>ACTA</span> <span class='ocrx_word' id='word_1_3' title='bbox 705 182 818 209; x_wconf 86' lang='lat' dir='ltr'>REGNI</span> <span class='ocrx_word' id='word_1_4' title='bbox 837 180 1020 208; x_wconf 85' lang='lat' dir='ltr'>LUDEWICI</span> <span class='ocrx_word' id='word_1_5' title='bbox 1039 180 1086 207; x_wconf 90' lang='lat' dir='ltr'>IV.</span> <span class='ocrx_word' id='word_1_6' title='bbox 1105 180 1151 207; x_wconf 88' lang='lat' dir='ltr'>ET</span> <span class='ocrx_word' id='word_1_7' title='bbox 1170 179 1356 207; x_wconf 82' lang='lat' dir='ltr'>FRIDERICI</span> <span class='ocrx_word' id='word_1_8' title='bbox 1374 180 1423 207; x_wconf 88' lang='grc' dir='ltr'><strong>ΙΙΙ.</strong></span> <span class='ocrx_word' id='word_1_9' title='bbox 1461 179 1536 207; x_wconf 84' lang='lat'><strong>1324.</strong></span> <span class='ocrx_word' id='word_1_10' title='bbox 1573 179 1621 207; x_wconf 85' lang='lat' dir='ltr'>Nr.</span> <span class='ocrx_word' id='word_1_11' title='bbox 1634 179 1694 207; x_wconf 88' lang='grc'>881.</span> 
     </span>
    </p>
   </div>
   <div class='ocr_carea' id='block_1_2' title="bbox 303 265 2184 2686">
    <p class='ocr_par' dir='ltr' id='par_1_2' title="bbox 303 265 2005 1339">
     <span class='ocr_line' id='line_1_2' title="bbox 309 265 1959 311; baseline -0.003 -7"><span class='ocrx_word' id='word_1_12' title='bbox 309 272 499 304; x_wconf 88' lang='lat' dir='ltr'>conditionis</span> <span class='ocrx_word' id='word_1_13' title='bbox 524 271 672 311; x_wconf 84' lang='lat' dir='ltr'>existant,</span> <span class='ocrx_word' id='word_1_14' title='bbox 702 269 827 301; x_wconf 88' lang='lat' dir='ltr'>etiamsi</span> <span class='ocrx_word' id='word_1_15' title='bbox 850 267 952 309; x_wconf 89' lang='lat' dir='ltr'>regali</span> <span class='ocrx_word' id='word_1_16' title='bbox 975 270 1031 299; x_wconf 91' lang='lat' dir='ltr'>aut</span> <span class='ocrx_word' id='word_1_17' title='bbox 1055 267 1118 299; x_wconf 86' lang='lat' dir='ltr'>alia</span> <span class='ocrx_word' id='word_1_18' title='bbox 1142 267 1299 308; x_wconf 70' lang='lat' dir='ltr'><strong>dignitate</strong></span> <span class='ocrx_word' id='word_1_19' title='bbox 1322 276 1513 308; x_wconf 89' lang='lat' dir='ltr'>quacunque</span> <span class='ocrx_word' id='word_1_20' title='bbox 1537 265 1761 308; x_wconf 78' lang='lat' dir='ltr'>prefulgeant,</span> <span class='ocrx_word' id='word_1_21' title='bbox 1785 267 1818 298; x_wconf 88' lang='lat' dir='ltr'>in</span> <span class='ocrx_word' id='word_1_22' title='bbox 1839 267 1959 299; x_wconf 88' lang='lat' dir='ltr'>virtute</span> 
     </span>
     <span class='ocr_line' id='line_1_3' title="bbox 311 317 1959 360; baseline -0.003 -5"><span class='ocrx_word' id='word_1_23' title='bbox 311 323 496 355; x_wconf 82' lang='lat' dir='ltr'>obedientie</span> <span class='ocrx_word' id='word_1_24' title='bbox 521 325 553 354; x_wconf 92' lang='lat' dir='ltr'>et</span> <span class='ocrx_word' id='word_1_25' title='bbox 581 321 639 353; x_wconf 88' lang='lat' dir='ltr'>sub</span> <span class='ocrx_word' id='word_1_26' title='bbox 666 319 1004 353; x_wconf 77' lang='lat' dir='ltr'>excommunicationis</span> <span class='ocrx_word' id='word_1_27' title='bbox 1031 319 1063 349; x_wconf 92' lang='lat' dir='ltr'>in</span> <span class='ocrx_word' id='word_1_28' title='bbox 1090 319 1269 360; x_wconf 83' lang='lat' dir='ltr'>singulares</span> <span class='ocrx_word' id='word_1_29' title='bbox 1298 328 1451 359; x_wconf 78' lang='lat' dir='ltr'>personas</span> <span class='ocrx_word' id='word_1_30' title='bbox 1480 320 1513 349; x_wconf 90' lang='lat' dir='ltr'>et</span> <span class='ocrx_word' id='word_1_31' title='bbox 1542 317 1704 349; x_wconf 81' lang='lat' dir='ltr'>interdicti</span> <span class='ocrx_word' id='word_1_32' title='bbox 1736 318 1769 349; x_wconf 90' lang='lat' dir='ltr'>in</span> <span class='ocrx_word' id='word_1_33' title='bbox 1802 318 1959 360; x_wconf 87' lang='lat' dir='ltr'>civitates,</span> 
     </span>
     <span class='ocr_line' id='line_1_4' title="bbox 309 368 1958 414; baseline -0.002 -8"><span class='ocrx_word' id='word_1_34' title='bbox 309 378 410 406; x_wconf 90' lang='lat' dir='ltr'>terras</span> <span class='ocrx_word' id='word_1_35' title='bbox 433 377 465 405; x_wconf 89' lang='lat' dir='ltr'>et</span> <span class='ocrx_word' id='word_1_36' title='bbox 488 374 559 404; x_wconf 90' lang='lat' dir='ltr'>loca</span> <span class='ocrx_word' id='word_1_37' title='bbox 581 374 742 414; x_wconf 59' lang='lat' dir='ltr'>ipsarum-V</span> <span class='ocrx_word' id='word_1_38' title='bbox 764 381 802 402; x_wconf 85' lang='lat' dir='ltr'>ac</span> <span class='ocrx_word' id='word_1_39' title='bbox 825 370 1071 402; x_wconf 84' lang='lat' dir='ltr'>communitates</span> <span class='ocrx_word' id='word_1_40' title='bbox 1094 373 1127 401; x_wconf 92' lang='lat' dir='ltr'>et</span> <span class='ocrx_word' id='word_1_41' title='bbox 1148 370 1375 401; x_wconf 80' lang='lat' dir='ltr'>universitates</span> <span class='ocrx_word' id='word_1_42' title='bbox 1397 368 1569 410; x_wconf 78' lang='lat' dir='ltr'>predictae,</span> <span class='ocrx_word' id='word_1_43' title='bbox 1600 378 1680 411; x_wconf 85' lang='lat' dir='ltr'>quas</span> <span class='ocrx_word' id='word_1_44' title='bbox 1703 379 1759 401; x_wconf 88' lang='lat' dir='ltr'>eas</span> <span class='ocrx_word' id='word_1_45' title='bbox 1781 369 1808 400; x_wconf 90' lang='lat' dir='ltr'>si</span> <span class='ocrx_word' id='word_1_46' title='bbox 1831 373 1958 403; x_wconf 84' lang='lat' dir='ltr'>contra-</span> 
     </span>
     <span class='ocr_line' id='line_1_5' title="bbox 308 420 1959 464; baseline -0.002 -7"><span class='ocrx_word' id='word_1_47' title='bbox 308 426 390 456; x_wconf 80' lang='lat' dir='ltr'>rium</span> <span class='ocrx_word' id='word_1_48' title='bbox 423 425 557 456; x_wconf 83' lang='lat' dir='ltr'>fecerint</span> <span class='ocrx_word' id='word_1_49' title='bbox 583 425 743 455; x_wconf 86' lang='lat' dir='ltr'>incurrere</span> <span class='ocrx_word' id='word_1_50' title='bbox 770 422 917 453; x_wconf 88' lang='lat' dir='ltr'>volumus</span> <span class='ocrx_word' id='word_1_51' title='bbox 946 421 1016 462; x_wconf 92' lang='lat' dir='ltr'>ipso</span> <span class='ocrx_word' id='word_1_52' title='bbox 1049 420 1150 461; x_wconf 85' lang='lat' dir='ltr'>facto,</span> <span class='ocrx_word' id='word_1_53' title='bbox 1181 430 1306 453; x_wconf 87' lang='lat' dir='ltr'>necnon</span> <span class='ocrx_word' id='word_1_54' title='bbox 1327 421 1515 462; x_wconf 85' lang='lat' dir='ltr'>privationis</span> <span class='ocrx_word' id='word_1_55' title='bbox 1542 420 1784 462; x_wconf 87' lang='lat' dir='ltr'>privilegiorum</span> <span class='ocrx_word' id='word_1_56' title='bbox 1807 431 1959 464; x_wconf 88' lang='lat' dir='ltr'>quorum-</span> 
     </span>
     <span class='ocr_line' id='line_1_6' title="bbox 310 471 2003 518; baseline -0.004 -10"><span class='ocrx_word' id='word_1_57' title='bbox 310 487 433 518; x_wconf 89' lang='lat' dir='ltr'>cunque</span> <span class='ocrx_word' id='word_1_58' title='bbox 457 475 706 517; x_wconf 88' lang='lat' dir='ltr'>apostolicorum</span> <span class='ocrx_word' id='word_1_59' title='bbox 730 477 763 505; x_wconf 91' lang='lat' dir='ltr'>et</span> <span class='ocrx_word' id='word_1_60' title='bbox 785 473 986 515; x_wconf 84' lang='lat' dir='ltr'>imperalium</span> <span class='ocrx_word' id='word_1_61' title='bbox 1014 482 1052 503; x_wconf 87' lang='lat' dir='ltr'>ac</span> <span class='ocrx_word' id='word_1_62' title='bbox 1082 471 1267 512; x_wconf 89' lang='lat' dir='ltr'>feudorum,</span> <span class='ocrx_word' id='word_1_63' title='bbox 1296 482 1359 513; x_wconf 94' lang='lat' dir='ltr'>que</span> <span class='ocrx_word' id='word_1_64' title='bbox 1386 477 1425 503; x_wconf 68' lang='lat' dir='ltr'>a&#39;⁵</span> <span class='ocrx_word' id='word_1_65' title='bbox 1455 471 1604 504; x_wconf 88' lang='lat' dir='ltr'>Romana</span> <span class='ocrx_word' id='word_1_66' title='bbox 1631 471 1685 504; x_wconf 92' lang='lat' dir='ltr'>vel</span> <span class='ocrx_word' id='word_1_67' title='bbox 1711 471 1783 504; x_wconf 87' lang='lat' dir='ltr'>aliis</span> <span class='ocrx_word' id='word_1_68' title='bbox 1813 473 1959 506; x_wconf 87' lang='lat' dir='ltr'>ecclesiis</span> <span class='ocrx_word' id='word_1_69' title='bbox 1990 484 2003 502; x_wconf 71' lang='lat' dir='ltr'>s</span> 
     </span>
     <span class='ocr_line' id='line_1_7' title="bbox 308 523 1959 568; baseline -0.001 -9"><span class='ocrx_word' id='word_1_70' title='bbox 308 528 379 559; x_wconf 74' lang='lat' dir='ltr'>vela</span> <span class='ocrx_word' id='word_1_71' title='bbox 402 528 536 568; x_wconf 88' lang='lat' dir='ltr'>imperio</span> <span class='ocrx_word' id='word_1_72' title='bbox 568 524 810 567; x_wconf 87' lang='lat' dir='ltr'>quomodolibet</span> <span class='ocrx_word' id='word_1_73' title='bbox 837 524 997 565; x_wconf 88' lang='lat' dir='ltr'>obtinent,</span> <span class='ocrx_word' id='word_1_74' title='bbox 1035 524 1127 565; x_wconf 89' lang='lat' dir='ltr'>penis</span> <span class='ocrx_word' id='word_1_75' title='bbox 1150 526 1185 555; x_wconf 89' lang='lat' dir='ltr'>et</span> <span class='ocrx_word' id='word_1_76' title='bbox 1216 524 1382 555; x_wconf 84' lang='lat' dir='ltr'>sententiis</span> <span class='ocrx_word' id='word_1_77' title='bbox 1409 523 1604 565; x_wconf 79' lang='lat' dir='ltr'>iniungimus</span> <span class='ocrx_word' id='word_1_78' title='bbox 1632 533 1671 555; x_wconf 89' lang='lat' dir='ltr'>ac</span> <span class='ocrx_word' id='word_1_79' title='bbox 1703 523 1877 556; x_wconf 88' lang='lat' dir='ltr'>districtius</span> <span class='ocrx_word' id='word_1_80' title='bbox 1909 525 1959 557; x_wconf 90' lang='lat' dir='ltr'>in-</span> 
     </span>
     <span class='ocr_line' id='line_1_8' title="bbox 313 574 1959 619; baseline -0.001 -9"><span class='ocrx_word' id='word_1_81' title='bbox 313 578 470 619; x_wconf 88' lang='lat' dir='ltr'>hibemus,</span> <span class='ocrx_word' id='word_1_82' title='bbox 493 588 532 609; x_wconf 87' lang='lat' dir='ltr'>ne</span> <span class='ocrx_word' id='word_1_83' title='bbox 556 578 682 619; x_wconf 87' lang='lat' dir='ltr'>prefato</span> <span class='ocrx_word' id='word_1_84' title='bbox 707 577 809 608; x_wconf 88' lang='lat' dir='ltr'>electo</span> <span class='ocrx_word' id='word_1_85' title='bbox 833 577 864 607; x_wconf 88' lang='lat' dir='ltr'>in</span> <span class='ocrx_word' id='word_1_86' title='bbox 887 575 1041 617; x_wconf 83' lang='lat' dir='ltr'>predictis</span> <span class='ocrx_word' id='word_1_87' title='bbox 1064 575 1114 607; x_wconf 91' lang='lat' dir='ltr'>vel</span> <span class='ocrx_word' id='word_1_88' title='bbox 1137 575 1209 606; x_wconf 89' lang='lat' dir='ltr'>aliis</span> <span class='ocrx_word' id='word_1_89' title='bbox 1232 574 1391 606; x_wconf 85' lang='lat' dir='ltr'>dictorum</span> <span class='ocrx_word' id='word_1_90' title='bbox 1406 575 1499 617; x_wconf 86' lang='lat' dir='ltr'>regni</span> <span class='ocrx_word' id='word_1_91' title='bbox 1515 585 1573 607; x_wconf 89' lang='lat' dir='ltr'>seu</span> <span class='ocrx_word' id='word_1_92' title='bbox 1594 575 1723 617; x_wconf 91' lang='lat' dir='ltr'>imperii</span> <span class='ocrx_word' id='word_1_93' title='bbox 1745 576 1891 618; x_wconf 86' lang='lat' dir='ltr'>regimen</span> <span class='ocrx_word' id='word_1_94' title='bbox 1906 577 1959 608; x_wconf 87' lang='lat' dir='ltr'>vel</span> 
     </span>
     <span class='ocr_line' id='line_1_9' title="bbox 308 626 1958 670; baseline 0 -10"><span class='ocrx_word' id='word_1_95' title='bbox 308 629 616 661; x_wconf 81' lang='lat' dir='ltr'>administrationem</span> <span class='ocrx_word' id='word_1_96' title='bbox 651 627 878 670; x_wconf 89' lang='lat' dir='ltr'>quoquomodo</span> <span class='ocrx_word' id='word_1_97' title='bbox 912 626 1118 668; x_wconf 82' lang='lat' dir='ltr'>tangentibus</span> <span class='ocrx_word' id='word_1_98' title='bbox 1151 626 1326 668; x_wconf 77' lang='lat' dir='ltr'>tanquamb</span> <span class='ocrx_word' id='word_1_99' title='bbox 1354 627 1425 668; x_wconf 84' lang='lat' dir='ltr'>regi</span> <span class='ocrx_word' id='word_1_100' title='bbox 1454 636 1513 658; x_wconf 89' lang='lat' dir='ltr'>seu</span> <span class='ocrx_word' id='word_1_101' title='bbox 1539 627 1571 658; x_wconf 91' lang='lat' dir='ltr'>in</span> <span class='ocrx_word' id='word_1_102' title='bbox 1599 637 1711 669; x_wconf 87' lang='lat' dir='ltr'>regem</span> <span class='ocrx_word' id='word_1_103' title='bbox 1737 626 1958 660; x_wconf 87' lang='lat' dir='ltr'>Romanorum</span> 
     </span>
     <span class='ocr_line' id='line_1_10' title="bbox 311 677 1959 721; baseline 0.001 -10"><span class='ocrx_word' id='word_1_104' title='bbox 311 681 425 720; x_wconf 86' lang='lat' dir='ltr'>electo,</span> <span class='ocrx_word' id='word_1_105' title='bbox 450 680 509 710; x_wconf 89' lang='lat' dir='ltr'>nisi</span> <span class='ocrx_word' id='word_1_106' title='bbox 532 681 558 711; x_wconf 88' lang='lat' dir='ltr'>si</span> <span class='ocrx_word' id='word_1_107' title='bbox 582 683 615 711; x_wconf 88' lang='lat' dir='ltr'>et</span> <span class='ocrx_word' id='word_1_108' title='bbox 637 690 709 711; x_wconf 89' lang='lat' dir='ltr'>cum</span> <span class='ocrx_word' id='word_1_109' title='bbox 733 679 852 710; x_wconf 87' lang='lat' dir='ltr'>dictam</span> <span class='ocrx_word' id='word_1_110' title='bbox 875 679 1066 711; x_wconf 85' lang='lat' dir='ltr'>electionem</span> <span class='ocrx_word' id='word_1_111' title='bbox 1090 679 1188 720; x_wconf 91' lang='lat' dir='ltr'>ipsius</span> <span class='ocrx_word' id='word_1_112' title='bbox 1203 677 1332 709; x_wconf 81' lang='lat' dir='ltr'>admitti</span> <span class='ocrx_word' id='word_1_113' title='bbox 1348 678 1481 720; x_wconf 89' lang='lat' dir='ltr'>eiusque</span> <span class='ocrx_word' id='word_1_114' title='bbox 1500 688 1672 720; x_wconf 85' lang='lat' dir='ltr'>personam</span> <span class='ocrx_word' id='word_1_115' title='bbox 1688 689 1747 721; x_wconf 87' lang='lat' dir='ltr'>per</span> <span class='ocrx_word' id='word_1_116' title='bbox 1761 679 1959 721; x_wconf 74' lang='lat' dir='ltr'>predictam⁰</span> 
     </span>
     <span class='ocr_line' id='line_1_11' title="bbox 311 729 2005 774; baseline -0.001 -12"><span class='ocrx_word' id='word_1_117' title='bbox 311 731 423 762; x_wconf 86' lang='lat' dir='ltr'>sedem</span> <span class='ocrx_word' id='word_1_118' title='bbox 447 731 657 772; x_wconf 87' lang='lat' dir='ltr'>apostolicam</span> <span class='ocrx_word' id='word_1_119' title='bbox 681 730 853 772; x_wconf 86' lang='lat' dir='ltr'>approbari</span> <span class='ocrx_word' id='word_1_120' title='bbox 882 729 1082 772; x_wconf 74' lang='lat' dir='ltr'>contigeritd,</span> <span class='ocrx_word' id='word_1_121' title='bbox 1112 730 1144 761; x_wconf 92' lang='lat' dir='ltr'>in</span> <span class='ocrx_word' id='word_1_122' title='bbox 1172 729 1280 771; x_wconf 83' lang='lat' dir='ltr'>aliquo</span> <span class='ocrx_word' id='word_1_123' title='bbox 1304 733 1442 771; x_wconf 88' lang='lat' dir='ltr'>pareant</span> <span class='ocrx_word' id='word_1_124' title='bbox 1468 730 1520 762; x_wconf 87' lang='lat' dir='ltr'>vel</span> <span class='ocrx_word' id='word_1_125' title='bbox 1548 730 1717 762; x_wconf 85' lang='lat' dir='ltr'>intendant</span> <span class='ocrx_word' id='word_1_126' title='bbox 1742 741 1803 763; x_wconf 90' lang='lat' dir='ltr'>nec</span> <span class='ocrx_word' id='word_1_127' title='bbox 1829 731 1862 763; x_wconf 91' lang='lat' dir='ltr'>in</span> <span class='ocrx_word' id='word_1_128' title='bbox 1884 742 1959 774; x_wconf 90' lang='lat' dir='ltr'>pre-</span> <span class='ocrx_word' id='word_1_129' title='bbox 1979 741 2005 760; x_wconf 80' lang='lat' dir='ltr'>m</span> 
     </span>
     <span class='ocr_line' id='line_1_12' title="bbox 306 781 1960 824; baseline 0.001 -10"><span class='ocrx_word' id='word_1_130' title='bbox 306 783 410 814; x_wconf 90' lang='lat' dir='ltr'>missis</span> <span class='ocrx_word' id='word_1_131' title='bbox 432 783 484 814; x_wconf 91' lang='lat' dir='ltr'>vel</span> <span class='ocrx_word' id='word_1_132' title='bbox 508 793 548 814; x_wconf 90' lang='lat' dir='ltr'>ea</span> <span class='ocrx_word' id='word_1_133' title='bbox 571 782 815 824; x_wconf 86' lang='lat' dir='ltr'>quomodolibet</span> <span class='ocrx_word' id='word_1_134' title='bbox 837 781 1043 824; x_wconf 84' lang='lat' dir='ltr'>tangentibus</span> <span class='ocrx_word' id='word_1_135' title='bbox 1067 781 1173 813; x_wconf 89' lang='lat' dir='ltr'>eidem</span> <span class='ocrx_word' id='word_1_136' title='bbox 1196 781 1377 813; x_wconf 87' lang='lat' dir='ltr'>adhereant</span> <span class='ocrx_word' id='word_1_137' title='bbox 1399 784 1455 813; x_wconf 85' lang='lat' dir='ltr'>aut</span> <span class='ocrx_word' id='word_1_138' title='bbox 1476 785 1622 823; x_wconf 88' lang='lat' dir='ltr'>prestent</span> <span class='ocrx_word' id='word_1_139' title='bbox 1643 791 1703 824; x_wconf 90' lang='lat' dir='ltr'>per</span> <span class='ocrx_word' id='word_1_140' title='bbox 1724 793 1760 815; x_wconf 91' lang='lat' dir='ltr'>se</span> <span class='ocrx_word' id='word_1_141' title='bbox 1775 783 1846 815; x_wconf 73' lang='lat' dir='ltr'>vel⁸</span> <span class='ocrx_word' id='word_1_142' title='bbox 1860 783 1960 815; x_wconf 88' lang='lat' dir='ltr'>alium</span> 
     </span>
     <span class='ocr_line' id='line_1_13' title="bbox 308 833 1960 878; baseline 0.001 -13"><span class='ocrx_word' id='word_1_143' title='bbox 308 839 384 866; x_wconf 68' lang='lat' dir='ltr'>seu‘³</span> <span class='ocrx_word' id='word_1_144' title='bbox 409 833 490 865; x_wconf 86' lang='lat' dir='ltr'>alios</span> <span class='ocrx_word' id='word_1_145' title='bbox 513 833 679 873; x_wconf 88' lang='lat' dir='ltr'>auxilium,</span> <span class='ocrx_word' id='word_1_146' title='bbox 703 833 870 865; x_wconf 85' lang='lat' dir='ltr'>consilium</span> <span class='ocrx_word' id='word_1_147' title='bbox 893 833 945 865; x_wconf 91' lang='lat' dir='ltr'>vel</span> <span class='ocrx_word' id='word_1_148' title='bbox 968 833 1121 865; x_wconf 86' lang='lat' dir='ltr'>favorem.</span> <span class='ocrx_word' id='word_1_149' title='bbox 1166 833 1322 875; x_wconf 90' lang='lat' dir='ltr'>Alioquin</span> <span class='ocrx_word' id='word_1_150' title='bbox 1349 836 1460 865; x_wconf 85' lang='lat' dir='ltr'>contra</span> <span class='ocrx_word' id='word_1_151' title='bbox 1487 843 1544 865; x_wconf 90' lang='lat' dir='ltr'>eos</span> <span class='ocrx_word' id='word_1_152' title='bbox 1572 834 1625 866; x_wconf 86' lang='lat' dir='ltr'>vel</span> <span class='ocrx_word' id='word_1_153' title='bbox 1650 834 1724 866; x_wconf 85' lang='lat' dir='ltr'>illos</span> <span class='ocrx_word' id='word_1_154' title='bbox 1750 844 1794 866; x_wconf 88' lang='lat' dir='ltr'>ex</span> <span class='ocrx_word' id='word_1_155' title='bbox 1821 835 1879 875; x_wconf 89' lang='lat' dir='ltr'>eis,</span> <span class='ocrx_word' id='word_1_156' title='bbox 1905 836 1960 878; x_wconf 93' lang='lat' dir='ltr'>qui</span> 
     </span>
     <span class='ocr_line' id='line_1_14' title="bbox 308 884 1959 929; baseline 0.001 -12"><span class='ocrx_word' id='word_1_157' title='bbox 308 886 501 917; x_wconf 89' lang='lat' dir='ltr'>contrarium</span> <span class='ocrx_word' id='word_1_158' title='bbox 525 888 718 926; x_wconf 86' lang='lat' dir='ltr'>attemptare</span> <span class='ocrx_word' id='word_1_159' title='bbox 741 885 1002 927; x_wconf 81' lang='lat' dir='ltr'>presumpserint,</span> <span class='ocrx_word' id='word_1_160' title='bbox 1026 884 1068 916; x_wconf 92' lang='lat' dir='ltr'>ad</span> <span class='ocrx_word' id='word_1_161' title='bbox 1084 884 1261 916; x_wconf 89' lang='lat' dir='ltr'>illationem</span> <span class='ocrx_word' id='word_1_162' title='bbox 1284 884 1397 916; x_wconf 85' lang='lat' dir='ltr'>harum</span> <span class='ocrx_word' id='word_1_163' title='bbox 1413 895 1571 926; x_wconf 86' lang='lat' dir='ltr'>penarum</span> <span class='ocrx_word' id='word_1_164' title='bbox 1593 889 1627 918; x_wconf 89' lang='lat' dir='ltr'>et</span> <span class='ocrx_word' id='word_1_165' title='bbox 1641 885 1722 918; x_wconf 85' lang='lat' dir='ltr'>alias</span> <span class='ocrx_word' id='word_1_166' title='bbox 1735 886 1959 929; x_wconf 88' lang='lat' dir='ltr'>procedemus,</span> 
     </span>
     <span class='ocr_line' id='line_1_15' title="bbox 306 936 1960 981; baseline 0.001 -13"><span class='ocrx_word' id='word_1_167' title='bbox 306 940 401 978; x_wconf 90' lang='lat' dir='ltr'>prout</span> <span class='ocrx_word' id='word_1_168' title='bbox 424 936 538 968; x_wconf 75' lang='lat' dir='ltr'>fuerit‘</span> <span class='ocrx_word' id='word_1_169' title='bbox 564 939 765 977; x_wconf 90' lang='lat' dir='ltr'>oportunum.</span> <span class='ocrx_word' id='word_1_170' title='bbox 812 936 886 968; x_wconf 87' lang='lat' dir='ltr'>Non</span> <span class='ocrx_word' id='word_1_171' title='bbox 910 936 1111 968; x_wconf 84' lang='lat' dir='ltr'>obstantibus</span> <span class='ocrx_word' id='word_1_172' title='bbox 1133 936 1299 968; x_wconf 87' lang='lat' dir='ltr'>fidelitatis</span> <span class='ocrx_word' id='word_1_173' title='bbox 1326 939 1359 967; x_wconf 89' lang='lat' dir='ltr'>et</span> <span class='ocrx_word' id='word_1_174' title='bbox 1385 936 1551 978; x_wconf 86' lang='lat' dir='ltr'>quibusvis</span> <span class='ocrx_word' id='word_1_175' title='bbox 1579 937 1651 969; x_wconf 90' lang='lat' dir='ltr'>aliis</span> <span class='ocrx_word' id='word_1_176' title='bbox 1676 938 1875 979; x_wconf 84' lang='lat' dir='ltr'>iuramentis,</span> <span class='ocrx_word' id='word_1_177' title='bbox 1901 949 1960 981; x_wconf 88' lang='lat' dir='ltr'>per</span> 
     </span>
     <span class='ocr_line' id='line_1_16' title="bbox 310 987 2002 1032; baseline 0 -13"><span class='ocrx_word' id='word_1_178' title='bbox 310 998 373 1030; x_wconf 91' lang='lat' dir='ltr'>que</span> <span class='ocrx_word' id='word_1_179' title='bbox 397 988 457 1030; x_wconf 91' lang='lat' dir='ltr'>ipsi</span> <span class='ocrx_word' id='word_1_180' title='bbox 481 988 532 1019; x_wconf 91' lang='lat' dir='ltr'>vel</span> <span class='ocrx_word' id='word_1_181' title='bbox 556 998 666 1019; x_wconf 87' lang='lat' dir='ltr'>eorum</span> <span class='ocrx_word' id='word_1_182' title='bbox 690 988 789 1030; x_wconf 90' lang='lat' dir='ltr'>aliqui</span> <span class='ocrx_word' id='word_1_183' title='bbox 812 999 846 1020; x_wconf 89' lang='lat' dir='ltr'>se</span> <span class='ocrx_word' id='word_1_184' title='bbox 870 988 955 1020; x_wconf 90' lang='lat' dir='ltr'>dicto</span> <span class='ocrx_word' id='word_1_185' title='bbox 979 988 1083 1020; x_wconf 89' lang='lat' dir='ltr'>electo</span> <span class='ocrx_word' id='word_1_186' title='bbox 1107 987 1352 1030; x_wconf 89' lang='lat' dir='ltr'>quomodolibet</span> <span class='ocrx_word' id='word_1_187' title='bbox 1373 989 1607 1030; x_wconf 85' lang='lat' dir='ltr'>astrinxissent,</span> <span class='ocrx_word' id='word_1_188' title='bbox 1628 989 1671 1022; x_wconf 84' lang='lat' dir='ltr'>ad</span> <span class='ocrx_word' id='word_1_189' title='bbox 1694 1000 1831 1032; x_wconf 89' lang='lat' dir='ltr'>quorum</span> <span class='ocrx_word' id='word_1_190' title='bbox 1847 989 1958 1022; x_wconf 88' lang='lat' dir='ltr'>obser·</span> <span class='ocrx_word' id='word_1_191' title='bbox 1979 1000 2002 1019; x_wconf 71' lang='grc' dir='ltr'>ιε</span> 
     </span>
     <span class='ocr_line' id='line_1_17' title="bbox 305 1039 1958 1083; baseline 0.002 -13"><span class='ocrx_word' id='word_1_192' title='bbox 305 1040 464 1080; x_wconf 88' lang='lat' dir='ltr'>vantiam,</span> <span class='ocrx_word' id='word_1_193' title='bbox 501 1050 572 1070; x_wconf 87' lang='lat' dir='ltr'>cum</span> <span class='ocrx_word' id='word_1_194' title='bbox 603 1040 737 1080; x_wconf 88' lang='lat' dir='ltr'>prestita</span> <span class='ocrx_word' id='word_1_195' title='bbox 765 1039 882 1071; x_wconf 87' lang='lat' dir='ltr'>fuerint</span> <span class='ocrx_word' id='word_1_196' title='bbox 912 1041 958 1081; x_wconf 93' lang='lat' dir='ltr'>ei,</span> <span class='ocrx_word' id='word_1_197' title='bbox 993 1041 1044 1071; x_wconf 94' lang='lat' dir='ltr'>cui</span> <span class='ocrx_word' id='word_1_198' title='bbox 1071 1040 1201 1071; x_wconf 90' lang='lat' dir='ltr'>minime</span> <span class='ocrx_word' id='word_1_199' title='bbox 1235 1040 1372 1082; x_wconf 86' lang='lat' dir='ltr'>prestari</span> <span class='ocrx_word' id='word_1_200' title='bbox 1403 1039 1597 1082; x_wconf 86' lang='lat' dir='ltr'>debuerant,</span> <span class='ocrx_word' id='word_1_201' title='bbox 1630 1043 1812 1083; x_wconf 82' lang='lat' dir='ltr'>prestantes</span> <span class='ocrx_word' id='word_1_202' title='bbox 1841 1041 1958 1074; x_wconf 88' lang='lat' dir='ltr'>eadem</span> 
     </span>
     <span class='ocr_line' id='line_1_18' title="bbox 305 1091 1960 1134; baseline 0.002 -12"><span class='ocrx_word' id='word_1_203' title='bbox 305 1091 487 1122; x_wconf 88' lang='lat' dir='ltr'>nullatenus</span> <span class='ocrx_word' id='word_1_204' title='bbox 521 1092 751 1132; x_wconf 87' lang='lat' dir='ltr'>astringuntur,</span> <span class='ocrx_word' id='word_1_205' title='bbox 787 1101 849 1132; x_wconf 91' lang='lat' dir='ltr'>que</span> <span class='ocrx_word' id='word_1_206' title='bbox 883 1102 940 1123; x_wconf 87' lang='lat' dir='ltr'>nos</span> <span class='ocrx_word' id='word_1_207' title='bbox 978 1092 1075 1123; x_wconf 87' lang='lat' dir='ltr'>etiam</span> <span class='ocrx_word' id='word_1_208' title='bbox 1110 1091 1153 1123; x_wconf 90' lang='lat' dir='ltr'>ad</span> <span class='ocrx_word' id='word_1_209' title='bbox 1185 1091 1345 1123; x_wconf 89' lang='lat' dir='ltr'>cautelam</span> <span class='ocrx_word' id='word_1_210' title='bbox 1378 1092 1570 1123; x_wconf 88' lang='lat' dir='ltr'>auctoritate</span> <span class='ocrx_word' id='word_1_211' title='bbox 1603 1092 1783 1134; x_wconf 83' lang='lat' dir='ltr'>apostolica</span> <span class='ocrx_word' id='word_1_212' title='bbox 1809 1092 1960 1126; x_wconf 81' lang='lat' dir='ltr'>duximus</span> 
     </span>
     <span class='ocr_line' id='line_1_19' title="bbox 306 1142 1959 1186; baseline 0.002 -13"><span class='ocrx_word' id='word_1_213' title='bbox 306 1142 501 1183; x_wconf 85' lang='lat' dir='ltr'>relaxanda,</span> <span class='ocrx_word' id='word_1_214' title='bbox 534 1152 591 1173; x_wconf 89' lang='lat' dir='ltr'>seu</span> <span class='ocrx_word' id='word_1_215' title='bbox 620 1142 782 1184; x_wconf 83' lang='lat' dir='ltr'>quibusvis</span> <span class='ocrx_word' id='word_1_216' title='bbox 815 1143 991 1184; x_wconf 87' lang='lat' dir='ltr'>privilegiis</span> <span class='ocrx_word' id='word_1_217' title='bbox 1028 1147 1061 1175; x_wconf 92' lang='lat' dir='ltr'>et</span> <span class='ocrx_word' id='word_1_218' title='bbox 1092 1143 1299 1185; x_wconf 84' lang='lat' dir='ltr'>indulgentiis</span> <span class='ocrx_word' id='word_1_219' title='bbox 1325 1143 1452 1185; x_wconf 85' lang='lat' dir='ltr'>prefato</span> <span class='ocrx_word' id='word_1_220' title='bbox 1481 1143 1584 1176; x_wconf 88' lang='lat' dir='ltr'>electo</span> <span class='ocrx_word' id='word_1_221' title='bbox 1612 1147 1669 1176; x_wconf 88' lang='lat' dir='ltr'>aut</span> <span class='ocrx_word' id='word_1_222' title='bbox 1695 1144 1859 1186; x_wconf 81' lang='lat' dir='ltr'>quibusvis</span> <span class='ocrx_word' id='word_1_223' title='bbox 1886 1145 1959 1176; x_wconf 85' lang='lat' dir='ltr'>aliis</span> 
     </span>
     <span class='ocr_line' id='line_1_20' title="bbox 305 1193 1959 1236; baseline 0.002 -12"><span class='ocrx_word' id='word_1_224' title='bbox 305 1194 518 1225; x_wconf 82' lang='lat' dir='ltr'>communiter</span> <span class='ocrx_word' id='word_1_225' title='bbox 540 1193 614 1225; x_wconf 68' lang='lat' dir='ltr'>vele</span> <span class='ocrx_word' id='word_1_226' title='bbox 630 1193 756 1225; x_wconf 87' lang='lat' dir='ltr'>divisim</span> <span class='ocrx_word' id='word_1_227' title='bbox 772 1194 831 1225; x_wconf 89' lang='lat' dir='ltr'>sub</span> <span class='ocrx_word' id='word_1_228' title='bbox 848 1204 1038 1236; x_wconf 89' lang='lat' dir='ltr'>quacunque</span> <span class='ocrx_word' id='word_1_229' title='bbox 1062 1194 1166 1226; x_wconf 87' lang='lat' dir='ltr'>forma</span> <span class='ocrx_word' id='word_1_230' title='bbox 1189 1194 1241 1226; x_wconf 91' lang='lat' dir='ltr'>vel</span> <span class='ocrx_word' id='word_1_231' title='bbox 1258 1195 1465 1236; x_wconf 84' lang='lat' dir='ltr'>expressione</span> <span class='ocrx_word' id='word_1_232' title='bbox 1481 1194 1654 1227; x_wconf 90' lang='lat' dir='ltr'>verborum</span> <span class='ocrx_word' id='word_1_233' title='bbox 1676 1194 1718 1227; x_wconf 88' lang='lat' dir='ltr'>ab</span> <span class='ocrx_word' id='word_1_234' title='bbox 1741 1195 1858 1228; x_wconf 89' lang='lat' dir='ltr'>eadem</span> <span class='ocrx_word' id='word_1_235' title='bbox 1880 1195 1959 1228; x_wconf 88' lang='lat' dir='ltr'>sede</span> 
     </span>
     <span class='ocr_line' id='line_1_21' title="bbox 305 1245 2003 1290; baseline 0.001 -13"><span class='ocrx_word' id='word_1_236' title='bbox 305 1245 476 1285; x_wconf 79' lang='lat' dir='ltr'>concessis,</span> <span class='ocrx_word' id='word_1_237' title='bbox 501 1255 563 1286; x_wconf 92' lang='lat' dir='ltr'>que</span> <span class='ocrx_word' id='word_1_238' title='bbox 591 1245 651 1276; x_wconf 87' lang='lat' dir='ltr'>sibi</span> <span class='ocrx_word' id='word_1_239' title='bbox 674 1245 725 1276; x_wconf 92' lang='lat' dir='ltr'>vel</span> <span class='ocrx_word' id='word_1_240' title='bbox 749 1256 859 1277; x_wconf 88' lang='lat' dir='ltr'>eorum</span> <span class='ocrx_word' id='word_1_241' title='bbox 882 1246 977 1277; x_wconf 89' lang='lat' dir='ltr'>alicui</span> <span class='ocrx_word' id='word_1_242' title='bbox 1001 1249 1112 1277; x_wconf 89' lang='lat' dir='ltr'>contra</span> <span class='ocrx_word' id='word_1_243' title='bbox 1128 1250 1312 1288; x_wconf 87' lang='lat' dir='ltr'>presentem</span> <span class='ocrx_word' id='word_1_244' title='bbox 1336 1249 1370 1278; x_wconf 92' lang='lat' dir='ltr'>et</span> <span class='ocrx_word' id='word_1_245' title='bbox 1385 1246 1483 1278; x_wconf 90' lang='lat' dir='ltr'>alium</span> <span class='ocrx_word' id='word_1_246' title='bbox 1500 1257 1687 1289; x_wconf 85' lang='lat' dir='ltr'>processum</span> <span class='ocrx_word' id='word_1_247' title='bbox 1702 1250 1847 1279; x_wconf 85' lang='lat' dir='ltr'>nostrum</span> <span class='ocrx_word' id='word_1_248' title='bbox 1862 1258 1961 1290; x_wconf 87' lang='lat' dir='ltr'>super</span> <span class='ocrx_word' id='word_1_249' title='bbox 1977 1257 2003 1278; x_wconf 72' lang='grc' dir='ltr'>ιο</span> 
     </span>
     <span class='ocr_line' id='line_1_22' title="bbox 303 1296 1069 1339; baseline 0.003 -12"><span class='ocrx_word' id='word_1_250' title='bbox 303 1296 364 1327; x_wconf 88' lang='lat' dir='ltr'>hiis</span> <span class='ocrx_word' id='word_1_251' title='bbox 386 1296 531 1328; x_wconf 85' lang='lat' dir='ltr'>habitum</span> <span class='ocrx_word' id='word_1_252' title='bbox 555 1297 587 1328; x_wconf 91' lang='lat' dir='ltr'>in</span> <span class='ocrx_word' id='word_1_253' title='bbox 609 1297 696 1328; x_wconf 90' lang='lat' dir='ltr'>nullo</span> <span class='ocrx_word' id='word_1_254' title='bbox 720 1297 866 1329; x_wconf 88' lang='lat' dir='ltr'>volumus</span> <span class='ocrx_word' id='word_1_255' title='bbox 889 1297 1069 1339; x_wconf 83' lang='lat' dir='ltr'>suffragari.</span> 
     </span>
    </p>

    <p class='ocr_par' dir='ltr' id='par_1_3' title="bbox 304 1348 2184 2165">
     <span class='ocr_line' id='line_1_23' title="bbox 414 1348 1958 1392; baseline 0.003 -13"><span class='ocrx_word' id='word_1_256' title='bbox 414 1350 442 1380; x_wconf 86' lang='grc'>8.</span> <span class='ocrx_word' id='word_1_257' title='bbox 478 1348 765 1380; x_wconf 87' lang='lat' dir='ltr'>Oonfederationes</span> <span class='ocrx_word' id='word_1_258' title='bbox 794 1359 934 1390; x_wconf 91' lang='lat' dir='ltr'>quoque,</span> <span class='ocrx_word' id='word_1_259' title='bbox 969 1349 1136 1390; x_wconf 86' lang='lat' dir='ltr'>pactiones</span> <span class='ocrx_word' id='word_1_260' title='bbox 1163 1352 1197 1380; x_wconf 89' lang='lat' dir='ltr'>et</span> <span class='ocrx_word' id='word_1_261' title='bbox 1224 1349 1405 1391; x_wconf 83' lang='lat' dir='ltr'>societates,</span> <span class='ocrx_word' id='word_1_262' title='bbox 1433 1350 1460 1381; x_wconf 88' lang='lat' dir='ltr'>si</span> <span class='ocrx_word' id='word_1_263' title='bbox 1489 1359 1552 1392; x_wconf 89' lang='lat' dir='ltr'>que</span> <span class='ocrx_word' id='word_1_264' title='bbox 1579 1351 1663 1382; x_wconf 89' lang='lat' dir='ltr'>inter</span> <span class='ocrx_word' id='word_1_265' title='bbox 1689 1351 1795 1392; x_wconf 89' lang='lat' dir='ltr'>ipsum</span> <span class='ocrx_word' id='word_1_266' title='bbox 1819 1351 1958 1383; x_wconf 87' lang='lat' dir='ltr'>electum</span> 
     </span>
     <span class='ocr_line' id='line_1_24' title="bbox 304 1400 1958 1444; baseline 0.002 -13"><span class='ocrx_word' id='word_1_267' title='bbox 304 1403 336 1431; x_wconf 91' lang='lat' dir='ltr'>et</span> <span class='ocrx_word' id='word_1_268' title='bbox 370 1410 575 1442; x_wconf 90' lang='lat' dir='ltr'>quascunque</span> <span class='ocrx_word' id='word_1_269' title='bbox 609 1400 771 1441; x_wconf 87' lang='lat' dir='ltr'>civitates,</span> <span class='ocrx_word' id='word_1_270' title='bbox 803 1401 1063 1441; x_wconf 85' lang='lat' dir='ltr'>communitates,</span> <span class='ocrx_word' id='word_1_271' title='bbox 1092 1401 1318 1432; x_wconf 84' lang='lat' dir='ltr'>universitates</span> <span class='ocrx_word' id='word_1_272' title='bbox 1348 1400 1423 1433; x_wconf 77' lang='lat' dir='ltr'>aut¹¹</span> <span class='ocrx_word' id='word_1_273' title='bbox 1445 1401 1625 1443; x_wconf 82' lang='lat' dir='ltr'>singulares</span> <span class='ocrx_word' id='word_1_274' title='bbox 1654 1412 1822 1444; x_wconf 86' lang='lat' dir='ltr'>personas,</span> <span class='ocrx_word' id='word_1_275' title='bbox 1851 1403 1958 1435; x_wconf 88' lang='lat' dir='ltr'>cuius-</span> 
     </span>
     <span class='ocr_line' id='line_1_25' title="bbox 305 1452 1959 1496; baseline 0.003 -14"><span class='ocrx_word' id='word_1_276' title='bbox 305 1462 429 1493; x_wconf 91' lang='lat' dir='ltr'>cunque</span> <span class='ocrx_word' id='word_1_277' title='bbox 464 1452 526 1483; x_wconf 90' lang='lat' dir='ltr'>sint</span> <span class='ocrx_word' id='word_1_278' title='bbox 559 1452 786 1493; x_wconf 88' lang='lat' dir='ltr'>preminentie,</span> <span class='ocrx_word' id='word_1_279' title='bbox 823 1452 1004 1494; x_wconf 85' lang='lat' dir='ltr'>dignitatis,</span> <span class='ocrx_word' id='word_1_280' title='bbox 1040 1452 1231 1484; x_wconf 90' lang='lat' dir='ltr'>conditionis</span> <span class='ocrx_word' id='word_1_281' title='bbox 1263 1452 1313 1485; x_wconf 90' lang='lat' dir='ltr'>vel</span> <span class='ocrx_word' id='word_1_282' title='bbox 1352 1455 1470 1494; x_wconf 88' lang='lat' dir='ltr'>status,</span> <span class='ocrx_word' id='word_1_283' title='bbox 1507 1453 1634 1485; x_wconf 88' lang='lat' dir='ltr'>etiamsi</span> <span class='ocrx_word' id='word_1_284' title='bbox 1667 1454 1876 1496; x_wconf 83' lang='lat' dir='ltr'>patriarchali</span> <span class='ocrx_word' id='word_1_285' title='bbox 1902 1459 1959 1487; x_wconf 86' lang='lat' dir='ltr'>aut</span> 
     </span>
     <span class='ocr_line' id='line_1_26' title="bbox 304 1502 2002 1549; baseline 0.002 -16"><span class='ocrx_word' id='word_1_286' title='bbox 304 1502 368 1533; x_wconf 89' lang='lat' dir='ltr'>alia</span> <span class='ocrx_word' id='word_1_287' title='bbox 397 1502 563 1544; x_wconf 84' lang='lat' dir='ltr'>superiori,</span> <span class='ocrx_word' id='word_1_288' title='bbox 598 1503 774 1544; x_wconf 88' lang='lat' dir='ltr'>pontificali</span> <span class='ocrx_word' id='word_1_289' title='bbox 803 1504 854 1536; x_wconf 89' lang='lat' dir='ltr'>vel</span> <span class='ocrx_word' id='word_1_290' title='bbox 882 1504 983 1546; x_wconf 87' lang='lat' dir='ltr'>regali</span> <span class='ocrx_word' id='word_1_291' title='bbox 1016 1514 1073 1536; x_wconf 89' lang='lat' dir='ltr'>scu</span> <span class='ocrx_word' id='word_1_292' title='bbox 1102 1506 1213 1546; x_wconf 91' lang='lat' dir='ltr'>quavis</span> <span class='ocrx_word' id='word_1_293' title='bbox 1240 1505 1304 1536; x_wconf 89' lang='lat' dir='ltr'>alia</span> <span class='ocrx_word' id='word_1_294' title='bbox 1331 1504 1538 1546; x_wconf 86' lang='lat' dir='ltr'>prefulgeant</span> <span class='ocrx_word' id='word_1_295' title='bbox 1565 1505 1736 1548; x_wconf 78' lang='lat' dir='ltr'>dignitate,</span> <span class='ocrx_word' id='word_1_296' title='bbox 1764 1517 1862 1548; x_wconf 88' lang='lat' dir='ltr'>super</span> <span class='ocrx_word' id='word_1_297' title='bbox 1882 1517 1957 1549; x_wconf 86' lang='lat' dir='ltr'>pre·</span> <span class='ocrx_word' id='word_1_298' title='bbox 1975 1502 2002 1538; x_wconf 63' lang='grc' dir='ltr'>αι’</span> 
     </span>
     <span class='ocr_line' id='line_1_27' title="bbox 306 1554 1957 1600; baseline 0.003 -15"><span class='ocrx_word' id='word_1_299' title='bbox 306 1554 399 1586; x_wconf 84' lang='lat' dir='ltr'>dictis</span> <span class='ocrx_word' id='word_1_300' title='bbox 422 1554 474 1586; x_wconf 89' lang='lat' dir='ltr'>vel</span> <span class='ocrx_word' id='word_1_301' title='bbox 498 1565 537 1586; x_wconf 88' lang='lat' dir='ltr'>ea</span> <span class='ocrx_word' id='word_1_302' title='bbox 559 1555 766 1596; x_wconf 87' lang='lat' dir='ltr'>tangentibus</span> <span class='ocrx_word' id='word_1_303' title='bbox 791 1556 874 1587; x_wconf 87' lang='lat' dir='ltr'>facte</span> <span class='ocrx_word' id='word_1_304' title='bbox 902 1566 959 1587; x_wconf 90' lang='lat' dir='ltr'>seu</span> <span class='ocrx_word' id='word_1_305' title='bbox 986 1557 1064 1588; x_wconf 90' lang='lat' dir='ltr'>inite</span> <span class='ocrx_word' id='word_1_306' title='bbox 1088 1557 1207 1588; x_wconf 87' lang='lat' dir='ltr'>fuerint</span> <span class='ocrx_word' id='word_1_307' title='bbox 1233 1555 1293 1588; x_wconf 91' lang='lat' dir='ltr'>sub</span> <span class='ocrx_word' id='word_1_308' title='bbox 1323 1566 1515 1599; x_wconf 88' lang='lat' dir='ltr'>quacunque</span> <span class='ocrx_word' id='word_1_309' title='bbox 1543 1556 1647 1589; x_wconf 82' lang='lat' dir='ltr'>forma</span> <span class='ocrx_word' id='word_1_310' title='bbox 1673 1557 1726 1590; x_wconf 90' lang='lat' dir='ltr'>vel</span> <span class='ocrx_word' id='word_1_311' title='bbox 1749 1559 1957 1600; x_wconf 87' lang='lat' dir='ltr'>expressione</span> 
     </span>
     <span class='ocr_line' id='line_1_28' title="bbox 304 1605 1958 1653; baseline 0.004 -17"><span class='ocrx_word' id='word_1_312' title='bbox 304 1605 491 1646; x_wconf 89' lang='lat' dir='ltr'>verborum,</span> <span class='ocrx_word' id='word_1_313' title='bbox 526 1607 654 1637; x_wconf 86' lang='lat' dir='ltr'>etiamsi</span> <span class='ocrx_word' id='word_1_314' title='bbox 687 1617 843 1648; x_wconf 89' lang='lat' dir='ltr'>penarum</span> <span class='ocrx_word' id='word_1_315' title='bbox 877 1607 1058 1640; x_wconf 88' lang='lat' dir='ltr'>adiectione</span> <span class='ocrx_word' id='word_1_316' title='bbox 1093 1611 1127 1639; x_wconf 90' lang='lat' dir='ltr'>et</span> <span class='ocrx_word' id='word_1_317' title='bbox 1159 1608 1412 1641; x_wconf 89' lang='lat' dir='ltr'>iuramentorum</span> <span class='ocrx_word' id='word_1_318' title='bbox 1447 1610 1646 1650; x_wconf 86' lang='lat' dir='ltr'>prestatione</span> <span class='ocrx_word' id='word_1_319' title='bbox 1679 1609 1732 1642; x_wconf 92' lang='lat' dir='ltr'>vel</span> <span class='ocrx_word' id='word_1_320' title='bbox 1765 1620 1958 1653; x_wconf 87' lang='lat' dir='ltr'>quacunque</span> 
     </span>
     <span class='ocr_line' id='line_1_29' title="bbox 304 1657 1959 1701; baseline 0.004 -14"><span class='ocrx_word' id='word_1_321' title='bbox 304 1657 421 1688; x_wconf 88' lang='lat' dir='ltr'>fuerint</span> <span class='ocrx_word' id='word_1_322' title='bbox 456 1657 520 1688; x_wconf 89' lang='lat' dir='ltr'>alia</span> <span class='ocrx_word' id='word_1_323' title='bbox 546 1658 698 1690; x_wconf 90' lang='lat' dir='ltr'>firmitate</span> <span class='ocrx_word' id='word_1_324' title='bbox 727 1659 856 1700; x_wconf 89' lang='lat' dir='ltr'>vallate,</span> <span class='ocrx_word' id='word_1_325' title='bbox 890 1662 1002 1701; x_wconf 90' lang='lat' dir='ltr'>utpote</span> <span class='ocrx_word' id='word_1_326' title='bbox 1032 1660 1063 1691; x_wconf 93' lang='lat' dir='ltr'>in</span> <span class='ocrx_word' id='word_1_327' title='bbox 1094 1659 1202 1692; x_wconf 90' lang='lat' dir='ltr'>divine</span> <span class='ocrx_word' id='word_1_328' title='bbox 1231 1661 1410 1692; x_wconf 86' lang='lat' dir='ltr'>maiestatis</span> <span class='ocrx_word' id='word_1_329' title='bbox 1437 1660 1594 1692; x_wconf 82' lang='lat' dir='ltr'>offensam</span> <span class='ocrx_word' id='word_1_330' title='bbox 1621 1671 1660 1693; x_wconf 88' lang='lat' dir='ltr'>ac</span> <span class='ocrx_word' id='word_1_331' title='bbox 1690 1664 1803 1694; x_wconf 86' lang='lat' dir='ltr'>contra</span> <span class='ocrx_word' id='word_1_332' title='bbox 1828 1662 1898 1694; x_wconf 87' lang='lat' dir='ltr'>iura</span> <span class='ocrx_word' id='word_1_333' title='bbox 1925 1665 1959 1694; x_wconf 87' lang='lat' dir='ltr'>et</span> 
     </span>
     <span class='ocr_line' id='line_1_30' title="bbox 304 1708 1958 1756; baseline 0.004 -18"><span class='ocrx_word' id='word_1_334' title='bbox 304 1708 458 1739; x_wconf 89' lang='lat' dir='ltr'>honorem</span> <span class='ocrx_word' id='word_1_335' title='bbox 487 1711 596 1740; x_wconf 88' lang='lat' dir='ltr'>sancte</span> <span class='ocrx_word' id='word_1_336' title='bbox 627 1710 737 1741; x_wconf 89' lang='lat' dir='ltr'>matris</span> <span class='ocrx_word' id='word_1_337' title='bbox 772 1710 908 1742; x_wconf 89' lang='lat' dir='ltr'>ecclesie</span> <span class='ocrx_word' id='word_1_338' title='bbox 942 1721 980 1742; x_wconf 89' lang='lat' dir='ltr'>ac</span> <span class='ocrx_word' id='word_1_339' title='bbox 1014 1711 1046 1742; x_wconf 91' lang='lat' dir='ltr'>in</span> <span class='ocrx_word' id='word_1_340' title='bbox 1081 1710 1256 1752; x_wconf 88' lang='lat' dir='ltr'>dampnum</span> <span class='ocrx_word' id='word_1_341' title='bbox 1288 1715 1321 1743; x_wconf 88' lang='lat' dir='ltr'>et</span> <span class='ocrx_word' id='word_1_342' title='bbox 1349 1711 1562 1754; x_wconf 91' lang='lat' dir='ltr'>preiudicium</span> <span class='ocrx_word' id='word_1_343' title='bbox 1597 1712 1776 1754; x_wconf 89' lang='lat' dir='ltr'>reipublice</span> <span class='ocrx_word' id='word_1_344' title='bbox 1809 1715 1843 1746; x_wconf 86' lang='lat' dir='ltr'>et</span> <span class='ocrx_word' id='word_1_345' title='bbox 1871 1713 1958 1756; x_wconf 88' lang='lat' dir='ltr'>peri—</span> 
     </span>
     <span class='ocr_line' id='line_1_31' title="bbox 305 1759 2002 1805; baseline 0.004 -15"><span class='ocrx_word' id='word_1_346' title='bbox 305 1759 410 1790; x_wconf 90' lang='lat' dir='ltr'>culum</span> <span class='ocrx_word' id='word_1_347' title='bbox 441 1760 617 1791; x_wconf 87' lang='lat' dir='ltr'>animarum</span> <span class='ocrx_word' id='word_1_348' title='bbox 653 1766 856 1803; x_wconf 87' lang='lat' dir='ltr'>presumptas</span> <span class='ocrx_word' id='word_1_349' title='bbox 887 1762 1099 1794; x_wconf 83' lang='lat' dir='ltr'>decrevimusi</span> <span class='ocrx_word' id='word_1_350' title='bbox 1131 1762 1250 1804; x_wconf 89' lang='lat' dir='ltr'>nullas,</span> <span class='ocrx_word' id='word_1_351' title='bbox 1283 1773 1405 1805; x_wconf 90' lang='lat' dir='ltr'>cassas,</span> <span class='ocrx_word' id='word_1_352' title='bbox 1432 1764 1539 1796; x_wconf 86' lang='lat' dir='ltr'>irritas</span> <span class='ocrx_word' id='word_1_353' title='bbox 1568 1768 1603 1796; x_wconf 90' lang='lat' dir='ltr'>et</span> <span class='ocrx_word' id='word_1_354' title='bbox 1628 1764 1741 1797; x_wconf 89' lang='lat' dir='ltr'>inanes</span> <span class='ocrx_word' id='word_1_355' title='bbox 1768 1775 1807 1797; x_wconf 87' lang='lat' dir='ltr'>ac</span> <span class='ocrx_word' id='word_1_356' title='bbox 1840 1764 2002 1797; x_wconf 75' lang='lat' dir='ltr'>nullius-no</span> 
     </span>
     <span class='ocr_line' id='line_1_32' title="bbox 306 1811 1955 1858; baseline 0.005 -17"><span class='ocrx_word' id='word_1_357' title='bbox 306 1811 443 1842; x_wconf 85' lang='lat' dir='ltr'>existere</span> <span class='ocrx_word' id='word_1_358' title='bbox 466 1812 623 1843; x_wconf 87' lang='lat' dir='ltr'>firmitatis</span> <span class='ocrx_word' id='word_1_359' title='bbox 646 1815 679 1844; x_wconf 89' lang='lat' dir='ltr'>et</span> <span class='ocrx_word' id='word_1_360' title='bbox 702 1823 766 1854; x_wconf 88' lang='lat' dir='ltr'>eas,</span> <span class='ocrx_word' id='word_1_361' title='bbox 791 1817 949 1855; x_wconf 89' lang='lat' dir='ltr'>quatenus</span> <span class='ocrx_word' id='word_1_362' title='bbox 965 1825 1153 1856; x_wconf 88' lang='lat' dir='ltr'>processere</span> <span class='ocrx_word' id='word_1_363' title='bbox 1177 1814 1217 1846; x_wconf 90' lang='lat' dir='ltr'>de</span> <span class='ocrx_word' id='word_1_364' title='bbox 1241 1815 1338 1856; x_wconf 89' lang='lat' dir='ltr'>facto,</span> <span class='ocrx_word' id='word_1_365' title='bbox 1361 1825 1560 1856; x_wconf 86' lang='lat' dir='ltr'>revocamus,</span> <span class='ocrx_word' id='word_1_366' title='bbox 1584 1826 1758 1858; x_wconf 86' lang='lat' dir='ltr'>cassamus,</span> <span class='ocrx_word' id='word_1_367' title='bbox 1781 1816 1955 1856; x_wconf 87' lang='lat' dir='ltr'>irritamus,</span> 
     </span>
     <span class='ocr_line' id='line_1_33' title="bbox 304 1862 1955 1910; baseline 0.005 -18"><span class='ocrx_word' id='word_1_368' title='bbox 304 1862 505 1894; x_wconf 87' lang='lat' dir='ltr'>dissolvimus</span> <span class='ocrx_word' id='word_1_369' title='bbox 537 1866 570 1895; x_wconf 92' lang='lat' dir='ltr'>et</span> <span class='ocrx_word' id='word_1_370' title='bbox 601 1865 728 1895; x_wconf 81' lang='lat' dir='ltr'>omnino</span> <span class='ocrx_word' id='word_1_371' title='bbox 761 1865 879 1897; x_wconf 89' lang='lat' dir='ltr'>viribus</span> <span class='ocrx_word' id='word_1_372' title='bbox 910 1876 1100 1907; x_wconf 85' lang='lat' dir='ltr'>vacuamus,</span> <span class='ocrx_word' id='word_1_373' title='bbox 1135 1867 1316 1899; x_wconf 87' lang='lat' dir='ltr'>iuramenta</span> <span class='ocrx_word' id='word_1_374' title='bbox 1350 1868 1482 1909; x_wconf 89' lang='lat' dir='ltr'>insuper</span> <span class='ocrx_word' id='word_1_375' title='bbox 1515 1878 1613 1910; x_wconf 88' lang='lat' dir='ltr'>super</span> <span class='ocrx_word' id='word_1_376' title='bbox 1647 1869 1710 1900; x_wconf 90' lang='lat' dir='ltr'>hoc</span> <span class='ocrx_word' id='word_1_377' title='bbox 1744 1869 1880 1910; x_wconf 85' lang='lat' dir='ltr'>prestita</span> <span class='ocrx_word' id='word_1_378' title='bbox 1914 1869 1955 1901; x_wconf 90' lang='lat' dir='ltr'>de</span> 
     </span>
     <span class='ocr_line' id='line_1_34' title="bbox 304 1914 2184 1962; baseline 0.005 -18"><span class='ocrx_word' id='word_1_379' title='bbox 304 1914 480 1954; x_wconf 88' lang='lat' dir='ltr'>apostolice</span> <span class='ocrx_word' id='word_1_380' title='bbox 514 1916 682 1956; x_wconf 88' lang='lat' dir='ltr'>potestatis</span> <span class='ocrx_word' id='word_1_381' title='bbox 717 1917 916 1958; x_wconf 88' lang='lat' dir='ltr'>plenitudine</span> <span class='ocrx_word' id='word_1_382' title='bbox 947 1918 1145 1959; x_wconf 85' lang='lat' dir='ltr'>relaxamus,</span> <span class='ocrx_word' id='word_1_383' title='bbox 1179 1929 1292 1951; x_wconf 91' lang='lat' dir='ltr'>omnes</span> <span class='ocrx_word' id='word_1_384' title='bbox 1322 1923 1356 1951; x_wconf 87' lang='lat' dir='ltr'>et</span> <span class='ocrx_word' id='word_1_385' title='bbox 1382 1919 1539 1962; x_wconf 84' lang='lat' dir='ltr'>singulos,</span> <span class='ocrx_word' id='word_1_386' title='bbox 1573 1920 1628 1962; x_wconf 85' lang='lat' dir='ltr'>qui</span> <span class='ocrx_word' id='word_1_387' title='bbox 1662 1919 1954 1962; x_wconf 82' lang='lat' dir='ltr'>confederationes,</span> <span class='ocrx_word' id='word_1_388' title='bbox 2182 1952 2184 1958; x_wconf 86' lang='grc'>,</span> 
     </span>
     <span class='ocr_line' id='line_1_35' title="bbox 304 1965 2184 2014; baseline 0.005 -19"><span class='ocrx_word' id='word_1_389' title='bbox 304 1965 469 2005; x_wconf 85' lang='lat' dir='ltr'>pactiones</span> <span class='ocrx_word' id='word_1_390' title='bbox 499 1969 532 1996; x_wconf 87' lang='lat' dir='ltr'>et</span> <span class='ocrx_word' id='word_1_391' title='bbox 561 1967 733 1998; x_wconf 84' lang='lat' dir='ltr'>societates</span> <span class='ocrx_word' id='word_1_392' title='bbox 760 1967 942 1999; x_wconf 91' lang='lat' dir='ltr'>huiusmodi</span> <span class='ocrx_word' id='word_1_393' title='bbox 970 1979 1042 2000; x_wconf 91' lang='lat' dir='ltr'>cum</span> <span class='ocrx_word' id='word_1_394' title='bbox 1071 1969 1157 2001; x_wconf 90' lang='lat' dir='ltr'>dicto</span> <span class='ocrx_word' id='word_1_395' title='bbox 1188 1969 1292 2002; x_wconf 90' lang='lat' dir='ltr'>electo</span> <span class='ocrx_word' id='word_1_396' title='bbox 1320 1974 1432 2002; x_wconf 88' lang='lat' dir='ltr'>contra</span> <span class='ocrx_word' id='word_1_397' title='bbox 1465 1981 1636 2013; x_wconf 84' lang='lat' dir='ltr'>processus</span> <span class='ocrx_word' id='word_1_398' title='bbox 1669 1971 1855 2004; x_wconf 90' lang='lat' dir='ltr'>huiusmodi</span> <span class='ocrx_word' id='word_1_399' title='bbox 1882 1976 1957 2014; x_wconf 85' lang='lat' dir='ltr'>post</span> <span class='ocrx_word' id='word_1_400' title='bbox 2182 1982 2184 1987; x_wconf 95' lang='grc'><strong><em>·</em></strong></span> 
     </span>
     <span class='ocr_line' id='line_1_36' title="bbox 304 1993 2184 2074; baseline 0.005 -28"><span class='ocrx_word' id='word_1_401' title='bbox 304 2015 423 2047; x_wconf 86' lang='lat' dir='ltr'>dictum</span> <span class='ocrx_word' id='word_1_402' title='bbox 448 2018 615 2048; x_wconf 89' lang='lat' dir='ltr'>terminum</span> <span class='ocrx_word' id='word_1_403' title='bbox 640 2019 891 2060; x_wconf 87' lang='lat' dir='ltr'>presumpserint</span> <span class='ocrx_word' id='word_1_404' title='bbox 915 2020 1096 2060; x_wconf 81' lang='lat' dir='ltr'>observare,</span> <span class='ocrx_word' id='word_1_405' title='bbox 1121 2021 1283 2063; x_wconf 89' lang='lat' dir='ltr'>predictas</span> <span class='ocrx_word' id='word_1_406' title='bbox 1307 2023 1649 2055; x_wconf 87' lang='lat' dir='ltr'>excommunicationis</span> <span class='ocrx_word' id='word_1_407' title='bbox 1677 2023 1730 2055; x_wconf 78' lang='lat' dir='ltr'>etk</span> <span class='ocrx_word' id='word_1_408' title='bbox 1751 2023 1832 2056; x_wconf 88' lang='lat' dir='ltr'>alias</span> <span class='ocrx_word' id='word_1_409' title='bbox 1854 2035 1956 2066; x_wconf 84' lang='lat' dir='ltr'>penas</span> <span class='ocrx_word' id='word_1_410' title='bbox 1974 2034 1998 2053; x_wconf 73' lang='lat' dir='ltr'>ss</span> <span class='ocrx_word' id='word_1_411' title='bbox 2177 1993 2184 2074; x_wconf 66' lang='grc'>1</span> 
     </span>
     <span class='ocr_line' id='line_1_37' title="bbox 305 2069 2184 2118; baseline 0.006 -21"><span class='ocrx_word' id='word_1_412' title='bbox 305 2069 337 2097; x_wconf 91' lang='lat' dir='ltr'>et</span> <span class='ocrx_word' id='word_1_413' title='bbox 360 2069 533 2099; x_wconf 87' lang='lat' dir='ltr'>sententias</span> <span class='ocrx_word' id='word_1_414' title='bbox 556 2069 717 2101; x_wconf 89' lang='lat' dir='ltr'>incurrere</span> <span class='ocrx_word' id='word_1_415' title='bbox 741 2071 887 2102; x_wconf 90' lang='lat' dir='ltr'>volumus</span> <span class='ocrx_word' id='word_1_416' title='bbox 910 2072 980 2113; x_wconf 91' lang='lat' dir='ltr'>ipso</span> <span class='ocrx_word' id='word_1_417' title='bbox 996 2072 1091 2113; x_wconf 88' lang='lat' dir='ltr'>facto,</span> <span class='ocrx_word' id='word_1_418' title='bbox 1115 2076 1226 2105; x_wconf 89' lang='lat' dir='ltr'>contra</span> <span class='ocrx_word' id='word_1_419' title='bbox 1242 2084 1298 2105; x_wconf 90' lang='lat' dir='ltr'>eos</span> <span class='ocrx_word' id='word_1_420' title='bbox 1314 2075 1443 2116; x_wconf 87' lang='lat' dir='ltr'>gravius</span> <span class='ocrx_word' id='word_1_421' title='bbox 1459 2074 1670 2116; x_wconf 89' lang='lat' dir='ltr'>spiritualiter</span> <span class='ocrx_word' id='word_1_422' title='bbox 1685 2078 1719 2107; x_wconf 87' lang='lat' dir='ltr'>et</span> <span class='ocrx_word' id='word_1_423' title='bbox 1734 2075 1956 2118; x_wconf 87' lang='lat' dir='ltr'>temporaliter</span> <span class='ocrx_word' id='word_1_424' title='bbox 2176 2102 2184 2114; x_wconf 76' lang='grc'><strong>,</strong></span> 
     </span>
     <span class='ocr_line' id='line_1_38' title="bbox 305 2118 2184 2165; baseline 0.01 -16"><span class='ocrx_word' id='word_1_425' title='bbox 305 2120 492 2159; x_wconf 88' lang='lat' dir='ltr'>processuri,</span> <span class='ocrx_word' id='word_1_426' title='bbox 517 2124 611 2161; x_wconf 87' lang='lat' dir='ltr'>prout</span> <span class='ocrx_word' id='word_1_427' title='bbox 633 2121 807 2154; x_wconf 88' lang='lat' dir='ltr'>viderimus</span> <span class='ocrx_word' id='word_1_428' title='bbox 830 2123 993 2165; x_wconf 89' lang='lat' dir='ltr'>expedire.</span> <span class='ocrx_word' id='word_1_429' title='bbox 2177 2118 2184 2127; x_wconf 44' lang='grc' dir='ltr'>ι</span> 
     </span>
    </p>

    <p class='ocr_par' dir='ltr' id='par_1_4' title="bbox 305 2171 2001 2686">
     <span class='ocr_line' id='line_1_39' title="bbox 415 2171 1956 2216; baseline 0.006 -15"><span class='ocrx_word' id='word_1_430' title='bbox 415 2172 443 2201; x_wconf 82' lang='grc'>9.</span> <span class='ocrx_word' id='word_1_431' title='bbox 467 2171 617 2203; x_wconf 80' lang='lat' dir='ltr'>Ceterum</span> <span class='ocrx_word' id='word_1_432' title='bbox 641 2173 801 2213; x_wconf 88' lang='lat' dir='ltr'>predictas</span> <span class='ocrx_word' id='word_1_433' title='bbox 824 2176 1067 2216; x_wconf 84' lang='lat' dir='ltr'>suspensionum</span> <span class='ocrx_word' id='word_1_434' title='bbox 1092 2180 1124 2208; x_wconf 87' lang='lat' dir='ltr'>et</span> <span class='ocrx_word' id='word_1_435' title='bbox 1147 2178 1515 2210; x_wconf 89' lang='lat' dir='ltr'>excommunicationum</span> <span class='ocrx_word' id='word_1_436' title='bbox 1539 2181 1573 2210; x_wconf 91' lang='lat' dir='ltr'>et</span> <span class='ocrx_word' id='word_1_437' title='bbox 1594 2177 1757 2210; x_wconf 86' lang='lat' dir='ltr'>interdicti</span> <span class='ocrx_word' id='word_1_438' title='bbox 1779 2180 1956 2211; x_wconf 86' lang='lat' dir='ltr'>sententias</span> 
     </span>
     <span class='ocr_line' id='line_1_40' title="bbox 307 2221 1956 2271; baseline 0.007 -20"><span class='ocrx_word' id='word_1_439' title='bbox 307 2221 351 2251; x_wconf 87' lang='lat' dir='ltr'>sic</span> <span class='ocrx_word' id='word_1_440' title='bbox 374 2221 506 2253; x_wconf 89' lang='lat' dir='ltr'>firmiter</span> <span class='ocrx_word' id='word_1_441' title='bbox 529 2223 636 2264; x_wconf 88' lang='lat' dir='ltr'>sicque</span> <span class='ocrx_word' id='word_1_442' title='bbox 659 2225 886 2258; x_wconf 85' lang='lat' dir='ltr'>inviolabiliter</span> <span class='ocrx_word' id='word_1_443' title='bbox 908 2228 1057 2259; x_wconf 87' lang='lat' dir='ltr'>volumus</span> <span class='ocrx_word' id='word_1_444' title='bbox 1080 2228 1254 2270; x_wconf 90' lang='lat' dir='ltr'>observari,</span> <span class='ocrx_word' id='word_1_445' title='bbox 1279 2229 1364 2271; x_wconf 89' lang='lat' dir='ltr'>quod</span> <span class='ocrx_word' id='word_1_446' title='bbox 1389 2229 1577 2262; x_wconf 89' lang='lat' dir='ltr'>absolvendi</span> <span class='ocrx_word' id='word_1_447' title='bbox 1599 2229 1641 2262; x_wconf 86' lang='lat' dir='ltr'>ab</span> <span class='ocrx_word' id='word_1_448' title='bbox 1657 2230 1704 2262; x_wconf 89' lang='lat' dir='ltr'>eis</span> <span class='ocrx_word' id='word_1_449' title='bbox 1718 2229 1771 2262; x_wconf 91' lang='lat' dir='ltr'>vel</span> <span class='ocrx_word' id='word_1_450' title='bbox 1785 2230 1956 2263; x_wconf 84' lang='lat' dir='ltr'>relaxandi</span> 
     </span>
     <span class='ocr_line' id='line_1_41' title="bbox 306 2272 2001 2324; baseline 0.008 -22"><span class='ocrx_word' id='word_1_451' title='bbox 306 2272 436 2304; x_wconf 87' lang='lat' dir='ltr'>easdem</span> <span class='ocrx_word' id='word_1_452' title='bbox 460 2273 519 2304; x_wconf 90' lang='lat' dir='ltr'>nisi</span> <span class='ocrx_word' id='word_1_453' title='bbox 543 2277 662 2306; x_wconf 87' lang='lat' dir='ltr'>tantum</span> <span class='ocrx_word' id='word_1_454' title='bbox 686 2277 717 2306; x_wconf 94' lang='lat' dir='ltr'>in</span> <span class='ocrx_word' id='word_1_455' title='bbox 741 2279 852 2309; x_wconf 89' lang='lat' dir='ltr'>mortis</span> <span class='ocrx_word' id='word_1_456' title='bbox 875 2279 1009 2311; x_wconf 87' lang='lat' dir='ltr'>articulo</span> <span class='ocrx_word' id='word_1_457' title='bbox 1039 2283 1105 2311; x_wconf 90' lang='lat' dir='ltr'>tam</span> <span class='ocrx_word' id='word_1_458' title='bbox 1133 2280 1280 2312; x_wconf 88' lang='lat' dir='ltr'>omnibus</span> <span class='ocrx_word' id='word_1_459' title='bbox 1307 2282 1542 2323; x_wconf 88' lang='lat' dir='ltr'>penitentiariis</span> <span class='ocrx_word' id='word_1_460' title='bbox 1563 2282 1682 2314; x_wconf 90' lang='lat' dir='ltr'>nostris</span> <span class='ocrx_word' id='word_1_461' title='bbox 1704 2292 1802 2324; x_wconf 91' lang='lat' dir='ltr'>quam</span> <span class='ocrx_word' id='word_1_462' title='bbox 1825 2283 1956 2324; x_wconf 88' lang='lat' dir='ltr'>quibus·</span> <span class='ocrx_word' id='word_1_463' title='bbox 1975 2291 2001 2311; x_wconf 79' lang='lat'>⁴0</span> 
     </span>
     <span class='ocr_line' id='line_1_42' title="bbox 306 2324 1956 2377; baseline 0.008 -24"><span class='ocrx_word' id='word_1_464' title='bbox 306 2333 430 2365; x_wconf 91' lang='lat' dir='ltr'>cunque</span> <span class='ocrx_word' id='word_1_465' title='bbox 454 2324 523 2355; x_wconf 85' lang='lat' dir='ltr'>aliis</span> <span class='ocrx_word' id='word_1_466' title='bbox 547 2326 779 2358; x_wconf 85' lang='lat' dir='ltr'>confessoribus</span> <span class='ocrx_word' id='word_1_467' title='bbox 801 2330 1005 2370; x_wconf 86' lang='lat' dir='ltr'>generalibus</span> <span class='ocrx_word' id='word_1_468' title='bbox 1028 2331 1080 2363; x_wconf 90' lang='lat' dir='ltr'>vel</span> <span class='ocrx_word' id='word_1_469' title='bbox 1103 2332 1297 2373; x_wconf 86' lang='lat' dir='ltr'>specialibus</span> <span class='ocrx_word' id='word_1_470' title='bbox 1320 2344 1377 2365; x_wconf 92' lang='lat' dir='ltr'>seu</span> <span class='ocrx_word' id='word_1_471' title='bbox 1392 2333 1605 2366; x_wconf 84' lang='lat' dir='ltr'>familiaribus</span> <span class='ocrx_word' id='word_1_472' title='bbox 1620 2344 1884 2377; x_wconf 88' lang='lat' dir='ltr'>quarumcunque</span> <span class='ocrx_word' id='word_1_473' title='bbox 1903 2335 1956 2367; x_wconf 90' lang='lat' dir='ltr'>vel</span> 
     </span>
     <span class='ocr_line' id='line_1_43' title="bbox 308 2377 1956 2426; baseline 0.008 -22"><span class='ocrx_word' id='word_1_474' title='bbox 308 2378 585 2417; x_wconf 87' lang='lat' dir='ltr'>quantumcunque</span> <span class='ocrx_word' id='word_1_475' title='bbox 615 2377 795 2411; x_wconf 90' lang='lat' dir='ltr'>sublimium</span> <span class='ocrx_word' id='word_1_476' title='bbox 825 2391 1035 2422; x_wconf 89' lang='lat' dir='ltr'>personarum</span> <span class='ocrx_word' id='word_1_477' title='bbox 1061 2383 1198 2415; x_wconf 89' lang='lat' dir='ltr'>ubilibet</span> <span class='ocrx_word' id='word_1_478' title='bbox 1226 2385 1482 2426; x_wconf 87' lang='lat' dir='ltr'>consistentium,</span> <span class='ocrx_word' id='word_1_479' title='bbox 1515 2386 1641 2417; x_wconf 83' lang='lat' dir='ltr'>etiamsi</span> <span class='ocrx_word' id='word_1_480' title='bbox 1671 2386 1719 2417; x_wconf 90' lang='lat' dir='ltr'>eis</span> <span class='ocrx_word' id='word_1_481' title='bbox 1741 2396 1762 2418; x_wconf 86' lang='lat' dir='ltr'>a</span> <span class='ocrx_word' id='word_1_482' title='bbox 1783 2386 1876 2418; x_wconf 90' lang='lat' dir='ltr'>nobis</span> <span class='ocrx_word' id='word_1_483' title='bbox 1903 2386 1956 2419; x_wconf 91' lang='lat' dir='ltr'>vel</span> 
     </span>
     <span class='ocr_line' id='line_1_44' title="bbox 307 2425 1956 2477; baseline 0.009 -22"><span class='ocrx_word' id='word_1_484' title='bbox 307 2425 415 2466; x_wconf 87' lang='lat' dir='ltr'>aliquo</span> <span class='ocrx_word' id='word_1_485' title='bbox 438 2427 698 2467; x_wconf 84' lang='lat' dir='ltr'>predecessorum</span> <span class='ocrx_word' id='word_1_486' title='bbox 721 2434 899 2464; x_wconf 88' lang='lat' dir='ltr'>nostrorum</span> <span class='ocrx_word' id='word_1_487' title='bbox 922 2434 981 2465; x_wconf 90' lang='lat' dir='ltr'>sub</span> <span class='ocrx_word' id='word_1_488' title='bbox 1005 2445 1196 2477; x_wconf 89' lang='lat' dir='ltr'>quacunque</span> <span class='ocrx_word' id='word_1_489' title='bbox 1212 2436 1384 2468; x_wconf 86' lang='lat' dir='ltr'>verboru&#39;m</span> <span class='ocrx_word' id='word_1_490' title='bbox 1407 2437 1512 2469; x_wconf 83' lang='lat' dir='ltr'>forma</span> <span class='ocrx_word' id='word_1_491' title='bbox 1534 2437 1723 2469; x_wconf 89' lang='lat' dir='ltr'>absolvendi</span> <span class='ocrx_word' id='word_1_492' title='bbox 1746 2448 1766 2469; x_wconf 90' lang='lat' dir='ltr'>a</span> <span class='ocrx_word' id='word_1_493' title='bbox 1788 2439 1956 2470; x_wconf 89' lang='lat' dir='ltr'>sententiis</span> 
     </span>
     <span class='ocr_line' id='line_1_45' title="bbox 307 2476 1955 2529; baseline 0.01 -24"><span class='ocrx_word' id='word_1_494' title='bbox 307 2476 443 2507; x_wconf 85' lang='lat' dir='ltr'>hominis</span> <span class='ocrx_word' id='word_1_495' title='bbox 474 2478 525 2508; x_wconf 88' lang='lat' dir='ltr'>vel</span> <span class='ocrx_word' id='word_1_496' title='bbox 555 2481 683 2511; x_wconf 88' lang='lat' dir='ltr'>canonis</span> <span class='ocrx_word' id='word_1_497' title='bbox 711 2492 768 2512; x_wconf 85' lang='lat' dir='ltr'>seu</span> <span class='ocrx_word' id='word_1_498' title='bbox 799 2493 854 2514; x_wconf 88' lang='lat' dir='ltr'>eas</span> <span class='ocrx_word' id='word_1_499' title='bbox 881 2485 1048 2517; x_wconf 88' lang='lat' dir='ltr'>relaxandi</span> <span class='ocrx_word' id='word_1_500' title='bbox 1078 2487 1239 2529; x_wconf 85' lang='lat' dir='ltr'>generalis</span> <span class='ocrx_word' id='word_1_501' title='bbox 1267 2488 1318 2519; x_wconf 83' lang='lat' dir='ltr'>vel</span> <span class='ocrx_word' id='word_1_502' title='bbox 1345 2488 1495 2529; x_wconf 85' lang='lat' dir='ltr'>specialis</span> <span class='ocrx_word' id='word_1_503' title='bbox 1521 2489 1563 2520; x_wconf 89' lang='lat' dir='ltr'>sit</span> <span class='ocrx_word' id='word_1_504' title='bbox 1591 2489 1644 2520; x_wconf 91' lang='lat' dir='ltr'>vel</span> <span class='ocrx_word' id='word_1_505' title='bbox 1674 2489 1773 2522; x_wconf 87' lang='lat' dir='ltr'>fuerit</span> <span class='ocrx_word' id='word_1_506' title='bbox 1801 2500 1955 2522; x_wconf 88' lang='lat' dir='ltr'>concessa</span> 
     </span>
     <span class='ocr_line' id='line_1_46' title="bbox 306 2528 1999 2582; baseline 0.009 -23"><span class='ocrx_word' id='word_1_507' title='bbox 306 2528 451 2569; x_wconf 85' lang='lat' dir='ltr'>facultas,</span> <span class='ocrx_word' id='word_1_508' title='bbox 475 2529 643 2562; x_wconf 86' lang='lat' dir='ltr'>adimimus</span> <span class='ocrx_word' id='word_1_509' title='bbox 659 2537 861 2576; x_wconf 84' lang='lat' dir='ltr'>potestatem,</span> <span class='ocrx_word' id='word_1_510' title='bbox 885 2537 1120 2570; x_wconf 86' lang='lat' dir='ltr'>absolutionem</span> <span class='ocrx_word' id='word_1_511' title='bbox 1136 2539 1318 2571; x_wconf 88' lang='lat' dir='ltr'>huiusmodi</span> <span class='ocrx_word' id='word_1_512' title='bbox 1342 2540 1403 2571; x_wconf 90' lang='lat' dir='ltr'>soli</span> <span class='ocrx_word' id='word_1_513' title='bbox 1417 2540 1566 2577; x_wconf 82' lang='lat' dir='ltr'>Romano</span> <span class='ocrx_word' id='word_1_514' title='bbox 1582 2541 1725 2582; x_wconf 86' lang='lat' dir='ltr'>pontifici</span> <span class='ocrx_word' id='word_1_515' title='bbox 1741 2544 1955 2574; x_wconf 89' lang='lat' dir='ltr'>reservantes.</span> <span class='ocrx_word' id='word_1_516' title='bbox 1973 2550 1999 2570; x_wconf 68' lang='lat'>⁴³</span> 
     </span>
     <span class='ocr_line' id='line_1_47' title="bbox 307 2579 1954 2636; baseline 0.007 -22"><span class='ocrx_word' id='word_1_517' title='bbox 307 2579 401 2615; x_wconf 84' lang='lat' dir='ltr'>Quod</span> <span class='ocrx_word' id='word_1_518' title='bbox 425 2580 451 2610; x_wconf 89' lang='lat' dir='ltr'>si</span> <span class='ocrx_word' id='word_1_519' title='bbox 475 2579 556 2612; x_wconf 85' lang='lat' dir='ltr'>forte</span> <span class='ocrx_word' id='word_1_520' title='bbox 584 2592 638 2613; x_wconf 84' lang='lat' dir='ltr'>eos</span> <span class='ocrx_word' id='word_1_521' title='bbox 668 2584 718 2615; x_wconf 91' lang='lat' dir='ltr'>vel</span> <span class='ocrx_word' id='word_1_522' title='bbox 746 2595 855 2618; x_wconf 88' lang='lat' dir='ltr'>eorum</span> <span class='ocrx_word' id='word_1_523' title='bbox 886 2589 1027 2630; x_wconf 85' lang='lat' dir='ltr'>aliquem</span> <span class='ocrx_word' id='word_1_524' title='bbox 1054 2590 1085 2621; x_wconf 91' lang='lat' dir='ltr'>in</span> <span class='ocrx_word' id='word_1_525' title='bbox 1113 2591 1259 2632; x_wconf 85' lang='lat' dir='ltr'>predicto</span> <span class='ocrx_word' id='word_1_526' title='bbox 1288 2593 1401 2623; x_wconf 87' lang='lat' dir='ltr'>mortis</span> <span class='ocrx_word' id='word_1_527' title='bbox 1431 2592 1567 2624; x_wconf 90' lang='lat' dir='ltr'>articulo</span> <span class='ocrx_word' id='word_1_528' title='bbox 1596 2592 1720 2624; x_wconf 91' lang='lat' dir='ltr'>absolvi</span> <span class='ocrx_word' id='word_1_529' title='bbox 1743 2594 1954 2636; x_wconf 86' lang='lat' dir='ltr'>contingeret,</span> 
     </span>
     <span class='ocr_line' id='line_1_48' title="bbox 305 2631 1955 2686; baseline 0.011 -27"><span class='ocrx_word' id='word_1_530' title='bbox 305 2631 365 2661; x_wconf 87' lang='lat' dir='ltr'>nisi</span> <span class='ocrx_word' id='word_1_531' title='bbox 388 2632 523 2663; x_wconf 83' lang='lat' dir='ltr'>sanitate</span> <span class='ocrx_word' id='word_1_532' title='bbox 546 2637 675 2674; x_wconf 85' lang='lat' dir='ltr'>recepta</span> <span class='ocrx_word' id='word_1_533' title='bbox 699 2635 765 2667; x_wconf 89' lang='lat' dir='ltr'>sedi</span> <span class='ocrx_word' id='word_1_534' title='bbox 782 2641 968 2681; x_wconf 88' lang='lat' dir='ltr'>apostolice,</span> <span class='ocrx_word' id='word_1_535' title='bbox 993 2652 1090 2683; x_wconf 88' lang='lat' dir='ltr'>quam</span> <span class='ocrx_word' id='word_1_536' title='bbox 1106 2643 1244 2684; x_wconf 91' lang='lat' dir='ltr'>primum</span> <span class='ocrx_word' id='word_1_537' title='bbox 1269 2643 1439 2675; x_wconf 90' lang='lat' dir='ltr'>commode</span> <span class='ocrx_word' id='word_1_538' title='bbox 1459 2647 1621 2685; x_wconf 86' lang='lat' dir='ltr'>poterunt,</span> <span class='ocrx_word' id='word_1_539' title='bbox 1645 2655 1679 2676; x_wconf 91' lang='lat' dir='ltr'>se</span> <span class='ocrx_word' id='word_1_540' title='bbox 1696 2645 1955 2686; x_wconf 88' lang='lat' dir='ltr'>presentaverint</span> 
     </span>
    </p>
   </div>
   <div class='ocr_carea' id='block_1_3' title="bbox 2172 2455 2184 3126">
    <p class='ocr_par' dir='ltr' id='par_1_5' title="bbox 2172 2455 2184 3126">
     <span class='ocr_line' id='line_1_49' title="bbox 2172 2455 2184 3126; baseline -2.667 10"><span class='ocrx_word' id='word_1_541' title='bbox 2172 2455 2184 3126; x_wconf 95' lang='lat' dir='ltr'>   </span> 
     </span>
    </p>
   </div>
   <div class='ocr_carea' id='block_1_4' title="bbox 309 2715 1953 2794">
    <p class='ocr_par' dir='ltr' id='par_1_6' title="bbox 309 2715 1953 2794">
     <span class='ocr_line' id='line_1_50' title="bbox 412 2715 1953 2764; baseline 0.012 -24"><span class='ocrx_word' id='word_1_542' title='bbox 412 2715 476 2742; x_wconf 80' lang='lat'>881.</span> <span class='ocrx_word' id='word_1_543' title='bbox 504 2717 528 2749; x_wconf 70' lang='lat' dir='ltr'>y)</span> <span class='ocrx_word' id='word_1_544' title='bbox 547 2719 659 2751; x_wconf 87' lang='lat' dir='ltr'>ipsorum</span> <span class='ocrx_word' id='word_1_545' title='bbox 678 2719 702 2745; x_wconf 82' lang='lat'>2.</span> <span class='ocrx_word' id='word_1_546' title='bbox 715 2721 739 2747; x_wconf 88' lang='lat'>3.</span> <span class='ocrx_word' id='word_1_547' title='bbox 834 2724 856 2756; x_wconf 93' lang='lat' dir='ltr'>z)</span> <span class='ocrx_word' id='word_1_548' title='bbox 875 2726 942 2752; x_wconf 74' lang='lat' dir='ltr'>deest</span> <span class='ocrx_word' id='word_1_549' title='bbox 962 2727 983 2752; x_wconf 89' lang='lat'>1.</span> <span class='ocrx_word' id='word_1_550' title='bbox 1079 2730 1102 2759; x_wconf 52' lang='grc' dir='ltr'>ἢ)</span> <span class='ocrx_word' id='word_1_551' title='bbox 1121 2737 1167 2754; x_wconf 88' lang='lat' dir='ltr'>seu</span> <span class='ocrx_word' id='word_1_552' title='bbox 1186 2728 1210 2754; x_wconf 71' lang='lat'>2.</span> <span class='ocrx_word' id='word_1_553' title='bbox 1310 2728 1336 2761; x_wconf 82' lang='lat' dir='ltr'>b)</span> <span class='ocrx_word' id='word_1_554' title='bbox 1354 2730 1422 2755; x_wconf 70' lang='lat' dir='ltr'>deest</span> <span class='ocrx_word' id='word_1_555' title='bbox 1441 2730 1463 2755; x_wconf 93' lang='lat'>1.</span> <span class='ocrx_word' id='word_1_556' title='bbox 1565 2729 1588 2763; x_wconf 87' lang='lat' dir='ltr'>c)</span> <span class='ocrx_word' id='word_1_557' title='bbox 1607 2731 1703 2757; x_wconf 72' lang='lat' dir='ltr'>dictam</span> <span class='ocrx_word' id='word_1_558' title='bbox 1723 2731 1747 2757; x_wconf 90' lang='lat'>1.</span> <span class='ocrx_word' id='word_1_559' title='bbox 1849 2730 1874 2764; x_wconf 85' lang='lat' dir='ltr'>d)</span> <span class='ocrx_word' id='word_1_560' title='bbox 1893 2740 1953 2758; x_wconf 83' lang='lat' dir='ltr'>con-</span> 
     </span>
     <span class='ocr_line' id='line_1_51' title="bbox 309 2759 763 2794; baseline 0.013 -11"><span class='ocrx_word' id='word_1_561' title='bbox 309 2759 416 2792; x_wconf 81' lang='lat' dir='ltr'>tingerit</span> <span class='ocrx_word' id='word_1_562' title='bbox 433 2759 457 2784; x_wconf 91' lang='lat'>3.</span> <span class='ocrx_word' id='word_1_563' title='bbox 557 2760 580 2791; x_wconf 66' lang='grc' dir='ltr'>θ)</span> <span class='ocrx_word' id='word_1_564' title='bbox 599 2770 643 2794; x_wconf 89' lang='lat' dir='ltr'>per</span> <span class='ocrx_word' id='word_1_565' title='bbox 660 2764 721 2788; x_wconf 78' lang='lat' dir='ltr'>add.</span> <span class='ocrx_word' id='word_1_566' title='bbox 741 2764 763 2790; x_wconf 87' lang='lat'>3.</span> 
     </span>
    </p>
   </div>
   <div class='ocr_carea' id='block_1_5' title="bbox 306 2800 459 2833">
    <p class='ocr_par' dir='ltr' id='par_1_7' title="bbox 306 2800 459 2833">
     <span class='ocr_line' id='line_1_52' title="bbox 306 2800 459 2833; baseline 0.007 -6"><span class='ocrx_word' id='word_1_567' title='bbox 306 2800 331 2833; x_wconf 81' lang='lat' dir='ltr'>k)</span> <span class='ocrx_word' id='word_1_568' title='bbox 349 2810 380 2827; x_wconf 84' lang='lat' dir='ltr'>ac</span> <span class='ocrx_word' id='word_1_569' title='bbox 398 2802 422 2828; x_wconf 78' lang='lat'>2.</span> <span class='ocrx_word' id='word_1_570' title='bbox 435 2802 459 2828; x_wconf 89' lang='lat'>3.</span> 
     </span>
    </p>
   </div>
   <div class='ocr_carea' id='block_1_6' title="bbox 862 2754 2175 2999">
    <p class='ocr_par' dir='ltr' id='par_1_8' title="bbox 862 2754 2175 2999">
     <span class='ocr_line' id='line_1_53' title="bbox 862 2754 2175 2999; baseline 0.007 -206"><span class='ocrx_word' id='word_1_571' title='bbox 862 2767 881 2799; x_wconf 79' lang='lat' dir='ltr'>f)</span> <span class='ocrx_word' id='word_1_572' title='bbox 900 2778 966 2801; x_wconf 73' lang='lat' dir='ltr'>sequ.</span> <span class='ocrx_word' id='word_1_573' title='bbox 986 2773 1036 2796; x_wconf 57' lang='lat' dir='ltr'>rosss</span> <span class='ocrx_word' id='word_1_574' title='bbox 1055 2772 1127 2797; x_wconf 77' lang='lat' dir='ltr'>delet.</span> <span class='ocrx_word' id='word_1_575' title='bbox 1148 2772 1170 2798; x_wconf 85' lang='lat' dir='ltr'>l.</span> <span class='ocrx_word' id='word_1_576' title='bbox 1275 2773 1299 2804; x_wconf 75' lang='grc' dir='ltr'>Β)</span> <span class='ocrx_word' id='word_1_577' title='bbox 1318 2777 1342 2798; x_wconf 84' lang='lat' dir='ltr'>et</span> <span class='ocrx_word' id='word_1_578' title='bbox 1363 2773 1385 2798; x_wconf 85' lang='lat'>1.</span> <span class='ocrx_word' id='word_1_579' title='bbox 1489 2772 1515 2805; x_wconf 82' lang='lat' dir='ltr'>h)</span> <span class='ocrx_word' id='word_1_580' title='bbox 1533 2781 1563 2799; x_wconf 81' lang='lat' dir='ltr'>ac</span> <span class='ocrx_word' id='word_1_581' title='bbox 1582 2773 1607 2800; x_wconf 86' lang='lat'>3.</span> <span class='ocrx_word' id='word_1_582' title='bbox 1710 2773 1728 2807; x_wconf 75' lang='lat' dir='ltr'>i)</span> <span class='ocrx_word' id='word_1_583' title='bbox 1747 2775 1910 2801; x_wconf 85' lang='lat' dir='ltr'>decernimus</span> <span class='ocrx_word' id='word_1_584' title='bbox 1927 2774 1952 2800; x_wconf 78' lang='lat'>2.</span> <span class='ocrx_word' id='word_1_585' title='bbox 2151 2754 2175 2999; x_wconf 71' lang='lat' dir='ltr'>i</span> 
     </span>
     <span class='ocr_line' id='line_1_54' title="bbox 1971 2822 1997 2841; baseline 0 0"><span class='ocrx_word' id='word_1_586' title='bbox 1971 2822 1997 2841; x_wconf 81' lang='lat' dir='ltr'>&#39;o</span> 
     </span>
    </p>
   </div>
  </div>
 </body>
</html>
