2184 3126
321 181 384 211 536
510 200 512 202 .
588 177 700 204 ACTA
718 176 833 203 REGNI
852 174 1035 202 LUDEWICI
1054 174 1101 201 IV.
1120 174 1167 201 ΕΤ
1186 173 1371 201 FRIDERICI
1389 174 1439 201 ΙΙΙ.
1476 173 1551 201 1322.
1587 174 1636 201 Nr.
1649 174 1708 201 673.

321 268 444 306 genter,
469 264 510 296 ad
534 274 596 306 que
624 267 660 295 ut
690 263 799 295 subter
828 263 972 304 sequitur
999 261 1242 303 respondemus.
1287 260 1331 293 Et
1359 261 1435 303 quia
1463 271 1522 302 pro
1550 263 1643 303 parte
1673 264 1729 292 tua
1756 261 1788 292 in
1817 261 1981 302 premissis

322 317 489 357 proposuit
521 316 654 347 nuncius
689 314 864 354 antefatus,
900 313 987 354 quod
1022 323 1063 344 ex
1090 313 1289 355 provisione,
1323 323 1420 355 quam
1451 312 1586 344 fecimus
1619 312 1756 344 ecclesie
1781 312 1980 355 Maguntine,

322 378 379 409 pro
404 378 443 399 eo
468 368 553 409 quod
580 377 732 409 persona,
761 376 857 407 quam
885 364 932 396 illi
959 364 1168 406 prefecimus,
1196 367 1252 396 tuo
1281 364 1466 396 adversario
1490 364 1677 396 favorabilis
1703 364 1837 396 nimium
1861 365 1981 397 existe-

322 419 392 460 bat,
422 419 603 450 extimabas
632 419 693 449 tuis
720 415 941 448 nobilitatibus
967 416 1139 457 plurimum
1164 416 1371 458 derogatum,
1401 416 1486 448 dicto
1514 416 1738 458 respondimus
1766 417 1883 448 nuncio
1906 416 1981 449 tibi-

323 480 385 511 que
409 470 634 501 nichilominus
656 468 906 510 respondemus,
937 467 1024 509 quod
1051 478 1123 498 cum
1154 471 1263 499 nostra
1287 471 1470 499 versaretur
1493 468 1628 500 intentio
1660 467 1700 500 de
1728 478 1884 510 persona,
1918 479 1982 510 que

322 532 381 552 nec
410 521 494 552 dicto
523 521 706 552 adversario
740 520 824 550 foret
853 519 984 558 infesta,
1013 519 1140 560 prefate
1169 519 1304 550 ecclesie
1333 519 1520 561 providere,
1551 520 1681 552 tandem
1706 520 1815 551 multis
1838 519 1983 552 adversis

322 575 413 606 nobis
436 575 607 606 nominatis
631 574 785 615 personis,
810 572 948 604 occurrit
969 571 1063 602 nobis
1085 571 1156 611 iste,
1181 581 1278 613 quem
1293 570 1490 612 prefecimus
1505 572 1642 603 ecclesie
1658 571 1828 613 prelibate,
1853 571 1894 603 de
1917 582 1982 614 quo

321 627 410 658 fideli
433 626 589 657 relatione
613 625 830 666 percepimus,
859 623 945 665 quod
972 623 1055 654 inter
1083 623 1164 654 alios
1192 623 1297 654 minus
1328 623 1483 654 existeret
1511 624 1676 665 parcialis,
1706 624 1877 665 presertim
1909 634 1983 655 cum

322 678 457 708 dilectus
479 677 563 708 filius
586 676 701 707 nobilis
724 677 772 706 vir
794 674 893 716 Hugo
917 685 1026 706 comes
1049 674 1090 706 de
1108 674 1263 705 Buchekc
1286 673 1407 705 fraterd
1430 675 1498 706 eius
1522 674 1631 706 domui
1654 678 1709 706 tue
1727 674 1889 707 diceretur
1912 685 1983 707 esse

321 732 431 770 gratus
455 729 606 770 quodque
630 738 703 759 cum
726 728 789 758 illis
813 727 853 758 de
878 726 973 758 domo
997 727 1067 768 ipsa
1090 725 1197 757 fuerat
1218 726 1327 757 inclite
1350 726 1506 758 memorie
1522 726 1657 758 Henrici
1671 727 1876 768 imperatoris
1899 730 1983 758 tem-

322 791 399 822 pore
423 781 455 811 iu
478 780 624 821 partibus
646 779 860 818 Lombardie,
888 789 986 820 quare
1015 778 1056 809 de
1084 779 1154 819 ipso
1183 777 1290 809 eidem
1318 777 1456 809 ecclesie
1486 777 1635 809 duximus
1658 778 1904 820 providendum.
1950 778 1985 810 Si

322 833 407 864 enim
431 831 472 862 ad
496 835 585 863 tuum
610 831 696 872 quod
719 831 803 862 absit
825 840 1001 873 gravamen
1023 833 1134 861 noster
1156 839 1328 861 conversus
1352 828 1465 861 fuisset
1486 830 1629 869 intuitus,
1653 833 1708 862 tua
1726 830 1898 872 prudentia
1920 841 1985 862 non

321 885 458 925 ignorat,
483 883 571 925 quod
593 894 657 914 non
679 883 814 914 deerant
836 882 901 923 alii,
926 882 980 923 qui
1005 884 1059 912 tuo
1083 881 1230 912 faverent
1254 880 1360 912 emulo
1378 880 1500 922 tibique
1516 880 1623 912 forent
1639 881 1777 923 amplius
1799 881 1983 924 importuni.

323 934 499 976 Speremus
535 935 636 975 enim,
672 934 759 976 quod
792 934 888 965 istum
922 934 1024 964 virum
1056 933 1145 974 pacis
1173 933 1317 964 invenies
1344 942 1404 963 nec
1432 932 1556 974 aliquid
1583 933 1719 965 obtentu
1745 933 1879 965 alterius
1906 937 1984 977 aget

322 986 575 1028 reprehensibile
600 997 659 1018 nec
682 989 788 1028 pacta,
813 996 874 1027 que
898 985 1000 1016 habes
1024 995 1096 1015 cum
1119 984 1176 1015 illa
1199 984 1337 1016 ecclesia
1357 983 1494 1015 honesta
1518 987 1551 1016 et
1573 984 1672 1026 licita,
1696 985 1840 1018 violabit.
1879 984 1984 1028 Super

323 1049 386 1080 quo
411 1038 471 1069 sibi
495 1038 662 1080 dirigimus
686 1038 804 1079 scripta
827 1040 946 1068 nostra.

431 1092 459 1121 2.
497 1090 624 1121 Adiecit
653 1091 750 1121 etiam
779 1087 987 1130 postmodum
1016 1088 1150 1119 nuncius
1180 1087 1377 1127 antedictus,
1409 1087 1496 1129 quod
1524 1087 1600 1129 quia
1623 1088 1666 1120 ad
1689 1089 1860 1120 ecclesiam
1882 1088 1983 1122 Pata-

322 1143 466 1173 viensem
489 1151 627 1183 persona
651 1141 709 1171 tibi
733 1142 826 1182 grata
850 1143 883 1171 et
906 1139 1091 1171 favorabilis
1114 1149 1174 1180 per
1195 1150 1254 1170 nos
1277 1142 1428 1180 prompta
1451 1150 1513 1171 non
1537 1142 1616 1181 erat,
1640 1140 1703 1171 tuis
1726 1140 1865 1172 timebas
1888 1151 1983 1183 opor-

323 1193 512 1224 tunitatibus
542 1203 605 1223 non
635 1192 796 1223 modicum
827 1191 959 1222 obviari.
1006 1189 1110 1232 Super
1143 1200 1206 1232 quo
1235 1193 1326 1222 tuam
1356 1190 1585 1222 excellentiam
1607 1190 1754 1223 volumus
1784 1202 1847 1223 non
1870 1192 1984 1232 latere,

323 1244 409 1286 quod
444 1255 501 1275 nos
531 1244 713 1275 conditione
742 1243 900 1285 prelibate
933 1243 1069 1274 ecclesie
1102 1243 1134 1273 in
1162 1243 1255 1274 terris
1284 1243 1331 1273 tui
1359 1241 1498 1284 predicti
1527 1242 1704 1275 adversarii
1731 1244 1922 1276 constitute⁶
1951 1247 1986 1277 et

322 1297 477 1328 hactenus
501 1297 667 1327 innumera
691 1305 845 1337 perpesse
870 1294 1040 1336 dispendia
1056 1294 1260 1326 considerata
1276 1294 1384 1336 sepius
1401 1294 1583 1336 diligenter,
1607 1294 1779 1326 ecclesiam
1794 1296 1898 1337 ipsam
1920 1306 1986 1328 non

323 1347 459 1379 vidimus
476 1348 570 1379 aliter
586 1357 681 1389 posse
698 1357 868 1388 resurgere
892 1347 933 1378 ab
957 1346 1090 1386 eisdem,
1114 1347 1175 1377 nisi
1199 1356 1336 1388 persona
1361 1346 1446 1378 dicto
1462 1350 1557 1388 grata
1572 1346 1758 1378 adversario
1775 1346 1986 1388 preficeretur

322 1401 353 1430 in
377 1410 426 1431 ea.
473 1398 694 1435 Quamobrem
716 1409 774 1430 nos
797 1398 838 1430 ad
864 1398 1034 1430 ecclesiam
1061 1398 1165 1439 ipsam
1189 1399 1243 1439 pie
1267 1398 1443 1439 dirigentes
1466 1399 1686 1439 conpassionis
1709 1398 1861 1430 affectum
1885 1398 1984 1430 talem

323 1451 518 1492 preficiendo
543 1450 603 1482 sibi
619 1460 791 1492 personam
815 1451 921 1491 potius
939 1449 1075 1481 ecclesie
1092 1449 1263 1490 providere
1287 1449 1434 1480 volumus
1457 1453 1490 1481 et
1510 1450 1705 1482 intendimus
1721 1461 1818 1492 quam
1834 1461 1983 1492 persone.

321 1503 423 1535 Porro
447 1503 681 1544 Bambergensi
705 1502 840 1533 ecclesie
865 1501 906 1533 de
929 1511 1068 1543 persona
1091 1501 1230 1532 libenter
1252 1500 1452 1542 providimus
1474 1501 1532 1533 tibi
1556 1505 1648 1542 grata
1658 1502 1680 1532 ¹.

431 1557 459 1586 3.
493 1554 598 1596 Super
621 1564 659 1585 eo
676 1565 752 1586 vero
777 1553 863 1595 quod
886 1553 974 1584 idem
991 1554 1123 1585 nuncius
1139 1553 1231 1584 nobis
1256 1556 1289 1584 et
1305 1554 1440 1585 ecclesie
1457 1553 1604 1585 Romane
1623 1553 1829 1586 devotionem
1844 1557 1932 1586 tuam
1950 1558 1984 1586 et

322 1606 573 1637 benivolentiam
598 1605 763 1636 offerendo
787 1615 884 1646 super
908 1605 1073 1636 electionis
1097 1608 1150 1636 tue
1174 1605 1306 1646 negotio
1324 1607 1412 1636 tuam
1435 1605 1528 1636 nobis
1543 1604 1720 1637 iusticiamr
1734 1605 1982 1647 commendavit,

322 1657 468 1688 volumus
495 1656 626 1688 indubie
655 1660 686 1688 te
721 1660 846 1695 tenere,
882 1657 967 1698 quod
997 1656 1104 1697 illam,
1140 1659 1295 1698 quantum
1323 1667 1395 1688 cum
1425 1656 1496 1688 Deo
1525 1660 1559 1688 et
1586 1657 1709 1698 absque
1736 1658 1813 1688 iuris
1845 1658 1983 1690 cuiusvis

322 1709 453 1739 alterius
476 1708 598 1739 lesione
623 1708 816 1749 poterimus,
846 1707 1067 1739 favorabiliter
1094 1718 1342 1750 prosequemur,
1372 1709 1418 1739 ita
1450 1708 1536 1750 quod
1566 1714 1701 1751 regumg
1723 1713 1779 1740 aut
1801 1701 1982 1751 principum

321 1770 379 1790 seu
401 1760 538 1790 aliorum
562 1760 820 1801 quomodolibet,
849 1762 1066 1803 cuiuscunque
1090 1761 1304 1803 preminentis
1328 1762 1380 1793 vel
1405 1761 1570 1803 dignitatis
1593 1763 1747 1804 existant,
1776 1761 1903 1794 favores
1925 1765 1983 1794 aut

321 1821 444 1852 preceS,
468 1811 509 1842 de
533 1811 647 1852 quibus
670 1815 702 1843 te
726 1813 840 1844 timere
864 1813 1009 1854 prefatus
1031 1814 1165 1844 nuncius
1187 1812 1367 1854 asserebat,
1401 1813 1508 1845 eidem
1537 1814 1663 1845 iusticie
1690 1814 1874 1845 nullatenus
1896 1813 1984 1855 apud

321 1873 379 1894 nos
403 1862 518 1894 afferre
542 1866 693 1904 poterunt
716 1863 962 1905 detrimentum,
995 1865 1071 1906 quin
1101 1874 1184 1906 equa
1213 1865 1326 1896 lancea
1355 1868 1387 1896 et
1410 1865 1511 1897 libera
1544 1865 1669 1897 iusticie
1692 1865 1875 1907 predictum
1898 1865 1983 1897 elec-

322 1914 417 1944 tionis
444 1915 624 1955 negotium,
655 1918 810 1956 quantum
836 1916 868 1946 in
896 1916 988 1947 nobis
1011 1916 1122 1957 fuerit,
1155 1919 1379 1957 pertractetur.
1426 1915 1633 1948 Oblationem
1657 1920 1783 1958 autem,
1817 1927 1914 1959 quam
1942 1917 1984 1949 de

323 1965 531 2007 obsequendo
555 1966 647 1997 nobis
670 1970 703 1997 et
727 1967 833 1998 eidem
857 1967 994 1998 ecclesie
1018 1968 1142 1999 sincera
1173 1967 1344 1999 devotione
1375 1968 1495 2007 fecisti,
1526 1969 1666 2000 letanter
1693 1972 1726 2000 et
1752 1970 1860 2000 animo
1890 1972 1984 2011 grato

322 2017 502 2048 audivimus
525 2028 563 2049 ac
586 2017 644 2048 tibi
667 2029 725 2059 pro
748 2019 804 2049 illa
826 2018 1025 2060 gratiarum¹¹
1049 2019 1218 2051 referimus
1241 2020 1395 2051 actiones.
1442 2020 1579 2061 Insuper
1600 2021 1774 2062 petitiones
1796 2024 1869 2052 tuas
1891 2021 1984 2052 nobis

323 2069 447 2099 oblatas
471 2068 692 2101 favorabiliter
715 2071 897 2111 recepimus
921 2073 954 2102 et
977 2081 1042 2111 eas,
1067 2082 1146 2112 quas
1170 2071 1346 2103 secundum
1368 2071 1475 2103 Deum
1499 2073 1673 2114 potuimus,
1702 2072 1744 2104 ad
1767 2072 1984 2105 exauditionis

323 2121 459 2160 gratiam
480 2120 630 2152 duximus
653 2121 879 2154 admittendas.
925 2122 1079 2154 Ceterum
1102 2123 1254 2154 nonnulla
1277 2123 1342 2154 alia
1365 2124 1534 2165 proposuit
1555 2125 1688 2156 nuncius
1704 2123 1895 2165 antedictus,
1919 2135 1983 2166 que

323 2171 420 2203 modo
444 2172 579 2204 honeste
603 2176 767 2214 nequeunt
789 2173 970 2215 adimpleri,
994 2174 1051 2205 sed
1075 2178 1232 2216 oportuno
1257 2178 1404 2216 tempore
1421 2176 1570 2207 veniente
1594 2175 1636 2207 ad
1659 2186 1698 2207 ea
1722 2175 1819 2208 dante
1841 2175 1982 2208 Domino

323 2223 536 2255 intendemus.

432 2283 506 2315 Dat.
525 2284 721 2326 Avin(ione),
746 2285 867 2318 VIIII&
885 2286 958 2318 Kal.
977 2286 1119 2328 Octobr.,
1143 2298 1226 2319 anno
1250 2288 1398 2329 septimo.

429 2667 494 2694 673.
523 2669 546 2701 ⁰)
564 2670 680 2695 Rinchek
698 2680 719 2696 c.
799 2670 823 2704 ιι)
841 2673 934 2698 fractor
952 2682 973 2700 c.
1055 2674 1078 2707 Θ)
1096 2675 1228 2701 constitut-i
1246 2683 1268 2702 c.
1347 2672 1368 2708 ί)
1387 2676 1463 2701 iciam
1482 2676 1510 2701 in
1528 2676 1583 2701 loco
1601 2684 1662 2701 raso
1681 2684 1703 2702 c.
1787 2678 1812 2708 Β)
1831 2684 1941 2709 regnum
1959 2684 1981 2702 e.

326 2707 350 2743 ¹²)
369 2711 415 2737 tibi
434 2712 495 2736 add.
515 2720 534 2736 c.
623 2711 641 2742 i)
661 2722 728 2739 corr.
747 2723 777 2739 ex
795 2715 857 2740 Vm
875 2724 895 2741 c.

430 2787 456 2820 1)
477 2786 519 2819 C'f.
539 2787 644 2814 Riezler
661 2789 678 2815 l.
692 2797 712 2816 c,
729 2795 820 2823 p.144
838 2799 879 2818 wr.
897 2795 950 2818 275.

2002 740 2028 759 1⁰

2001 996 2026 1016 15
