2158 3138
484 167 712 208 Acraei-:cm
729 178 916 207 Lnnswmi
934 178 981 206 1v.
999 178 1046 207 m·
1065 178 1251 207 munsmcx
1270 179 1318 208 111.
1356 180 1430 208 1814.
1467 180 1587 210 Nr.134.
1800 185 1858 215 131

628 312 710 350 134.
752 311 927 359 Scriptum
954 313 1204 357 fideiussorum.
1313 313 1392 350 Dec.
1411 315 1446 350 4.

315 386 476 430 oriqinale
499 387 573 428 (cr.)
602 386 717 419 ibidem
744 385 764 419 Ζ,
788 396 814 418 c.
840 395 890 418 nr.
911 386 976 417 372
1002 384 1091 426 (olim
1119 385 1150 418 J
1160 387 1226 427 64).
1281 386 1480 419 Contulimus
1501 396 1568 419 nos,
1618 387 1652 419 Ε
1670 397 1726 419 sex
1747 387 1861 428 sigillis

198 439 341 482 pendent
362 437 466 471 adhuc
483 437 639 478 primum,
665 431 853 475 secundum,
883 439 1035 477 quartum
1064 437 1142 469 loris
1162 437 1416 470 membranaceis.
1465 438 1709 471 Transsumtum
1731 439 1799 480 (tr.)
1826 441 1862 471 in

205 489 365 524 tabultm’o
397 491 513 522 secreto
546 489 657 522 domus
686 489 790 530 reyiae
816 489 1026 527 Bawaricae5
1063 489 1104 527 cf.
1127 490 1324 529 prooemium
1349 490 1549 530 praecedens.
1610 491 1708 531 Copia
1736 491 1792 533 (c.)
1828 492 1864 523 in

173 557 186 579 ι
209 540 392 576 cartulario
413 541 510 573 citato
531 551 582 574 nr.
597 541 672 574 296.
695 557 738 564 —-
759 540 823 572 Ed.
849 539 1003 573 Devillers
1026 539 1046 572 l.
1062 550 1088 572 c.
1111 540 1183 579 III,
1206 540 1249 572 47
1270 551 1320 573 nr.
1338 541 1402 573 142
1423 552 1463 573 ex
1484 552 1512 574 c.

301 628 370 668 Nos
384 634 563 668 Balduinus
577 634 640 668 Dei
656 635 762 678 gratia
777 638 887 667 sancte
900 635 1108 668 Treverensis
1124 636 1261 668 ecclesie
1278 636 1548 679 archyepiscopus
1571 647 1609 669 ac
1633 638 1714 670 sacri
1734 638 1862 680 imperii

203 697 264 731 per
285 697 420 730 regnum
435 686 624 723 Arlatrense
647 686 974 729 archycancellarius‚
999 686 1186 719 Gherardus
1206 698 1315 719 comes
1331 688 1535 730 Iuliacensis,
1559 689 1730 731 Adulphus
1753 699 1864 721 comes

205 737 247 771 de
267 732 568 780 Moutcssohannos
583 747 693 770 comes
709 737 750 771 de
766 737 951 781 Spanehem
975 742 1008 770 et
1024 738 1173 771 dominus
1195 738 1236 771 de
1252 739 1503 780 Starkenberch,
1525 739 1699 782 Cragtcrus
1714 741 1863 773 dominus

205 789 247 822 de
276 789 476 832 Griipfsteyn
509 793 544 822 et
576 789 687 832 Ghyso
722 790 870 822 dominus
901 789 943 822 de
974 790 1179 823 Molesberch
1276 791 1432 823 universis
1469 795 1503 824 et
1534 792 1668 834 singulis
1694 796 1865 835 presentes

161 855 188 878 n
204 840 329 875 litteras
350 836 542 885 inspecturis
629 841 776 874 salutem.

313 893 395 927 cum
424 893 715 926 excellentissimus
740 894 892 936 princeps
920 893 1067 926 dominus
1098 897 1208 926 noster
1237 894 1420 926 carissimus
1446 894 1639 927 Ludowicus
1666 895 1730 927 Dei
1757 897 1862 938 gratis

205 944 427 978 Romanorum
449 955 508 978 rex
532 948 565 978 et
587 955 717 988 semper
739 948 896 988 augustus
919 948 1069 978 teneatur
1092 949 1125 977 et
1147 945 1189 977 sit
1212 945 1374 988 obligatus
1403 946 1572 988 spectabili
1595 947 1662 978 viro
1686 946 1862 979 Guillelmo

206 997 317 1029 comiti
337 990 530 1040 Haynonie‚
553 991 744 1039 Hollandie,
772 996 948 1029 Zeelandie
977 1007 1015 1029 ac
1043 996 1173 1029 domino
1195 997 1300 1029 Frisie
1323 998 1457 1039 eiusque
1481 998 1656 1030 heredibus
1680 1002 1713 1030 et
1735 1009 1861 1030 succes-

205 1047 331 1081 soribus
363 1049 396 1080 in
426 1049 659 1097 quinquaginta
690 1051 724 1081 et
754 1047 880 1080 duabus
913 1048 1043 1080 milibus
1076 1048 1167 1080 libris
1195 1047 1466 1091 Turoueu(sibus)
1497 1050 1660 1092 nigrorum
1690 1060 1862 1092 parvorum

161 1113 186 1134 is
202 1098 466 1142 Turonen(sium)
493 1100 619 1143 sibique
653 1099 774 1132 debeat
807 1101 973 1143 assignare
1003 1099 1122 1132 dictam
1157 1110 1315 1132 summam
1348 1102 1485 1142 pecunie
1513 1102 1545 1133 in
1573 1101 1681 1143 aliquo
1710 1101 1862 1134 tcoloneo

206 1162 303 1194 supra
325 1151 464 1192 Renum,
487 1163 546 1184 nos
569 1162 682 1184 omnes
705 1155 738 1184 et
760 1152 878 1194 singuli
901 1155 935 1184 et
957 1151 1094 1194 quilibet
1115 1155 1257 1183 nostrum
1287 1152 1318 1184 in
1348 1152 1486 1184 solidum
1514 1152 1555 1184 ad
1579 1163 1693 1195 preces
1716 1156 1749 1185 et
1772 1163 1861 1185 mau-

206 1203 318 1236 datum
341 1202 464 1236 domini
485 1204 586 1236 nostri
608 1203 695 1246 regis
717 1204 855 1246 predicti
879 1203 965 1236 dicto
989 1205 1099 1236 comiti
1122 1203 1299 1237 Guillelmo
1328 1215 1386 1247 pro
1410 1215 1456 1246 se,
1481 1205 1655 1237 heredibus
1679 1209 1712 1237 et
1734 1216 1862 1238 succes-

174 1294 177 1296 ,
205 1254 331 1287 soribus
360 1255 425 1287 suis
451 1255 667 1297 promittimus
696 1255 782 1288 bona
809 1255 890 1295 fide,
923 1256 1009 1298 quod
1037 1257 1063 1287 si
1094 1255 1198 1288 dictus
1228 1266 1287 1288 rex
1310 1267 1374 1288 non
1397 1257 1530 1288 solverit
1552 1267 1710 1289 summam
1727 1258 1862 1299 pecunie

204 1304 402 1340 antedictam
423 1306 477 1339 vel
498 1318 563 1339 non
589 1307 803 1350 assignaverit
835 1307 895 1339 sibi
923 1307 1122 1349 teoloneum,
1150 1309 1183 1340 in
1213 1319 1277 1350 quo
1305 1308 1423 1340 dictam
1447 1319 1605 1340 summam
1629 1309 1764 1350 pecunie
1788 1319 1862 1351 per-

162 1366 189 1391 so
206 1358 314 1402 cipere
337 1359 439 1401 possit
460 1358 544 1391 infra
565 1359 684 1392 festum
705 1359 918 1392 Pentecostes
941 1360 1089 1402 proximo
1111 1370 1195 1391 nunc
1218 1359 1377 1401 futurum,
1404 1370 1462 1392 nos
1491 1363 1525 1392 et
1554 1359 1691 1402 quilibet
1717 1364 1861 1392 nostrum
1876 1357 1968 1402 ,3ξῇ

204 1411 237 1443 in
270 1409 408 1443 solidum
439 1413 592 1453 tanquam
625 1411 702 1443 boni
736 1411 942 1444 fideiussores
974 1414 1123 1444 tenemur
1156 1414 1189 1443 et
1222 1421 1331 1443 sumus
1354 1411 1489 1454 obligati
1521 1411 1608 1444 dicto
1638 1412 1747 1444 comiti
1771 1411 1862 1444 Guil-

205 1461 320 1504 lelmo,
350 1462 420 1494 eius
445 1462 621 1495 heredibus
649 1466 682 1495 et
711 1462 948 1496 successoribus
976 1462 1162 1494 satisfacere
1197 1463 1237 1495 de
1271 1473 1397 1495 summa
1430 1464 1567 1506 pecunie
1601 1463 1774 1496 antedicta.
1820 1463 1862 1495 Et

205 1513 233 1546 si
259 1523 318 1545 nos
344 1514 376 1545 in
403 1514 566 1546 solucione
594 1514 680 1546 dicte
710 1515 847 1557 pecunie
872 1514 1106 1554 defficeremus,
1130 1515 1346 1556 promittimus
1369 1515 1455 1546 bona
1477 1515 1556 1554 fide,
1580 1515 1667 1557 quod
1690 1519 1861 1557 postquam

205 1566 319 1598 moniti
352 1566 508 1598 fuerimus
543 1577 602 1609 per
631 1567 784 1599 comitem
813 1566 1010 1599 antedictum
1039 1566 1091 1598 vel
1124 1566 1192 1598 eius
1221 1570 1344 1598 certum
1372 1567 1521 1598 nuncium
1552 1577 1660 1598 secum
1689 1567 1861 1609 transcrip-

163 1625 188 1647 ω
205 1618 274 1649 tum
301 1616 481 1651 litterarum
510 1618 710 1660 presentium
743 1618 801 1650 sub
832 1618 941 1660 aliquo
970 1618 1075 1660 sigillo
1106 1618 1283 1650 autenttico
1311 1617 1543 1658 deferentem¹‚
1577 1620 1703 1651 mittere
1727 1618 1862 1651 Colonie

205 1678 264 1700 nos
296 1667 566 1712 archyepiscopus
598 1669 779 1702 antedictus
813 1680 911 1702 unum
946 1669 1082 1701 militem
1115 1669 1167 1701 vel
1201 1669 1283 1701 duos
1311 1669 1496 1710 scutiferos,
1530 1680 1588 1701 nos
1617 1681 1726 1702 comes
1762 1671 1861 1703 Iulia-

206 1719 310 1752 censis
339 1720 419 1753 duos
445 1721 630 1765 scutiferos,
659 1731 718 1754 nos
745 1731 853 1754 comes
883 1721 923 1753 de
957 1721 1068 1753 Monte
1102 1731 1199 1752 unum
1234 1720 1368 1753 militem
1392 1721 1444 1753 vel
1476 1721 1556 1753 duos
1590 1722 1774 1763 scutiferos,
1803 1734 1863 1754 nos

206 1781 316 1804 comes
342 1771 504 1805 Iohannes
537 1772 578 1806 de
609 1772 794 1816 Spanehem
823 1783 922 1805 unum
956 1772 1171 1814 scutiferum·,
1206 1783 1264 1804 nos
1293 1772 1467 1815 Oragterus
1496 1773 1644 1806 dominus
1675 1773 1716 1806 de
1740 1773 1861 1817 Griipf-

205 1825 299 1866 steyn
321 1823 402 1856 duos
424 1824 594 1857 scutiferos
617 1828 651 1857 et
673 1835 732 1857 nos
754 1822 865 1867 Ghyso
889 1823 1037 1856 dominus
1064 1824 1104 1856 de
1128 1823 1332 1855 Molcsberch
1356 1824 1436 1856 duos
1459 1825 1641 1865 scutiferos,
1674 1826 1726 1867 qui
1751 1836 1863 1858 omnes

164 1889 191 1911 ιο
207 1878 242 1909 et
268 1875 384 1918 singuli
406 1876 526 1909 milites
557 1879 591 1909 et
618 1876 761 1909 scutiferi
787 1875 953 1908 intrabunt
982 1877 1146 1908 civitatem
1175 1875 1309 1908 colonie
1347 1880 1380 1907 et
1409 1876 1529 1909 ibidem
1561 1877 1713 1910 iacebunt
1746 1879 1863 1910 nostris

205 1920 351 1970 propriis*
371 1927 551 1971 sumptibus
579 1930 613 1960 et
639 1929 803 1970 expensis,
832 1939 895 1960 non
924 1928 1080 1959 recessuri
1110 1927 1151 1959 de
1181 1927 1267 1959 dicta
1297 1927 1373 1959 villa
1403 1927 1551 1969 Colonie,
1576 1940 1742 1972 quousque
1766 1929 1864 1962 fuerit

205 1978 292 2014 dicto
316 1979 426 2012 comiti
438 1979 624 2020 Guillelmo,
648 1980 717 2012 eius
732 1979 908 2013 heredibus
931 1983 964 2011 et
986 1978 1224 2011 successoribus
1247 1978 1288 2011 de
1312 1979 1399 2011 dicta
1421 1991 1546 2012 summa
1568 1981 1704 2022 pecunie
1721 1982 1861 2024 integra-

205 2030 280 2065 liter
302 2031 511 2064 satisfactum.
555 2031 599 2064 Et
625 2032 651 2063 si
675 2031 779 2063 dictus
802 2041 910 2063 comes
934 2034 1066 2072 propter
1089 2029 1252 2062 defectum
1280 2035 1424 2063 nostrum
1447 2032 1625 2064 incurreret
1647 2031 1788 2075 dampna
1811 2030 1862 2065 vel

207 2093 381 2126 expensas,
409 2083 470 2115 sibi
499 2084 598 2116 etiam
624 2083 843 2115 reffundemus
871 2085 903 2115 et
934 2083 1148 2114 resartiemus.
1194 2082 1236 2113 Et
1261 2082 1302 2114 ad
1331 2082 1392 2114 hec
1415 2084 1523 2115 omnia
1546 2087 1579 2115 et
1601 2084 1727 2125 singula
1750 2095 1862 2126 supra·

163 2143 190 2165 ss
207 2130 326 2178 scripta
347 2134 506 2176 tenenda,
534 2135 684 2167 facienda
706 2135 854 2167 similiter
883 2137 916 2166 et
942 2133 1095 2176 inplenda
1118 2133 1300 2176 obligamus
1327 2145 1385 2166 nos
1408 2139 1441 2166 et
1464 2135 1642 2177 quemlibet
1665 2139 1807 2167 nostrum
1830 2136 1862 2167 in

207 2187 360 2229 solidum,
383 2186 523 2220 heredes
546 2190 580 2219 et
601 2196 804 2219 successores
825 2189 965 2225 nostros,
990 2185 1074 2217 bona
1096 2189 1205 2217 nostra
1227 2185 1360 2217 mobilia
1383 2189 1416 2218 et
1439 2186 1622 2227 inmobilia,
1644 2188 1807 2229 presentia
1830 2191 1864 2219 et

206 2238 324 2271 futura.
368 2238 603 2271 Renuntiantes
626 2238 774 2270 omnibus
797 2237 925 2269 auxiliis
949 2240 982 2268 et
1003 2236 1169 2269 beneficiis
1191 2237 1268 2269 iuris
1291 2241 1325 2269 et
1347 2237 1439 2278 facti,
1470 2238 1585 2280 quibus
1608 2243 1719 2270 contra
1743 2238 1861 2270 dictum

208 2290 359 2323 comitem
374 2289 594 2332 Guillelmum,
617 2291 686 2323 eius
708 2289 847 2322 heredes
870 2292 903 2321 et
919 2298 1120 2321 successores
1136 2299 1304 2331 possemus
1326 2299 1385 2321 nos
1409 2290 1654 2331 quomodolibet
1676 2290 1862 2322 deffendere

207 2341 260 2374 vel
289 2342 381 2383 tueri.
470 2342 509 2374 In
539 2352 675 2384 quorum
705 2341 847 2373 omnium
877 2341 1095 2372 testimonium
1130 2345 1163 2373 et
1193 2342 1357 2373 munimen
1384 2341 1490 2383 sigilla
1522 2346 1631 2374 nostra
1660 2342 1863 2384 presentibus

163 2403 191 2426 ω
207 2392 323 2426 litteris
345 2392 495 2426 duximus
517 2393 719 2436 apponenda.

315 2451 437 2486 Datum
466 2453 618 2495 Oolonie,
654 2456 768 2495 quarta
799 2451 851 2484 die
880 2452 999 2484 mensis
1028 2451 1234 2491 Decembris,
1268 2462 1351 2484 anno
1383 2451 1512 2484 Domini
1547 2452 1718 2484 millesimo
1747 2453 1862 2499 tricen7

4 2496 22 2559 {2⁴
209 2504 324 2537 tesimc
349 2505 602 2547 quartodecimo.

313 2700 378 2729 184.
405 2703 430 2735 ¹)
448 2711 516 2730 corr.
534 2710 566 2728 a
583 2703 689 2729 militem
708 2712 745 2729 cr.

315 2779 342 2811 1)
364 2778 404 2811 Of.
421 2779 582 2812 prooemium
599 2777 636 2806 ad
653 2786 695 2806 nr.
709 2781 764 2806 133.
