2190 3172
554 208 784 240 Acu‘nmm
804 211 986 240 LUDBWICI
1006 211 1052 239 ιν.
1071 211 1117 239 m·
1137 211 1320 241 emm-:mcx
1339 212 1387 240 111.
1425 214 1499 242 1314.
1535 214 1583 242 nr.
1599 217 1656 244 142.
1866 223 1924 253 ¹37

280 302 409 331 notorias
430 311 486 338 que
507 302 538 330 in
560 302 630 338 ipsis
652 311 714 331 esse
735 304 891 331 noscuntur
912 302 1169 336 conservabimm',
1193 303 1438 332 manutenebimus
1465 307 1496 333 et
1517 306 1553 333 ad
1575 307 1690 342 plenum
1713 309 1841 337 effectum
1867 311 1925 339 Deo

280 353 409 390 propicio
431 354 616 390 perducemus
624 354 648 382 *.

389 402 420 433 2.
453 406 486 433 In
507 405 607 441 primis
629 404 777 433 ecclesiam
800 407 928 434 sanctam
951 406 1003 434 Dei
1026 407 1055 434 et
1070 406 1233 441 specialiter
1247 407 1394 435 ecclesiam
1410 407 1607 443 Mogentinam
1623 419 1674 445 per
1689 413 1783 440 omnia
1799 414 1925 442 membra
1939 427 1958 442 ο,
1970 422 1990 443 a

281 465 333 485 sua
354 458 414 485 tam
435 456 466 484 in
488 456 684 492 spiritualibus
706 465 792 491 quam
814 457 1018 493 temporalibus
1046 458 1076 485 et
1098 457 1231 485 ecclesias
1253 458 1308 485 sibi
1331 458 1472 486 subiectas
1495 460 1634 494 civitatis,
1662 462 1790 497 dyocesis
1813 467 1843 492 et
1865 474 1926 500 pro-

248 516 260 536 s
282 507 374 537 vincis
395 505 586 544 Mogunfliue)
609 507 818 536 desen-abimus
841 508 970 542 fideliter,
993 509 1222 537 conservabimus
1244 511 1275 538 et
1295 510 1541 539 manutenebimus
1564 513 1717 542 efficaciter
1745 515 1774 543 in
1798 517 1927 544 omnibu.

280 559 339 588 suis
361 559 477 593 iuribus,
501 559 663 593 honoribus,
686 559 876 594 libertatibus,
899 560 989 594 bonis,
1012 561 1246 596 possessionibus,
1269 561 1426 597 privilegiis
1449 565 1478 590 et
1499 564 1603 598 graciis
1626 565 1679 592 sibi
1699 566 1774 594 datis
1796 570 1826 596 et
1844 569 1927 596 faeti.

280 620 299 640 a
319 607 416 639 divis‘
433 611 652 647 imperatoribus
675 613 706 639 et
727 611 916 640 Romanorum
939 612 1061 648 regibus.

389 659 418 691 3.
450 663 523 691 Item
544 663 663 698 gracias,
686 662 837 699 privilegia
859 665 888 691 et
910 663 1058 692 libertates
1081 664 1241 692 huiusmodi
1263 666 1294 692 et
1315 665 1427 693 litteras
1448 675 1639 702 quascumque
1656 668 1784 698 divorum
1807 671 1925 707 impem
1939 679 1990 700 αι

280 717 373 744 torum
397 716 427 743 et
448 714 638 742 Romanorum
661 723 759 750 regum
781 710 878 743 dieto*
897 715 1110 751 archiepiscopo
1133 718 1163 744 et
1184 716 1301 744 ecclesie
1325 717 1491 752 Moguntiue
1514 724 1683 747 concessas
1698 717 1927 760 approbamus,

236 775 263 795 io
279 767 484 795 confirmamus
513 767 544 794 et
573 771 615 794 ex
642 765 732 794 corta
760 762 898 795 sciencia
926 767 1103 795 innovamus
1126 767 1200 795 sicut
1222 767 1316 795 iacent
1338 768 1373 796 de
1396 769 1481 797 verbo
1504 770 1540 797 ad
1563 771 1678 798 verbnm
1702 772 1736 800 et
1762 769 1794 800 iu
1817 772 1926 812 specie

279 827 331 854 per
353 817 490 857 speciales
511 817 643 846 litteras*
664 813 898 855 innovabimus‚
920 821 1006 854 prout
1027 818 1121 847 idem*
1144 819 1372 854 archiepiscopus
1396 820 1436 848 eis
1458 820 1613 855 indiguerit
1628 824 1657 850 et
1673 832 1720 851 eas
1736 825 1926 861 requisiverit,

240 872 259 873 ”
279 862 340 898 sub
361 869 441 905 regio
463 870 493 898 et
514 869 656 905 imperiali
679 866 793 906 eciam,
817 869 842 897 si
864 870 900 898 ad
922 870 1033 898 culmen
1056 870 1183 906 provecti
1206 870 1342 899 fuerimus
1364 871 1519 907 imperiale,
1535 873 1629 908 sigillo
1645 871 1926 906 confirmabimus*

279 919 314 950 et
333 916 558 950 innovabimus
581 916 712 949 easdem
736 921 951 957 consignandas.
970 950 973 952 ,

387 971 418 1001 4.
451 973 522 1001 Item
546 968 727 1010 predictum
750 973 1020 1009 ‘'archiepiscopum,
1044 974 1238 1002 *successores
1260 983 1325 1002 suos
1348 976 1378 1003 et
1393 975 1539 1003 ecclesiam
1555 977 1774 1012 Mogontinam‘
1795 989 1846 1015 pro
1861 983 1924 1009 toto
1938 986 1989 1006 0-1-

237 1035 262 1056 ιιι
279 1033 363 1061 posse
384 1026 483 1053 nostro
511 1024 571 1052 sine
594 1025 734 1053 dilacione
757 1025 908 1053 adiuvare
930 1021 1146 1064 promittimus
1169 1035 1232 1054 cum
1255 1027 1365 1060 effectu,
1389 1027 1478 1055 eciam
1498 1029 1693 1064 personaliter.
1717 1030 1741 1058 si
1765 1031 1851 1060 fuerit
1873 1033 1926 1062 hoc

277 1085 401 1111 necesse,
423 1078 523 1105 contra
544 1076 688 1112 quoslibet
709 1077 899 1111 iniuriatores,
922 1077 1089 1106 temerarios
1113 1078 1275 1111 offensores,
1298 1078 1460 1107 turbatores
1482 1080 1606 1115 ipsorum
1630 1081 1666 1108 ad
1688 1081 1830 1111 iusticiam
1854 1086 1925 1120 opti.

278 1129 401 1157 nendam
423 1129 460 1157 ab
474 1129 546 1164 ipsis
567 1130 597 1157 et
618 1128 751 1156 iniuriam
767 1129 925 1164 quamlibet
946 1130 1167 1165 propellendam,
1191 1130 1304 1165 quando
1327 1132 1358 1158 et
1379 1131 1514 1165 quociens
1536 1141 1587 1168 per
1601 1132 1702 1168 ipsum,
1725 1139 1926 1164 successores

278 1186 354 1208 suos
375 1176 427 1208 vel
451 1176 621 1208 ecclesiam
644 1175 867 1219 Moguntinam
890 1181 1025 1209 fuerimus
1047 1181 1187 1216 requisiti.

387 1231 416 1260 5.
450 1233 522 1261 Item
546 1241 645 1260 causas
668 1233 874 1260 ecclesiasticas
896 1233 974 1261 nullo
997 1233 1081 1261 modo
1103 1233 1173 1260 alibi
1195 1233 1313 1261 tractari
1336 1242 1385 1262 seu
1408 1234 1501 1262 decidi
1529 1235 1583 1262 nisi
1607 1244 1700 1263 coram
1724 1237 1802 1264 suis*
1823 1238 1920 1266 iudici·
1935 1246 1955 1262 s.
1968 1243 1988 1263 ³-

234 1293 262 1314 ὀ
279 1285 332 1313 bus
353 1284 559 1320 permittemus.
604 1284 742 1312 Personas
765 1285 854 1312 eciam
877 1284 1082 1313 ecclesiasticas
1104 1293 1156 1320 pro
1179 1293 1355 1320 quacumque
1377 1294 1462 1313 causa
1484 1295 1541 1314 non
1563 1286 1633 1314 alibi
1655 1287 1710 1315 nisi
1733 1297 1826 1317 coram
1850 1291 1927 1318 suis*

278 1336 418 1365 iudicibus
439 1336 636 1372 permittemus
659 1338 710 1364 aut
732 1337 934 1364 sustinebimus
956 1337 1101 1365 conveniri
1124 1346 1174 1365 seu
1195 1337 1285 1365 eciam
1308 1337 1436 1365 iudicari.

387 1385 416 1416 6.
448 1389 521 1416 Item
547 1388 712 1416 theloneum
739 1388 768 1415 in
798 1388 942 1422 Lousteiu,
972 1389 1048 1423 quod
1075 1390 1192 1424 propter
1222 1397 1320 1416 causas
1347 1391 1455 1422 certas,
1483 1398 1563 1417 veras
1591 1392 1620 1418 et
1648 1391 1737 1419 iustas
1760 1392 1923 1421 institutum
1938 1397 1989 1417 ²⁸-

278 1440 436 1469 dinoscitur
463 1442 493 1468 et
525 1439 662 1468 traditum
695 1440 812 1468 ecclesie
845 1440 1012 1476 Mogontine
1040 1449 1092 1476 per
1118 1441 1183 1468 dive
1211 1441 1345 1469 memorie
1374 1449 1454 1476 reges
1483 1441 1686 1475 Romanorum,
1709 1444 1925 1474 confirmacione

279 1492 354 1521 sedis
381 1492 538 1528 apostolice
565 1492 602 1520 ad
630 1492 684 1520 hoc
710 1493 890 1528 postmodum
917 1492 1076 1526 subsecuta,
1109 1493 1256 1520 laudamus
1284 1501 1319 1520 ex
1349 1494 1427 1521 certa
1454 1493 1577 1521 sciencia
1602 1495 1632 1521 et
1654 1502 1689 1522 ex
1711 1503 1796 1530 super
1818 1497 1924 1525 habun-

234 1550 261 1571 25
279 1544 360 1573 danti
383 1545 611 1578 confirmamus?
632 1544 808 1572 innovamus
831 1542 864 1572 et
887 1539 1001 1572 damus
1023 1545 1124 1572 eidem.

389 1595 418 1624 7.
451 1597 524 1625 Item
547 1597 680 1632 opidum⁰
695 1591 914 1632 Soligensmdd
930 1598 960 1624 et
975 1597 1142 1624 comitatum
1157 1597 1234 1624 Bach
1242 1596 1342 1632 gowie
1357 1599 1475 1632 propter
1491 1597 1640 1625 veritatem
1657 1598 1791 1633 opinione
1807 1600 1924 1628 cedente
1938 1606 1959 1623 ο·
1967 1603 1988 1624 ⁷·

279 1649 454 1684 compertam
481 1650 511 1676 et
536 1648 679 1676 iusticiam
707 1648 868 1684 expeditam
895 1648 970 1676 clare
992 1648 1110 1676 dicimus
1139 1650 1169 1676 et
1198 1648 1310 1684 publice
1338 1648 1527 1676 declaramus
1554 1649 1591 1676 ad
1615 1650 1755 1685 prefatam
1778 1650 1925 1678 ecclesiam

278 1700 476 1736 Moguntinam
498 1699 559 1728 sine
581 1699 666 1728 dubio
689 1699 840 1735 pertinere.

388 1748 417 1780 8.
450 1752 524 1780 ltem
550 1751 702 1787 specialem
730 1751 954 1787 prerogativam,
985 1760 1070 1787 quam
1099 1751 1186 1779 habet
1213 1753 1243 1779 et
1274 1751 1378 1779 habere
1406 1751 1491 1779 debet
1522 1760 1607 1787 super
1635 1752 1867 1781 ministerialibus
1895 1756 1925 1782 et
1939 1759 1988 1778 ιο.

237 1809 264 1830 so
281 1803 470 1832 castrensibus
504 1803 622 1831 ecclesie
654 1803 822 1839 Moguntine
856 1813 914 1832 non
946 1804 1093 1831 trahendis
1120 1803 1150 1831 in
1176 1803 1220 1831 ius
1249 1811 1342 1831 coram
1371 1803 1468 1838 aliquo
1497 1804 1616 1831 seculari
1644 1804 1748 1837 iudice,
1770 1805 1826 1833 nisi
1848 1805 1926 1841 prius

280 1864 375 1884 coram
396 1855 511 1883 domino
534 1864 584 1883 suo
605 1855 854 1891 *archiepiscopo*
877 1852 931 1894 qui
952 1862 1011 1893 pro
1034 1854 1181 1892 tempore
1205 1850 1301 1883 fuerit
1323 1855 1528 1883 conveniantur
1550 1857 1580 1883 et
1601 1855 1642 1883 ibi
1663 1856 1707 1883 ius
1729 1856 1849 1889 deficiat,
1873 1866 1924 1892 pro

279 1915 448 1943 quaounque
470 1915 555 1935 causa
578 1907 806 1935 conservabimus
827 1907 1033 1935 inviolabiliter
1055 1909 1085 1935 et
1107 1907 1144 1934 ab
1165 1907 1230 1934 aliis
1252 1906 1387 1935 faciemus
1410 1906 1541 1934 similiter
1563 1907 1714 1935 observari.

388 1957 417 1987 9.
452 1959 524 1987 Item
551 1959 780 1987 conservabimus
808 1961 838 1987 et
869 1959 1114 1987 manutenebimus
1143 1959 1275 1987 eundem
1302 1954 1579 1996 archiepiscopum
1611 1961 1641 1987 et
1671 1959 1818 1987 ecclesiam
1845 1969 1925 1988 suam
1938 1965 1988 1985 α’.

280 1998 504 2049 Moguntiuam
531 2010 688 2046 predictam
716 2011 746 2038 in
776 2011 897 2045 iuribus,
923 2011 1093 2044 honoribus,
1116 2010 1305 2046 dignitatibus
1328 2012 1358 2038 et
1380 2010 1554 2038 utilitatibus
1578 2011 1715 2038 universis
1737 2011 1924 2039 archicancel-

238 2069 263 2090 ιο
281 2062 352 2091 larie
374 2063 447 2091 sacri
469 2063 581 2098 imperii
603 2071 654 2098 per
676 2062 856 2090 Germaniam
879 2065 909 2091 et
931 2063 1093 2098 specialiter
1115 2063 1144 2090 in
1160 2062 1337 2095 cancellario,
1360 2062 1577 2097 prothonotario
1592 2064 1622 2090 et
1637 2062 1756 2090 notariis
1773 2063 1922 2091 instituen-

280 2114 324 2142 dis
346 2116 377 2142 et
398 2114 594 2147 destituendis,
618 2110 746 2153 quando
770 2113 804 2142 et
826 2111 979 2152 quociens
1001 2110 1147 2148 voluerit,
1164 2114 1193 2141 in
1216 2114 1283 2141 aula
1297 2114 1376 2149 regia
1391 2123 1442 2149 per
1456 2114 1583 2147 eundem.
1607 2114 1656 2148 qui
1671 2114 1725 2141 sibi
1741 2114 1803 2142 loco
1820 2117 1850 2143 et
1865 2115 1925 2142 vice

280 2166 372 2194 nostri
388 2175 440 2202 pro
457 2166 629 2199 obediencia,
652 2166 814 2194 reverencia
829 2168 859 2194 et
874 2166 1010 2194 fidelitate
1026 2166 1124 2194 debita
1145 2165 1322 2193 observanda
1343 2165 1450 2193 facient
1471 2165 1668 2193 iuramentum.
1706 2165 1742 2193 Et
1764 2166 1793 2193 in
1816 2166 1925 2194 decima

281 2217 336 2246 sibi
357 2219 388 2246 et
410 2218 528 2246 ecclesie
551 2226 600 2245 sue
622 2217 720 2245 debita
742 2218 776 2246 de
799 2218 898 2251 sturis,
923 2218 1118 2246 exactionibus
1145 2217 1204 2245 sive
1233 2217 1452 2245 obvencionibus
1476 2217 1623 2245 Iudeorum
1652 2226 1685 2244 ac
1707 2217 1786 2250 aliis,
1809 2227 1864 2252 que
1890 2218 1925 2246 de

280 2270 359 2298 curia
381 2269 460 2306 regia
482 2270 580 2298 cedere
603 2269 658 2297 sibi
680 2269 785 2298 debent
806 2270 913 2298 intuitu
936 2269 1182 2298 archicancellario
1205 2269 1339 2304 predicte.
1376 2268 1490 2296 Nullum
1512 2269 1602 2297 eciam
1624 2269 1653 2296 in
1676 2269 1731 2296 hiis
1754 2269 1798 2297 vel
1826 2270 1923 2304 aliquo

236 2329 264 2349 so
281 2321 481 2358 premissorum
509 2330 558 2349 seu
585 2321 650 2349 aliis
677 2321 734 2349 suis
761 2321 869 2349 iuribus
896 2317 971 2358 sibi,
1001 2316 1239 2349 successoribus
1265 2317 1331 2348 suis
1358 2319 1414 2348 aut
1436 2315 1573 2348 ecclesie
1597 2315 1784 2357 Moguntiue
1808 2321 1923 2356 impedi-

278 2373 424 2402 mentum*
445 2372 659 2408 quomodolibet
681 2373 816 2400 faciemus
838 2381 889 2408 per
910 2382 962 2401 nos
985 2375 1036 2400 aut
1057 2373 1128 2400 alios
1151 2373 1224 2400 clam
1247 2373 1291 2400 vel
1314 2372 1417 2407 palam,
1439 2372 1545 2400 directe
1570 2372 1613 2399 vel
1636 2372 1780 2405 indirecte,
1802 2373 1845 2400 vel
1862 2373 1921 2400 fler-i

280 2425 316 2453 ab
338 2425 435 2460 aliquo
459 2425 503 2453 vel
526 2424 668 2460 aliquibus
691 2425 896 2459 permittemus.

390 2475 438 2505 10.
472 2477 544 2504 Item
567 2471 690 2512 damus,
712 2471 905 2503 conferimus
929 2476 963 2503 et
984 2476 1044 2503 sine
1067 2475 1235 2504 difficultate
1257 2475 1385 2510 qualibet
1399 2475 1574 2503 dimittemus
1596 2471 1657 2513 ipsi
1680 2470 1923 2512 archiepiscopo
1936 2481 1999 2500 ‹²¹⁰-

279 2528 444 2556 theloneum
474 2528 550 2563 apud
576 2529 700 2555 castrum
728 2537 809 2555 suum
837 2527 986 2561 Erenvels,
1016 2527 1105 2555 donec
1133 2527 1167 2555 de
1196 2527 1258 2562 ipso
1288 2535 1305 2554 a
1335 2529 1462 2562 tempore
1494 2527 1649 2554 creacionis
1681 2529 1776 2554 nostre
1804 2527 1923 2561 recipiat

235 2584 264 2605 ιι
279 2579 460 2616 integraliter
481 2581 512 2608 et
533 2580 672 2615 conplete,
695 2579 829 2614 quicquid
851 2579 943 2607 adhuc
965 2579 1000 2607 de
1023 2579 1135 2607 residuo
1158 2578 1213 2606 sibi
1235 2578 1337 2611 deficit,
1361 2579 1436 2613 quod
1459 2587 1508 2607 sue
1531 2579 1708 2606 estimacioni
1730 2578 1921 2613 relinquimus,

278 2631 310 2659 in
331 2631 388 2659 hiis
409 2640 464 2666 que
486 2631 551 2659 dive
572 2631 708 2659 memorie
723 2631 853 2659 dominus
869 2626 1025 2659 Heuricus‘
1040 2631 1229 2658 Romanorum
1244 2631 1399 2666 imperator
1421 2626 1632 2668 predecessor
1655 2630 1763 2657 noster
1786 2630 1814 2657 iu
1830 2630 1922 2664 prims

279 2682 425 2711 creaoione
447 2691 498 2710 sua
519 2682 550 2710 in
572 2682 779 2711 Romanorum
802 2691 906 2718 regem,
929 2685 987 2710 tam
1011 2691 1062 2718 pro
1085 2683 1139 2710 hiis
1162 2691 1217 2717 que
1239 2682 1381 2717 quondam
1401 2682 1534 2709 Albertus
1556 2682 1743 2709 Romanorum
1767 2691 1815 2709 rex
1838 2690 1921 2716 quain

383 2779 447 2807 1⁴2·
475 2781 498 2814 ⁸)
516 2786 542 2807 et
559 2781 622 2807 add.
641 2782 665 2808 2.
740 2781 764 2814 b)
783 2782 839 2807 firm
858 2782 885 2807 in
902 2790 998 2807 rasura
1021 2783 1041 2807 1.
1120 2781 1143 2813 θ)
1162 2781 1282 2814 oppidum
1300 2780 1324 2806 2.
1404 2779 1429 2811 d)
1448 2781 1603 2813 Soliginmd
1621 2781 1645 2806 2.
1723 2782 1747 2811 ⁸)
1767 2782 1920 2814 inpedimen-

279 2827 334 2850 tum
352 2823 377 2851 2.
464 2823 484 2857 f)
502 2825 641 2851 Heinricus
658 2824 682 2851 2.

383 2891 420 2910 ιι..
431 2891 643 2911 cenerum-nonne
655 2892 679 2911 v.
1684 2882 1716 2908 18
