2184 3126
158 1027 182 1047 15

158 1609 183 1630 25

157 2183 181 2204 85

158 2439 184 2458 ⁴0

405 206 503 236 ACTA
520 206 635 239 amm
652 206 836 234 LUDEWICI
856 205 904 234 IV.
922 206 968 234 ΕΤ
987 205 1173 234 FBIDERICI
1192 206 1241 234 111.
1277 206 1353 234 1324.
1389 206 1437 233 Nr.
1450 206 1510 234 877.
1528 205 1588 234 878.
1606 205 1666 234 879.

201 293 417 335 invaluerunt,
447 303 653 336 nequaquam
679 303 827 326 securum
855 296 940 334 erat,
968 297 1004 325 ut

202 346 309 378 littere
345 345 524 388 apostolice
561 344 745 387 supradicte
782 343 824 377 ad
860 345 1003 387 singulos

202 407 293 430 meos
315 397 538 440 suffraganeos
564 396 783 436 deferrentur,
810 397 923 429 vocavi
947 406 1004 429 eos

202 449 258 492 qui
285 451 378 481 erant
405 448 557 481 absentes
585 451 650 480 tam
677 448 869 481 auctoritate
896 450 1004 480 vestra

201 510 299 543 quam
330 510 413 541 mea,
451 503 487 532 ut
519 499 561 532 ad
596 500 757 542 quendam
791 500 897 532 locum
930 509 1004 532 mee

202 551 339 584 diocesis
360 552 392 583 in
415 552 529 584 litteris
551 552 632 584 meis
648 561 836 593 expressum
853 555 941 583 certo
957 551 1004 583 eis

200 603 363 646 assignato
389 603 526 636 termino
554 603 766 635 communiter
788 603 1003 644 attenderent,

201 655 299 687 visuri
327 658 359 687 et
387 655 548 697 recepturi
576 654 730 687 mandata
763 654 942 697 apostolica
969 657 1003 687 et

201 707 316 739 facturi
350 706 457 738 omnia
488 709 521 738 et
554 706 680 748 singula
714 716 778 748 que
812 707 844 738 in
879 706 1002 740 eisdem

201 759 316 791 litteris
338 762 412 790 sunt
433 767 587 800 expressa
610 757 786 790 secundum
809 758 946 791 formam
969 765 1003 791 et

200 809 334 842 modum
363 809 419 852 qui
445 810 477 841 in
506 808 628 841 eisdem
658 809 772 842 litteris
799 813 1001 843 annotantur.

265 864 295 894 4.
330 861 370 893 In
396 871 531 904 quorum
557 861 700 893 omnium
727 861 944 894 testimonium
970 865 1003 894 et

200 913 459 956 recognicionem
485 912 648 955 publicam
674 916 842 955 presentes
868 912 1003 954 litteras,

201 965 278 1008 quia
311 975 387 997 usus
417 964 627 997 tabellionum
655 965 687 996 in
717 964 861 1007 partibus
887 966 1004 998 nostris

199 1027 264 1049 non
296 1016 465 1056 habetur²‚
496 1016 558 1048 feci
587 1016 683 1059 sigilli
712 1017 777 1049 mei
805 1017 1003 1059 appensione

200 1067 340 1101 fideliter
362 1068 560 1101 communiri.
601 1067 689 1105 Quas
711 1068 874 1100 sanctitati
897 1071 1003 1102 vestre

200 1120 291 1152 iuxta
328 1123 475 1152 tenorem
511 1118 656 1151 mandati
690 1120 788 1152 vestri
821 1120 1003 1152 transmitto

200 1172 272 1203 loco
296 1174 330 1203 et
351 1172 421 1204 vice
444 1170 563 1213 publici
587 1170 789 1203 instrumenti
808 1181 868 1213 per
883 1170 1003 1204 discre-

201 1226 270 1255 tum
282 1223 384 1255 virum
397 1222 575 1255 Iohannem
585 1221 626 1254 de
639 1222 802 1255 Lithmete
815 1223 1002 1255 canonicum

204 1274 436 1315 Sosatiensem,
464 1274 519 1316 qui
553 1273 650 1306 michi
685 1273 809 1306 litteras
842 1274 1004 1316 predictas

201 1325 340 1358 bullatas
362 1335 445 1358 anno
463 1328 496 1357 et
511 1325 564 1357 die
584 1326 738 1368 pretactis
752 1328 859 1358 vestro
876 1326 1004 1359 nomine

201 1377 410 1420 presentavit.

264 1428 386 1461 Datum
402 1429 434 1460 in
449 1431 554 1461 castro
567 1427 819 1470 Wolmerstede,
836 1428 912 1460 vn.
928 1428 1002 1462 Kln.

201 1480 304 1522 April.

628 1602 715 1639 879.
761 1602 947 1648 Responsio
968 1603 1156 1649 pontificis.

1794 208 1853 240 691

1054 293 1274 334 invaluerunt,
1302 303 1507 336 nequaquam
1536 303 1686 325 securum
1710 297 1794 334 erat,
1823 298 1858 326 ut

1054 344 1162 376 littere
1199 344 1377 387 apostolice
1413 344 1598 387 supradicte
1635 345 1677 377 ad
1714 345 1859 388 singulos

1054 405 1146 428 meos
1182 396 1427 439 suffraganeos»
1464 395 1707 440 deferre[n]tur,
1746 398 1858 429 vocavi

1055 448 1143 490 ipsos
1166 451 1231 480 tam
1255 448 1447 481 auctoritate
1467 452 1574 481 vestra
1596 459 1693 491 quam
1715 459 1800 487 mea,
1825 451 1861 480 ut

1055 499 1097 532 ad
1121 499 1284 541 quendam
1307 499 1413 532 locum
1437 510 1510 533 mee
1526 500 1675 543 dyocesis
1697 501 1728 533 in
1744 500 1860 533 litteris

1055 552 1137 583 meis
1152 560 1342 593 expressum
1360 555 1448 584 certo
1472 553 1519 585 eis
1542 553 1704 594 assignato
1721 553 1859 585 termino

1055 603 1268 635 communiter
1290 603 1506 645 attenderent,
1530 604 1625 636 visuri
1649 607 1683 636 et
1698 605 1859 646 recepturi

1054 653 1207 686 mandata
1241 655 1420 697 apostolica
1455 659 1488 687 et
1527 655 1642 688 facturi
1681 656 1788 688 omnia
1826 660 1860 688 et

1052 706 1179 748 singula
1194 716 1258 748 que
1282 707 1314 738 in
1337 706 1460 739 eisdem
1484 707 1599 740 litteris
1615 711 1689 740 sunt
1704 717 1860 750 expressa

1053 757 1230 790 secundum
1253 758 1389 790 formam
1414 762 1447 790 et
1462 758 1593 791 modum
1610 759 1665 801 qui
1689 760 1719 791 in
1736 754 1859 791 eisdem

1053 809 1169 842 litteris
1191 813 1394 842 annotantur.

1119 864 1150 893 4.
1181 861 1219 892 In
1247 871 1382 903 quorum
1411 862 1553 894 omnium
1580 862 1800 895 testimonium
1827 866 1861 895 et

1054 913 1313 955 recognicionem
1339 913 1504 956 publicam
1535 918 1702 956 presentes
1725 914 1859 954 litteras,

1055 964 1132 1007 quia
1160 974 1236 996 usus
1269 964 1478 998 tabellionum
1506 966 1538 997 in
1567 966 1713 1008 partibus
1742 968 1860 999 nostris

1055 1026 1118 1048 non
1149 1015 1302 1057 habetur,
1336 1016 1398 1049 feci
1432 1017 1527 1059 sigilli
1562 1018 1627 1050 mei
1659 1019 1859 1060 appensione

1054 1067 1196 1100 fideliter
1217 1069 1416 1101 communiri.
1456 1069 1545 1106 Quas
1567 1070 1730 1102 sanctitati
1753 1073 1859 1102 vestre

1056 1120 1148 1151 iuxta
1185 1122 1330 1152 tenorem
1364 1120 1508 1153 mandati
1543 1122 1640 1154 vestri
1677 1123 1859 1155 transmitto

1055 1171 1126 1204 loco
1150 1174 1184 1204 et
1205 1172 1276 1204 vice
1300 1172 1419 1214 publici
1443 1173 1654 1206 instrumenti.

1121 1428 1240 1461 Datum
1263 1429 1296 1462 in
1323 1430 1421 1472 opido
1443 1430 1683 1474 Haldesle(ve)‚
1716 1443 1800 1464 anno
1824 1437 1858 1464 ut

1055 1491 1162 1523 supra,
1184 1481 1258 1514 XV.
1275 1481 1391 1514 Kalen.
1415 1482 1503 1515 Maii.

1263 1605 1352 1651 Apr.
1372 1606 1430 1642 30.

312 1677 411 1718 Copia
433 1677 489 1720 (ο.)
513 1678 549 1710 in
565 1660 767 1718 Reqestbrum
782 1677 934 1710 tabularii
957 1677 1104 1711 Vaticani
1127 1664 1198 1711 tom‘.
1215 1679 1280 1711 112
1299 1679 1354 1719 soz.
1373 1681 1416 1712 67
1437 1691 1488 1713 nr.
1505 1681 1579 1714 862.
1602 1701 1643 1706 -
1666 1681 1730 1714 Ed.
1751 1682 1858 1715 ‘ober-

201 1728 395 1770 bayerisches
406 1728 540 1761 Archiv'
556 1729 586 1767 I,
598 1729 641 1761 49
655 1739 704 1762 nr.
717 1730 740 1761 2
753 1739 792 1761 ex
807 1739 853 1768 c.;
874 1729 1019 1762 Schmidt
1033 1729 1052 1762 l.
1065 1740 1091 1762 c.
1104 1740 1138 1770 p.
1147 1730 1209 1762 145
1224 1741 1274 1763 nr.
1284 1732 1346 1763 151
1359 1742 1398 1764 ex
1410 1742 1437 1766 c.
1471 1732 1639 1766 Editiones
1653 1733 1854 1767 contulimus.

310 1789 454 1829 Bb‘hmer,
479 1789 554 1830 Ray.
571 1788 683 1822 Ludw.
701 1800 737 1830 p.
753 1791 818 1821 306
839 1789 955 1822 deste
977 1800 1027 1823 nr.
1042 1791 1108 1823 217
1130 1791 1256 1831 (Addit.
1274 1792 1329 1832 1).-

307 1865 495 1898 Venerabili
518 1867 609 1899 fratri
631 1867 819 1900 Borchardo
842 1867 1085 1911 archiepiscopo
1109 1869 1392 1912 Magdeburgensi.

306 1917 426 1950 Patent
454 1918 546 1950 nobis
569 1922 680 1961 utpote
704 1919 824 1951 crebris
846 1919 990 1952 fidelium
1013 1921 1243 1953 assertionibus
1270 1925 1414 1954 reserata
1437 1921 1618 1955 devotionis
1641 1923 1758 1965 fervor,
1782 1935 1857 1956 con-

199 1969 317 2001 stantia
342 1968 435 2010 fidei,
468 1969 634 2012 diligentie
662 1970 803 2002 studium
833 1974 868 2003 et
889 1971 1109 2014 promptitudo
1137 1973 1272 2013 servitii,
1307 1973 1422 2015 quibus
1457 1978 1491 2006 tu
1520 1974 1620 2006 frater
1646 1979 1678 2006 te
1706 1975 1798 2008 nobis
1825 1979 1859 2008 et

199 2020 376 2062 apostolice
399 2020 469 2053 sedi
491 2021 653 2063 gratificas
676 2025 710 2054 et
731 2023 892 2065 utrimque
916 2022 958 2054 ad
981 2026 1074 2066 grata
1096 2023 1252 2066 rependia
1275 2027 1329 2056 tue
1352 2026 1585 2067 prosecutionis
1606 2026 1731 2060 invitas.
1777 2027 1858 2060 Pre-

199 2072 378 2105 sentialiter
404 2076 514 2105 autem
541 2073 621 2105 illud
648 2077 702 2106 tue
731 2074 941 2106 fraternitatis
970 2075 1161 2118 obsequium
1189 2076 1297 2118 amplo
1321 2076 1441 2108 famine
1464 2087 1680 2118 recensemus,
1713 2078 1800 2121 quod
1823 2083 1858 2111 tu

199 2134 369 2167 processus
391 2127 516 2157 nostros
540 2125 666 2167 pridem
682 2129 793 2158 contra
809 2127 910 2158 virum
927 2127 1133 2169 magnificum
1148 2127 1350 2160 Ludovicum
1373 2128 1489 2161 ducem
1505 2128 1643 2162 Bavarie
1667 2129 1859 2162 discorditer

201 2176 339 2208 electum
354 2176 386 2208 in
402 2176 622 2209 Romanorum
638 2187 751 2220 regem
766 2176 935 2221 [habitos]·
951 2178 1039 2211 velut
1055 2179 1182 2222 integra
1197 2179 1262 2212 fide
1277 2190 1316 2211 ac
1332 2179 1505 2213 devotione
1521 2180 1642 2213 solidus
1657 2184 1691 2214 et
1706 2181 1858 2214 fundatus

200 2227 234 2259 in
261 2222 354 2270 petra
379 2227 538 2261 firmitatis
568 2228 713 2261 inmobili
742 2230 833 2262 iuxta
861 2234 969 2273 votum
998 2234 1140 2263 nostrum
1170 2230 1346 2270 solenniter
1376 2233 1492 2265 mentis
1522 2243 1658 2266 excussa
1685 2233 1856 2267 formidine

199 2278 379 2321 publicasti.
429 2279 480 2314 De
508 2280 624 2324 quibus
653 2285 684 2314 te
709 2281 814 2324 dignis
841 2283 872 2314 in
895 2282 1035 2314 Domino
1059 2283 1209 2315 laudibus
1231 2283 1428 2325 attollentes,
1457 2294 1627 2327 processus
1648 2284 1744 2325 alios,
1776 2296 1857 2328 quos

201 2329 436 2373 subsequenter
457 2331 628 2365 habuimus
651 2336 718 2365 tum
742 2337 853 2366 contra
868 2334 972 2376 ipsum
989 2345 1086 2377 quam
1102 2334 1270 2367 nonnullos
1285 2335 1465 2368 labefactos
1481 2336 1672 2377 hereticos²,
1696 2340 1792 2379 prout
1814 2348 1857 2370 ex

201 2381 329 2415 illorum
351 2386 464 2416 tenore
486 2385 672 2427 perspicies,
703 2385 879 2418 solenniter
901 2386 999 2418 etiam
1027 2386 1240 2428 publicandos
1269 2387 1327 2419 tibi
1355 2397 1415 2430 per
1438 2411 1445 2419 .
1463 2412 1470 2419 .
1494 2387 1630 2421 latorem
1658 2389 1855 2431 presentium

202 2436 292 2466 tuum
314 2435 459 2467 nuntium
482 2435 689 2469 destinamus.
739 2437 898 2474 Quocirca
921 2437 1156 2470 fraternitatem
1184 2442 1274 2470 tuam
1300 2449 1452 2481 rogamus
1478 2442 1511 2472 et
1533 2439 1700 2472 hortamur
1722 2443 1857 2482 attente,

202 2485 351 2526 quatinus
367 2486 547 2528 approbata
562 2486 616 2519 diu
633 2491 687 2520 tue
704 2488 829 2520 virtutis
845 2489 979 2521 exordia
995 2488 1157 2521 ferventer
1171 2490 1338 2522 continues
1352 2491 1385 2523 in
1400 2490 1505 2523 laudis
1520 2492 1687 2524 continuas
1701 2493 1856 2533 actiones,

202 2536 396 2579 insurgendo
408 2538 541 2571 viriliter
555 2543 666 2572 contra
682 2540 834 2579 tirannos,
850 2540 1009 2573 hereticos
1026 2544 1059 2573 ct
1074 2541 1212 2573 rebelles
1228 2545 1338 2574 sancte
1354 2542 1466 2575 matris
1481 2546 1535 2575 tue
1548 2543 1685 2576 ecclesie
1698 2543 1855 2582 Romane,

202 2586 404 2621 adversarios
426 2600 556 2633 quoque
579 2594 650 2623 tuos
673 2594 706 2623 et
729 2592 862 2633 emulos,
886 2592 996 2634 eisque
1020 2592 1199 2625 resistendo
1222 2603 1281 2636 pro
1311 2604 1416 2636 posse,
1448 2595 1502 2637 qui
1531 2594 1572 2627 de
1596 2595 1856 2627 reconsiliatione

203 2638 245 2671 ad
267 2640 406 2682 gratiam
428 2641 528 2684 ipsius
551 2642 688 2675 ecclesie
711 2643 780 2676 sine
803 2646 858 2675 tue
881 2645 970 2686 pacis
991 2643 1100 2676 medic
1124 2655 1143 2676 a
1166 2644 1258 2677 nobis
1281 2655 1413 2688 sperare
1438 2657 1500 2678 non
1524 2650 1667 2689 possunt,
1691 2647 1800 2689 sicque
1824 2648 1855 2678 in

306 2704 373 2744 8⁵28.
399 2716 425 2750 ιι)
443 2719 619 2753 suffraganeos
636 2719 670 2746 B.

307 2767 374 2795 87⁹.
402 2767 426 2802 ⁸)
444 2769 538 2796 exc-‘die
555 2779 576 2796 c.

309 2827 334 2862 1)
348 2827 390 2862 Cr.
399 2828 479 2863 insta
491 2837 533 2857 nr.
547 2833 599 2857 907
608 2834 695 2864 σαμν.
748 2830 776 2863 2)
790 2831 871 2865 Iusta
881 2834 981 2859 nr.881
993 2834 1018 2859 ct
1026 2839 1168 2866 praemiss
1179 2835 1274 2860 eontra
1285 2833 1447 2861 Viceccmim
1460 2833 1555 2862 ibidem
1568 2835 1596 2861 ιὀι
1607 2836 1742 2868 μυοαηέο
1754 2837 1855 2863 dte-eae.

1595 2886 1629 2912 87
1636 2887 1649 2901 ·
