2184 3126
440 170 537 199 ACTA
554 169 669 198 REGNI
688 168 874 197 LUDEwlcl
894 169 941 198 1v.
960 169 1007 197 ET
1026 168 1213 197 FRIDERICI
1231 169 1281 197 111.
1318 169 1393 198 1824,
1430 169 1478 197 Nr.
1490 170 1549 197 838.
1568 170 1628 197 839.
1808 173 1867 203 661

320 256 425 289 Huius
447 256 545 299 igitur
560 257 677 289 virtute
700 256 845 289 mandati
867 257 959 289 iuxta
982 259 1129 289 tenorem
1146 256 1291 289 eiusdem
1307 256 1394 289 clero
1410 259 1445 289 et
1466 255 1587 299 populo
1611 256 1749 288 civitatis
1764 260 1872 288 nostre

213 308 401 341 Basiliensis
423 308 608 351 specialiter
623 307 665 340 ad
688 308 750 340 hoc
765 311 943 341 convocato
966 307 1097 340 easdem
1114 308 1238 341 litteras
1254 308 1450 351 prescriptae
1465 318 1537 340 cum
1553 308 1745 340 executione
1760 307 1871 339 debita

213 361 350 393 fecimus
365 360 588 402 sollempniter
603 359 771 402 publicari.
799 359 842 392 Et
855 359 975 392 idcirco
992 360 1082 392 iuxta
1098 359 1234 392 formam
1251 359 1396 393 eiusdem
1412 359 1567 399 mandati,
1583 362 1620 391 ut
1634 359 1750 392 eedem
1766 359 1872 391 littere

212 422 272 455 per
295 411 459 454 dyocesim
475 414 618 444 nostram
633 411 874 453 Basilien(sem)
890 410 988 443 modo
1005 410 1116 443 debito
1133 411 1291 454 publicari
1307 415 1341 444 et
1356 411 1540 444 executioni
1555 410 1666 443 debite
1683 410 1871 443 demandari

180 473 192 492 ι
212 463 356 504 valeant,
392 462 483 495 vobis
514 466 548 495 et
578 462 710 495 cuilibet
743 466 884 495 vestrum
920 463 951 494 in
982 463 1100 495 virtute
1130 466 1240 495 sancte
1272 462 1456 495 obedientie
1487 462 1631 495 districte
1661 461 1871 505 precipiendo

213 514 414 556 mandamus,
431 514 600 557 quatinus⁸
611 515 768 557 premissa
783 515 815 546 in
831 513 967 557 prefatis
979 514 1093 546 litteris
1106 518 1257 546 contenta
1269 514 1454 547 convocatis
1465 517 1644 547 vestrorum
1656 514 1870 546 decanatuum

211 565 426 599 confratribus
456 565 488 598 in
515 576 613 598 unum
640 565 830 608 iniungatis'
855 565 994 607 eisdem,
1026 565 1142 608 quibus
1171 570 1205 598 et
1231 576 1289 598 nos
1319 565 1523 608 presentibus
1553 566 1585 597 in
1615 566 1734 598 virtute
1760 570 1872 598 sancte

213 617 398 650 obedientie
421 616 564 649 districte
580 617 790 659 precipiendo
806 617 1010 660 iniungimus,
1034 619 1071 649 ut
1080 616 1222 659 'quilibet
1243 618 1387 660 ipsorum
1410 618 1443 649 in
1465 617 1530 649 suis
1553 616 1699 649 ecclesiis
1721 627 1779 650 seu
1794 617 1873 650 locis

211 671 326 702 vocato
357 668 445 701 clero
476 671 509 701 et
536 669 658 712 populo
687 668 831 701 locorum
855 667 1032 701 eorundem
1061 668 1205 711 prefatas
1232 669 1357 701 litteras
1385 679 1458 701 cum
1489 669 1674 701 omnimoda
1704 669 1873 711 diligentia

170 729 196 750 ιο
215 723 419 764 exequantur
440 725 474 752 et
497 719 629 752 easdem
653 721 685 752 in
708 724 855 753 materna
883 719 994 763 lingua
1021 730 1186 763 exponere
1209 719 1362 752 studeant
1390 721 1477 753 clero
1501 724 1534 753 et
1556 720 1677 763 populo
1700 719 1874 762 diligenter

213 773 247 804 et
269 772 302 803 in
318 771 445 814 signum
461 770 646 804 obedientie
661 775 768 805 vestre
785 782 842 804 vos
863 796 871 804 .
890 796 896 804 .
921 771 1036 804 decani
1051 771 1189 814 predicti
1204 772 1310 814 sigilla
1326 776 1432 804 vestre
1448 772 1653 814 presentibus
1670 770 1873 814 appendatis.

321 822 443 855 Datum
478 822 537 854 sub
571 823 678 866 sigillo
711 826 820 855 nostro
855 822 1033 866 episcopali
1067 833 1131 866 quo
1165 824 1285 856 utimur
1317 824 1350 856 in
1384 824 1445 856 hac
1479 827 1585 865 parte,
1623 834 1707 856 anno
1741 822 1873 855 Domini

210 873 475 915 MOGOXXIIII,
499 875 639 907 crastino
662 874 845 918 Epiphanio
869 874 1025 907 eiusdem.

228 1115 230 1117 >
349 1093 424 1130 839.
460 1092 740 1131 IOHANNIS
764 1092 893 1130 XXII.
917 1092 1093 1130 PAPAE
1115 1092 1400 1131 SECUNDUS
1423 1091 1732 1131 PROCESSUS

168 1158 192 1178 ι»
644 1146 860 1186 CONTRA
884 1147 1215 1187 LUDEWICUM
1241 1147 1440 1186 REGEM.

904 1216 1012 1254 1324.
1049 1217 1127 1254 Ian.
1149 1217 1183 1253 7.

325 1307 507 1340 Editionem
530 1307 746 1340 instruximus
767 1317 823 1348 ope
844 1307 986 1340 codicum
1001 1308 1059 1348 qui
1073 1310 1260 1348 sequuntur,
1283 1317 1362 1348 quos
1376 1318 1482 1340 onmes
1499 1307 1691 1340 contulimus
1711 1318 1769 1340 nos
1790 1308 1874 1349 ipsi:

326 1370 338 1399 1
365 1367 457 1407 copia
479 1367 516 1399 in
533 1365 707 1407 exemplari
720 1367 861 1408 episcopo
876 1366 1098 1408 Herbipolensi
1119 1367 1170 1400 die
1194 1368 1224 1399 9.
1241 1378 1282 1400 m.
1298 1367 1373 1400 Ian.
1390 1368 1485 1400 misso
1507 1368 1599 1407 infra
1619 1378 1671 1400 nr.
1682 1369 1747 1400 840
1761 1368 1819 1401 sub
1840 1371 1871 1406 1,-

321 1420 341 1451 2
364 1418 456 1459 copia
477 1418 516 1450 in
538 1418 712 1459 exemplari
726 1418 770 1451 ad
783 1418 1051 1460 archiepiscopum
1067 1418 1258 1460 Praqensem
1278 1419 1382 1452 eodem
1397 1419 1448 1452 die
1463 1419 1617 1452 directum
1632 1419 1747 1452 ibidem
1761 1420 1819 1452 sub
1835 1422 1870 1458 2,-

170 1483 197 1504 20
326 1472 345 1503 3
368 1470 459 1510 copia
487 1479 599 1502 coaeva
628 1470 663 1502 in
693 1469 865 1511 exemplari
899 1470 944 1503 ad
968 1471 1147 1512 episcopum
1173 1471 1434 1512 Aryentinensem
1468 1471 1519 1503 die
1547 1473 1598 1503 13.
1623 1482 1665 1503 m.
1693 1471 1767 1504 Ian.
1795 1471 1871 1504 dato

210 1521 324 1554 ibtdem'
346 1521 405 1553 sub
427 1523 464 1553 3·

323 1576 342 1605 4
373 1547 578 1613 Reye’storum
618 1572 843 1606 vaticanorum
877 1573 1034 1606 tabularii
1073 1574 1224 1607 Vaticani
1256 1577 1328 1607 tom.
1360 1574 1424 1606 112
1452 1573 1512 1616 fol.
1537 1575 1611 1606 107¹
1637 1585 1683 1615 ep.
1703 1576 1783 1613 474,
1816 1575 1871 1607 ubi

204 1634 372 1666 processus
401 1625 541 1657 insertus
574 1627 620 1657 est
642 1624 756 1657 litteris
782 1625 828 1657 ad
855 1626 1033 1666 episcopum
1059 1625 1296 1667 Frisinyensem
1330 1626 1382 1658 die
1410 1626 1439 1658 9.
1462 1636 1503 1658 m.
1527 1626 1601 1659 Ian.
1629 1626 1736 1658 missis
1757 1626 1870 1659 ibidem

169 1741 194 1762 ,ι
208 1677 267 1709 Sub
290 1679 342 1760 4’5
369 1728 436 1767 cod,
464 1706 662 1760 bibliothecae
690 1727 880 1760 Drasdensis
906 1728 938 1760 A
967 1730 1009 1760 70
1035 1738 1121 1774 saec:
1136 1728 1228 1761 XJV.
1255 1739 1314 1768 ex„
1342 1730 1380 1761 ae
1405 1738 1466 1769 quo
1491 1739 1520 1761 v.
1542 1738 1643 1769 supra
1670 1729 1716 1762 aa
1741 1740 1790 1762 nr.
1807 1730 1872 1762 792

211 1780 270 1813 sub
294 1783 324 1818 2,
347 1780 407 1822 fol.
425 1782 459 1819 7,
487 1780 544 1812 ubi
569 1780 716 1812 rubrum:
749 1779 916 1812 Secundus
939 1790 1108 1822 processus
1119 1780 1140 1811 ².
1179 1780 1232 1812 Ad
1255 1781 1522 1823 supplicationem
1546 1781 1729 1813 nuntiorum
1752 1782 1869 1814 Bavari

213 1831 361 1864 differtur
376 1831 553 1864 declaratio
570 1842 727 1874 penarum
744 1835 778 1864 et
794 1831 1036 1872 sententiarum,
1053 1841 1132 1873 quas
1148 1832 1280 1864 incurrit
1295 1833 1365 1874 ipse
1380 1831 1525 1865 Bavarus
1540 1832 1680 1866 favendo
1695 1832 1871 1866 rebellibus

211 1886 246 1916 et
268 1883 580 1916 administrationem
600 1893 638 1915 ac
661 1883 789 1915 titulum
812 1883 902 1925 regia
924 1893 988 1915 non
1011 1882 1193 1916 deserendo
1217 1885 1308 1916 iuxta
1330 1885 1471 1926 priorem
1494 1895 1690 1928 processum.

326 1943 379 1986 Cf.
397 1942 646 1984 publicationem
667 1943 826 1975 Am'nione
847 1944 969 1982 saetam
991 1943 1082 1982 infra
1103 1954 1155 1977 nr.
1169 1945 1243 1976 841.
1267 1945 1368 1976 841α.

163 2013 191 2034 ιο
317 2002 465 2042 Βόληιεν,
489 2003 564 2044 Rey.
588 2002 701 2036 Ludw.
722 2014 754 2044 p.
769 2005 833 2036 215
857 2003 970 2036 deste
991 2014 1043 2035 m.
1060 2005 1111 2036 17.

317 2080 480 2114 Iohannes
504 2081 677 2123 episcopus
699 2091 810 2114 servus
833 2091 998 2114 servorum
1021 2081 1094 2114 Dei.
1183 2080 1236 2114 Ad
1260 2082 1399 2114 suturam
1423 2083 1470 2114 rei
1493 2083 1692 2114 memoriam.

321 2135 348 2164 1.
383 2132 516 2165 Dudum
539 2132 633 2165 VIII.
657 2132 810 2165 videlicet
839 2132 909 2165 Id.·
935 2133 1055 2165 mensis
1078 2132 1229 2165 Octobris
1258 2133 1404 2175 proxime
1433 2133 1579 2176 preteriti
1606 2137 1718 2166 contra
1743 2135 1869 2176 magni·
1883 2127 1961 2172 ἆξῖἢ,

210 2183 306 2216 ficum
328 2184 432 2216 virum
454 2184 678 2217 Ludovieumb
702 2184 817 2217 ducem
835 2184 1004 2225 Bavarie⁰,
1028 2195 1086 2226 pro
1111 2194 1150 2216 eo
1175 2184 1261 2227 quod
1284 2188 1357 2227 post
1373 2185 1549 2218 electiones
1570 2188 1638 2217 tam
1661 2185 1703 2217 de
1718 2196 1758 2218 eo
1772 2196 1868 2228 quam

210 2234 273 2267 de‘¹
296 2236 466 2278 magnifico
490 2237 559 2268 viro
581 2235 777 2269 Frederico⁰
802 2235 884 2269 duce
906 2236 1038 2268 Austrie
1061 2236 1093 2268 in
1118 2236 1366 2278 Roman(orum)
1390 2246 1486 2279 reges
1511 2236 1624 2269 electis
1654 2237 1687 2268 in
1709 2236 1869 2269 discordia

165 2296 191 2316 ιι
211 2285 392 2319 celebratas
413 2297 529 2329 graves
553 2288 629 2330 quin
652 2289 751 2320 immo
775 2288 949 2330 plurimum
972 2287 1200 2330 preiudieiales
1227 2298 1379 2320 excessus
1407 2291 1518 2320 contra
1540 2287 1647 2321 Deum
1670 2292 1704 2321 et
1725 2292 1869 2321 sanctam

210 2336 392 2370 Romanam
415 2339 587 2372 ecclesiam
610 2342 733 2372 temere
757 2344 790 2372 et
812 2340 938 2372 notorie
962 2339 1182 2382 perpetrarat‘
1204 2343 1238 2371 et
1263 2343 1452 2381 perpetrare
1479 2339 1628 2372 continue
1651 2340 1870 2382 presumebat,

211 2389 375 2430 quendam
402 2400 588 2432 processum
616 2394 792 2423 convocata
822 2390 863 2423 ad
892 2391 973 2423 hec⁸
1004 2394 1038 2423 et
1066 2394 1219 2433 presente
1242 2390 1447 2423 multitudine
1477 2391 1609 2433 copiosa
1636 2391 1801 2424 fidelium*
1828 2391 1868 2424 de

212 2439 347 2472 fratrum
371 2444 553 2474 nostrorum
575 2442 707 2475 consilio
736 2441 886 2474 duximus
915 2442 1099 2474 faciendum
1128 2445 1161 2474 et
1190 2445 1226 2473 ut
1253 2442 1294 2474 ad
1321 2442 1467 2475 eiusdem
1489 2442 1646 2476 Ludovici
1674 2447 1708 2475 et
1733 2443 1869 2476 aliorum

211 2501 348 2533 quorum
371 2492 527 2525 intererat
542 2493 762 2526 communem¹
787 2497 820 2526 et
836 2497 958 2526 certam
975 2494 1121 2526 notitiam
1139 2493 1330 2535 deferretur,
1352 2498 1501 2537 patentes
1515 2495 1640 2527 litteras
1654 2494 1744 2527 bulla
1761 2500 1870 2528 nostra

168 2553 194 2573 «o
212 2542 354 2575 munitas
380 2553 565 2586 processum
594 2545 795 2578 continentes
824 2545 963 2578 eundem
991 2545 1126 2577 fecimus
1154 2546 1186 2577 in
1210 2546 1300 2578 ostiis
1326 2546 1463 2579 ecclesie
1486 2546 1737 2587 Avinion(ensis)
1768 2547 1868 2589 affigi,

316 2627 383 2656 888.
411 2630 435 2662 ο)
454 2634 583 2663 quatenus
599 2629 624 2657 2.
711 2630 732 2663 r)
750 2632 955 2665 iniungentes
975 2631 997 2657 l.

314 2683 382 2711 889.
410 2684 434 2717 ⁸)
453 2686 515 2712 Idus
532 2685 557 2712 8.
631 2685 655 2719 ὓ)
671 2687 838 2713 Ludewicnm
856 2687 972 2712 uiuaciter
985 2695 1084 2719 semper
1101 2686 1126 2713 8.
1196 2688 1220 2719 ⁰)
1239 2689 1355 2714 Bovario
1372 2689 1488 2715 similiter
1500 2697 1599 2723 oen-per
1617 2689 1642 2716 3.
1713 2689 1738 2722 d)
1757 2690 1825 2715 decet
1842 2689 1866 2715 5.

214 2728 238 2759 ο)
258 2728 388 2754 Friderico
406 2727 431 2754 3.
518 2727 540 2761 ἲ)
557 2730 715 2763 perpetravit
732 2729 758 2756 4.
845 2730 871 2761 1)
888 2730 937 2756 hoe
954 2730 979 2756 4.
1067 2728 1094 2762 ιι)
1111 2730 1155 2756 fld-
1167 2738 1224 2764 eop.
1242 2730 1267 2757 5.
1354 2730 1373 2762 ¹)
1390 2739 1526 2759 comunem
1544 2732 1569 2758 4.

320 2787 346 2821 1)
368 2786 408 2821 Os.
428 2786 511 2822 Lanq
530 2787 607 2816 ‘Acta
624 2788 983 2823 &ubuum-Aquileiensi&
1002 2789 1027 2822 I,
1049 2793 1078 2817 72
1094 2798 1137 2818 nr.
1149 2794 1180 2818 65
1197 2793 1250 2818 not.
