2184 3126
367 207 430 237 826
610 202 706 230 ACTA
727 201 838 228 REGNI
859 200 1042 228 LUDEW101
1061 199 1108 227 IV.
1127 199 1173 226 ET
1193 198 1375 226 FRIDERICI
1395 199 1445 226 III.
1481 199 1557 227 1324,
1594 200 1643 228 Nr.
1656 201 1716 228 989.
1734 201 1794 230 990.

365 301 462 332 scopo
486 292 519 321 et
541 287 763 329 suffraganeis,
795 286 882 328 quod
905 286 1025 318 dictum
1049 296 1234 327 processum
1259 288 1291 316 et
1314 289 1465 317 contenta
1487 286 1520 317 in
1543 295 1583 317 eo
1606 286 1773 328 publicent
1794 288 1826 319 in
1848 289 1914 320 suis
1936 289 2014 320 civi-

367 341 485 373 tatibus
517 344 549 372 et
572 338 779 380 dioc(esibus)
811 341 844 369 et
867 338 987 369 faciant
1010 338 1113 368 eciam
1137 336 1308 378 publicari,
1339 340 1372 368 et
1401 337 1498 368 aliam
1529 336 1696 369 clausam¹
1726 338 1882 372 directam
1906 339 2015 372 eidem

365 392 604 434 archiepiscopo
639 389 880 429 Armachan(o).
950 388 1012 424 Qui
1046 387 1177 430 quidem
1211 387 1472 429 archiepiscopus
1506 388 1759 432 Armachan(us)
1797 401 1870 424 cum
1904 390 2016 424 debita

364 444 548 475 reverencia
571 446 722 483 tanquam
746 440 828 471 filius
856 439 1046 471 obediencie
1074 439 1175 470 dictas
1197 439 1322 470 litteras
1345 440 1504 480 recipiens
1526 441 1693 482 respondit
1715 441 1802 474 dicto
1825 443 2015 485 camerario,

365 495 450 537 quod
473 496 540 536 ipse
565 496 716 535 quantum
747 493 778 522 in
802 492 871 533 ipso
896 494 944 523 est
967 494 1117 522 contenta
1145 491 1177 522 in
1200 490 1292 522 dictis
1315 491 1430 522 litteris
1454 495 1634 534 exequetur
1662 495 1695 524 et
1717 493 1918 536 adimplebit.
1963 494 2014 527 De

368 546 480 588 quibus
514 545 615 576 dictus
649 543 795 575 dominus
830 542 1090 584 archiepiscopus
1124 542 1224 584 peciit
1255 552 1314 584 per
1345 552 1397 574 me
1426 542 1616 576 Durandum
1650 544 1710 576 sibi
1742 545 1813 577 fieri
1847 545 2014 588 publicum

365 599 618 628 instrumentum.

469 648 553 678 Acta
587 650 660 677 sunt
691 646 751 677 hec
778 646 862 676 intus
890 645 1051 687 palacium
1085 645 1206 676 domini
1240 646 1340 676 nostri
1374 656 1460 688 pape
1494 646 1527 678 in
1561 647 1657 679 domo
1691 647 1905 680 habitacionis
1938 647 2015 680 dicti

364 699 483 730 domini
506 698 683 730 camerarii.
727 697 936 729 Presentibus
959 696 1157 728 reverendo⁸
1173 698 1205 727 in
1221 697 1348 728 christo
1372 700 1465 738 patre
1489 697 1618 730 domino
1635 698 1839 741 A(demario)
1862 699 2015 742 episcopo

362 750 581 790 Massilien(si)
598 749 716 780 domini
740 758 823 790 pape
848 748 1086 789 thesaur(ario),
1111 748 1240 779 domino
1257 748 1454 790 B(ernar)do
1478 749 1519 781 de
1535 750 1780 782 Montevalrano
1804 753 1838 782 et
1859 751 2015 792 magistro

362 801 555 843 B(ernardo)
579 800 719 832 Faraldi.

455 967 702 1012 990-992.
745 964 1491 1079 LITTERAfflssgfissEGEM
1519 965 1920 1014 ARAGONIAE

1002 1115 1147 1159 (1324.)
1190 1115 1291 1160 Sept.
1313 1114 1374 1151 20.

695 1230 780 1266 990.
822 1230 978 1265 Litterae
1005 1230 1193 1266 Michaelis
1219 1230 1397 1276 Stephani.
1504 1231 1596 1277 Sept.
1615 1233 1678 1267 20.

471 1304 631 1345 Oriyinale
655 1305 728 1345 (or.)
753 1304 953 1336 chartaceum
980 1305 1016 1335 in
1038 1304 1197 1337 tabulario
1219 1305 1302 1346 reyio
1323 1305 1561 1338 Barcinmwnsi
1587 1305 1681 1339 GRD
1701 1317 1752 1339 nr.
1767 1307 1864 1339 3286.
1909 1305 2015 1348 Siqs'ui

361 1356 491 1396 vestiyia
518 1356 645 1387 adsunt.
680 1374 722 1380 —
756 1356 820 1387 Ed.
843 1356 949 1387 Finke
978 1356 1071 1388 ‘Acta
1094 1357 1331 1397 Arayonensia'
1359 1357 1391 1395 I,
1414 1358 1479 1388 408
1503 1368 1554 1391 nr.
1569 1357 1633 1390 271
1662 1369 1701 1390 ex
1727 1369 1773 1391 or.
1829 1359 2011 1391 Editionem

361 1407 537 1447 repetimus.

469 1485 516 1525 (1)
533 1484 750 1516 Illustrissime
768 1484 908 1525 domine,
924 1485 1067 1527 significo
1084 1486 1258 1527 magestati
1271 1489 1388 1527 vestre,
1410 1486 1497 1528 quod
1513 1486 1644 1529 quidam
1659 1497 1796 1529 magnus
1812 1487 1956 1529 prelatus
1971 1486 2014 1519 de

362 1537 448 1567 curia
470 1539 544 1577 post
566 1536 742 1567 cardinales
766 1536 846 1567 dixit
868 1536 965 1567 michi
981 1537 1116 1568 multum
1141 1541 1275 1579 secrete,
1300 1538 1387 1580 quod
1404 1538 1535 1580 quidam
1559 1538 1730 1570 cardinalis
1752 1538 1813 1570 fuit
1836 1549 1909 1571 cum
1929 1548 2016 1581 papa

363 1590 395 1619 et
418 1587 497 1618 dixit
520 1587 595 1618 sibi:
619 1587 836 1619 'Sanctissime
859 1591 962 1629 pater,
985 1588 1094 1630 plures
1117 1588 1311 1631 obloquntur
1335 1589 1375 1621 de
1399 1589 1655 1632 dispensacione,
1679 1601 1776 1632 quam
1800 1590 1922 1622 fecistis
1944 1599 2017 1622 cum

362 1649 438 1679 rege
461 1638 628 1679 Francie2,
658 1641 694 1670 ut
715 1643 826 1680 posset
849 1638 967 1671 ducere
996 1640 1028 1671 in
1054 1651 1189 1672 uxorem
1221 1642 1493 1683 consanguineam
1523 1652 1712 1684 germanam
1739 1653 1846 1684 suam,
1873 1642 2016 1674 maxime

363 1693 530 1731 postquam
549 1700 645 1722 causa
668 1701 731 1721 non
755 1690 885 1722 suberat
908 1691 1006 1723 talis³.
1045 1691 1227 1734 Respondit
1249 1703 1335 1735 papa
1352 1695 1386 1724 et
1401 1693 1495 1724 dixit:
1520 1693 1619 1735 ‘quod
1634 1704 1709 1735 ymo
1725 1694 1858 1726 suberat
1872 1693 2016 1725 maxima

363 1751 467 1782 causa,
491 1741 641 1773 videlicet
663 1745 698 1772 ut
720 1741 866 1773 obvietur
889 1742 1055 1775 conatibus
1077 1744 1306 1786 malignorum,
1337 1745 1411 1786 quia
1434 1745 1490 1776 illa
1513 1745 1668 1787 pestilens
1691 1745 1806 1777 domus
1826 1746 2016 1787 Aragonum

362 1793 568 1833 procurabat,
592 1793 679 1835 quod
706 1803 765 1824 rex
791 1793 927 1826 Francie
955 1795 1092 1827 haberet
1119 1796 1218 1827 filiam
1248 1797 1334 1838 regis
1357 1797 1546 1839 Aragonum
1573 1798 1605 1828 in
1632 1807 1778 1830 uxorem.
1822 1797 1866 1829 Et
1891 1808 1933 1830 ne
1961 1796 2016 1829 illa

362 1844 515 1884 pestilens
538 1844 650 1876 domus
673 1849 936 1886 augmentaretur
951 1847 1002 1878 vel
1025 1848 1186 1889 reciperet
1209 1848 1341 1890 aliquod
1363 1849 1599 1881 incrementum
1615 1851 1649 1880 et
1664 1849 1873 1890 exaltaretur,
1895 1849 2016 1881 bonum

363 1894 423 1926 fuit
447 1898 479 1926 et
501 1896 714 1927 necessarium
732 1907 899 1928 occurrere
915 1898 1014 1940 ipsius
1031 1898 1205 1930 conatibus.
1243 1899 1350 1936 Quare
1368 1900 1428 1932 fuit
1443 1901 1625 1932 necessaria
1641 1903 1675 1932 et
1689 1901 1776 1932 utilis
1791 1899 2014 1943 dispensacio'.

363 1946 454 1978 Dixit
476 1947 662 1978 cardinalis:
686 1947 904 1980 ‘sanctissime
919 1953 1023 1991 pater,
1049 1954 1082 1982 et
1098 1951 1233 1982 ecclesia
1257 1952 1322 1983 iam
1346 1951 1436 1984 dedit
1452 1952 1513 1984 sibi
1527 1963 1662 1994 regnum
1679 1951 1826 1985 Sardiuie
1843 1955 1877 1984 et
1892 1955 2017 1985 tantum

362 1998 450 2029 illam
474 1998 604 2030 domum
628 1999 783 2031 exaltavit
808 2003 840 2031 et
862 2011 919 2032 vos
944 2002 1046 2033 eciam
1064 2003 1299 2034 confirmastis².
1344 2003 1527 2045 Respondit
1549 2015 1635 2046 papa
1658 2007 1691 2036 et
1714 2003 1809 2036 dixit:
1832 2004 1942 2037 ‘Certe
1957 2014 2016 2036 nos

362 2060 425 2080 non
448 2050 603 2091 dedimus,
627 2055 676 2082 set
699 2051 788 2083 dedit
810 2052 864 2084 ille
889 2053 994 2084 fatuus
1017 2053 1217 2096 Bonifacius,
1241 2055 1295 2096 qui
1319 2066 1381 2087 non
1405 2055 1518 2087 habuit
1539 2059 1736 2098 potestatem
1759 2056 1866 2097 dandi,
1889 2055 2016 2088 Pisanis

363 2111 424 2131 non
441 2101 565 2133 citatis².
603 2102 694 2134 Dixit
709 2103 891 2135 cardinalis:
916 2103 1135 2136 ‘sanctissime
1151 2109 1254 2147 pater,
1277 2117 1337 2138 rex
1352 2107 1542 2149 Aragonum
1564 2109 1629 2139 iam
1646 2111 1696 2140 est
1714 2108 1761 2140 ita
1775 2108 1880 2141 fidelis
1903 2107 2015 2140 catho-

363 2151 442 2182 licus
466 2156 498 2184 et
522 2153 655 2185 devotus
683 2154 829 2188 ecclesie.
874 2155 972 2188 Forte
1001 2156 1041 2189 de
1070 2157 1199 2189 domino
1223 2158 1398 2190 Frederico
1427 2163 1540 2201 posset
1570 2159 1647 2202 dici,
1680 2160 1768 2202 quod
1794 2161 1837 2192 sit
1862 2160 2016 2202 pestilens

365 2202 460 2234 homo
485 2207 517 2235 et
539 2205 689 2236 rebellis'.
739 2205 920 2248 Respondit
943 2219 1028 2251 papa
1052 2212 1085 2240 et
1108 2209 1203 2241 dixit:
1227 2210 1361 2242 ‘Verum
1385 2214 1450 2251 est,
1474 2211 1561 2254 quod
1584 2211 1732 2244 dominus
1753 2211 1946 2245 Fredericus
1969 2215 2019 2246 est

367 2254 468 2285 malus
495 2255 590 2287 homo
621 2260 653 2288 et
676 2261 759 2289 esset
782 2259 889 2300 peior,
921 2260 948 2290 si
977 2260 1114 2292 haberet
1137 2264 1342 2303 potestatem.
1399 2262 1456 2295 Set
1483 2274 1548 2295 non
1569 2263 1671 2295 habet
1691 2267 1889 2306 potestatem
1916 2264 2017 2296 etsie

365 2315 427 2335 non
455 2309 561 2346 potest
587 2309 721 2340 multum
752 2320 867 2342 nocere
898 2314 930 2342 et
957 2311 1036 2343 illud
1063 2313 1150 2354 quod
1176 2316 1266 2346 tenet
1293 2315 1326 2346 in
1355 2314 1452 2347 corde
1482 2314 1631 2349 ostendit.
1691 2314 1750 2347 Set
1770 2316 1863 2357 peior
1885 2318 1935 2348 est
1957 2326 2016 2348 rex

365 2356 561 2398 Aragonum,
585 2360 657 2400 quia
680 2371 778 2392 unum
801 2363 886 2403 gerit
900 2363 933 2393 in
955 2364 1062 2395 animo
1087 2367 1120 2395 et
1135 2364 1223 2396 aliud
1247 2365 1387 2397 ostendit
1410 2377 1477 2398 ore.
1522 2366 1565 2398 Et
1588 2366 1648 2399 sub
1671 2378 1730 2410 spe
1753 2367 1829 2399 boni
1845 2371 1962 2400 tractat
1984 2370 2018 2400 et

367 2407 442 2437 facit
464 2409 606 2440 malum'.
653 2410 843 2453 Supradicta
866 2413 947 2446 dixit
970 2415 1067 2446 michi
1091 2416 1194 2447 dictus
1217 2417 1374 2459 prelatus,
1404 2419 1490 2460 quod
1512 2418 1627 2451 habuit
1649 2429 1669 2450 a
1692 2419 1778 2451 dicto
1801 2419 1958 2452 cardinali
1985 2423 2019 2452 et

366 2468 423 2499 pro
451 2463 552 2500 certo,
580 2472 707 2502 senyor,
737 2463 822 2504 quod
850 2475 926 2496 vera
955 2470 1037 2498 sunt.
1091 2467 1133 2499 Et
1162 2478 1226 2500 non
1254 2469 1420 2511 dubitetis,
1450 2471 1526 2512 quia
1552 2471 1625 2512 plus
1653 2471 1721 2503 odit
1743 2482 1801 2503 vos
1828 2471 1897 2503 sine
1920 2482 2018 2504 causa

368 2519 463 2549 quam
488 2510 648 2543 dominum
671 2524 777 2545 meum
801 2525 871 2546 cum
897 2527 1008 2558 causa,
1041 2520 1187 2559 quamvis
1210 2520 1255 2551 ita
1282 2531 1395 2562 parum
1419 2521 1539 2554 habeat
1562 2533 1693 2555 causam
1716 2526 1828 2555 contra
1851 2523 2017 2555 dominum

369 2570 486 2601 meum,
509 2563 568 2593 nisi
592 2564 671 2595 sicut
694 2566 869 2598 voluntarie
893 2563 1025 2600 assumit
1049 2574 1159 2602 contra
1184 2581 1267 2603 eum.

473 2613 518 2652 (2)
542 2613 637 2645 Modo
655 2617 776 2648 noviter
791 2617 867 2650 facit
883 2622 1036 2652 tractatus
1058 2632 1129 2653 cum
1146 2623 1357 2655 Ianuensibus
1373 2625 1553 2657 intrinsecis
1574 2629 1607 2658 et
1622 2626 1749 2659 Pisanis
1770 2629 1804 2659 et
1818 2629 1947 2659 tractat.
1982 2627 2017 2659 Si

366 2661 539 2694 Ianuenses
562 2665 692 2697 credent
715 2667 786 2709 sibi,
810 2670 1007 2712 ignoramus,
1039 2674 1112 2714 quia
1135 2675 1242 2706 nuncii
1265 2679 1337 2707 sunt
1359 2677 1392 2707 in
1414 2677 1501 2708 curia
1524 2677 1732 2711 Ianuensium
1759 2679 2016 2712 intriusecorum.

468 2742 535 2770 989.
563 2745 585 2777 ¹⁴)
605 2748 669 2778 patri
688 2749 749 2774 add.
770 2750 794 2774 J.

468 2803 494 2835 1)
517 2802 557 2837 Cf.
575 2812 658 2837 supra
676 2814 717 2832 nr.
734 2811 789 2835 946.
876 2811 902 2844 2)
924 2813 964 2844 Cf.
984 2817 1075 2840 notam
1093 2815 1168 2848 apud
1189 2815 1277 2843 Finke
1295 2818 1311 2844 l.
1323 2825 1343 2844 e.

2035 759 2061 780 1⁰

2032 2582 2060 2602 40
