2184 3126
325 175 389 205 460
411 187 417 193 -
562 170 659 197 ACTA
679 168 792 196 REGNI
811 165 995 194 LUDEWICI
1014 165 1061 225 ly.
1079 164 1125 192 ET
1145 163 1331 191 FRIDERICI
1349 163 1399 191 111.
1435 163 1512 192 1320.
1547 163 1596 191 ΝΣ.
1609 163 1668 191 578.
1687 164 1746 191 574.

673 309 758 344 573.
799 308 1037 342 [uramentum
1065 304 1188 340 vican'z·
1210 303 1391 349 ymeralis.
1498 302 1588 339 Mai.
1606 305 1639 338 1.

438 385 536 424 Copia
559 383 612 425 (c.)
637 383 750 414 ibidem
771 381 826 420 fol.
843 381 894 411 48.
945 379 1143 411 Contulimus
1165 388 1232 410 nos,
1256 397 1298 401 —
1321 377 1383 410 Ed.
1400 377 1427 409 1.
1444 388 1469 409 c.
1487 388 1523 418 Ρ.
1539 378 1603 409 201
1626 388 1676 409 nr.
1693 377 1737 408 13
1758 387 1797 409 ex
1819 387 1844 409 c.

438 444 484 483 Cf.
508 442 655 480 Bc‘ihmer,
680 442 757 481 Rey.
773 440 885 472 Ludw.
905 449 939 480 Ρ.
956 440 1020 470 386
1041 438 1212 470 Friedrich
1234 448 1285 471 nr.
1301 437 1366 468 363
1388 438 1514 478 (Addit.
1530 438 1615 479 III).

433 529 472 560 In
494 529 622 559 nomine
646 530 754 558 sancte
779 530 812 557 et
834 525 997 558 individue
1021 524 1187 557 Trinitatis
1209 534 1315 556 amen.

434 580 504 621 Ego
530 579 730 611 Castruccius
754 578 793 609 de
816 576 1056 608 Antelminellis
1084 577 1275 607 auctoritate
1304 575 1464 617 imperiali
1493 576 1526 607 in
1549 575 1639 607 Luca
1659 576 1796 608 vicarius
1819 552 1980 617 generalis
2009 587 2022 608 5

326 634 396 664 iuro
420 632 461 663 ad
485 634 595 662 sancta
610 630 672 661 Dei
697 628 866 670 euangelia
890 631 923 660 et
945 627 1148 670 presentibus
1170 638 1223 659 me
1246 628 1369 659 iurasse
1384 630 1555 669 protestor,
1580 627 1665 671 quod
1690 627 1918 670 gloriosissimo
1942 637 1981 659 ac

328 684 534 715 invictissimo
563 682 691 713 domino
720 690 793 713 meo
828 679 957 712 domino
987 678 1145 711 Federico
1172 678 1393 711 Romanorum
1419 679 1490 720 regi
1520 678 1629 710 inclito
1663 681 1776 711 teneor
1807 682 1840 710 et
1874 677 1980 711 debeo

329 735 403 767 dolo
433 737 466 766 et
488 733 601 765 fraude
629 731 760 763 semotis
786 731 977 763 fidelitatem
1007 734 1039 761 et
1067 730 1285 762 obedientiam
1313 733 1467 772 tanquam
1493 730 1577 762 iusto
1606 733 1639 762 et
1660 741 1738 762 vero
1759 730 1981 762 Romanorum

326 787 396 828 regi
418 785 646 816 inviolabiliter
669 783 840 814 observare
865 786 898 814 et
920 782 1038 814 vicarie
1063 781 1204 814 officium
1226 781 1371 823 predicte
1394 781 1492 814 michi
1515 781 1554 814 de
1576 781 1782 824 benignitatis
1804 792 1860 813 sue
1875 782 1982 823 gratia,

327 837 483 869 creditum
507 839 540 867 et
563 836 766 866 commissum
791 833 831 864 ad
856 844 947 865 suum
971 836 1004 864 et
1026 833 1153 874 imperii
1175 833 1333 864 honorem
1355 832 1496 864 fideliter
1522 843 1685 864 exercere.
1739 832 1854 865 Debeo
1883 834 1981 866 etiam
1998 844 2024 864 ιο

327 888 385 919 sub
405 887 522 920 eodem
537 888 716 918 iuramento
739 885 875 927 predicti
897 884 1018 916 domini
1040 885 1105 916 mei
1128 883 1214 926 regis
1237 887 1270 916 et
1292 883 1374 915 sacri
1396 884 1523 926 imperii
1539 884 1668 925 damna,
1690 885 1932 916 molestationes
1948 887 1982 917 et

326 940 522 981 gravamina,
547 941 701 980 quantum
724 937 858 978 sufficio,
885 937 949 967 scio
974 939 1007 968 et
1029 935 1134 975 valeo,
1157 935 1298 967 fideliter
1320 945 1506 977 precavere,
1528 935 1667 968 honores
1687 939 1721 968 et
1735 935 1907 968 commoda
1921 946 1980 978 pro

326 990 446 1022 viribus
468 999 668 1031 promovere.
771 988 813 1019 Et
835 988 867 1018 in
891 987 1022 1018 evidens
1045 987 1274 1029 premissorum
1298 987 1529 1024 testimonium,
1560 990 1595 1019 ut
1621 998 1679 1030 per
1707 998 1760 1019 me
1787 986 1880 1020 firma
1906 997 1981 1030 per-

326 1040 501 1085 manea[n]t
529 1045 562 1072 et
588 1042 698 1081 illesa,
730 1051 786 1071 sue
810 1040 1012 1071 serenissime
1038 1039 1200 1071 maiestati
1227 1039 1409 1071 transmitto
1437 1042 1606 1081 presentes
1634 1039 1700 1070 mei
1729 1038 1835 1082 sigillo
1865 1038 1982 1071 robore
2019 1079 2024 1082 Ι

331 1094 543 1125 confirmatas.
1345 1102 1351 1105 ·
1999 1100 2024 1120 ιι

437 1150 557 1180 Datum
581 1148 679 1188 Luce,
702 1147 859 1178 Kalendis
881 1146 970 1187 Maii,
994 1157 1076 1178 anno
1101 1146 1232 1178 Domini
1253 1145 1448 1179 MOGGXX.

424 1382 498 1419 574.
532 1381 777 1418 EIUSDEM
800 1379 1074 1418 SCRIPTUM
1096 1379 1201 1417 PRO
1226 1378 1522 1417 COMITIBUS
1549 1380 1620 1416 DE
1650 1379 1887 1416 NASSOW.

998 1452 1106 1488 1320.
1145 1452 1234 1497 Apr.
1261 1453 1317 1488 19.

439 1552 600 1593 Oriyinale
627 1553 663 1584 in
686 1552 846 1584 tabulario
867 1552 951 1593 reyio
977 1551 1187 1584 Wisbadensi.
1239 1551 1420 1592 Descripsit
1446 1551 1486 1583 E.
1508 1550 1642 1583 Schaus.
1694 1550 1816 1583 Pendet
1843 1551 1984 1592 siyillum

326 1605 397 1646 fere
419 1604 561 1636 illaesum
585 1604 650 1636 loro
672 1604 916 1635 membranaceo.
2001 1614 2028 1634 so

436 1664 583 1702 Bo'hmer,
607 1663 682 1704 Req.
699 1664 812 1695 Ludw.
830 1674 866 1704 Ρ.
884 1665 946 1695 174
970 1663 1138 1696 Friedrich
1161 1673 1212 1696 nr.
1229 1663 1302 1695 156.

438 1724 488 1766 Cf.
505 1725 658 1763 scriptum
681 1723 816 1757 alterum
832 1723 935 1757 eodem
956 1723 1008 1755 die
1023 1734 1211 1762 concessum,
1235 1723 1374 1755 Bdhmer
1397 1723 1417 1757 l.
1435 1734 1460 1756 c.
1478 1734 1514 1764 Ρ.
1531 1725 1596 1756 386
1617 1734 1667 1755 nr.
1684 1724 1747 1755 365
1763 1724 1888 1764 (Addit.
1902 1724 1986 1766 ΙΙΙ),

329 1776 422 1807 cuius
445 1776 597 1816 oriyz‘nale
626 1776 692 1807 iam
715 1778 818 1807 exstat
847 1775 882 1806 in
907 1774 1067 1807 tabulario
1093 1774 1235 1815 yenerali
1262 1775 1352 1815 reyni
1373 1775 1542 1807 Bawar-icet
1565 1775 1784 1807 ‘Kaiserselect
1806 1775 1986 1816 Nachtmy’

328 1838 377 1859 nr.
395 1828 495 1869 1863,
520 1828 653 1867 itemque
674 1837 776 1866 supra
797 1837 847 1858 nr.
865 1827 937 1858 565.

436 1917 504 1948 Nos
521 1917 704 1948 Fridericus
726 1917 790 1948 Dei
812 1918 922 1959 gracia
937 1918 1157 1949 Romanorum
1180 1928 1238 1949 rex
1261 1928 1392 1959 semper
1414 1919 1570 1958 augustus
1593 1917 1635 1948 ad
1658 1917 1878 1949 universorum
1901 1927 1983 1959 quos
2000 1927 2026 1949 ss

276 1962 279 1966 ’
330 1972 519 2009 oportunum
544 1979 639 2000 nosce
671 1968 767 2000 fuerit
796 1969 949 2000 noticiam
977 1970 1125 2001 volumus
1154 1968 1359 2012 pe[r]venire‚
1390 1968 1476 2010 quod
1503 1968 1659 2000 nobilium
1682 1968 1821 2000 virorum
1844 1967 1984 2009 Ger-lani,
2024 1993 2026 1996 ,

329 2020 531 2060 VValr(ami)‚
560 2020 721 2060 Heinrici,
750 2020 936 2051 Emichonis
959 2024 992 2052 et
1014 2021 1168 2052 Iohannis
1196 2021 1347 2052 comitum
1373 2020 1414 2052 de
1437 2020 1610 2061 Nazzowe,
1639 2019 1768 2052 Gerlaci
1797 2019 1919 2052 domini
1942 2019 1983 2052 de

329 2071 535 2112 Lymppurch
560 2074 592 2102 et
614 2071 749 2103 Lutheri
773 2071 814 2102 de
838 2071 1058 2113 Eysenburch,
1081 2071 1227 2103 fidelium
1249 2075 1431 2103 nostrorum
1454 2074 1547 2113 grata
1569 2074 1603 2103 et
1625 2070 1786 2103 fructuosa
1809 2070 1902 2103 nobis
1923 2072 1984 2103 ime

330 2133 430 2163 pensa
459 2122 614 2164 obsequia
642 2126 675 2154 et
703 2124 915 2164 imposterum
941 2123 1160 2165 impendenda
1189 2123 1358 2165 benignius
1387 2122 1606 2164 attendentes,
1638 2123 1716 2164 ipsis
1748 2125 1782 2154 ot
1814 2122 1986 2165 unicuique

330 2174 472 2214 ipsorum
496 2185 553 2214 pro
577 2175 719 2205 serviciis
746 2174 838 2206 nobis
865 2174 959 2206 factis
988 2178 1021 2206 et
1046 2174 1161 2206 fiendis
1188 2185 1286 2216 super
1313 2177 1452 2206 castrum
1474 2175 1508 2206 in
1531 2173 1743 2206 Chaltzmund
1767 2176 1800 2206 et
1822 2174 1986 2206 civitatem
2004 2183 2031 2204 ιο

330 2225 361 2255 in
378 2224 565 2266 Wepflaren
588 2236 658 2256 cum
684 2226 829 2257 omnibus
852 2227 916 2257 suis
938 2226 1070 2268 iuribus⁷
1093 2225 1272 2258 redditibus
1294 2228 1327 2258 et
1348 2225 1555 2268 pertinenciis
1576 2225 1669 2257 nobis
1691 2228 1724 2258 et
1745 2226 1882 2267 imperio
1898 2225 1985 2268 apud
2024 2249 2045 2258 .-

333 2276 498 2307 cristianos
526 2280 559 2307 et
581 2276 698 2308 Iudeos
725 2278 757 2308 in
787 2277 872 2309 dicta
895 2278 1025 2309 civitate
1048 2278 1133 2309 intra
1156 2281 1190 2310 et
1212 2280 1304 2309 extra
1331 2277 1374 2308 ad
1397 2277 1518 2309 dictum
1541 2276 1718 2309 dominium
1739 2277 1985 2319 pertinentibus,

335 2331 472 2367 excepto
502 2329 634 2368 ungelto
664 2329 800 2370 ibidem,
830 2330 918 2362 mille
949 2341 1075 2362 marcas
1098 2331 1224 2372 argenti
1246 2330 1485 2370 acumulamm,
1512 2329 1659 2371 predicta
1680 2329 1816 2370 pignora
1839 2331 1906 2360 tam
1929 2328 1986 2361 diu

334 2377 474 2409 tenenda
498 2381 530 2409 et
557 2379 765 2420 possidenda,
796 2391 962 2422 quousque
993 2391 1052 2422 per
1077 2391 1136 2412 nos
1163 2383 1218 2413 aut
1245 2384 1372 2412 nostros
1399 2381 1434 2411 in
1459 2380 1595 2422 imperio
1624 2390 1825 2412 successores
1846 2380 1925 2422 ipsis
1951 2383 1985 2412 et

335 2428 508 2460 heredibus
535 2431 598 2461 suis
622 2430 661 2461 de
684 2432 812 2472 prefata
834 2433 972 2473 pecunia
994 2432 1196 2474 integraliter
1219 2432 1316 2464 fuerit
1338 2431 1547 2463 satisfactum.
1653 2432 1692 2463 In
1714 2432 1803 2463 cuius
1824 2432 1872 2464 rei
1894 2431 1984 2463 testi·-
2003 2439 2030 2461 ⁸⁸

333 2481 475 2510 monium
498 2482 606 2522 regale
630 2486 772 2513 nostrum
796 2483 935 2525 sigillum
959 2483 1162 2525 presentibus
1185 2487 1235 2515 est
1256 2494 1444 2525 appensum.

444 2539 518 2570 Dat.
542 2540 574 2570 in
596 2541 739 2582 Posano,
769 2543 863 2574 ΧΙΙΙ.
886 2543 1026 2575 Kalend.
1050 2544 1144 2585 Maii,
1173 2554 1256 2575 anno
1284 2543 1416 2575 Domini
1438 2542 1556 2575 Mccc
1585 2543 1753 2584 vicesimo,
1782 2543 1874 2585 regni
1901 2552 1978 2574 vero

333 2590 432 2621 nostri
457 2601 538 2622 anno
563 2595 664 2624 sexto.
