2184 3126
340 247 402 278 586
580 241 678 268 ACTA
695 238 808 266 REGNI
827 235 1010 264 LUDEWICI
1027 234 1075 261 1v.
1093 233 1140 260 ET
1159 231 1343 259 FRIDERICI
1362 231 1411 258 ΠΙ.
1448 229 1523 258 1323.
1541 260 1544 262 ,
1559 229 1609 256 Nr.
1622 228 1680 255 751.
1699 228 1759 256 752.

339 331 427 363 riche
452 329 594 362 erhaben
616 328 685 368 hat,
716 326 773 358 des
795 325 852 356 wir
880 325 912 355 in
939 322 1022 354 ouch
1045 331 1102 352 vor
1124 329 1221 351 unser
1247 316 1334 349 brief
1359 315 1510 359 gegeben
1533 314 1671 355 haben²‚
1701 314 1778 346 swie
1802 312 1855 346 die
1878 313 1992 346 selben

340 381 428 413 brief
446 383 544 421 stant,
574 379 632 410 daz
655 379 712 409 wir
734 377 793 408 daz
816 375 899 407 noch
922 373 1033 405 ffirbaz
1056 370 1230 403 willeklich
1254 368 1401 400 volffiren
1427 367 1491 399 vnd
1523 366 1587 398 stet
1613 365 1732 398 wellen
1753 365 1829 397 han.
1916 364 1992 398 Und

341 433 399 464 dez
421 442 457 463 ze
481 432 586 463 ainem
608 428 777 461 firkfinden
801 427 906 469 geben
930 425 987 456 wir
1010 424 1072 455 den
1094 423 1314 463 vorgenanten
1330 429 1448 451 unsern
1469 418 1588 450 herren
1609 428 1675 450 von
1690 407 1877 450 Osterriohe
1901 416 1993 449 disen

339 483 427 516 brief
446 483 504 514 mit
526 492 652 513 unserm
677 479 802 520 insigel.

446 534 514 565 Der
535 536 615 564 wart
637 530 785 574 gegeben
807 539 843 560 ze
866 527 1059 568 Rfitlingen,
1089 535 1128 556 an
1159 523 1234 555 dem
1257 522 1369 564 Fritag
1395 532 1453 553 vor
1474 520 1668 563 Phingsten‚
1697 520 1738 552 da
1761 530 1824 552 von
1846 519 1992 553 Christes
2021 528 2034 549 ⁵

340 586 476 629 gebfirte
500 594 606 616 waren
630 579 939 614 drizzehenhundert
958 579 1010 619 jar
1033 575 1174 608 darnach
1197 575 1229 606 in
1253 574 1328 606 dem
1352 572 1713 614 driundzwainezigsten
1731 572 1794 612 jar.

467 799 714 846 752—756.
755 796 935 843 ACTA
964 790 1511 840 AMBASIATORUM
1538 789 1874 837 LUDEWICI

990 863 1064 909 IN
1098 860 1346 908 ITALIA.

916 939 1024 977 1323.
1062 939 1143 975 Iun.
1165 937 1380 974 aa—oet.
1402 936 1438 973 5.

453 1035 504 1078 Cf.
528 1045 628 1075 supra
651 1045 700 1066 nr.
717 1034 780 1065 729
803 1035 832 1065 et
855 1033 926 1064 742.
2015 1039 2042 1060 ω

414 1150 498 1186 752.
538 1151 776 1185 Ian-amentum
803 1147 954 1183 civitatis
981 1144 1258 1181 Mediolanensis
1283 1143 1417 1179 vicario
1439 1143 1658 1188 praestitum.
1762 1141 1843 1177 Iun.
1862 1141 1926 1176 ,23-

453 1224 614 1264 Oriqinale
638 1222 713 1265 (or.)
737 1222 774 1253 in
796 1221 956 1252 tabulario
978 1221 1092 1251 secreto
1115 1218 1228 1250 domus
1248 1218 1353 1259 reqiae
1376 1217 1576 1249 Bawaricae.
1618 1215 1821 1250 Contulimus
1842 1225 1910 1247 nos.
1956 1215 1999 1247 In

344 1286 430 1308 verso
452 1275 580 1316 legitur:
603 1274 801 1315 Homagium
824 1271 998 1304 Mediolan.
1047 1269 1311 1311 Orthoqraphiam
1333 1268 1535 1301 servavimus.

452 1335 595 1372 Βόἤηιεν,
619 1333 696 1374 Req.
713 1333 826 1365 Ludw.
843 1343 879 1372 p.
896 1333 961 1363 240
983 1330 1215 1363 Reichssachen
1237 1340 1286 1362 nr.
1305 1329 1355 1361 56.
2059 1359 2062 1361 ,

455 1395 505 1437 Cf.
529 1394 597 1426 alia
618 1394 800 1426 iuramenta
822 1392 916 1433 infra
938 1392 983 1423 ad
1004 1402 1034 1423 ιι.
1053 1391 1147 1423 1323.
1172 1389 1249 1423 Dec.
1266 1390 1404 1421 14—16.
1425 1387 1641 1429 proponenda.
2017 1402 2042 1422 ῃ,

452 1473 490 1503 In
512 1472 640 1504 nomine
663 1471 794 1503 Domini
817 1480 921 1502 amen.

454 1523 496 1566 (Ι)
520 1523 691 1555 Millesimo
721 1522 949 1554 trecentesimo
974 1522 1130 1563 vigesimo
1161 1520 1271 1560 tertio,
1303 1518 1479 1551 indictione
1506 1521 1615 1560 sexta,
1646 1517 1700 1550 die
1726 1517 1814 1549 Iovis
1842 1516 2000 1559 vigesimo

347 1575 441 1607 tertio
465 1576 583 1607 mensis
606 1575 699 1607 Iunii.
744 1575 783 1605 In
805 1574 938 1615 pallatio
962 1583 1045 1604 novo
1070 1572 1214 1604 comunis
1236 1570 1415 1603 Mediolani
1438 1573 1614 1602 convocato
1645 1572 1678 1602 et
1704 1571 1902 1611 congregato
1925 1578 2002 1600 con—

347 1627 417 1658 silio
434 1627 578 1668 generali
593 1626 737 1658 comunis
753 1625 930 1657 Mediolani
946 1635 1024 1656 sono
1045 1634 1202 1666 campane
1226 1626 1260 1655 et
1281 1632 1361 1654 voce
1378 1623 1531 1664 preconia
1553 1631 1643 1654 more
1666 1621 1760 1653 solito
1785 1620 1826 1652 de
1849 1619 2003 1652 mandato

346 1679 508 1720 magnifici
530 1679 653 1710 millitis
677 1678 817 1710 domini⁸
841 1677 962 1709 Galeaz
978 1676 1186 1709 Vieecomitis
1209 1675 1347 1707 civitatis
1371 1677 1405 1706 et
1427 1673 1589 1705 districtus
1611 1672 1789 1705 Mediolani
1811 1671 2004 1714 protectoris
2022 1679 2048 1699 ²⁰

348 1733 382 1762 et
404 1730 593 1762 deffensoris
617 1733 650 1762 et
672 1729 827 1761 nobilium
851 1732 884 1761 et
903 1729 1084 1770 potentium
1100 1728 1241 1759 virorum
1265 1726 1488 1759 dominorum·
1511 1724 1635 1757 Galzini
1657 1725 1698 1757 de
1714 1723 1887 1756 Torniellis
1901 1724 2003 1756 hono-

348 1781 456 1813 rabilis
479 1783 648 1823 potestatis
672 1783 815 1813 comunis
838 1781 1016 1813 Mediolani
1039 1784 1072 1812 et
1087 1779 1238 1811 Suardini
1261 1779 1302 1810 de
1322 1777 1455 1810 Suardis
1478 1778 1623 1809 comunis
1646 1779 1680 1808 et
1701 1775 1812 1818 populi
1827 1774 2005 1807 Mediolani

349 1833 544 1864 honorabilis
579 1834 738 1875 capitanei
770 1837 803 1865 et
839 1833 872 1864 in
906 1833 1070 1874 presentia
1101 1831 1303 1863 dominorum
1334 1855 1341 1862 .
1366 1855 1372 1861 .
1404 1828 1575 1861 duodecim
1605 1828 1844 1870 prepositorum
1866 1826 2007 1869 negotiis

350 1885 493 1915 comunis
515 1884 702 1916 Mediolani.
746 1884 891 1916 Predicti
913 1883 1102 1925 magnificus
1125 1882 1231 1914 milles
1254 1881 1424 1913 dominus·
1446 1880 1567 1913 Galeaz
1590 1881 1784 1913 vicecomes
1806 1879 1951 1911 comunis
1973 1881 2008 1910 et

350 1936 461 1976 populi
476 1935 653 1967 Mediolani
670 1939 833 1977 protector
849 1939 882 1967 et
906 1935 1068 1967 deffensor
1091 1938 1124 1966 et
1147 1933 1269 1966 domini
1285 1932 1435 1965 Calzinus
1450 1932 1634 1965 Tor-niellus
1650 1930 1848 1964 honorabilis
1861 1933 2007 1973 potestas
2025 1938 2050 1958 2⁵

350 1986 554 2028 Mediolani¹³‚
588 1987 763 2019 Suardinus
786 1987 827 2018 de
851 1987 983 2018 Suardis
1012 1987 1052 2018 de
1076 1986 1238 2028 Pergamo
1263 1985 1407 2017 comunis
1431 1987 1464 2017 et
1485 1984 1598 2027 populi
1619 1983 1797 2016 Mediolani
1819 1982 2008 2024 capitaneus

351 2041 384 2069 et
406 2038 526 2070 domini
550 2062 557 2069 .
576 2062 583 2069 .
607 2038 778 2070 duodecim
805 2039 969 2080 sapientes
991 2039 1147 2080 prepositi
1176 2038 1316 2079 negotiis
1344 2037 1488 2069 comunis
1509 2035 1686 2068 Mediolani
1715 2035 1756 2067 de
1785 2034 1952 2067 voluntate
1975 2035 2009 2066 et

352 2099 507 2121 consensu
537 2091 679 2122 omnium
708 2090 960 2122 consiliariorum
988 2091 1021 2121 in
1049 2090 1136 2121 dicto
1166 2090 1299 2121 consilio
1331 2090 1539 2121 existentium
1563 2091 1597 2120 et
1618 2088 1680 2130 ipsi
1703 2096 1815 2119 omnes
1838 2085 2011 2118 consiliarii

353 2150 424 2171 oum
441 2142 630 2174 auctoritate
656 2146 689 2173 et
705 2142 834 2173 decreto
852 2141 1070 2183 predictorum
1091 2141 1295 2173 dominorum
1318 2165 1326 2172 .
1344 2165 1351 2172 .
1375 2141 1577 2183 protectoriS‚
1602 2165 1608 2171 .
1627 2164 1635 2172 .
1658 2139 1839 2181 potestatis,
1864 2161 1872 2169 .
1889 2161 1897 2168 .
1921 2137 2010 2180 eapi-

355 2192 442 2222 tanei
464 2196 497 2224 et
521 2217 552 2225 ..
577 2193 746 2225 duodecim
769 2197 802 2225 et
824 2194 886 2235 ipsi
919 2203 1030 2225 omnes
1053 2193 1174 2225 domini
1204 2203 1277 2224 cum
1309 2193 1356 2224 eis
1385 2202 1497 2224 omnes
1523 2191 1718 2223 unanimiter
1745 2193 1779 2222 et
1807 2188 2010 2222 concorditer
2026 2196 2053 2217 ⁸0

355 2241 502 2274 fecerunt
525 2247 558 2275 et
573 2246 805 2277 constituerunt
828 2247 860 2276 et
877 2245 993 2276 fatiunt
1016 2247 1049 2276 et
1075 2245 1273 2276 constituunt
1290 2244 1460 2286 providum
1483 2247 1517 2276 et
1539 2243 1712 2276 discretum
1728 2242 1851 2274 virum·
1866 2240 2008 2283 Gaspar-

355 2294 458 2325 riuum
491 2294 674 2327 Scaziosum
709 2297 935 2329 cancellarium
971 2297 1115 2328 comunis
1142 2296 1319 2328 Mediolani
1354 2307 1466 2328 eorum
1500 2295 1702 2328 dominorum
1734 2296 1767 2326 et
1800 2293 1944 2326 comunis
1977 2294 2012 2324 et

355 2345 519 2376 hominum
538 2347 684 2388 civitatis,
709 2348 931 2380 suburbiorum
948 2351 981 2380 et
997 2348 1158 2380 districtus
1173 2348 1350 2379 Mediolani
1365 2347 1534 2389 sindicum,
1558 2350 1802 2389 procuratorem
1817 2348 1850 2377 et
1864 2344 2010 2376 nuntium

359 2397 529 2437 spetialem
553 2398 593 2429 ad
610 2400 818 2440 prestandum
842 2403 875 2432 et
891 2400 1070 2432 fatiendum
1087 2399 1232 2432 debitum
1247 2399 1412 2431 fidelitatis
1427 2400 1644 2431 iuramentum
1658 2399 1691 2429 in
1706 2397 1855 2429 manibus
1870 2395 2011 2428 inlustris

359 2448 418 2478 viri
448 2448 585 2479 domini¹³
607 2450 753 2482 Bertoldi
781 2453 906 2483 comitis
934 2451 974 2483 de
997 2451 1107 2483 Niffen
1135 2451 1276 2493 vicar(ii)
1308 2454 1342 2482 et
1370 2461 1543 2493 personam
1570 2449 1786 2492 presentantis
1815 2447 2011 2480 serenissimi
2028 2454 2053 2475 ³⁵

361 2498 480 2529 domini
504 2501 601 2531 nostri
625 2501 763 2533 dominia
785 2503 942 2534 Ludoviei
964 2503 1184 2534 Romanorum
1208 2502 1294 2544 regis
1317 2513 1446 2544 semper
1469 2501 1598 2544 augusti
1620 2502 1652 2533 in
1674 2499 1844 2533 animabus
1867 2499 2011 2531 omnium

361 2552 394 2580 et
416 2550 610 2590 singulorum
626 2552 788 2584 hominum
805 2555 941 2585 civitatis
965 2558 998 2585 et
1022 2554 1182 2586 districtus
1198 2553 1374 2585 Mediolani
1398 2556 1430 2585 et
1446 2553 1700 2585 consiliariorum
1716 2555 1749 2584 et
1765 2551 1843 2584 dicti
1858 2549 2011 2591 comunis,

362 2600 449 2641 quod
472 2602 533 2642 ipsi
556 2605 588 2633 et
612 2604 746 2644 quilibet
769 2616 878 2637 eorum
903 2609 995 2638 erunt
1018 2607 1084 2638 veri
1109 2609 1142 2638 et
1164 2605 1289 2637 fidelles
1313 2608 1346 2637 et
1369 2605 1510 2647 prompti
1529 2605 1701 2637 servitores
1723 2605 1806 2636 sacri
1827 2602 1956 2644 imperii
1979 2604 2013 2633 et

361 2651 477 2692 prefati
502 2652 640 2684 dominia
656 2655 810 2688 Ludovici
825 2657 1044 2689 Romanorum
1067 2658 1153 2699 regis
1177 2661 1210 2689 et
1233 2657 1378 2689 eiusdem
1401 2657 1530 2688 honoris
1554 2659 1587 2688 et
1603 2655 1724 2687 domini
1748 2679 1755 2686 .
1773 2680 1780 2687 .
1804 2654 1914 2686 vicarii
1936 2662 2011 2695 pre-

362 2701 439 2733 dicti
462 2705 494 2734 et
517 2703 601 2735 dicto
625 2705 752 2737 domino
777 2732 783 2738 .
802 2732 808 2739 .
832 2709 949 2740 vicario
973 2713 1138 2751 tamquam
1161 2719 1238 2740 vero
1261 2709 1381 2740 vicario
1410 2711 1443 2740 et
1466 2708 1592 2750 spetiali
1615 2707 1726 2739 nuntio
1749 2706 1868 2749 prefati
1891 2705 2012 2737 domini
2029 2713 2056 2734 ω

468 2779 530 2806 752.
557 2780 582 2811 ²³)
602 2801 607 2807 .
622 2801 627 2807 .
647 2784 709 2809 add.
727 2793 764 2809 or.

469 2848 495 2880 1)
515 2847 605 2881 Supra
622 2857 663 2876 nr.
677 2853 730 2877 532.
