2190 3172
298 244 363 276 268
534 242 631 270 ACTA
651 243 764 270 REGNI
783 243 969 270 LUDEWICI
989 243 1035 270 IV.
1054 243 1101 270 ET
1121 243 1305 271 FRIDERICI
1325 244 1372 272 111.
1409 245 1486 272 1315.
1522 245 1572 272 Nr.
1584 245 1644 274 ³11.
1662 245 1722 274 312.

299 340 372 360 cum
396 329 688 371 sollempnitatibus
713 330 874 361 consuetis
905 332 937 361 et
965 329 1083 361 debitis
1112 331 1276 371 coronari,
1311 330 1433 373 gaudia
1459 342 1544 363 nova
1571 335 1604 364 et
1635 343 1719 364 nova
1749 335 1956 367 recreacione

298 380 483 412 huiusmodi
506 382 538 412 in
562 381 608 412 eis
632 380 769 412 dulciter
791 381 934 421 paternis
957 380 1127 412 affectibus
1150 382 1364 423 quiescentes,
1387 382 1577 414 intrinsecus
1600 382 1814 425 deprecantes
1829 385 1958 417 Altissi-

299 442 401 472 mum,
433 432 555 474 absque
585 443 648 474 quo
680 431 759 463 nihil
788 431 918 470 stabile,
948 442 1007 473 pro
1035 442 1093 463 sua
1121 433 1244 464 infinita
1273 433 1452 465 clemencia
1480 434 1526 466 sic
1549 436 1649 467 vestri
1676 438 1710 467 et
1736 435 1822 468 dicte
1845 438 1957 479 regine

297 484 444 525 coniugis
461 487 567 515 vestre
592 486 699 515 nostre
723 483 891 514 karissime
915 486 990 515 nate
1015 494 1204 525 progressus
1227 487 1260 516 et
1282 488 1373 516 aetus
1389 484 1517 527 dirigat,
1542 486 1629 528 quod
1652 487 1766 519 ambos
1789 488 1957 521 celestium

299 537 332 566 et
362 535 588 576 temporalium
619 535 801 576 graciarum
835 535 992 566 continuis
1027 535 1212 567 accionibus
1246 535 1338 567 donis
1371 536 1515 578 repleat,
1549 538 1675 579 prolem
1709 539 1957 581 multiplicatam

297 586 445 618 conferat
469 589 501 617 et
524 586 594 617 dies
618 589 742 617 vestros
766 589 799 617 et
822 587 891 617 eius
913 586 946 617 in
970 596 1063 617 evum
1087 587 1263 618 senectutis
1291 587 1403 619 obtate
1434 587 1601 629 perducat.
1691 590 1737 630 (2)
1760 590 1814 622 Ad
1837 591 1902 623 alia
1924 592 1957 624 in

297 637 391 669 dietis
414 638 530 669 litteris
553 638 667 669 vestris
691 640 841 669 contenta
873 637 1056 669 celsitudini
1079 640 1185 669 vestre
1209 639 1427 681 rescribimus,
1455 639 1540 681 quod
1567 643 1696 682 gratum
1725 651 1764 673 ac
1793 641 1956 684 placidum

296 690 439 731 gerimus
470 691 642 730 vestreque
672 689 903 730 circumspecte
940 689 1130 720 discrecioni
1159 689 1364 731 ascribimus,
1397 691 1472 732 quia
1499 690 1542 722 ad
1571 702 1628 723 vos
1658 693 1827 735 egregium
1852 694 1957 726 virum

296 740 481 772 Amadeum
516 740 666 772 comitem
700 740 863 772 sabaudie
899 751 940 772 ex
976 743 1142 772 contractu
1173 742 1361 783 nupciarum
1396 742 1496 774 incliti
1525 743 1677 785 Leopolli
1706 744 1796 776 ducis
1825 745 1957 778 Austrie

297 791 403 823 fratris
427 793 524 823 vestri
549 791 640 823 nobis
663 791 824 823 karissimi
849 795 882 823 et
903 793 1004 834 ipsius
1028 793 1154 824 comitis
1177 792 1243 824 filie
1271 793 1304 824 in
1327 793 1490 826 amicabili
1519 794 1632 827 federe
1661 796 1835 828 atraxistis.
1880 797 1956 839 Ipse

297 844 418 875 etenim
450 844 603 886 precipue
635 844 668 875 in
700 844 764 875 suis
794 843 941 885 partibus
976 847 1009 876 et
1041 843 1149 876 forsan
1181 845 1213 875 in
1235 844 1386 877 Romana
1413 846 1502 878 curia
1524 846 1615 878 vobis
1645 848 1765 889 poterit
1792 848 1958 880 fructuosa

295 895 431 927 servicia
459 896 608 937 congruis
637 895 837 937 temporibus
861 895 1027 927 exhibere.
1072 895 1194 927 Verum
1223 897 1299 938 quia
1325 907 1384 938 pro
1407 897 1502 939 hiis-⁵,
1537 909 1600 940 que
1627 909 1686 940 pro
1710 899 1802 931 vobis
1830 901 1957 942 egimus

295 946 384 988 apud
414 947 610 978 reverendos
643 950 754 988 patres
788 946 935 978 dominos
968 947 1149 979 cardinales
1175 947 1323 980 Romane
1354 948 1490 981 ecclesie
1519 953 1739 991 sacrosancte,
1773 955 1882 984 vestra
1909 953 1956 984 eis

295 998 556 1031 recomendando
591 999 744 1040 negocia,
780 998 873 1030 nobis
905 999 1085 1040 graciarum
1114 1000 1262 1031 acciones
1296 999 1436 1032 referitis
1466 1000 1659 1043 uberrimas,
1692 1003 1895 1044 postulantes
1920 1008 1956 1036 ut

295 1051 405 1081 statim
428 1061 492 1081 non
515 1054 689 1092 expectata
713 1060 798 1092 pape
823 1051 1007 1082 creationeb
1031 1050 1234 1082 studeremus
1257 1051 1384 1093 aliquos
1412 1051 1453 1083 de
1477 1055 1551 1084 cetu
1574 1053 1786 1086 cardinalium
1808 1054 1900 1086 vobis
1923 1059 1957 1087 et

295 1101 388 1133 nobis
411 1102 572 1142 atrahere,
597 1102 650 1143 qui
674 1102 809 1133 firmiter
831 1105 938 1133 vestre
961 1103 1161 1143 promocioni
1183 1103 1353 1135 intendant
1381 1107 1415 1135 et
1437 1103 1566 1136 illorum
1588 1104 1682 1136 vobis
1705 1106 1835 1138 nomina
1857 1107 1957 1148 signi-

294 1152 475 1194 ficaremus,
499 1163 562 1184 non
586 1153 821 1194 respondentes
844 1153 886 1184 ad
902 1153 1100 1185 relacionem
1116 1154 1296 1195 graciarum
1314 1154 1508 1196 huiusmodi,
1532 1167 1606 1188 eum
1621 1157 1756 1189 refferre
1780 1157 1857 1190 talia
1872 1159 1957 1190 inter

294 1207 421 1246 patrem
446 1208 478 1236 et
500 1205 601 1236 filium
624 1215 687 1236 non
711 1204 873 1246 procedit,
909 1204 951 1236 ad
979 1205 1068 1236 aliud
1098 1205 1299 1247 subsequens
1327 1206 1547 1247 rescribimus,
1576 1208 1680 1239 visum
1709 1218 1779 1240 esse
1806 1208 1900 1240 nobis
1922 1209 1956 1241 id

295 1255 416 1296 duplici
440 1266 481 1287 ex
505 1266 603 1287 causa
619 1257 761 1297 presenti
778 1259 925 1297 tempore
941 1267 1005 1287 non
1023 1256 1192 1298 expedire:
1267 1256 1378 1289 Prima
1395 1257 1537 1300 quidem,
1561 1262 1596 1290 ut
1619 1269 1692 1291 cum
1709 1270 1766 1291 vos
1782 1259 1898 1292 deceat
1922 1264 1957 1293 et

294 1308 421 1348 negocii
445 1308 542 1338 vestri
565 1307 712 1338 condicio
740 1307 952 1339 vehementer
975 1311 1154 1349 competat,
1185 1319 1243 1340 vos
1266 1313 1421 1350 quantum
1450 1309 1522 1352 plus
1548 1310 1703 1352 possibile
1727 1311 1825 1343 fuerit
1841 1322 1955 1344 omnes

294 1357 474 1390 cardinales
497 1359 638 1390 retinere
661 1359 793 1399 amicos,
816 1369 879 1389 non
904 1359 1055 1390 convenit
1077 1360 1248 1400 presertim
1273 1364 1348 1392 ante
1371 1371 1458 1403 pape
1475 1363 1678 1394 creacionem
1694 1363 1820 1405 aliquos
1843 1374 1886 1395 ex
1909 1364 1956 1396 eis

294 1409 353 1440 sub
377 1410 486 1450 specie
511 1410 711 1452 consignare,
736 1411 887 1452 quoniam
911 1409 989 1453 a[li]i
1014 1421 1055 1442 ex
1078 1411 1140 1442 hoc
1164 1410 1301 1443 fortasse
1325 1422 1360 1443 se
1376 1412 1523 1445 videntes
1545 1413 1673 1445 excludi
1693 1414 1874 1446 animosos⁰
1897 1413 1957 1459 s[e]

293 1459 527 1503 pre[be]rent‘¹.
580 1461 730 1493 Secunda
759 1472 836 1493 vero
869 1463 945 1503 quia
974 1461 1057 1494 tales
1089 1473 1173 1494 nunc
1215 1467 1348 1505 possent
1389 1464 1525 1505 attrahi,
1565 1466 1620 1508 qui
1653 1476 1768 1508 parum
1799 1469 1856 1498 aut
1877 1467 1957 1499 nihil

294 1513 457 1553 potuerint
484 1523 556 1544 cum
580 1513 653 1553 illo,
685 1513 740 1554 qui
766 1513 1060 1554 promotusfuerit
1087 1513 1130 1545 ad
1158 1515 1284 1556 apicem
1312 1515 1489 1557 apostolice
1519 1516 1694 1558 dignitatis.
1740 1517 1858 1560 Sicque
1881 1517 1954 1559 hoc,

292 1573 461 1605 usquequo
485 1574 570 1606 papa
593 1567 720 1596 creatus
744 1565 851 1605 fuerit,
875 1565 1084 1606 relinquatur.
1123 1565 1214 1598 Tunc
1238 1567 1359 1599 etenim
1382 1568 1414 1599 in
1438 1579 1488 1610 eo,
1512 1572 1608 1610 prout
1631 1569 1830 1601 excellencie
1846 1573 1954 1602 vestre

256 1637 260 1641 .
293 1614 455 1646 videbitur
478 1619 511 1647 et
534 1616 654 1656 nobiae,
687 1617 741 1658 qui
765 1620 875 1658 partes
898 1616 1120 1648 sollicitudinis
1143 1620 1253 1649 nostre
1277 1618 1440 1657 dabimus,
1470 1620 1578 1651 utilius
1601 1620 1806 1663 procedetur.
1844 1621 1899 1653 Ad
1921 1621 1954 1653 id

292 1669 403 1698 autem
427 1666 513 1708 quod
536 1666 576 1698 ob
601 1677 714 1699 causas
739 1668 770 1699 in
794 1669 958 1709 premissis
981 1669 1097 1700 litteris
1122 1670 1236 1701 vestris
1259 1671 1456 1713 conscriptas
1479 1672 1606 1714 petitis,
1639 1675 1676 1704 ut
1702 1683 1760 1704 nos
1789 1672 1832 1704 ad
1855 1672 1955 1705 futuri

292 1728 378 1759 pape
403 1720 601 1760 presenciam
631 1720 860 1761 personaliter,
890 1721 916 1751 si
947 1731 1077 1762 quoquo
1109 1721 1207 1753 modo
1237 1721 1305 1754 fore
1334 1723 1470 1764 poterit,
1499 1724 1680 1764 veniamus,
1708 1724 1953 1766 respondemus,

292 1770 380 1811 quod
409 1781 468 1801 nos
496 1774 586 1802 actus
616 1772 833 1813 promocionis
861 1774 969 1803 vestre
997 1776 1030 1803 et
1053 1775 1160 1804 vestra
1183 1773 1321 1815 negocia
1344 1773 1445 1806 veluti
1472 1776 1604 1816 propria
1633 1778 1689 1807 aut
1715 1776 1816 1807 nostri
1842 1776 1900 1807 filii
1921 1777 1955 1808 in

293 1821 441 1853 omnibus
465 1822 580 1863 quibus
603 1823 780 1864 poterimus
803 1823 968 1855 favoribus
992 1834 1227 1866 prosequemur
1255 1828 1288 1857 et
1315 1828 1383 1857 tam
1407 1826 1531 1858 eundo⁰
1553 1827 1586 1858 in
1608 1837 1748 1869 persona
1762 1830 1890 1860 nostrae
1912 1827 1955 1859 ad

293 1872 391 1904 futuri
414 1875 529 1905 summi
545 1875 705 1915 pontificis
721 1876 932 1916 presenciam,
957 1876 982 1906 si
1000 1876 1230 1918 quoquomodo
1254 1881 1288 1909 et
1310 1877 1482 1909 commode
1505 1878 1576 1910 fieri
1591 1879 1721 1920 poterit,
1744 1880 1955 1921 proponimus

292 1935 351 1965 pro
368 1924 550 1956 huiusmodi
574 1929 608 1957 et
630 1926 701 1957 aliis
717 1926 893 1968 dirigendis
908 1928 1025 1959 vestris
1040 1928 1234 1959 utilitatibus
1250 1931 1350 1971 atque
1366 1929 1543 1961 honoribus
1559 1930 1730 1962 sollicitam
1747 1930 1954 1973 diligenciam

293 1979 326 2007 et
353 1975 543 2017 diligentem
574 1977 824 2009 sollicitudinem
856 1979 1015 2020 promptis
1048 1982 1082 2011 et
1110 1980 1254 2021 paternis
1283 1980 1455 2012 affectibus
1482 1981 1649 2014 exhibere.
1698 1982 1840 2014 Demum
1861 1982 1954 2014 vobis

292 2027 469 2068 postulanti
493 2028 533 2059 de
557 2032 642 2060 statu
665 2033 774 2061 nostro
797 2030 892 2063 avide
916 2030 1083 2062 informari
1106 2034 1220 2063 tenore
1243 2033 1448 2074 presencium
1475 2033 1679 2073 nunciamus,
1703 2033 1791 2075 quod
1814 2033 1954 2066 faciente

291 2078 358 2118 illo,
382 2089 440 2120 per
463 2089 560 2121 quem
583 2090 678 2122 reges
701 2085 838 2122 regnant
861 2085 894 2114 et
909 2083 1047 2115 salutem
1062 2084 1232 2125 recipiunt,
1255 2094 1313 2115 nos
1335 2095 1399 2116 una
1422 2094 1495 2116 cum
1510 2084 1628 2117 inclitis
1650 2085 1827 2117 infantibus
1848 2085 1952 2117 karis-

291 2130 381 2161 simis
403 2130 513 2162 liberis
536 2132 654 2163 nostris
677 2142 834 2174 corporea
857 2135 1014 2175 sospitate
1037 2135 1194 2176 vigemus.

400 2181 521 2213 Datum
545 2182 759 2222 Barchinone,
783 2184 844 2216 111.
861 2185 972 2217 Nonas
995 2186 1145 2228 Augusti,
1169 2197 1253 2218 anno
1277 2187 1411 2219 Domini
1433 2187 1626 2220 MOCOXV.

861 2237 1047 2269 Bernardus
1071 2237 1112 2270 de
1137 2238 1304 2271 Aversone
1328 2238 1483 2271 mandato
1505 2240 1592 2281 regis
1615 2242 1649 2271 et
1673 2239 1734 2271 fuit
1757 2240 1787 2271 ei
1810 2240 1906 2272 lecta.

617 2366 702 2402 312.
746 2367 904 2403 Litterae
931 2370 978 2404 ad
1004 2369 1188 2405 Elisabeth
1216 2369 1382 2415 reyinam.
1486 2370 1576 2416 Any.
1595 2371 1629 2406 3.

1977 807 2002 827 m

1976 1064 2000 1084 15

1972 1581 1998 1602 25

1973 1839 2000 1859 ³⁰

1971 2097 1998 2116 ³5

405 2437 503 2477 Copia
526 2438 581 2480 (c.)
603 2440 717 2472 ibidem
739 2441 760 2473 Ζ.
776 2452 802 2474 c.
825 2442 878 2481 fol.
895 2443 937 2475 9¹.
965 2461 1008 2467 -—
1034 2443 1097 2476 Ed.
1117 2443 1279 2484 Zeissbery
1301 2443 1321 2476 l.
1337 2454 1363 2475 c.
1387 2454 1419 2483 p.
1435 2444 1479 2475 32
1500 2454 1551 2476 nr.
1567 2445 1610 2475 25
1632 2455 1671 2476 ex
1693 2455 1720 2477 c.
1765 2445 1950 2479 Editionem
1967 2461 1994 2481 ιο

291 2488 470 2528 repetimus.

405 2543 455 2585 Gf.
480 2544 499 2577 l.
517 2556 541 2577 c.
561 2557 595 2585 p.
613 2547 654 2577 34
666 2558 730 2587 sqq.
755 2558 804 2579 ην.
820 2549 959 2581 26—30.

400 2622 537 2653 Iacobus
560 2623 622 2655 Dei
649 2626 758 2666 gracia
787 2636 846 2658 rex
869 2627 1058 2670 Aragonum
1083 2631 1147 2670 etc.
1216 2629 1420 2660 serenissime
1451 2639 1507 2660 sue
1536 2628 1707 2660 karissime
1730 2629 1796 2662 filie
1820 2629 1949 2663 domine

292 2671 440 2704 Elizabet
463 2684 521 2715 per
538 2675 674 2707 eandem
690 2676 911 2710 Romanorum
927 2679 1039 2721 regine
1127 2679 1266 2712 salutem
1290 2683 1323 2712 et
1346 2691 1418 2712 cum
1434 2683 1570 2722 paterne
1586 2679 1827 2713 benediccionis
1842 2682 1948 2724 pleni-

292 2724 402 2755 tudine
426 2725 606 2758 votivorum
630 2738 812 2760 successum
835 2730 1043 2762 incrementa.

396 2814 460 2841 311.
487 2815 511 2848 ³¹)
530 2817 577 2842 hoc
596 2826 616 2843 c.
710 2819 734 2851 b)
753 2821 889 2847 creationis
908 2830 929 2847 c.
1023 2822 1046 2853 c)
1064 2823 1172 2848 animosi
1189 2822 1228 2848 ed.
1325 2821 1350 2854 d)
1368 2831 1422 2847 non
1439 2822 1542 2848 omnino
1561 2827 1671 2852 ceram,-
1693 2831 1739 2856 pro
1752 2843 1758 2849 .
1773 2843 1780 2849 .
1794 2843 1800 2849 .
1814 2828 1886 2850 arent
1904 2825 1944 2850 ed.

292 2857 316 2889 θ)
335 2866 417 2890 supra
435 2858 530 2884 lineam
550 2861 611 2887 add.
631 2870 651 2887 c.

1966 2749 1991 2768 ⁴⁵
