2190 3172
318 239 383 270 416
553 237 650 265 ACTA
668 236 781 264 REGNI
799 234 982 263 LUDEWICI
1000 234 1047 262 IV.
1066 234 1112 262 ΕΤ
1131 233 1315 262 FRIDERICI
1332 234 1382 263 ΙΙΙ.
1418 235 1494 262 1318.
1530 234 1578 260 Nr.
1591 233 1650 261 518.
1667 233 1727 260 519.

484 396 558 431 518.
592 394 856 431 LITTERAE
884 392 1054 429 SUPER
1081 391 1332 429 SERVITIO
1355 390 1799 430 ARCHIEPISCOPO

824 446 1148 485 MOGUNTINO
1171 446 1466 485 FACIENDO.

987 515 1096 552 1318.
1136 515 1222 552 Dee.
1247 516 1304 552 17.

430 617 589 658 Oriyinale
623 616 695 658 (or.)
729 617 764 648 in
796 616 955 649 tabulario
985 616 1125 657 ymerali
1157 616 1246 656 reym'
1272 615 1437 648 Bawarici
1470 615 1596 647 ‘Mam
1616 614 1768 656 Enestift’
1802 615 1882 653 fasc.
1904 615 1969 650 197

319 669 407 709 (olim
423 669 610 708 ‘Nachtrdqe
631 669 710 706 fase.
729 668 809 706 14’).
846 667 1083 708 Descripsimus
1098 678 1164 701 nos.
1202 667 1385 709 Sigillorum
1403 677 1509 707 parva
1526 666 1710 708 fraymenta
1732 667 1870 706 pendent
1892 665 1968 702 loris
1998 678 2013 698 11

320 720 574 752 membranaceis.
622 720 664 751 In
690 729 775 751 verso
797 719 931 760 leyz'tur:
962 720 1028 752 Lr‘s
1051 720 1105 751 (ln—l
1128 720 1169 752 de
1192 719 1404 760 Hirzeshorn,
1434 718 1520 761 quod
1545 718 1603 750 dffs
1626 719 1817 760 conquisivit
1840 728 1913 750 eum
1935 718 1969 750 in

320 773 519 804 servitorem.

429 827 504 867 Rey.
522 826 624 858 Boica
648 826 682 864 V,
706 827 779 858 396.

427 912 495 945 Nos
524 913 676 945 Albertus
709 913 803 945 miles
838 917 871 945 et
906 913 1073 946 Conradus
1105 914 1209 945 dictus
1241 913 1346 945 Rinch
1383 913 1524 954 armiger
1552 913 1667 945 fratres
1695 913 1736 944 de
1762 912 1969 955 Hyrzeshorn

320 966 579 1008 recognoscimus
610 964 738 1006 publice
771 966 804 997 in
830 966 892 997 hiis
921 967 1060 1008 scriptis,
1091 965 1178 1008 quod
1200 965 1393 997 venerabilis
1421 966 1453 996 in
1481 964 1608 997 Christo
1637 968 1731 1007 pater
1760 967 1793 996 et
1822 964 1968 996 dominus
1987 975 2014 1011 ¹⁰.

320 1022 428 1050 noster
451 1017 596 1049 dominus
618 1017 736 1049 Petrus
759 1017 1020 1060 archiepiscopus
1042 1017 1249 1060 Moguntinus
1272 1027 1330 1048 nos
1352 1016 1383 1048 in
1407 1027 1480 1048 suos
1504 1017 1676 1048 servitores
1699 1016 1900 1059 conquisivit,
1923 1017 1969 1048 ita
2009 1018 2011 1020 '

319 1069 472 1101 videlicet
495 1069 580 1111 quod
603 1080 660 1100 nos
684 1079 756 1100 cum
784 1072 922 1111 quatuor
949 1069 1020 1101 aliis
1043 1070 1174 1101 armatis
1197 1068 1350 1101 decenter
1373 1067 1557 1110 expeditis·
1579 1067 1715 1100 durante
1738 1078 1864 1110 gwerra
1886 1059 1971 1100 inter

321 1122 557 1153 serenissimum
592 1121 754 1152 dominum
788 1124 932 1152 nostrum
966 1121 1131 1152 dominum
1165 1119 1403 1162 Ludowficum)
1435 1119 1655 1152 Romanorum
1692 1116 1805 1162 regem
1842 1130 1971 1162 semper

320 1176 490 1215 augustum
515 1176 548 1204 et
571 1172 734 1204 dominum
750 1172 960 1204 Fredericum
984 1172 1099 1204 ducem
1115 1172 1245 1204 Austrie
1269 1174 1302 1203 et
1325 1174 1439 1214 postea
1455 1182 1514 1213 per
1535 1182 1633 1204 unum
1649 1181 1767 1203 annum
1785 1162 1970 1218 continuum

321 1227 431 1256 contra
455 1235 662 1266 quoscunque
686 1235 760 1256 suos
783 1227 816 1256 et
839 1224 974 1256 ecclesie
998 1235 1055 1256 sue
1079 1223 1280 1256 adversarios
1304 1227 1336 1255 et
1359 1224 1458 1255 etiam
1481 1233 1554 1255 cum
1576 1226 1680 1255 castro
1704 1226 1812 1255 nostro
1827 1223 1971 1269 Hymen-1
1987 1232 2013 1268 11

320 1276 400 1307 110111
423 1277 527 1317 ipsum
551 1279 584 1307 et
600 1276 771 1308 ecclesiam
787 1287 878 1308 suam
893 1276 1116 1318 Moguntinam
1131 1276 1242 1307 iuvare
1259 1274 1441 1307 tenebimur
1455 1274 1596 1306 fideliter
1611 1277 1679 1306 toto
1694 1285 1800 1316 posse,
1825 1275 1971 1317 exceptis
2007 1270 2011 1279 ⁵

321 1327 522 1359 solummodo
546 1327 607 1359 hiis
630 1329 684 1370 qui
701 1328 793 1359 nobis
809 1328 1094 1370 consanguinitatis
1110 1327 1196 1359 linea
1211 1330 1284 1359 sunt
1299 1327 1432 1368 astricti,
1455 1330 1566 1358 contra
1589 1337 1670 1369 quos
1685 1327 1790 1368 ipsum
1806 1326 1970 1364 dominum

319 1383 461 1411 nostrum
488 1405 494 1411 .
512 1403 520 1411 .
543 1380 820 1422 archiepiscopum
836 1379 1017 1422 predictum
1041 1383 1075 1411 et
1097 1379 1267 1412 ecclesiam
1284 1390 1348 1411 non
1366 1378 1548 1411 iuvabimus
1571 1388 1630 1410 nec
1644 1379 1756 1410 iuvare
1779 1377 1973 1425 tenebimur,¹

321 1442 417 1474 quam
441 1431 495 1463 diu
518 1432 677 1463 voluerint
695 1432 822 1463 iusticia
844 1432 1034 1464 contentari.
1074 1431 1108 1463 Si
1131 1435 1241 1464 autem
1263 1431 1386 1463 nollent
1408 1431 1534 1462 iusticia
1550 1430 1739 1470 contentari,
1763 1432 1838 1462 tunc
1861 1433 1971 1462 contra

320 1484 407 1526 ipsos
430 1484 511 1515 sicut
534 1488 644 1515 contra
667 1483 747 1515 alios
769 1485 881 1515 iuvare
903 1483 1085 1515 tenebimur
1107 1483 1247 1515 fideliter
1262 1483 1366 1525 ipsum
1391 1486 1423 1514 et
1446 1493 1536 1514 suam
1555 1482 1725 1514 ecclesiam
1742 1481 1969 1523 supradictam.
1988 1489 2015 1510 ὀ

319 1536 387 1567 Nos
418 1536 515 1567 etiam
545 1535 653 1567 medio
680 1538 827 1577 tempore
851 1539 1015 1577 tamquam
1040 1535 1120 1567 alios
1144 1546 1218 1567 suos
1241 1538 1420 1567 castrenses
1442 1545 1500 1576 pro
1524 1535 1593 1565 iure
1616 1537 1725 1565 nostro
1749 1533 1972 1578 manutenebit
2009 1537 2012 1539 ’

321 1592 353 1620 et
381 1598 439 1629 pro
469 1590 577 1619 nostro
608 1587 739 1619 servitio
763 1587 823 1619 sibi
847 1591 880 1619 et
903 1587 1038 1620 ecclesie
1062 1598 1118 1619 sue
1141 1586 1347 1629 inpendendo
1371 1586 1527 1618 ducentas
1556 1588 1589 1617 et
1612 1586 1843 1628 quinquaginta
1870 1585 1970 1617 libras

320 1639 522 1671 Hallensium
546 1639 638 1671 nobis
661 1639 765 1679 dabit,
794 1650 929 1682 quarum
960 1643 1087 1672 centum
1118 1643 1152 1671 et
1179 1639 1413 1682 quinquaginta
1434 1637 1532 1669 libras
1554 1638 1618 1669 iam
1642 1637 1734 1669 nobis
1755 1636 1911 1679 persolvit
1937 1640 1970 1669 et

320 1693 351 1723 in
376 1695 504 1723 centum
527 1691 619 1722 nobis
635 1694 781 1723 remanet
797 1691 968 1734 obligatus.
1014 1691 1053 1722 In
1076 1691 1165 1723 cuius
1188 1691 1236 1723 rei
1259 1691 1476 1723 testimonium
1501 1692 1535 1721 et
1555 1688 1755 1721 evidenciam
1778 1689 1969 1733 ampliorem

321 1743 426 1785 sigilla
449 1746 558 1774 nostra
581 1743 785 1785 presentibus
807 1743 923 1774 litteris
946 1746 1020 1774 sunt
1042 1753 1195 1785 appensa.
1987 1746 2013 1766 ’ὅ

428 1795 502 1827 Dat.
518 1795 609 1827 XVI.
625 1795 764 1827 Kalend.
782 1795 920 1835 Ianuar,
945 1806 1028 1827 anno
1051 1795 1183 1826 Domini
1205 1793 1376 1826 millesimo
1400 1793 1626 1825 trecentesimo
1651 1792 1776 1825 decimo
1801 1795 1924 1824 octavo.
1957 1832 1963 1839 Ι
2003 1794 2013 1798 “

429 1855 745 1898 Superscripeionem
761 1856 876 1887 horum
893 1855 1123 1887 vocabulorum
1139 1854 1304 1887 ‘decenter
1320 1853 1508 1896 expeditis’¹
1525 1853 1727 1895 presentibus
1743 1853 1969 1896 approbamus.

427 1907 501 1939 Dat.
524 1910 560 1939 ut
583 1918 687 1950 supra.

370 2093 443 2128 519.
478 2092 551 2128 AR
557 2091 783 2128 BITRIUM
805 2091 1012 2129 ARCHIE
1020 2091 1073 2128 ΡΙ
1079 2089 1230 2128 SCOPI
1254 2090 1355 2127 TRE
1363 2090 1414 2126 VI
1420 2090 1487 2127 RE
1494 2089 1559 2127 NS
1566 2089 1611 2126 IS
1634 2089 1719 2126 ITE
1725 2089 1925 2126 RATUM.

990 2160 1098 2196 1318.
1138 2160 1225 2196 Dec.
1247 2159 1306 2196 24.
1989 2171 2015 2191 ιο

435 2242 485 2284 Cf.
508 2253 608 2282 supra
630 2254 678 2275 nr.
695 2243 757 2274 491
781 2245 810 2275 et
832 2243 904 2274 493.

434 2302 592 2343 Oriyinale
614 2303 689 2344 (or.)
717 2304 752 2334 in
782 2303 940 2335 tabulario
967 2302 1146 2335 Coloniensi
1170 2313 1220 2334 nr.
1238 2303 1311 2334 949.
1360 2301 1556 2334 Contulimus
1577 2312 1644 2333 nos.
1688 2301 1809 2333 Pendet
1830 2295 1971 2353 siyilluni
2012 2298 2014 2300 ’

325 2355 444 2386 laesum
460 2354 523 2386 loro
539 2355 779 2387 membranaceo.
803 2375 845 2379 —-—
867 2355 931 2387 Ed.
949 2354 1091 2396 ‘Quellen
1105 2365 1165 2387 zur
1179 2354 1288 2387 Gesch.
1305 2354 1361 2386 der
1375 2353 1469 2385 stadt
1483 2352 1584 2384 Ko'ln’
1607 2352 1669 2391 IV,
1686 2354 1727 2384 56
1741 2363 1791 2384 nr.
1805 2353 1847 2384 68
1866 2362 1906 2384 ex
1925 2362 1970 2384 or.

432 2441 478 2482 (1)
501 2441 574 2472 Wir
596 2441 754 2473 Baldwiin
784 2452 847 2473 von
871 2441 981 2473 Godes
1007 2441 1158 2483 genaden
1187 2440 1370 2473 erzbischof
1396 2439 1455 2471 der
1481 2439 1586 2471 helier
1612 2438 1746 2470 kirchen
1769 2449 1835 2469 von.
1856 2437 1971 2469 ’.ὓ-11811

326 2493 383 2524 des
406 2492 513 2524 helien
535 2493 640 2524 riches
663 2494 882 2525 erzcancelere
905 2495 937 2525 in
954 2493 1061 2525 Gallia
1085 2492 1148 2525 dfin
1171 2493 1252 2525 kunt
1273 2492 1358 2525 allen
1382 2492 1445 2524 den
1468 2491 1500 2523 di
1524 2491 1614 2523 disen
1637 2491 1726 2523 brief
1745 2491 1871 2533 gesient
1893 2490 1973 2521 oder
1991 2497 2018 2517 δι’»

325 2544 442 2575 hfirent
463 2543 566 2585 lesen,
598 2544 654 2575 dat
676 2545 733 2576 wir
763 2545 828 2576 und
857 2545 914 2577 der
942 2555 1045 2576 ersam
1070 2544 1218 2587 geistlich
1245 2555 1320 2576 man
1344 2543 1463 2576 bruder
1485 2543 1566 2575 Karl
1588 2543 1763 2574 homeister
1786 2541 1843 2574 des
1865 2541 1973 2573 Duzes

327 2596 443 2627 ordens
466 2596 498 2626 in
522 2595 583 2626 den
607 2596 734 2637 dingen,
760 2597 817 2628 der
839 2597 897 2628 wir
919 2597 983 2628 und
1007 2607 1042 2628 er
1064 2596 1195 2628 beliden
1211 2607 1319 2628 waren
1341 2595 1407 2627 und
1431 2596 1500 2636 siin,
1525 2595 1572 2627 bit
1595 2595 1668 2626 dem
1693 2594 1829 2626 erberen
1844 2589 1972 2626 v3rsten

326 2648 405 2678 hern
427 2647 524 2678 Petre
550 2647 623 2679 dem
648 2648 830 2679 erzbiscove
853 2659 916 2680 von
938 2648 1052 2680 Menze
1075 2648 1266 2680 inswisehen
1290 2647 1364 2679 dem
1389 2657 1537 2679 ersamen
1551 2650 1681 2678 vorsten
1701 2646 1780 2678 hern
1795 2645 1972 2677 Heinriohe

327 2699 510 2730 erzbiscove
533 2709 569 2730 ze
593 2699 710 2730 Kollen
734 2711 790 2731 vor
813 2701 880 2731 sich
908 2700 973 2731 und
997 2701 1064 2732 sine
1088 2700 1211 2732 helfere
1239 2698 1278 2731 uf
1296 2700 1368 2731 eine
1392 2702 1478 2740 syte,
1509 2698 1583 2730 dem
1615 2698 1731 2730 edelen
1753 2707 1870 2729 manne
1893 2697 1973 2728 hern

430 2793 494 2821 518.
522 2794 545 2826 ²³)
565 2795 682 2820 decenter
701 2796 824 2828 expeditiS
842 2804 923 2828 supra
941 2796 1036 2821 lineam
1054 2796 1115 2821 add.
1135 2804 1172 2821 or.
1991 2794 2018 2813 ⁴⁰

432 2863 456 2896 1)
477 2862 518 2895 Cf.
536 2865 589 2889 mot.
602 2871 626 2890 a.
