2184 3126
327 239 389 271 804
559 236 655 264 ACTA
674 236 787 263 REGNI
806 235 990 263 LUDEWICI
1008 235 1054 262 IV.
1073 234 1119 262 ΕΤ
1139 234 1324 263 FRIDERICI
1343 235 1391 262 111.
1427 235 1503 263 1324.
1540 235 1589 263 Nr.
1601 235 1660 264 966.
1679 235 1739 263 967.

434 386 670 432 966-970.
709 383 1055 431 IOHANNIS
1082 383 1240 429 XXII.
1269 383 1488 429 PAPAE
1514 376 1862 431 LITTERAE

904 451 997 497 AD
1025 451 1384 498 DIVERSOS.
1664 480 1670 483 ·

924 529 1031 565 1324.
1075 528 1170 574 Aug.
1196 527 1369 564 18.—-21.

586 640 674 677 966.
714 640 867 676 Litterae
893 641 940 675 ad
965 640 1160 685 episcopum
1187 640 1430 676 Basiliensem.
1537 640 1626 686 Auy.
1646 642 1705 677 18.

431 713 528 753 Copia
545 714 598 754 (c.)
623 714 658 745 in
675 713 878 754 Reyestorum
894 713 1121 746 Vaticanorum
1143 713 1297 745 tabularii
1317 713 1466 746 Vaticani
1488 716 1560 747 tom.
1578 714 1642 746 112
1652 716 1690 742 ΙΙ
1707 715 1762 754 fol.
1775 716 1819 749 73
1833 726 1884 749 nr.
1897 718 1970 751 894.
2002 726 2015 746 ⁸

325 764 523 797 Contulimus
544 775 610 797 nos.
636 783 677 788 —
700 764 763 796 Ed.
780 763 1065 806 ‘Oberbayerisches
1085 765 1219 797 Archiv’
1241 765 1271 804 1,
1287 765 1327 797 71
1350 775 1399 797 nr.
1415 766 1458 796 40
1480 776 1519 798 ex
1542 776 1568 798 c.

425 824 569 863 Biffimer,
593 824 669 865 Req.
685 824 797 856 Ludw.
809 834 843 864 p.
860 825 924 856 306
947 824 1061 857 deste
1083 835 1132 857 nr.
1148 826 1212 857 224
1235 825 1363 866 (Addit.
1375 825 1420 864 1).

424 909 611 942 Venerabili
634 909 725 941 fratri
749 909 894 941 Gerardo
918 911 1069 952 episcopo
1093 911 1273 942 Basiliensi.

424 961 646 1003 Diligentiam,
670 972 767 1003 quam
790 963 821 994 in
837 965 1019 994 nostrorum
1034 963 1252 1004 publicatione
1267 973 1475 1004 processuum
1490 963 1674 997 habitorum
1689 964 1846 998 hactenus
1861 970 1972 999 contra

318 1014 420 1044 virum
432 1013 636 1054 magnificum
649 1012 848 1045 Ludovicum
862 1013 977 1045 ducem
989 1014 1126 1046 Bavarie
1139 1015 1215 1046 olim
1228 1014 1420 1046 discorditer
1433 1015 1466 1046 in
1477 1014 1697 1048 Romanorum
1709 1027 1820 1060 regem
1833 1018 1973 1052 electum
1986 1026 2018 1046 v²⁰

319 1064 455 1096 ferventi
478 1066 511 1095 et
535 1065 692 1096 constanti
715 1065 821 1096 animo
839 1065 1018 1097 devotionis
1042 1069 1074 1097 et
1096 1066 1172 1098 fidei
1196 1069 1228 1098 te
1251 1076 1355 1108 nuper
1369 1066 1555 1099 adhibuisse
1579 1067 1760 1110 didicimus,
1783 1069 1871 1102 velut
1894 1081 1974 1113 opus

319 1115 485 1146 Altissimo
509 1115 671 1157 placidum
696 1116 917 1157 multipliciter
939 1117 972 1148 in
994 1116 1134 1149 Domino
1158 1117 1431 1149 commendamus.
1481 1117 1524 1150 Et
1551 1120 1626 1161 quin
1655 1122 1781 1152 nostros
1803 1131 1974 1164 processus

318 1166 398 1197 alios
422 1169 531 1198 contra
554 1167 660 1208 ipsum
684 1167 800 1210 ducem
824 1167 1055 1209 subsequenter
1078 1168 1205 1201 habitos
1228 1169 1300 1209 tibi,
1331 1169 1444 1210 frater,
1473 1170 1543 1201 -iam
1565 1171 1710 1203 misimus
1731 1171 1973 1215 publicandos¹,

318 1217 551 1249 fraternitatem
572 1221 659 1249 tuam
675 1229 826 1260 rogamus
847 1222 880 1250 et
895 1219 1061 1251 hortamur
1082 1222 1216 1257 attente,
1240 1220 1389 1262 quatinus
1413 1220 1498 1252 circa
1514 1225 1705 1263 oportunam
1720 1223 1974 1265 publicationem

318 1271 351 1299 et
374 1268 609 1300 observantiam
632 1269 807 1302 eorundem
832 1274 864 1302 et
891 1270 970 1312 alia,
999 1281 1060 1312 que
1088 1271 1121 1302 in
1148 1272 1225 1313 ipsis
1252 1271 1396 1313 partibus
1425 1271 1582 1304 honorem
1605 1276 1639 1305 et
1661 1274 1806 1307 favorem
1829 1272 1974 1308 nostrum
1993 1283 2017 1304 1⁸

318 1322 351 1350 et
374 1323 482 1351 sancte
505 1319 651 1352 Romane
676 1321 810 1353 ecclesie
833 1322 944 1353 matris
967 1325 1022 1354 tue
1045 1323 1233 1364 respiciunt,
1263 1324 1308 1355 sic
1330 1324 1362 1354 in
1385 1323 1569 1356 huiusmodi
1598 1324 1726 1358 fervore
1755 1329 1874 1369 atque·
1896 1338 1973 1360 cou-

318 1371 434 1402 stantia
457 1371 662 1404 laudabiliter
685 1383 888 1414 persevereS,
917 1374 1002 1416 quod
1033 1385 1074 1406 ex
1097 1375 1247 1406 virtuosis
1277 1379 1310 1407 et
1338 1376 1438 1417 gratis
1467 1378 1707 1417 perseverantie
1737 1379 1860 1411 meritis
1885 1379 1973 1422 apud

316 1421 422 1453 Deum
447 1426 479 1454 et
501 1424 712 1464 apostolicam
735 1425 846 1456 sedem
870 1425 966 1467 digne
989 1426 1147 1458 mercedis
1169 1430 1202 1459 et
1224 1426 1327 1458 laudis
1350 1427 1509 1468 premium
1533 1430 1750 1471 consequaris.

422 1473 541 1506 Datum
564 1475 760 1518 Avinion(e),
784 1476 857 1509 XV.
874 1477 946 1509 Kal.
971 1477 1164 1519 Septembr.,
1187 1489 1270 1510 anno
1295 1481 1419 1510 octavo.

651 1599 736 1634 967.
775 1599 930 1636 Litterae
957 1602 1004 1636 ad
1030 1612 1139 1646 reyem
1166 1602 1357 1639 Frcmciae.
1462 1604 1552 1650 Amy.
1571 1606 1632 1640 20.
1988 1617 2015 1639 2⁰

427 1671 524 1711 Copia
539 1671 596 1713 (c.)
620 1672 732 1704 ibidem
754 1672 775 1705 l.
791 1683 816 1705 c.
833 1673 888 1712 fol.
904 1675 947 1706 32
968 1685 1018 1707 nr.
1037 1675 1108 1708 682.
1158 1675 1355 1708 contulimus
1370 1687 1436 1711 nos.
1461 1695 1501 1702 —
1525 1677 1589 1711 Ed.
1605 1677 1624 1710 l.
1637 1688 1663 1711 c.
1678 1679 1708 1718 I,
1724 1679 1767 1710 52
1784 1690 1835 1712 nr.
1848 1681 1868 1711 9
1882 1690 1922 1713 ex
1944 1691 1971 1714 c.

421 1730 568 1770 Biihmer,
591 1731 667 1773 Περ.
684 1732 796 1765 Ludw.
818 1744 849 1774 p.
866 1735 930 1766 306
952 1734 1067 1767 deste
1088 1746 1138 1768 nr.
1154 1736 1218 1767 225
1240 1737 1368 1777 (Addit.
1384 1737 1429 1775 Ι).

421 1816 506 1858 Regi
528 1817 673 1849 Francie.

422 1867 577 1910 Receptis
601 1870 725 1901 noviter
747 1872 928 1903 serenitatis
951 1873 1040 1915 regie
1065 1874 1192 1915 litteris,
1223 1885 1286 1916 que
1313 1875 1477 1907 faciebant
1504 1876 1545 1908 dc
1573 1877 1718 1918 tractatis
1740 1877 1828 1920 apud
1849 1877 1971 1912 Bar-um

318 1928 391 1950 cum
414 1918 533 1951 dilecto
556 1920 623 1952 filio
647 1921 747 1953 nobili
769 1923 837 1955 viro
859 1923 999 1965 Lipoldo
1023 1925 1104 1957 duce
1127 1926 1259 1958 Austrie
1281 1927 1494 1968 mentionem,
1525 1928 1742 1961 exhibuenmt
1768 1929 1861 1962 nobis
1883 1933 1973 1972 post·
1991 1937 2017 1958 ¹³

316 1969 446 2001 modum
469 1972 578 2002 nuncii
601 1973 681 2014 regii
705 1974 881 2006 existentes
904 1976 935 2007 in
960 1977 1046 2008 curia
1074 1977 1235 2019 quandam
1258 1978 1448 2020 scripturam
1476 1980 1705 2012 conventiones
1731 1981 1816 2013 inter
1842 1981 1971 2014 celsitu-

318 2020 425 2052 dinem
449 2022 570 2064 regiam
594 2026 627 2055 et
648 2024 822 2066 Lipoldum
845 2027 1007 2068 prefatum
1030 2028 1156 2060 habitas
1178 2030 1397 2062 continentem
1407 2030 1429 2062 ².
1469 2030 1593 2067 Quibus
1615 2031 1788 2074 diligenter
1809 2033 1972 2075 inspectis,

320 2076 471 2112 quantum
497 2084 567 2105 cum
598 2075 714 2107 eodem
736 2076 898 2119 Lippoldo
928 2080 982 2120 agi
1011 2082 1139 2121 poterat
1168 2091 1265 2123 super
1294 2081 1371 2123 hiis,
1401 2081 1537 2114 multum
1565 2093 1751 2124 processum
1779 2084 1972 2118 extimemus

317 2123 526 2163 probabiliter
554 2126 586 2157 iu
610 2128 741 2169 negotio
772 2130 926 2162 extitisse.
979 2130 1203 2164 Exhibuerunt
1231 2133 1363 2175 insuper
1390 2133 1507 2175 prefati
1530 2135 1637 2166 nuncii
1660 2135 1851 2177 scripturam
1873 2136 1971 2169 aliam

319 2174 515 2207 avisamenta
538 2179 689 2210 nonnulla
712 2190 808 2221 super
830 2180 891 2212 hiis
915 2183 1131 2215 continentem
1142 2183 1163 2225 ³,
1188 2195 1284 2226 super
1304 2185 1419 2226 quibus
1434 2188 1545 2218 tenere
1561 2186 1709 2218 volumus
1724 2187 1862 2220 eandem
1877 2188 1972 2220 celsi-
1990 2196 2016 2217 ³⁰

318 2225 460 2257 tudinem
483 2228 693 2268 confidenter,
717 2231 803 2272 quod
827 2236 986 2274 quatenus
1008 2245 1066 2266 nos
1089 2239 1223 2278 tangunt
1246 2237 1445 2269 avisamenta
1468 2237 1598 2278 eadem,
1625 2242 1779 2280 quantum
1803 2250 1876 2271 cum
1898 2239 1972 2272 Deo

318 2277 490 2316 poterimus
514 2280 698 2322 procedere,
723 2283 856 2323 provide
880 2284 1077 2326 disponimus
1100 2297 1196 2328 super
1218 2287 1290 2319 illis.
1332 2288 1457 2320 Verum
1479 2290 1555 2331 quia
1577 2289 1686 2322 littera
1707 2290 1847 2332 quedam
1870 2292 1972 2334 regia,

319 2327 406 2358 cuius
423 2327 555 2361 formam
579 2332 610 2362 in
634 2333 769 2365 cedula³
786 2335 878 2367 dictis
900 2338 1023 2369 nunciis
1047 2338 1204 2380 dedimus,
1228 2343 1294 2371 tam
1317 2351 1376 2382 pro
1398 2343 1508 2372 nostra
1530 2341 1755 2374 iustificatione
1779 2353 1876 2385 quam
1898 2354 1971 2387 pre-

318 2378 395 2408 tacti
417 2381 536 2420 negotii
552 2383 783 2417 acceleratione
799 2387 926 2419 videtur
941 2389 1033 2421 nobis
1049 2390 1221 2431 plurimum
1238 2395 1405 2434 oportuna,
1429 2403 1582 2434 rogamus
1597 2393 1834 2435 providentiam
1848 2396 1972 2438 regiam

319 2431 351 2459 et
374 2429 554 2473 hortamur,
579 2435 725 2475 quatinus
748 2437 836 2469 illam
859 2439 964 2481 sigillo
988 2441 1082 2473 viridi
1110 2443 1201 2484 regio
1230 2443 1418 2485 inpendenti
1440 2444 1596 2476 munitam
1626 2446 1803 2478 secundum
1825 2449 1973 2479 tenorem
1991 2456 2017 2476 ιι

320 2478 403 2511 dicte
427 2481 540 2514 cedule
564 2487 744 2524 quantotius
766 2490 893 2523 mittere
910 2502 974 2523 non
990 2496 1172 2535 postponat.
1218 2494 1370 2526 Ceterum
1394 2506 1451 2537 pro
1467 2497 1618 2538 gratiosis
1632 2497 1747 2529 litteris
1762 2499 1860 2540 regiis
1875 2509 1973 2541 super

320 2532 524 2564 excusatione
555 2534 691 2578 benigna
721 2542 864 2579 germani
894 2553 932 2574 ac
960 2548 1114 2585 nepotum
1142 2550 1322 2578 nostrorum
1353 2557 1372 2578 a
1400 2548 1543 2589 presenti
1577 2548 1785 2590 expeditione
1809 2549 1970 2582 Vasconie

319 2582 442 2614 noviter
465 2583 630 2617 destinatis
653 2590 753 2630 regali
776 2591 991 2627 benivolentia
1014 2597 1190 2637 gratiarum
1215 2597 1332 2630 uberes
1354 2599 1524 2631 referimus
1546 2601 1699 2633 actiones.

425 2633 544 2666 Datum
567 2637 760 2682 Avinion(e),
783 2643 876 2675 XIII.
893 2645 964 2677 Kal.
990 2646 1199 2690 Septembris,
1223 2659 1306 2681 anno
1331 2653 1456 2682 octavo.

420 2716 487 2745 966.
514 2720 537 2752 ⁸)
557 2727 581 2747 et
600 2724 659 2749 add.
673 2734 692 2750 c.

421 2767 486 2795 967.
513 2771 536 2803 ³)
555 2775 699 2805 quathenus
718 2786 738 2802 c.

422 2837 447 2868 1)
467 2836 508 2871 Cf.
522 2846 605 2871 supra
624 2850 665 2868 nr.
679 2847 734 2870 945.
747 2849 805 2872 946.
892 2849 918 2880 2)
938 2850 1027 2884 Supra
1047 2860 1090 2879 nr.
1105 2856 1161 2879 952.
1249 2855 1276 2889 3)
1298 2855 1371 2889 Quae
1389 2858 1491 2882 servata
1510 2864 1565 2883 mm
1584 2859 1628 2884 est.
