2190 3172
458 152 555 182 ACTA
573 140 687 182 18,le
704 153 888 183 LUDEWICI
907 154 955 182 1v.
973 154 1020 182 ΕΤ
1038 154 1224 182 FBIDERICI
1242 154 1291 182 111.
1329 154 1404 183 1816.
1440 154 1489 182 Nr.
1501 155 1560 183 352.
1578 155 1637 183 853.
1655 156 1707 183 354
1845 160 1905 191 297

258 240 423 272 mittemus
451 240 610 283 compelli.
707 240 755 283 (2)
788 240 832 274 Ut
864 246 973 274 antem
1009 242 1085 274 dicti
1118 242 1218 274 nostri
1251 241 1337 274 cives
1371 241 1412 274 de
1442 241 1664 284 Heilprunnen
1696 253 1815 286 magna
1849 254 1906 277 sua

258 290 440 324 debitorum
470 301 571 324 onera
593 292 792 325 commodius
823 293 946 335 possint
975 293 1100 326 solvere
1134 297 1167 326 et
1195 293 1288 326 nobis
1317 294 1438 326 servire
1464 294 1595 327 valeant
1627 295 1750 336 utilius,
1784 296 1830 328 eis
1864 307 1906 329 ex

257 343 489 385 specialissima
509 344 620 386 gracia
638 345 802 377 universos
817 344 937 377 Iudeos
958 345 991 376 in
1006 344 1229 387 Heilprunnen
1245 354 1373 377 camere
1395 348 1503 378 nostre
1526 356 1636 378 servos
1658 346 1700 378 ad
1724 357 1782 379 sex
1804 357 1907 380 annos

258 394 433 427 inmediate
449 394 603 427 affuturos
625 405 698 428 oum
721 396 807 428 omni
822 396 961 429 utilitate
983 407 1041 429 sus,
1063 400 1097 429 et
1110 397 1215 429 fructu
1230 396 1408 429 liberaliter
1423 396 1615 439 obligamus,
1638 398 1683 430 sic
1706 398 1794 440 quod
1816 404 1905 441 post-

231 459 243 478 s
259 456 357 488 quam
380 446 457 479 dieti
480 447 565 479 cives
592 457 612 479 a
634 447 728 479 dietis
750 447 860 480 Iudeis
883 451 1020 490 quatuor
1042 449 1131 481 milia
1153 448 1305 481 librarum
1328 448 1560 491 Hauenozium)
1583 450 1768 492 acceperint
1790 453 1824 483 et
1847 461 1905 483 ex-

258 498 422 538 torserint,
450 498 511 541 ipsi
533 498 628 532 Iudei
655 499 697 531 ad
719 503 861 532 nostram
883 510 1045 533 cameram
1067 500 1169 533 libere
1192 503 1404 533 revertantur.
1491 500 1628 542 Insuper
1651 511 1746 533 omne
1769 503 1905 543 pecunie

258 549 448 591 subsidium,
483 550 569 593 quod
598 550 690 583 Iudei
719 551 760 584 de
783 551 1005 594 Heilprunnen
1028 562 1129 594 usque
1156 551 1199 584 ad
1222 555 1406 594 presentem
1434 551 1520 584 diem
1545 551 1638 584 dictis
1661 552 1783 585 civibus
1812 554 1904 586 exhi-

257 600 395 633 buerunt
426 601 478 633 vel
505 602 667 643 fecerunt,
701 602 762 634 hoc
789 603 866 645 ipsis
896 602 1018 635 civibus
1045 603 1237 636 remittimus
1264 607 1298 636 et
1325 613 1367 636 ex
1393 603 1495 646 regali
1523 603 1719 637 liberalitate
1749 604 1906 638 donamus

258 652 390 685 eisdem.
479 654 526 695 (3)
549 653 705 686 Preterea
727 655 913 686 memoratis
936 654 1057 687 civibus
1080 655 1246 697 cupientes
1268 655 1376 688 facere
1398 656 1540 698 graciam
1557 655 1734 698 pleniorem
1755 657 1905 689 concedi-

214 717 239 737 ιο
256 714 327 736 mus
357 707 391 736 et
418 705 578 747 volumus,
604 708 641 737 ut
667 705 772 738 nullus
802 706 917 738 civium
945 709 1038 739 extra
1069 707 1232 739 civitatem
1254 706 1479 749 Heilprunnen
1507 707 1550 739 ad
1577 708 1722 740 seculare
1752 708 1905 741 iudicium

257 758 419 797 evocetur,
435 757 495 788 nisi
511 757 599 798 prius
613 766 672 799 per
687 757 858 789 scultetum
875 761 907 790 et
923 758 1068 791 consules
1084 760 1292 800 conquerenti
1308 759 1433 791 iusticia
1449 758 1636 801 denegetur.
1718 760 1767 803 (4)
1783 759 1903 803 Supra-

257 805 345 839 dicta
378 817 455 840 vero
482 808 632 840 universa
665 811 699 841 et
726 809 852 851 singula
886 819 958 842 cum
992 810 1057 842 suis
1090 810 1232 842 articulis
1264 820 1323 842 nos
1353 813 1535 842 servaturos
1568 811 1784 853 promittimus
1818 812 1904 845 bona

255 857 330 892 fide.
428 859 552 892 Dantes
581 859 639 892 has
668 863 792 892 nostras
819 860 942 893 litteras
963 862 1141 894 maiestatis
1167 865 1274 894 nostre
1303 861 1408 904 sigillo
1431 863 1574 904 signatas
1602 862 1695 895 dictis
1717 863 1838 895 civibus
1871 864 1904 896 in

256 909 388 943 evidens
410 911 628 943 testimonium
650 922 746 954 super
769 922 818 944 eo.

212 975 237 996 n
362 961 438 994 Dat.
462 963 495 994 in
517 962 730 1006 Nuremberg,
754 974 837 996 anno
861 963 991 996 Domini
1014 964 1225 1006 MCCCXVI,
1248 965 1322 998 VII.
1340 965 1417 997 Idus
1439 965 1567 1006 Marcii,
1591 966 1681 1008 regni
1705 971 1782 999 vero
1804 968 1904 999 nostri

255 1022 338 1045 anno
362 1014 513 1046 secundo.

531 1106 616 1144 353.
657 1107 830 1154 Scriptum
857 1110 1104 1156 archiepiscopi
1135 1110 1357 1147 Trevirensis.
1461 1111 1575 1147 Mart.
1596 1114 1630 1147 9.

254 1231 279 1265 1
315 1232 337 1264 α
367 1179 526 1222 Oriqinale
542 1181 663 1215 ibidem.
700 1182 936 1224 Descnpsimus
949 1193 1015 1216 nos.
1054 1184 1159 1226 sigilli
1172 1185 1353 1226 fragmenta
1363 1186 1502 1227 pendent
1517 1185 1581 1218 loro
1596 1186 1838 1219 membranaceo.
1859 1204 1902 1210 —

276 1242 315 1264 ne
337 1232 417 1265 itum
427 1233 448 1266 ¹.
1418 1234 1422 1239 ”

212 1322 239 1343 ιο
362 1309 430 1342 Nos
458 1309 664 1342 Baldewinus
692 1310 756 1342 Dei
785 1311 890 1353 gratia
917 1311 1177 1354 archiepiscopus
1200 1313 1407 1346 Treverensis
1433 1314 1475 1346 ad
1502 1314 1722 1347 universorum
1749 1316 1901 1348 noticiam

252 1361 399 1393 volumus
414 1362 592 1404 pervenire,
609 1361 696 1404 quod
707 1363 944 1395 serenissimum
957 1363 1120 1396 dominum
1132 1367 1275 1397 nostrum
1292 1365 1455 1397 dominum
1463 1365 1672 1398 Ludowicum
1680 1365 1901 1399 Romanorum

253 1423 366 1456 regem
388 1413 546 1446 illustrem
568 1413 783 1455 hortabimur,
805 1414 1007 1447 monebimus
1030 1419 1064 1448 et
1085 1426 1143 1458 pro
1166 1416 1286 1448 viribus
1307 1416 1512 1458 inducemus,
1535 1420 1571 1449 ut
1593 1417 1776 1457 libertates,
1799 1418 1900 1451 dona—

254 1465 363 1497 ciones
385 1467 419 1496 et
440 1465 570 1507 gratias,
594 1475 673 1507 quas
697 1490 703 1497 .
722 1489 728 1497 .
752 1465 962 1507 prudentibus
984 1467 1060 1499 viris
1082 1491 1090 1499 .
1108 1492 1114 1499 .
1139 1468 1322 1500 consulibus
1345 1471 1378 1500 et
1400 1492 1408 1500 .
1427 1493 1433 1500 .
1458 1468 1580 1501 civibus
1602 1469 1634 1500 in
1657 1468 1900 1502 Heilcbrunnen

253 1516 412 1548 concessit
425 1516 547 1558 pariter
569 1519 602 1549 et
616 1516 757 1558 indulsit,
780 1520 875 1559 prout
896 1518 928 1549 in
951 1517 1066 1550 litteris
1088 1519 1188 1560 ipsius
1211 1518 1331 1551 domini
1355 1545 1362 1552 .
1380 1545 1387 1552 .
1411 1521 1498 1563 regis
1520 1520 1676 1552 confectis
1699 1531 1796 1563 super
1817 1521 1900 1554 hoc’

210 1579 235 1600 υ
253 1567 380 1611 plenius
403 1568 597 1609 continetur,
626 1568 659 1600 in
681 1568 827 1601 omnibus
855 1570 920 1601 suis
945 1570 1087 1602 articulis
1117 1570 1257 1603 illibatas
1284 1574 1395 1604 teneat
1422 1575 1456 1604 et
1485 1571 1643 1604 observet.
1689 1571 1900 1606 Presencium

253 1619 436 1652 testimonio
459 1619 638 1651 litterarum
660 1621 760 1652 nostri
783 1620 878 1662 sigilli
901 1620 1016 1653 robore
1039 1622 1247 1663 signatarum.

359 1670 435 1703 Dat.
447 1670 648 1714 Nfirenberg,
665 1682 747 1704 anno
759 1671 890 1704 Domini
902 1672 1110 1714 MCCCXVI,
1126 1673 1207 1705 feria
1223 1675 1324 1706 tercia
1339 1678 1414 1707 ante
1431 1674 1518 1707 diem
1536 1674 1622 1707 beati
1638 1674 1787 1717 Gregorii
1803 1686 1899 1718 pape.

443 1864 689 1910 354—356.
733 1863 1011 1911 SCRIPTA
1040 1865 1369 1914 LUDEWICI
1404 1866 1713 1913 DIVERSA.

817 1942 925 1979 1316.
965 1942 1071 1979 Mart.
1091 1943 1284 1988 9.—Apr.
1304 1943 1338 1980 8.

209 2069 235 2091 ao
700 2056 784 2094 354.
827 2058 1027 2103 Assiqmttio
1053 2058 1184 2094 telonei.
1289 2058 1398 2095 Mart.
1417 2061 1450 2094 9.

362 2129 522 2172 Oriqinale
550 2131 624 2173 (or.)
656 2131 692 2163 in
725 2131 884 2164 tabulario
912 2133 996 2173 reyio
1025 2132 1261 2173 Marburyensi.
1316 2132 1494 2175 Descripsit
1524 2134 1566 2166 E.
1589 2134 1720 2175 διαιρεῖ.
1778 2133 1898 2167 Pendet

200 2198 203 2201 -
252 2180 391 2223 siyillum
412 2181 531 2214 laesum
554 2182 618 2215 loro
638 2183 878 2216 membranaceo.

359 2236 506 2276 Biihmer,
529 2237 604 2279 Ray.
620 2238 733 2270 Ludw.
750 2249 786 2279 p.
804 2239 847 2271 12
867 2250 917 2271 nr.
935 2240 1006 2271 193.

365 2292 413 2333 Cf.
436 2303 536 2334 upra
557 2304 607 2326 nr.
623 2294 697 2326 211.

210 2381 236 2401 ιι
360 2369 428 2402 Nos
455 2370 647 2404 Ludowicus
669 2372 732 2404 Dei
760 2372 865 2415 gratia
894 2372 1112 2405 Romanorum
1140 2384 1199 2406 rex
1226 2384 1354 2416 semper
1380 2377 1533 2416 augustus
1560 2377 1706 2406 constare
1737 2374 1894 2418 volu[mus

254 2419 487 2465 presen]oium·
508 2422 740 2465 inspectoribus
755 2424 919 2465 universis,
944 2424 1030 2466 quod
1054 2435 1112 2456 nos
1132 2425 1232 2457 nobili
1250 2426 1317 2458 viro
1333 2425 1527 2457 Berchtoldo
1545 2426 1654 2458 comiti
1678 2426 1718 2458 de
1734 2426 1893 2459 Chatzen-

255 2471 446 2515 ellenbogen
478 2473 566 2507 fideli
598 2477 707 2507 nostro
741 2475 859 2508 dilecto
890 2475 1051 2519 [int]uitu¹
1078 2477 1300 2518 scrviciorum,
1335 2487 1397 2519 que
1431 2477 1523 2509 nobis
1557 2480 1650 2519 grata
1684 2477 1831 2510 exhibuit
1861 2484 1894 2511 et

253 2523 394 2566 gratiora
417 2524 570 2558 exhibere
592 2527 711 2568 poterit
732 2527 765 2558 in
788 2526 947 2568 futurum,
978 2529 1192 2560 concessimus
1221 2532 1254 2561 et
1276 2528 1478 2570 presentibus
1500 2528 1718 2571 indulgemus,
1745 2535 1779 2561 ut
1807 2530 1893 2562 idem

252 2575 362 2618 possit
386 2575 499 2608 tollere
531 2579 564 2610 et
592 2578 736 2620 recipere
762 2588 860 2611 unum
883 2579 1125 2612 Thuronensem
1156 2590 1301 2622 grossum
1329 2581 1361 2611 in
1392 2579 1544 2612 theloneo
1572 2581 1663 2612 iuxta
1686 2580 1896 2613 Ludenstorff

207 2673 234 2693 {o
355 2660 420 2688 854,
449 2662 474 2695 ⁸)
491 2663 564 2689 uncio
581 2663 682 2690 inclusa
699 2673 805 2691 cenosa
823 2669 882 2691 nunt
900 2674 936 2691 or.

355 2730 382 2762 1)
402 2729 468 2764 Req.
487 2729 616 2764 Κωφὴν·
632 2730 856 2759 ‘Urbundenbuch
878 2732 926 2759 der
949 2733 1031 2760 Stadt
1051 2733 1213 2760 Heilbronn’
1231 2733 1248 2760 1
1266 2735 1315 2767 (=
1334 2733 1545 2768 ‘wentanum
1564 2734 1829 2768 Goecliicmsquellen’
1854 2735 1890 2768 V)

247 2779 276 2806 p.
289 2774 323 2799 39
340 2780 381 2799 nr.
397 2775 437 2800 89.
521 2773 549 2807 2)
567 2772 657 2807 Supra
674 2782 716 2801 nr.
727 2778 783 2802 352.

355 2832 393 2851 u..
405 2832 630 2852 ooxsmunonrs
643 2833 667 2853 v.
1651 2830 1684 2856 38
