2184 3126
319 210 379 242 700
593 203 689 231 ACTA
706 201 819 230 REGNI
838 199 1022 228 LUDEWIOI
1041 198 1088 226 IV.
1106 197 1153 225 ΕΤ
1172 197 1357 225 FRIDERICI
1375 197 1423 224 111.
1461 197 1536 224 1324.
1571 195 1621 223 ΝΥ.
1633 194 1694 223 883.

532 355 605 391 883.
639 350 912 390 IOHANNIS
929 349 1062 386 XXII.
1086 347 1261 385 PAPAE
1284 345 1552 383 LITTERAE
1577 345 1752 383 SUPER
1805 395 1811 399 Ι

743 405 944 442 TERTIO
968 403 1266 441 PROCESSU
1287 400 1540 438 EMISSAE.

970 471 1079 507 1324.
1114 470 1225 512 Mart.
1246 470 1307 506 28.

427 570 439 598 1
469 566 566 606 Copia
595 565 631 596 in
655 564 855 604 Regestorum
879 562 1104 594 Vaticanorum
1127 560 1283 593 tabularii
1313 560 1463 592 Vaticani
1486 562 1557 593 tom.
1575 560 1639 593 112
1658 560 1712 600 fol.
1731 560 1794 591 110
1816 570 1862 602 ep.
1886 561 1967 600 476,-

316 619 447 652 contulit
469 617 630 649 Henricus
651 615 854 656 Poqatsclaer;
876 614 961 646 linea
983 614 1053 646 dati
1075 616 1176 652 caret;
1997 619 2011 639 s

423 672 441 701 2
465 669 554 709 copia
576 678 686 700 coaeva
708 666 905 707 exemplaris,
928 666 1012 706 quod
1032 666 1077 697 ad
1097 666 1274 706 episcopum
1294 664 1555 704 Aryentinemem
1576 664 1726 704 pervenit,
1748 664 1785 696 in
1807 663 1968 696 tabulario

315 721 452 754 civitatis
473 722 598 752 servata
604 729 615 758 ,·
637 718 826 751 contulimus
847 728 914 750 nos.
1218 724 1221 726 ·

426 779 478 822 Cf.
501 780 592 811 varia
619 778 811 818 exemplaria
838 778 983 817 diversis,
1007 778 1102 810 etiam
1127 788 1186 817 per
1214 776 1392 808 Franciam
1421 778 1451 807 et
1477 775 1612 808 Itabiam
1632 776 1744 816 missa,
1775 786 1868 818 quae
1889 776 1968 808 citat

315 832 432 864 Mollat
454 832 586 863 ‘Lettres
608 830 798 862 communes’
820 840 870 861 nr.
886 830 1176 861 20363—20367
1198 839 1269 860 cum
1291 828 1375 860 notis
1397 827 1417 859 l.
1433 838 1459 859 c.
1482 827 1622 860 adiectis.

422 891 485 923 Ed.
502 890 768 931 ‘Oberbayrisches
789 890 918 921 A‘rchiv'
941 890 970 928 I,
992 890 1033 920 85
1055 900 1104 921 nr.
1123 889 1164 920 62
1186 899 1225 921 ea:
1243 892 1270 920 1.
1986 902 2013 922 10

423 951 499 991 Rey.
522 950 614 991 Lany
637 950 731 982 ‘Acta
753 949 1170 990 salzburgo-Aquileiensi&
1194 949 1223 987 I,
1247 950 1289 980 73
1310 958 1360 980 nr.
1377 949 1429 979 56.

427 1010 476 1050 Cf.
500 1010 622 1041 litteras
643 1010 839 1041 executorias
862 1010 964 1041 eodem
987 1009 1037 1041 die
1059 1009 1103 1041 ad
1118 1019 1302 1049 processum
1330 1010 1440 1040 contra
1458 1007 1660 1040 Vicecomites
1680 1008 1776 1040 datas
1797 1018 1859 1049 req.
1881 1008 1971 1049 apud

316 1062 420 1094 Lo'her
443 1061 506 1093 loco
528 1071 628 1102 supra
650 1061 694 1092 ad
713 1071 764 1093 nr.
776 1062 840 1092 289
856 1062 952 1092 citato
962 1071 997 1102 p.
1010 1061 1074 1093 254
1089 1071 1139 1093 nr.
1154 1061 1232 1099 196;
1254 1059 1378 1092 Riezler
1393 1059 1559 1093 Watikan.
1575 1059 1697 1092 Akten’
1718 1070 1751 1100 p.
1764 1060 1828 1092 175
1842 1070 1893 1093 nr.
1905 1060 1970 1092 355

316 1116 346 1146 et
368 1115 432 1145 356
439 1123 449 1151 ;
471 1113 564 1153 Lam
587 1112 607 1145 l.
624 1123 649 1143 c.
666 1113 723 1144 sub
738 1123 788 1146 nr.
805 1114 856 1144 57.

422 1190 604 1221 Iohannes*
627 1190 798 1230 episcopus
825 1199 935 1221 servus
964 1200 1130 1221 servorum
1158 1189 1241 1221 Dei·
1351 1188 1589 1221 venerabilibus
1614 1188 1767 1220 fratribus
1791 1213 1798 1220 .
1815 1189 1846 1221 ‚¹²
1869 1189 1970 1231 patri-
1989 1198 2014 1218 is

316 1242 430 1282 archis,
449 1266 454 1272 .
474 1241 502 1272 ,ὓ
518 1241 767 1283 archiepiscopis
783 1244 816 1272 et
833 1242 993 1283 episcopis
1009 1251 1046 1272 ac
1063 1241 1189 1273 dilectis
1204 1241 1278 1272 filiis
1294 1240 1417 1283 electis,
1437 1240 1610 1273 abbatibus
1625 1243 1660 1273 et
1673 1240 1746 1273 aliis
1761 1240 1971 1273 ecclesiarum

315 1293 447 1335 prelatis
471 1293 630 1333 exemptis
660 1295 693 1324 et
720 1303 783 1323 non
814 1293 992 1335 exemptis,
1021 1293 1063 1325 ad
1093 1303 1173 1335 quos
1196 1296 1364 1335 presentes
1387 1293 1495 1324 littere
1518 1292 1726 1334 pervenerint
1812 1292 1971 1324 salutem⁰

320 1348 353 1376 et
374 1344 583 1386 apostolicam
606 1343 888 1376 benedictionem.

422 1396 534 1437 Nuper
556 1399 667 1427 contra
688 1396 893 1438 magnificum
917 1397 1019 1427 virum
1035 1395 1255 1428 Ludovicumd
1271 1396 1388 1428 ducem
1403 1396 1560 1428 Bavarie⁹
1574 1396 1607 1427 in
1622 1395 1783 1428 discordia
1804 1396 1837 1428 in
1859 1405 1971 1438 regem

317 1447 578 1489 Roman(orum)‘
600 1447 739 1479 electum
769 1458 866 1489 super
893 1447 1053 1479 nonnullis
1080 1448 1232 1490 gravibus
1262 1451 1295 1480 et
1318 1447 1502 1480 enormibus
1524 1447 1720 1488 excessibus,
1742 1447 1972 1480 inobedientiis
1989 1455 2016 1476 ὀ

318 1501 351 1531 et
373 1498 608 1540 contemptibus
631 1509 689 1540 per
713 1509 785 1530 eum
810 1502 922 1531 contra
945 1499 1062 1540 Deum,
1086 1510 1145 1531 nos
1169 1503 1202 1531 et
1225 1498 1406 1532 Romanam
1436 1499 1610 1531 ecclesiam
1639 1509 1678 1531 ac
1705 1500 1738 1530 in
1759 1498 1973 1541 preiudicium

317 1551 363 1582 rei
386 1550 513 1591 publice
537 1554 570 1582 et
597 1551 771 1582 multorum
794 1551 982 1583 scandalum
1012 1552 1208 1594 perpetratis
1231 1555 1337 1584 certos
1364 1562 1534 1594 processus
1561 1551 1603 1584 de
1626 1551 1761 1583 fratrum
1790 1553 1973 1583 nostrorum

318 1601 448 1633 consilio
472 1605 505 1633 et
527 1605 677 1643 presente
701 1602 905 1634 multitudine
929 1604 1062 1645 copiosa
1083 1603 1228 1635 fidelium
1243 1603 1425 1643 habuimus,
1449 1614 1509 1646 per
1523 1614 1604 1646 quos
1618 1604 1724 1645 ipsum
1745 1602 1895 1643 electum,
1918 1602 1973 1645 qui

317 1654 480 1695 processui
502 1657 610 1685 nostro
638 1654 738 1685 aliaeu
766 1657 877 1686 contra
905 1666 978 1687 eum
1010 1656 1136 1687 ratione
1165 1655 1324 1687 dictorum
1352 1666 1544 1687 excessuum
1572 1654 1685 1687 habito
1714 1665 1779 1687 non
1807 1657 1972 1697 paruerat,

317 1707 627 1737 excommunicatum
651 1709 684 1737 et
704 1706 869 1738 vitandum
893 1710 1002 1748 preter
1024 1717 1117 1739 casus
1140 1711 1296 1750 exceptos
1319 1707 1360 1739 ab
1376 1707 1526 1739 omnibus
1540 1707 1760 1739 nunciavimus
1775 1716 1813 1739 ac
1828 1706 1972 1749 prelatos
1990 1715 2016 1736 π

319 1760 352 1789 et
380 1767 532 1798 personas
562 1757 811 1799 ecclesiasticas,
843 1760 897 1800 qui
924 1759 984 1790 sibi
1014 1762 1167 1802 tanquam
1196 1761 1266 1801 regi
1293 1770 1350 1792 seu
1376 1760 1408 1791 in
1437 1769 1550 1802 regem
1577 1757 1843 1802 Roman(orum)¹
1865 1758 1972 1791 electo

319 1818 415 1849 super
436 1808 507 1848 hiis,
531 1819 593 1850 que
618 1808 660 1840 ad
683 1810 774 1851 regni
797 1820 853 1841 seu
877 1811 1005 1852 imperii
1028 1811 1244 1853 predictorum
1262 1812 1409 1853 regimen
1424 1814 1458 1843 et
1473 1811 1786 1843 administrationem
1800 1811 1973 1852 pertinent,

319 1862 429 1891 contra
452 1861 653 1900 monitiones,
676 1860 882 1894 inhibitiones
905 1866 939 1894 et
960 1863 1115 1894 mandata
1137 1866 1247 1895 nostra
1269 1865 1459 1905 paruerant,
1488 1863 1520 1894 in
1543 1872 1662 1904 penam
1691 1863 1910 1904 suspensionis
1931 1861 1973 1894 ab

320 1909 423 1941 officio
448 1914 481 1942 et
507 1911 662 1943 beneficio
691 1915 803 1944 contra
830 1914 917 1955 ipsos
946 1915 1026 1945 alias
1054 1915 1292 1956 promulgatam
1321 1914 1472 1947 incidisse
1505 1913 1741 1946 declaravimus
1767 1916 1802 1946 et
1823 1913 1886 1946 adb
1909 1913 1974 1946 alia

318 1961 469 1993 nonnulla
491 1964 718 2004 processimus,
748 1965 829 1996 sicut
856 1966 888 1997 in
919 1966 1042 1999 eisdem
1070 1966 1273 2008 processibus
1301 1966 1427 2009 plenius
1454 1967 1644 1999 continetur.
1706 1966 1850 2003 Quorum
1880 1969 1974 1998 tenor
1991 1975 2017 1996 ao

319 2014 462 2055 sequitur
484 2014 542 2045 sub
565 2015 625 2046 hiis
649 2016 786 2047 verbish:

424 2065 595 2098 ‘Iohannes
619 2068 802 2109 episcopusi
825 2079 936 2100 servus
959 2080 1122 2102 sorvorum
1147 2070 1274 2102 Deif—
1288 2070 1409 2102 nostrib
1434 2080 1517 2102 anno
1541 2068 1722 2103 octavok’1.

712 2122 738 2150 1.
1559 2123 1590 2153 2.

386 2166 541 2203 Quocirca
564 2169 755 2202 fraternitati
780 2175 884 2203 vestre
907 2183 966 2213 per
987 2176 1117 2214 aposto·
1236 2174 1396 2210 Quocirca
1418 2173 1605 2206 discretioni
1626 2172 1748 2205 vestre¹
1762 2183 1822 2215 per
1841 2175 1973 2215 aposto-

323 2218 384 2249 lica
407 2220 524 2260 scripta
547 2220 744 2262 mandamus,
770 2223 918 2264 quatinus
933 2225 966 2255 in
982 2225 1117 2256 civitati·
1171 2226 1234 2257 lica
1257 2226 1377 2267 scripta
1399 2226 1432 2257 in
1447 2225 1566 2257 virtute
1583 2224 1775 2257 obediencie
1791 2227 1826 2257 et
1840 2224 1900 2257 sub
1915 2234 1974 2256 ex·
1993 2236 2017 2256 ss

322 2269 380 2300 bus
404 2273 436 2301 et
451 2270 658 2314 dioc(esibus)
682 2277 714 2304 et
735 2274 814 2305 locis
836 2275 908 2306 aliis
930 2277 1054 2318 vestris,
1079 2276 1118 2308 de
1173 2277 1478 2309 communicacionis
1493 2287 1588 2319 pena,
1612 2287 1710 2319 quam
1733 2277 1828 2308 nullis
1847 2279 1974 2309 contra-

323 2320 438 2361 quibus
462 2322 615 2363 expedire
639 2324 791 2366 videritis,
1171 2329 1226 2360 riis
1260 2329 1437 2371 privilegiis
1464 2329 1516 2361 vel
1542 2328 1756 2371 indulgenciis
1789 2328 1975 2371 apostolicis

1171 2380 1262 2412 vobis
1279 2380 1331 2412 vel
1354 2380 1515 2423 aliquibus
1530 2383 1673 2412 vestrum
1695 2380 1755 2412 sub
1771 2390 1975 2423 quacumque

1170 2431 1342 2464 verborum
1367 2432 1472 2464 forma
1498 2433 1659 2464 concessis
1674 2432 1925 2475 suffragantibus
1942 2433 1976 2464 in

1171 2483 1232 2515 hac
1248 2487 1341 2525 parte
1357 2494 1414 2515 vos
1430 2487 1463 2516 et
1478 2487 1621 2516 vestrum
1637 2484 1790 2526 singulos,
1807 2485 1862 2527 qui
1880 2494 1977 2527 super
1992 2494 2020 2514 4⁰

1170 2536 1367 2567 execucione
1391 2536 1536 2568 mandati
1558 2537 1660 2568 nostri
1682 2537 1842 2578 presentis
1863 2535 1976 2569 inobe-

430 2609 496 2637 883.
515 2613 538 2644 ⁸)
559 2613 685 2639 Iohannes
699 2629 729 2632 --
743 2617 791 2641 Dei
809 2617 900 2642 desum
918 2617 942 2643 2.
1024 2618 1048 2651 b)
1067 2620 1135 2646 deest
1154 2620 1177 2646 1.
1265 2621 1288 2653 e)
1306 2622 1354 2647 sal.
1368 2635 1398 2640 —
1413 2622 1618 2648 benedictionem
1636 2623 1728 2649 desunt
1745 2622 1769 2648 2.
1848 2621 1873 2656 ἆ)
1892 2623 1976 2649 Lude-

326 2654 419 2679 wicum
437 2653 462 2679 2.
551 2655 573 2687 Β)
592 2657 707 2682 Bawarie
726 2657 750 2684 2.
837 2659 857 2691 f)
874 2661 1045 2687 Romanorum
1065 2662 1090 2688 2.
1178 2663 1204 2695 Β)
1222 2664 1291 2689 deest
1308 2663 1333 2690 2.
1421 2663 1447 2698 h)
1466 2666 1522 2691 Ioco
1545 2666 1595 2691 hiis
1617 2666 1704 2692 verbis
1721 2666 1750 2692 2:
1777 2666 1839 2692 hnc
1857 2667 1975 2692 forma.

326 2694 343 2728 i)
362 2697 416 2721 loco
438 2697 672 2729 episcopus—Dei
696 2700 721 2725 l:
749 2705 813 2733 etc„
844 2703 939 2728 additis
962 2705 990 2729 in
1013 2706 1131 2738 maryine
1153 2707 1247 2732 verbio:
1279 2708 1408 2733 Tertius
1437 2717 1608 2741 processus
1637 2709 1976 2735 excommunicationis

326 2742 436 2764 contra
454 2740 614 2766 Bavarum.
700 2742 724 2774 ¹<)
746 2745 814 2770 vm.
835 2745 856 2770 l.
943 2745 962 2778 ¹)
980 2755 1061 2780 supra
1080 2749 1173 2774 lineam
1194 2750 1314 2783 scriptum
1334 2755 1385 2776 est.-
1401 2752 1488 2777 alias
1506 2753 1660 2778 fraternitati
1679 2757 1723 2778 tue
1740 2752 1765 2778 2.
1993 2759 2020 2780 45

430 2807 455 2840 1)
473 2807 561 2842 Supra
579 2817 620 2836 nr.
632 2813 689 2836 881.
