2190 3172
375 229 438 260 280
616 226 713 255 ACTA
731 224 844 254 REGNI
863 225 1046 253 LUDEWICI
1065 225 1111 252 IV.
1130 224 1176 251 ET
1194 223 1379 252 FRIDERICI
1398 223 1447 250 111.
1482 223 1558 250 1315.
1593 222 1642 250 Nr.
1655 222 1715 250 329.
1733 222 1791 250 380.

676 386 751 422 329.
787 383 1085 421 PROMISSIO
1111 382 1334 421 COMITIS
1361 381 1432 418 DE
1462 380 1733 419 HOMBERG

861 439 964 477 PRO
991 438 1210 477 CIVIBUS
1237 438 1308 475 DE
1336 436 1542 475 URACH.

1041 516 1149 552 1315.
1191 514 1285 551 Nov.
1307 514 1366 550 22.

487 625 645 667 Oriyinale
668 625 742 667 (or.)
772 625 807 657 in
838 624 997 657 tabulario
1026 624 1187 657 Uracensi.
1223 642 1263 646 —
1298 622 1361 654 Ed.
1387 622 1483 663 Kopp
1511 621 1576 654 loco
1605 633 1706 663 supra
1733 624 1778 656 ad
1799 634 1848 656 nr.
1867 625 1908 655 76
1931 625 2026 658 citato

367 687 404 717 p.
423 677 485 708 125
507 687 556 709 nr.
574 679 624 709 64.
670 677 850 708 Editionem
872 676 1051 716 repetimus.
1416 723 1419 726 Ι
2055 686 2068 705 ³

487 736 534 776 Cf.
559 747 595 769 ea
617 747 699 778 quae
720 739 810 769 notat
832 736 927 776 Kopp
949 735 968 767 l.
986 747 1011 767 c.
1029 746 1065 775 p.
1083 736 1147 767 126
1158 745 1202 775 sq.

480 835 553 867 Wir
581 845 680 877 grave
701 835 863 867 Wernher
886 845 948 866 von
976 834 1146 876 Homberg
1169 834 1314 875 verjehin
1346 834 1412 866 und
1446 833 1503 866 tfin
1526 835 1632 867 chund
1654 835 1717 879 alle
1752 835 1814 868 den
1849 835 1901 868 die
1934 835 2025 868 dison

372 889 459 921 brief
478 889 635 921 ansehent
657 889 736 922 oder
758 889 875 921 horent
896 889 995 930 lesen,
1020 889 1078 921 daz
1101 889 1159 920 wir
1182 888 1235 919 die
1259 887 1376 919 10011111
1396 887 1462 919 und
1487 887 1545 919 daz
1568 887 1637 930 lant
1658 897 1695 919 ze
1711 886 1779 919 Ura
1794 887 1893 919 wisen
1909 887 2024 920 wellen

372 951 434 972 von
458 941 555 973 allem
579 941 653 973 dem
682 941 823 973 schaden
850 941 916 972 und
947 940 1120 982 ansprach,
1151 939 1203 972 die
1231 940 1277 971 sie
1308 950 1413 982 angan
1443 939 1576 971 mohten
1602 939 1686 971 110011
1713 939 1805 972 recht
1827 950 1888 972 von
1911 939 2025 972 finsers

373 992 472 1025 zolles
494 1003 608 1035 wegen
630 1004 666 1025 ze
689 992 815 1033 malon,
840 1003 874 1024 es
897 993 923 1024 si
946 1003 1009 1035 gen
1034 992 1106 1024 dem
1130 991 1228 1034 ryche
1253 991 1332 1023 oder
1354 1001 1417 1033 gen
1446 990 1554 1023 10111011
1577 990 1710 1032 andere,
1738 1001 1774 1023 so
1798 991 1850 1023 0111
1874 991 2023 1038 einwelig
2041 1004 2068 1024 ιο

374 1044 492 1086 01111013
508 1045 587 1076 wirt.
668 1043 743 1076 Und
768 1043 824 1076 des
847 1054 883 1076 ze
907 1044 1012 1076 einem
1035 1042 1179 1076 urchund
1195 1042 1302 1085 geben
1318 1043 1375 1074 wir
1390 1043 1423 1074 in
1447 1042 1537 1074 disen
1553 1042 1641 1085 brief
1652 1042 1791 1085 besigelt
1813 1043 1871 1074 mit
1892 1042 2023 1075 1108οΓ111
2051 1046 2055 1059 ’

374 1096 498 1138 insigel.

481 1151 549 1184 Der
571 1152 612 1183 ist
635 1151 740 1194 geben
764 1162 800 1184 ze
825 1151 1012 1194 Strasburg,
1045 1162 1085 1183 an
1109 1150 1183 1183 dem
1208 1150 1358 1192 Samstag
1380 1161 1439 1182 vor
1466 1154 1538 1182 sant
1560 1149 1760 1183 Katherinen
1783 1153 1853 1192 tag,
1884 1149 1926 1183 do
1949 1161 2024 1183 man

375 1203 438 1235 zalt
460 1214 522 1235 von
546 1202 627 1235 Gotz
650 1203 766 1245 geburt
789 1202 1102 1235 driuzehenhundert
1122 1204 1175 1244 jar
1196 1202 1262 1234 und
1287 1202 1328 1234 da
1350 1202 1433 1234 nach
1455 1202 1488 1233 in
1512 1201 1586 1234 dem
1610 1201 1848 1234 funfzehenden
1866 1203 1928 1243 jar.

631 1478 704 1513 330.
739 1476 1007 1513 LITTERAE
1034 1475 1307 1513 LUDEWICI
1330 1475 1405 1511 AD
1435 1475 1759 1512 SWITENSES.
2038 1487 2064 1507 1⁵

1034 1549 1143 1585 1315.
1182 1548 1275 1585 Nov.
1296 1549 1356 1585 024.

481 1658 645 1699 Oriyinale
668 1659 872 1698 deperditum.
919 1658 1092 1698 Inscriptio
1114 1660 1177 1690 est:
1206 1657 1343 1690 Dilectis
1370 1657 1520 1689 fidelibus
1547 1658 1663 1689 nostris
1692 1656 1846 1696 officiam,
1876 1657 2018 1699 consilio,

370 1711 490 1743 civibus
515 1714 547 1742 et
569 1711 725 1742 universis
747 1710 929 1742 hominibus
951 1710 983 1741 in
1007 1708 1098 1741 Swiz.
1122 1729 1164 1732 —
1187 1707 1301 1741 Edidit
1319 1708 1460 1740 Tschudi
1483 1708 1649 1741 ‘Chronik’
1672 1709 1701 1747 I,
1723 1710 1797 1740 274.
1838 1708 2018 1741 Editionem

367 1763 546 1802 repetimus.

477 1823 624 1861 Bb'hmer,
648 1822 723 1863 Rey.
741 1822 854 1856 Ludw.
871 1832 907 1862 Ρ.
926 1823 967 1853 11
989 1833 1039 1855 nr.
1054 1823 1126 1855 162.
2037 1835 2065 1855 20

475 1921 668 1953 Ludowicus
691 1920 755 1952 Dei
782 1921 886 1962 gratia
909 1921 1129 1952 Romanorum
1157 1931 1215 1952 rex
1244 1931 1372 1962 semper
1402 1924 1558 1963 augustus
1629 1920 1757 1964 dilectis
1782 1921 1932 1953 fidelibus
1955 1923 2019 1954 suis

366 1973 517 2014 officiato,
542 1973 684 2012 consilio,
708 1972 829 2004 civibus
853 1975 886 2004 et
901 1972 1254 2018 universishominibus
1269 1973 1301 2004 in
1318 1973 1399 2005 Swiz
1465 1973 1604 2015 gratiam
1620 1983 1711 2004 suam
1728 1976 1760 2004 et
1777 1983 1871 2016 omne
1887 1973 2018 2006 bonum.

476 2024 611 2056 Gratum
636 2024 676 2056 de
698 2024 864 2056 fidelitatis
887 2027 993 2056 vestre
1021 2025 1200 2057 constantia
1227 2026 1402 2057 sentientes
1426 2024 1557 2056 odorem
1584 2027 1617 2056 01
1639 2024 1880 2057 considerantes
1902 2035 2018 2067 graves

366 2075 498 2107 labores
514 2086 637 2108 necnon
654 2077 742 2107 varia
765 2087 974 2118 personarum
997 2076 1149 2118 pericula,
1174 2076 1288 2119 quibus
1311 2076 1512 2119 frequentius
1527 2076 1662 2108 subiecti
1685 2076 1788 2108 fuistis
1813 2079 1846 2108 et
1867 2086 1887 2108 a
1902 2078 2018 2109 nostris
2051 2094 2054 2097 ·

369 2130 402 2158 et
423 2127 549 2168 imperii
572 2127 717 2159 hostibus
740 2129 864 2170 gravati
887 2128 1109 2170 multipliciter
1131 2130 1165 2160 et
1187 2128 1314 2169 acriter,
1338 2127 1430 2160 vobis
1446 2128 1619 2160 clementia
1641 2131 1749 2160 nostra
1765 2127 1862 2169 digne
1886 2138 2017 2171 compa·
2036 2143 2063 2163 11.

366 2179 452 2210 titur.
494 2177 559 2210 Sed
582 2179 700 2220 regalis
716 2179 908 2212 excellentia
931 2180 1103 2211 studiosius
1126 2179 1168 2212 ad
1183 2179 1245 2211 1100
1261 2179 1388 2211 laborat
1402 2180 1529 2220 merito,
1553 2179 1640 2222 quod
1663 2190 1721 2223 pro
1736 2180 1860 2211 meritis
1869 2179 2017 2213 “uberem

364 2229 483 2261 reddat
504 2230 642 2262 ubilibet
669 2230 894 2262 consolationis
917 2231 1055 2263 fructum
1084 2234 1117 2263 et
1145 2231 1291 2263 debitam
1313 2241 1567 2273 recompensam.
1614 2230 1710 2268 Quod
1738 2234 1847 2263 01110111
1876 2231 2017 2264 fidelitas

367 2284 475 2312 vestra
498 2281 739 2314 confortationis
762 2282 865 2314 solide
888 2283 1032 2324 recipere
1055 2283 1163 2315 valeat
1185 2283 1421 2324 fulcimentum,
1453 2293 1510 2315 vos
1537 2286 1649 2315 tenere
1675 2283 1822 2314 volumus
1850 2294 1909 2325 pro
1941 2294 2015 2316 0011-

368 2333 482 2372 stanti,
513 2333 599 2375 quod
632 2344 759 2365 omnem
792 2334 833 2365 ad
862 2334 923 2366 1100
953 2334 1107 2366 adhibere
1136 2331 1283 2379 volumus
1314 2334 1516 2376 diligentiam
1545 2338 1578 2367 et
1605 2345 1738 2377 operam
1766 2335 1947 2377 efficacem,
1979 2338 2018 2368 ut
2051 2351 2054 2354 >

367 2384 491 2415 vernali
514 2387 660 2426 tempore
690 2386 735 2416 sic
761 2386 942 2417 muniamur
971 2387 1116 2428 potentia
1146 2387 1335 2419 servitorum
1363 2389 1561 2425 nostrorum,
1594 2397 1674 2429 quos
1697 2397 1780 2419 nunc
1802 2387 1960 2419 habemus
1982 2391 2016 2420 et
2034 2400 2063 2420 so

368 2436 520 2467 continue
543 2437 768 2478 conquirimus,
792 2437 878 2479 quod
901 2448 958 2469 vos
982 2440 1014 2470 et
1029 2438 1110 2469 alios
1126 2441 1251 2470 nostros
1266 2438 1381 2470 fideles
1398 2438 1439 2470 de
1456 2438 1602 2470 manibus
1618 2438 1818 2470 inimicorum
1834 2443 2016 2471 nostrorum

365 2488 530 2529 possimus
554 2489 678 2530 eripere
702 2499 740 2520 ac
764 2488 804 2520 de
829 2493 937 2521 cetero
962 2490 1131 2532 magnifice
1155 2490 1336 2522 defensare.

411 2580 414 2581 γ
474 2548 594 2580 1)010111
617 2548 754 2590 Μο11001,
778 2549 870 2581 VIII.
886 2549 1025 2582 Kalend.
1049 2550 1234 2591 Decembr.,
1257 2551 1349 2592 regni
1373 2557 1449 2582 vero
1474 2552 1573 2583 nostri
1597 2561 1679 2583 011110
1703 2535 1816 2592 primo.
