2184 3126
305 220 368 251 428
530 217 625 244 ACTA
643 216 756 243 REGNI
775 214 957 242 LUDEWICI
976 215 1022 241 IV.
1042 214 1087 241 ΕΤ
1107 212 1291 240 FRIDERICI
1310 212 1359 239 ΙΙΙ.
1397 213 1471 240 1319.
1508 212 1556 239 Nr.
1569 211 1628 240 537.
1647 212 1707 239 538.

411 304 593 335 Ludovicus
630 303 693 334 Dei
731 303 839 344 gracia
876 301 1095 333 Romanorum
1134 311 1191 332 rex
1228 310 1356 342 semper
1393 302 1546 341 augustus
1645 299 1824 331 venerabili
1860 298 1951 330 fratri

304 356 465 387 Porcheto
496 355 738 396 archiepiscopo
761 354 925 393 Ianuensi,
956 363 1012 384 suo
1043 355 1075 383 et
1103 352 1230 394 imperii
1258 352 1393 393 principi
1423 351 1541 383 dilecto
1623 351 1765 392 graciam
1798 361 1890 382 suam
1919 354 1951 382 et

305 417 398 439 omne
420 407 547 438 bonum.

410 459 455 490 Ut
477 458 615 489 fidelitas
639 462 703 498 tua,
727 468 822 498 quam
845 456 971 488 habere*
982 456 1133 487 noticiam
1150 458 1251 486 status
1270 453 1393 496 nostr[i]
1419 464 1543 485 necnon
1566 464 1677 485 eorum
1702 464 1763 495 que
1787 453 1871 485 circa
1893 463 1951 484 nos

304 514 441 552 aguntur
463 510 556 541 avide
581 509 807 550 concupiscere
829 519 892 540 non
915 507 1121 549 ambigimus,
1153 507 1298 548 spiritum
1322 506 1428 537 votive
1452 507 1666 537 recreacionis
1689 508 1844 545 assumat,
1875 514 1951 536 ecce
1981 516 1993 535 ι

304 562 430 603 regales
453 562 561 602 apices
586 560 643 592 tibi
668 560 834 601 dirigimus
857 563 891 591 te
913 558 1182 591 certitudinaliter
1205 559 1285 590 scire
1302 558 1457 598 volentes,
1481 569 1539 589 nos
1554 560 1633 588 nutu
1649 557 1822 588 voluntatis
1846 556 1952 588 divine

303 614 394 644 iuxta
417 615 524 644 votum
549 612 694 643 benefica
719 611 839 652 perfrui
863 611 1004 652 corporis
1027 611 1212 652 sospitatess,
1237 609 1436 641 successibus
1460 610 1557 641 etiam
1580 609 1743 651 prosperis
1765 609 1797 639 in
1818 607 1952 639 diversis

302 665 428 706 imperii
451 663 596 705 partibus
622 662 827 702 habundare,
864 662 919 693 ubi
945 665 1053 693 nostra
1080 662 1213 703 negocia
1250 664 1316 692 tam
1348 661 1434 702 apud
1461 660 1587 692 nobiles
1619 664 1653 691 et
1681 661 1827 691 civitates
1855 669 1951 701 quam

304 716 447 746 comunis
471 714 581 756 populi
603 713 841 745 multitudinem
870 714 983 744 maiori
1018 724 1113 754 quam
1147 723 1289 754 unquam
1319 712 1454 744 affectus
1481 711 1733 754 promptitudine
1763 711 1950 753 diriguntur.

303 766 397 798 Unde
421 766 512 797 firma
535 766 626 797 nobis
650 776 723 807 spes
746 765 926 804 assumitur,
951 764 1035 806 quod
1059 764 1234 796 secundum
1250 775 1383 806 presens
1398 764 1586 796 intencionis
1606 764 1803 805 propositum
1821 763 1951 804 auspice
1971 775 1996 793 ιο

303 818 374 850 Deo
399 818 444 849 sic
468 817 659 849 adversariis
681 817 797 848 nostris
821 816 998 847 debeamus
1013 815 1155 848 breviter
1177 817 1209 847 in
1232 827 1350 858 magna
1367 817 1517 858 potencia
1531 817 1710 859 prevalere,
1734 816 1820 858 quod
1840 817 1953 849 honori

302 872 422 908 nostro,
446 870 535 900 cuius
559 871 608 900 est
631 875 741 900 auctor
756 868 951 907 Altissimus,
975 867 1117 898 insidiari
1140 878 1197 899 sua
1213 867 1254 899 de
1279 871 1387 900 cetero
1410 868 1532 900 crudeli
1547 869 1770 910 persecutione
1787 868 1951 900 desistent.

302 920 469 962 Rogamus
503 921 601 962 igitur
630 919 820 951 fidelitatem
850 922 939 950 tuam
969 922 1107 958 attente,
1143 920 1291 961 quatinus
1320 920 1591 961 quemadmodum
1626 924 1758 952 actenus
1791 921 1823 951 in
1853 920 1951 951 devo-

303 973 394 1004 cione
418 976 526 1003 nostra
550 971 608 1014 [et]
632 972 714 1003 sacri
737 971 863 1013 imperii
887 975 942 1002 tua
966 971 1090 1002 sincera
1112 970 1252 1002 fidelitas
1275 971 1480 1003 laudabiliter
1503 971 1629 1012 claruit,
1659 975 1695 1003 ut
1717 971 1952 1014 fidedignorum

302 1024 422 1056 relacio
446 1024 537 1055 nobis
561 1023 646 1055 facta
669 1026 818 1061 testatur,
849 1023 893 1054 sic
916 1023 1046 1054 inantea
1070 1022 1268 1054 ferventibus
1291 1023 1405 1054 animis
1427 1023 1731 1055 incommutabiliter
1754 1033 1952 1065 perseveres,
1974 1031 1995 1050 ¹⁵

302 1068 416 1107 cuncta
448 1086 510 1117 que
540 1075 632 1106 nobis
662 1075 717 1105 etb
741 1074 847 1105 eidem
877 1074 1012 1114 imperio
1035 1073 1215 1114 profectum
1246 1076 1279 1105 et
1301 1074 1457 1105 honorem
1481 1085 1579 1116 agere
1602 1078 1768 1116 poterunt,
1800 1075 1882 1106 sicut
1910 1074 1952 1106 de

302 1131 334 1158 te
368 1127 491 1158 sincere
521 1126 722 1162 confidimus,
757 1125 946 1167 diligencius
977 1124 1187 1166 procuranda
1233 1125 1370 1166 Insuper
1397 1126 1577 1157 celsitudini
1607 1129 1715 1157 nostre
1744 1127 1889 1167 parcium
1921 1129 1954 1157 et

302 1178 490 1209 incollarum
513 1177 637 1218 Ytalie,
673 1177 718 1207 tui
748 1180 941 1217 tuorumque
972 1176 1282 1216 consanguineorum
1313 1180 1346 1207 et
1378 1177 1554 1208 amicorum
1581 1178 1814 1209 continenciam
1841 1179 1952 1218 status,

303 1240 398 1271 quem
422 1229 549 1260 felicem
575 1232 733 1269 optamus,
757 1238 776 1259 a
800 1231 832 1258 te
856 1227 988 1258 rescribi
1009 1227 1148 1268 petimus
1164 1227 1366 1268 presencium
1383 1238 1442 1270 per
1456 1229 1603 1260 latorem.
1641 1228 1724 1260 Eum
1749 1229 1833 1260 enim
1857 1229 1952 1270 plene

301 1290 496 1322 cognoscere
521 1279 743 1311 desideranter
766 1279 959 1320 appetimus,
982 1281 1018 1309 ut
1039 1278 1070 1309 in
1094 1279 1215 1310 cunctis
1238 1280 1400 1320 prosperis
1421 1280 1578 1321 augendis
1597 1281 1766 1311 asistamus
1790 1282 1823 1311 et
1845 1279 1951 1322 repel-
1971 1286 1996 1306 2⁰

299 1332 403 1363 lendis
426 1331 569 1363 adversis
593 1341 814 1362 succurramus
839 1330 946 1362 eidem
969 1329 1121 1361 remediis
1145 1331 1320 1371 opurtunis.

409 1384 483 1415 Dat.
509 1384 541 1414 in
564 1383 753 1424 Ratispona,
777 1381 853 1413 VII.
871 1381 962 1413 Ydus
985 1381 1108 1422 Marcii,
1132 1383 1223 1424 regni
1248 1383 1346 1414 nostri
1369 1392 1452 1414 anno
1476 1383 1616 1424 quintoc.

700 1514 785 1549 538.
828 1513 1020 1558 Responsio
1047 1515 1310 1559 archiepiscopi.
1416 1514 1506 1550 Mai.
1525 1516 1558 1550 4.

410 1589 507 1629 Copia
535 1589 648 1621 ibidem
677 1590 701 1628 f.
725 1589 797 1620 179.
851 1588 1057 1621 Contulimus.
1113 1589 1247 1621 Textum
1274 1599 1390 1621 sanare
1418 1589 1507 1620 haud
1534 1589 1648 1629 ubique
1677 1588 1777 1620 licuit.
1812 1607 1853 1612 —
1886 1587 1949 1621 Ed.

298 1642 318 1675 l.
336 1654 360 1674 c.
378 1642 428 1680 II,
453 1643 516 1673 783
538 1652 587 1673 nr.
607 1641 700 1673 1121.
1968 1654 1992 1673 25

408 1719 619 1751 Serenissimo
643 1719 778 1761 principi
802 1722 835 1750 et
859 1718 988 1750 domino
1013 1729 1070 1749 suo
1095 1718 1224 1750 domino
1248 1718 1413 1750 Ludovico
1429 1718 1492 1751 Dei
1515 1719 1624 1760 gracia
1639 1718 1858 1750 Romanorum
1880 1719 1950 1760 regi

299 1783 427 1814 semper
450 1774 587 1813 augusto
658 1781 734 1802 suus
758 1770 858 1802 frater
881 1770 1061 1802 Porchetus
1084 1770 1346 1812 archiepiscopus
1368 1770 1547 1810 Ianuensis,
1570 1771 1718 1812 princeps
1740 1771 1808 1801 eius
1878 1780 1949 1801 cum
1980 1760 1986 1766 ’

299 1823 622 1856 recommendacione
645 1822 865 1854 reverenciam
889 1825 921 1854 et
945 1833 979 1854 se
1003 1825 1115 1853 totum.

406 1875 552 1907 Melliflui
586 1875 741 1906 sermonis
774 1873 951 1915 imperialis
985 1873 1182 1905 celsitudinis
1222 1873 1359 1914 epistola
1399 1872 1558 1904 destinata
1592 1883 1716 1904 summa
1750 1883 1852 1915 nuper
1882 1875 1950 1905 visa

299 1928 480 1959 reverentia
514 1931 546 1958 et
580 1926 701 1957 honore
736 1929 823 1957 tante
852 1926 932 1956 meis
962 1924 1137 1966 precordiis
1166 1927 1199 1956 et
1226 1925 1534 1966 consanguineorum
1563 1934 1723 1964 meorum,
1758 1924 1884 1956 illorum
1908 1925 1948 1957 de
1968 1938 1994 1956 ³0

300 1978 440 2020 Spinulis
468 1981 500 2009 et
530 1982 708 2010 ceterorum
735 1977 939 2009 Ianuensium
969 1977 1222 2007 extrinsecorum
1249 1975 1376 2017 imperii
1405 1975 1620 2016 subditorum,
1654 1975 1696 2007 ad
1719 1987 1853 2017 quorum
1876 1987 1950 2018 pre-

300 2030 472 2072 gaudium¹²
495 2029 728 2060 continenciam
753 2029 910 2067 reseravi,
941 2028 1001 2059 fuit
1023 2028 1130 2059 leticie
1153 2027 1329 2068 affluentis,
1352 2027 1439 2069 quod
1461 2027 1639 2059 rescribens
1661 2029 1822 2061 maiestati
1845 2031 1950 2060 vestre

300 2082 443 2112 calamus
470 2080 511 2111 ad
539 2090 672 2122 presens
700 2079 847 2111 sufficere
871 2079 960 2110 fereb
985 2082 1103 2120 posset.
1150 2078 1404 2120 Quadrupartita
1432 2079 1516 2110 enim
1549 2079 1695 2110 eiusdem
1724 2080 1824 2121 apicis
1851 2081 1951 2111 series

300 2133 397 2163 michi
413 2136 446 2164 et
460 2133 536 2173 ipsis
552 2131 700 2163 fidelibus
717 2131 901 2172 optantibus
917 2129 1035 2171 regalis
1051 2130 1240 2171 sospitatem
1253 2131 1412 2171 corporis⁰
1429 2130 1574 2171 gratamd
1590 2131 1768 2170 innotescit,
1785 2141 1950 2162 successus

300 2185 332 2214 in
356 2183 474 2224 arduys
497 2194 556 2224 per
579 2183 722 2214 diversas
745 2183 871 2224 imperii
895 2185 1004 2223 partes
1028 2181 1152 2212 votivos
1176 2184 1304 2212 enarrat
1327 2192 1398 2212 cum
1422 2191 1479 2223 spe
1502 2182 1593 2213 firma
1614 2182 1782 2213 rebellium
1799 2183 1948 2214 humilia·
1968 2196 1991 2213 ³⁵

302 2235 401 2266 cionis
422 2236 455 2265 in
477 2234 582 2274 brevi,
607 2234 647 2265 ad
672 2244 710 2265 ea
735 2234 848 2274 etiam,
880 2243 942 2275 que
967 2232 1199 2274 profectionem
1224 2232 1354 2264 honoris
1377 2234 1424 2264 sui
1447 2235 1656 2275 prospiciant,
1688 2245 1740 2266 me
1763 2235 1877 2266 invitat
1899 2239 1949 2266 ete

302 2286 342 2317 de
366 2286 501 2317 Ytalicis
530 2285 675 2327 partibus
706 2286 970 2317 informacionem
993 2285 1159 2326 requirens
1187 2285 1403 2325 provisionem
1432 2288 1464 2316 et
1492 2296 1675 2317 succursum
1704 2287 1851 2327 oportuni
1874 2287 1948 2318 sub—

301 2337 373 2368 sidii
396 2337 515 2378 regalis
539 2337 755 2368 benivolentia
771 2337 950 2378 pollicetur.
988 2336 1038 2367 Ex
1055 2335 1171 2377 quibus
1186 2337 1307 2377 apertis
1327 2347 1389 2368 non
1406 2339 1530 2368 tantum
1547 2338 1702 2379 cooperis,
1726 2341 1776 2369 set
1795 2338 1953 2379 corporiss

302 2388 344 2420 ad
379 2388 504 2420 debitas
537 2389 717 2429 graciarum
752 2389 899 2419 acciones
936 2387 1079 2429 agendas
1121 2388 1202 2419 meis
1236 2388 1409 2419 visceribus
1443 2393 1548 2420 vestre
1583 2389 1757 2421 clemencie
1791 2390 1950 2422 inclinatis

302 2440 468 2471 Altissimo
492 2451 578 2481 genu
600 2440 708 2479 flecto,
738 2449 796 2480 per
825 2450 922 2480 quem
952 2439 1012 2470 hec
1039 2439 1124 2470 bona
1147 2439 1216 2470 fieri
1240 2450 1301 2470 non
1326 2439 1445 2471 debet*3
1469 2441 1625 2482 quispiam
1650 2441 1830 2482 dubitareh,
1862 2442 1946 2483 quod
1966 2453 1991 2471 (ο

301 2493 405 2532 ipsam
429 2492 577 2533 gencium
601 2492 722 2532 regiam
746 2492 963 2530 maiestatem,
998 2492 1029 2522 in
1061 2491 1148 2521 cuius
1179 2491 1283 2522 salute
1311 2502 1421 2523 omnes
1443 2492 1514 2524 Deo
1541 2493 1685 2534 propicio
1708 2498 1948 2535 prosperantur,

302 2544 412 2584 vigere
436 2544 592 2574 concessit
614 2542 779 2574 incolumii
802 2543 967 2584 sospitate,
990 2542 1125 2573 iubilare
1149 2553 1211 2573 non
1236 2553 1336 2583 cesso,
1360 2543 1569 2575 devocionem
1593 2544 1634 2575 ad
1655 2545 1757 2586 ipsam
1781 2546 1812 2575 in
1833 2545 1946 2576 nobili-

302 2594 376 2634 bus,
406 2594 589 2625 civitatibus
618 2597 650 2625 et
677 2594 867 2635 populorum
892 2594 1094 2625 multitudine
1117 2594 1314 2635 germinasse
1339 2595 1488 2636 quodque
1513 2595 1650 2627 faciente
1678 2596 1748 2636 illo,
1782 2597 1837 2638 qui
1868 2598 1949 2628 tanti

303 2645 363 2677 fuit
385 2646 512 2677 luminis
528 2646 698 2686 institutor,
722 2645 766 2676 hii
791 2646 844 2687 qui
868 2645 908 2677 ab
933 2656 971 2677 eo
995 2645 1113 2677 lumine
1138 2645 1343 2686 recedebant,
1368 2647 1511 2678 eiusdem
1536 2647 1682 2680 claritate
1706 2648 1864 2680 clarentes
1886 2649 1948 2680 sint

407 2731 473 2757 537.
501 2732 524 2762 ⁸)
543 2732 658 2757 benefico
677 2732 772 2764 perfrui
791 2740 894 2764 corpore
912 2732 1042 2764 sospitatis
1060 2740 1079 2757 c.
1168 2730 1192 2763 b)
1211 2736 1236 2757 te
1255 2741 1274 2757 c.
1363 2733 1386 2764 c)
1406 2734 1428 2757 V
1446 2742 1466 2759 c.
1965 2745 1990 2764 45

407 2790 472 2817 538.
501 2792 524 2823 2)
543 2800 587 2824 pre
605 2792 700 2824 gaudio
719 2800 738 2816 c.
821 2791 845 2823 b)
865 2793 930 2817 ferre
948 2800 967 2817 c.
1051 2791 1074 2823 e)
1094 2793 1223 2825 sospitatis
1237 2801 1342 2825 corpore
1360 2801 1396 2822 c.‚·
1414 2794 1448 2826 cf.
1467 2803 1507 2820 nr.
1521 2797 1569 2820 537
1579 2800 1630 2820 ποι.
1643 2804 1667 2821 a.
1750 2793 1774 2826 d)
1793 2795 1905 2828 graciam
1924 2805 1945 2820 c.

305 2835 327 2867 Β)
346 2838 385 2860 set
403 2845 423 2860 c.
510 2834 530 2866 f)
548 2835 609 2867 quid
621 2835 682 2860 haec
695 2835 741 2859 sibi
752 2835 828 2860 velint
839 2835 931 2860 nescio.
1019 2837 1045 2867 Β)
1064 2836 1158 2861 debent
1176 2844 1196 2860 c.
1283 2835 1308 2868 h)
1326 2837 1423 2862 exitare
1442 2846 1461 2862 c.
1549 2837 1568 2870 i)
1587 2839 1702 2864 incohm‘?
1721 2848 1741 2865 c.
