2124 3132
308 211 351 241 26
728 210 945 237 TRACTATUS
964 211 1010 237 DE
1029 210 1241 238 ELECTIONE.
1278 211 1355 238 1314.
1390 211 1439 238 Nr.
1452 212 1494 239 25.
1512 212 1553 239 26.

415 298 463 327 13.
498 296 583 327 Item
613 307 671 327 rex
698 300 852 328 consueto
880 297 977 328 modo
1005 298 1141 338 recipiet
1167 297 1299 329 feodum
1326 308 1419 329 suum
1441 301 1515 339 post
1538 299 1783 330 coronacionem
1807 309 1898 330 suam
1922 299 1963 330 ab

300 347 561 388 archiepiscopo.

413 401 461 429 14.
497 399 581 429 Item
609 398 696 430 idem
724 399 805 439 dux,
837 409 933 440 quam
961 400 1099 440 primum
1127 400 1249 430 venerit
1276 399 1318 431 ad
1349 401 1454 441 ipsum
1485 400 1777 442 archiepiscopum,
1807 402 1964 443 premissa

303 450 410 480 omnia
433 452 466 481 et
489 450 614 491 singula
638 449 757 480 iurabit
779 449 821 480 ad
845 453 956 481 sancta
971 450 1033 482 Dei
1058 451 1238 492 ewangelia
1261 451 1433 483 observare
1457 455 1491 483 et
1513 452 1690 493 adimplere
1708 453 1860 494 quodque
1876 452 1964 484 nulla

303 502 356 532 via
379 502 431 532 vel
460 503 616 543 rescripto
640 502 819 543 apostolico
843 503 1016 543 impetrato
1041 503 1092 534 vel
1115 502 1318 544 impetrando
1342 506 1451 534 contra
1476 514 1515 535 ea
1538 504 1647 535 veniat
1670 506 1703 535 et
1726 503 1811 545 quod
1835 503 1896 535 hoc
1918 504 1964 535 ita

301 552 455 593 firmetur,
480 555 575 593 prout
600 553 640 584 de
663 553 733 584 iure
758 557 790 584 et
813 553 853 584 de
878 553 963 584 facto
987 554 1103 584 melius
1125 553 1245 585 firmari
1268 557 1383 595 potest.
1422 554 1490 585 Nos
1514 555 1617 586 eciam
1641 558 1673 586 et
1688 555 1848 586 Henricus
1864 555 1965 587 frater

301 607 412 635 noster
435 614 508 634 cum
531 605 601 645 ipso
625 603 814 645 iurabimus,
845 605 931 645 quod
953 605 1197 646 procurabimus
1222 608 1254 636 et
1278 605 1455 636 efficiemus
1478 616 1537 647 per
1558 617 1616 637 nos
1639 609 1672 638 et
1695 617 1753 647 per
1776 607 1857 638 alios
1879 606 1964 638 bona

301 654 365 685 fide
397 654 484 695 apud
515 656 619 695 ipsum
651 655 861 686 Frederieum
895 659 970 687 ante
1006 659 1039 687 et
1071 659 1145 697 post
1175 656 1372 687 eleccionem
1402 667 1508 697 suam,
1539 659 1574 688 ut
1602 658 1758 699 premissa
1788 662 1899 690 teneat
1931 662 1965 690 et

302 705 463 737 observet.
509 706 650 737 Litteras
683 707 786 737 eciam
817 717 890 738 suas
918 707 977 738 sub
1006 707 1110 749 sigillo
1140 718 1197 738 suo
1225 708 1316 749 regio
1348 711 1381 739 et
1409 708 1603 749 principum,
1627 719 1763 750 quorum
1787 709 1894 750 sigilla
1922 709 1964 741 ad

300 756 362 787 hec
391 757 597 798 requiruntur
624 760 656 788 et
684 757 806 799 absque
837 757 911 789 dolo
940 761 974 790 et
996 758 1110 790 fraude
1133 759 1246 791 haberi
1268 761 1416 800 possunt,
1447 759 1530 790 infra
1554 760 1750 801 quindenam
1772 763 1847 802 post
1870 771 1961 792 coro-

301 809 470 839 nacionem
494 819 584 839 suam
609 809 698 840 dabit
722 809 762 840 de
787 810 933 841 omnibus
956 810 1126 841 antedictis
1150 813 1182 842 et
1204 810 1276 842 illas
1299 810 1433 851 litteras,
1457 821 1520 851 que
1544 821 1641 852 super
1663 811 1724 843 hiis
1746 815 1874 843 servata
1890 823 1963 844 sen-

301 860 402 891 tentia
425 861 524 901 priori
548 863 624 891 ante
649 860 846 892 eleccionem
868 864 1014 903 grossate
1039 861 1157 893 fuerint
1180 865 1213 893 et
1235 862 1340 903 sigillo
1358 862 1493 893 ducatus
1510 863 1558 893 sui
1574 863 1710 904 signate,
1734 863 1889 905 sigillabit
1903 874 1963 895 nec

300 911 332 940 in
355 911 539 942 reversione
564 922 621 942 sua
645 911 685 943 de
709 912 812 953 Aquis
835 913 919 944 ultra
943 913 1023 944 duas
1046 911 1160 955 [dies]b
1184 914 1215 943 in
1240 914 1370 944 civitate
1395 913 1581 945 Coloniensi
1603 914 1758 946 manebit.

411 965 459 994 15.
495 963 540 994 Ut
568 966 678 994 autem
709 963 797 994 idem
827 964 1089 1006 archiepiscopus
1122 964 1162 995 de
1193 964 1253 995 hiis
1281 975 1339 1006 per
1365 975 1423 996 nos
1452 969 1667 1007 assecuretur,
1699 967 1904 1007 promisimus
1931 970 1964 998 et

299 1014 517 1054 promittimus
548 1015 655 1045 omnia
686 1017 720 1045 et
750 1015 877 1056 singula
904 1016 1068 1047 antedicta
1097 1015 1226 1048 efficere
1254 1019 1287 1047 et
1313 1027 1487 1058 procurare
1517 1027 1577 1058 per
1604 1017 1725 1048 dictum
1752 1017 1962 1049 Fredericum

301 1065 434 1096 fratrem
463 1068 607 1096 nostrum
634 1066 703 1098 fieri
726 1069 759 1097 et
781 1066 952 1107 adimpleri
975 1071 1008 1099 et
1031 1067 1177 1099 similiter
1200 1066 1302 1110 [ρει-Γ)
1325 1068 1502 1099 Henricum
1526 1068 1659 1100 fratrem
1681 1072 1825 1100 nostrum
1849 1072 1883 1101 et
1905 1079 1964 1111 per

301 1127 359 1147 nos
386 1117 473 1157 ipsos
503 1117 611 1148 facere
639 1120 672 1148 et
695 1117 868 1149 observare
893 1119 951 1149 sub
974 1119 1155 1150 iuramento
1179 1122 1287 1150 nostro
1312 1120 1523 1161 corporaliter
1545 1131 1642 1162 super
1664 1120 1726 1152 hiis
1749 1121 1882 1162 singulis
1905 1132 1964 1163 per

299 1178 358 1199 nos
381 1169 516 1209 prestito
541 1169 634 1199 tactis
658 1170 868 1200 sacrosanctis
892 1170 1087 1211 ewangeliis.
1127 1170 1179 1202 Sic
1203 1170 1290 1212 quod
1316 1171 1342 1201 si
1359 1172 1554 1203 contrarium
1571 1171 1657 1213 quod
1673 1172 1757 1203 absit
1772 1172 1962 1214 faceremus,

300 1219 342 1250 ab
372 1220 442 1260 ipso
473 1219 715 1261 archiepiscopo
748 1231 844 1262 super
874 1224 966 1252 reatu
994 1221 1126 1262 periurii
1156 1222 1247 1262 argui
1274 1222 1470 1261 valeremus,
1506 1226 1539 1253 et
1568 1223 1594 1253 si
1624 1223 1711 1264 quod
1743 1223 1828 1255 absit
1859 1224 1963 1256 dictus

299 1270 491 1302 Fredericus
517 1270 617 1302 frater
646 1275 756 1303 noster
784 1282 985 1313 quocumque
1015 1283 1092 1303 casu
1119 1273 1352 1304 interveniente
1380 1274 1536 1314 premissa
1563 1284 1627 1304 non
1650 1275 1871 1316 interciperet,
1903 1284 1963 1306 nos

300 1332 340 1353 ea
369 1323 560 1363 intercipere
591 1323 808 1363 promittimus
838 1327 872 1354 et
901 1333 1124 1355 consummare
1152 1323 1292 1355 Domino
1322 1324 1531 1356 concedente.
1581 1324 1624 1355 Et
1656 1325 1718 1356 erit
1746 1325 1857 1357 similis
1887 1336 1962 1358 con—

299 1373 459 1404 federatio
483 1373 523 1405 de
547 1374 609 1405 hoc
632 1375 715 1405 inter
738 1374 858 1406 dictum
882 1375 1160 1416 archiepiscopum
1186 1378 1218 1406 et
1240 1385 1308 1415 nos,
1333 1375 1438 1416 qualis
1460 1376 1543 1407 inter
1566 1375 1698 1407 fratrem
1721 1380 1865 1409 nostrum
1888 1387 1962 1419 pre-

300 1424 421 1456 dictum
446 1427 479 1456 et
502 1425 623 1456 dictum
647 1425 925 1467 archiepiscopum
947 1436 1030 1456 nunc
1054 1428 1103 1457 est
1126 1426 1283 1457 condicta.

410 1477 458 1507 16.
494 1476 673 1518 Postquam
702 1480 810 1508 autem
843 1477 946 1508 dictus
976 1477 1076 1508 frater
1104 1480 1214 1508 noster
1244 1477 1367 1509 electus
1397 1481 1430 1509 et
1459 1481 1629 1510 coronatus
1657 1479 1756 1511 fuerit
1785 1480 1818 1511 in
1850 1490 1962 1522 regem

299 1526 520 1558 Romanorum
550 1531 583 1558 et
612 1528 669 1558 sub
699 1528 880 1560 iuramento
910 1539 967 1559 suo
996 1539 1030 1560 se
1059 1529 1246 1560 astrinxerit
1269 1529 1311 1560 ad
1334 1529 1577 1561 observanciam
1604 1531 1847 1572 premissorum,
1879 1531 1962 1564 datis

300 1578 415 1609 litteris
444 1580 509 1610 suis
536 1579 595 1610 sub
625 1590 682 1610 suo
712 1583 746 1610 et
766 1581 947 1621 principum
971 1580 1098 1622 sigillis,
1129 1581 1289 1612 sententia
1311 1582 1343 1611 in
1366 1581 1509 1622 presenti
1530 1582 1639 1614 littera
1662 1586 1813 1615 contenta
1835 1587 1963 1616 servata

299 1640 397 1671 super
425 1640 479 1672 eo,
512 1631 631 1662 erimus
660 1631 742 1672 quiti
770 1635 803 1662 et
831 1632 972 1663 absoluti
996 1632 1036 1663 de
1060 1631 1135 1673 hiis,
1168 1632 1208 1663 de
1233 1632 1348 1673 quibus
1371 1633 1456 1664 circa
1478 1633 1636 1674 premissa
1658 1635 1863 1675 promisimus
1886 1635 1963 1668 dicti

300 1681 407 1712 fratris
436 1683 536 1713 nostri
566 1686 599 1714 et
628 1683 809 1724 principum
836 1684 961 1715 litteras
989 1683 1046 1714 sub
1077 1694 1187 1715 eorum
1216 1683 1330 1725 sigillis
1357 1694 1531 1725 procurare
1559 1688 1593 1716 et
1618 1685 1747 1718 efficere
1776 1686 1859 1728 dari,
1891 1687 1962 1718 aliis

301 1733 397 1764 salvis
427 1737 459 1764 et
486 1734 740 1775 remanentibus,
771 1746 832 1776 que
861 1738 970 1776 preter
996 1735 1058 1766 ista
1082 1735 1123 1766 ad
1147 1735 1388 1766 observanciam
1412 1739 1635 1768 contentorum
1658 1737 1690 1768 in
1714 1737 1829 1769 eadem
1853 1738 1961 1771 littera

299 1795 358 1815 nos
381 1785 570 1826 astringunt·

412 1839 460 1867 17.
495 1837 533 1868 In
561 1838 650 1868 cuius
677 1838 725 1869 rei
753 1839 973 1870 testimonium
999 1838 1139 1879 sigillum
1162 1841 1306 1870 nostrum
1329 1849 1392 1869 una
1415 1849 1486 1870 cum
1511 1839 1623 1881 sigillis
1645 1840 1840 1871 venerabilis
1862 1841 1963 1882 patris

301 1887 421 1918 domini
459 1888 612 1919 Iohannis
648 1890 892 1931 Argentinensis
926 1890 1084 1931 episcopi,
1127 1879 1224 1921 ffilrici
1262 1889 1483 1931 Ferretarum,
1522 1890 1650 1922 Ottonis
1689 1891 1729 1923 de
1764 1891 1962 1934 Strazsberg,

301 1938 468 1980 Rudolphi
491 1940 531 1972 de
555 1940 702 1982 Nydowe
726 1942 879 1973 comitum
904 1952 941 1973 ac
966 1941 1095 1973 Ottonis
1118 1941 1239 1972 domini
1263 1941 1304 1973 de
1329 1941 1561 1983 Oyssensteyn,
1593 1944 1646 1984 qui
1673 1944 1837 1984 premissis
1863 1945 1962 1976 inter·

300 1990 438 2027 fuerunt,
462 1992 668 2032 presentibus
692 1996 741 2024 est
763 2004 952 2034 appensum.
991 1993 1034 2024 Et
1055 2004 1114 2024 nos
1137 1993 1299 2024 Iohannes
1314 1993 1378 2025 Dei
1397 1994 1501 2034 gratia
1518 1994 1762 2035 Argentinensis
1782 1996 1964 2038 episcopus,

300 2041 437 2082 Ulricus,
468 2042 545 2074 Otto
570 2047 603 2074 et
625 2043 817 2085 Rudolphus
841 2046 975 2076 comites
998 2055 1036 2076 ac
1060 2044 1137 2076 Otto
1162 2044 1202 2076 de
1227 2044 1423 2086 Oyssensten
1446 2045 1582 2086 predicti
1605 2047 1865 2088 recognoscimus
1888 2058 1962 2089 pre—

299 2093 397 2124 missa
420 2104 497 2124 vera
529 2098 561 2125 et
589 2096 634 2126 sic
662 2095 755 2127 nobis
784 2096 1002 2128 mediantibus
1026 2099 1059 2127 et
1085 2096 1288 2138 presentibus
1311 2099 1384 2127 acta
1408 2107 1493 2136 esse,
1523 2097 1629 2138 sigilla
1651 2101 1760 2129 nostra
1783 2098 1826 2130 ad
1848 2109 1963 2140 preces

299 2144 430 2175 illustris
454 2146 607 2187 principis
622 2147 763 2188 Lupoldi
787 2147 878 2179 ducis
893 2148 1023 2179 Austrie
1047 2147 1184 2188 predicti
1208 2147 1358 2178 duximus
1380 2148 1413 2178 in
1428 2148 1620 2189 ampliorem
1635 2149 1751 2181 horum
1767 2149 1962 2182 evidentiam

300 2195 361 2226 hiis
384 2195 499 2227 litteris
522 2197 725 2238 apponenda.

408 2247 528 2279 Datum
552 2249 585 2279 in
607 2249 807 2290 Bacharaco,
831 2260 915 2281 anno
938 2249 1070 2281 Domini
1092 2248 1210 2281 MCGO
1234 2249 1488 2291 quartodecimo,
1516 2252 1627 2293 quinta
1650 2251 1731 2284 feria
1754 2256 1828 2294 post
1849 2253 1961 2285 inven—

300 2299 427 2330 cionem
450 2303 560 2331 sancte
585 2300 706 2341 Crucis,
731 2311 793 2343 que
818 2304 888 2332 erat
904 2301 977 2333 VII.
994 2301 1072 2332 Idus
1094 2301 1182 2332 Maii.

754 2432 814 2468 26.
856 2432 1032 2478 Scriptum
1058 2433 1252 2468 secundum.
1364 2433 1456 2469 Mai.
1475 2436 1509 2469 9.

413 2504 574 2544 Oriyinale
599 2505 675 2547 (or.)
705 2506 739 2537 in
765 2507 868 2538 eodem
896 2507 1052 2539 tabulario
1081 2506 1099 2538 l.
1121 2517 1146 2538 α.
1199 2507 1398 2540 Contulimus
1423 2519 1488 2540 nos.
1542 2509 1577 2540 E
1601 2520 1656 2541 sex
1684 2509 1798 2550 siyillis
1819 2511 1960 2549 pendent

299 2555 439 2595 quinque
462 2556 538 2587 loris
566 2558 823 2596 membranaceis,
852 2569 987 2598 quorum
1010 2559 1074 2590 tria
1091 2569 1212 2599 parum
1235 2559 1339 2598 laesa‚·
1370 2563 1521 2600 quartum
1543 2561 1753 2594 desideratur.
1803 2562 1845 2593 In
1871 2572 1958 2594 verso

301 2606 430 2646 leyitur:
460 2609 585 2639 Littera
610 2608 793 2641 adiutcrum
825 2613 859 2642 et
886 2611 1061 2642 amicorum
1086 2611 1206 2642 domini
1230 2611 1343 2644 Golofi.
1380 2630 1419 2635 -
1453 2612 1518 2644 Ed.
1541 2612 1719 2644 Lacomblet
1742 2612 1760 2644 l.
1779 2624 1803 2645 c.
1822 2613 1892 2653 III,
1917 2615 1959 2645 95

302 2668 352 2689 nr.
370 2659 433 2688 129
456 2670 495 2690 ex
519 2670 563 2691 or.

407 2719 554 2757 Bb'hmer,
578 2720 653 2760 Rey.
678 2721 790 2752 Ludw.
808 2733 845 2762 p.
862 2723 927 2753 236
950 2722 1181 2754 Reichssachen
1203 2733 1253 2754 nr.
1272 2724 1322 2755 12.

405 2821 453 2848 25.
483 2822 508 2855 b)
528 2825 620 2849 excidit
639 2834 676 2850 or.

1983 771 2008 790 10

1981 1027 2006 1047 u·

1980 1539 2005 1558 2⁵

1981 2059 2006 2078 ³5

1976 2678 2002 2697 ⁴5
