2184 3126
352 239 416 268 550.
555 233 652 260 ACTA
671 232 784 260 REGNI
801 231 986 259 LUDEWICI
1003 231 1050 258 IV.
1068 230 1114 257 ET
1133 228 1318 256 FRIDEBICI
1336 227 1385 254 111.
1422 227 1497 254 1322.
1534 226 1583 254 Nr.
1595 226 1655 254 697.
1673 226 1733 254 698.
1751 226 1811 254 699.

352 321 488 362 cionem,
512 320 733 360 donacionem,
757 318 972 360 provisionem
997 327 1052 348 seu
1067 315 1346 357 presentaoionem
1369 313 1562 345 coniunctim
1584 312 1638 344 vel
1660 312 1786 344 divisim
1808 313 2000 353 pertinente,

352 374 378 404 si
410 372 486 414 quid
508 373 602 403 vacat
628 372 680 402 vel
711 380 807 412 quam
835 370 972 410 primum
1002 377 1117 398 vacare
1145 366 1284 407 ceperit,
1318 375 1376 406 pro
1409 366 1590 396 nostrarum
1616 374 1750 405 precum
1778 363 2003 405 primm-iarum

352 423 537 455 reverencia
559 422 663 453 velitis
686 421 768 453 adeo
792 419 968 451 liberaliter
990 417 1171 459 providere,
1196 416 1283 458 quod
1305 415 1440 457 proinde
1464 418 1525 447 etc.

461 490 550 521 vobis
573 499 630 530 pro
654 488 789 519 honesta
811 486 919 528 puella
937 510 943 517 .
963 511 968 517 .
993 485 1050 516 tali
1073 485 1152 525 fllia,
1182 484 1301 516 devota
1323 486 1432 533 nostra
1456 483 1575 514 dilecta
1597 483 1789 524 porrigimus
1811 482 2003 515 fiducialiter

353 542 521 583 primarias
544 550 658 582 preces
680 542 818 578 nostras,
847 537 1056 568 devocionem
1079 539 1219 567 vestram
1247 535 1404 566 attencius
1427 534 1643 576 requirentes,
1673 535 1822 576 quatinus
1855 535 2002 576 eandem,

353 594 442 624 cuius
479 592 716 633 promocionem
753 590 876 620 sincero
909 588 1070 628 diligimus
1103 597 1144 618 ex
1178 586 1313 625 affeetu,
1349 585 1626 627 contemplacione
1660 596 1794 628 precum
1822 589 2003 618 nostrarum

352 643 573 685 primariarum
595 642 628 672 in
650 644 789 672 vestram
813 643 846 671 et
860 639 958 670 vestri
980 637 1165 669 monasterii
1180 637 1344 678 recipiatis
1360 637 1550 668 monacham
1568 640 1602 668 et
1616 647 1760 669 sororem
1772 640 2003 680 receptamque

352 693 523 725 caritativis
546 694 577 723 in
600 692 738 723 Domino
761 690 930 722 affectibus
952 689 1120 731 benignius
1143 688 1380 730 pertractando,
1403 691 1439 719 ut
1461 688 1579 720 obinde
1603 692 1664 720 etc.
1999 701 2002 703 ·

458 760 548 791 vobis
570 770 628 801 pro
656 759 772 791 dilecto
796 758 888 790 nobis
911 758 1038 799 clerico,
1067 757 1156 788 cuius
1183 757 1424 798 promocionem
1449 756 1573 789 sincere
1597 757 1775 799 diligimus,
1806 758 1862 800 qui
1884 758 2003 799 spretis
2042 790 2044 792 ,

351 813 444 843 huius
466 811 576 843 mundi
599 811 722 842 deliciis
744 811 803 842 sub
826 811 983 851 regularis
1006 810 1070 840 vite
1095 809 1298 840 observantia
1321 808 1354 839 in
1376 811 1484 840 vestro
1507 809 1702 840 monasterio
1727 809 1815 851 cupit
1835 808 2002 842 Altissimo

353 864 515 902 famulari,
559 863 767 894 devocionem
794 864 935 893 vestram
965 861 1123 893 attencius
1150 860 1361 901 requirentes,
1399 860 1548 902 quatinus
1581 860 1719 892 eundem
1747 860 1789 892 ob
1823 863 2004 893 nostrarum

352 925 483 956 precum
506 915 728 955 primariarum
755 913 975 945 reverenciam
1006 913 1038 943 in
1059 915 1201 943 vestrum
1232 914 1265 942 et
1291 911 1479 943 monasterii
1501 912 1600 943 vestri
1627 912 1790 954 recipiatis
1811 912 2004 944 monachum

353 969 386 997 et
408 966 601 997 confratrem
624 976 661 997 ac
684 966 789 1006 ipsum
812 964 984 996 caritativis
1006 964 1039 995 in
1061 963 1200 995 Domino
1224 962 1393 994 affectibus
1415 963 1630 1005 pertractetis.

801 1077 887 1112 698.
928 1076 1098 1111 Formula
1125 1076 1318 1112 litterarum
1345 1076 1564 1112 iteratarum.

463 1151 617 1184 Servatur
644 1151 756 1182 ibidem
791 1160 861 1181 cum
887 1149 996 1181 rubro:
1031 1149 1276 1180 Ammonitorie.
1305 1167 1347 1172 —
1375 1148 1439 1181 Ed.
1471 1148 1491 1181 l.
1516 1159 1541 1181 c.
1567 1149 1657 1188 XIV,
1679 1151 1744 1182 433
1771 1160 1819 1182 nr.
1840 1153 1870 1183 3.
1926 1151 2006 1183 Item

351 1203 528 1242 repetimus.

460 1274 681 1315 Lud(owicus)
706 1277 765 1305 etc.

458 1327 550 1358 Licet
572 1327 636 1357 iam
659 1325 785 1367 pridem
801 1325 892 1356 vobis
914 1335 1029 1366 preces
1051 1328 1176 1357 nostras
1199 1325 1367 1366 primarias
1390 1325 1612 1367 direxerimus,
1634 1330 1670 1358 ut
1692 1326 1791 1358 talem
1813 1326 1846 1357 in
1866 1329 2007 1358 vestrum

351 1388 388 1409 ac
416 1378 550 1409 ecclesie
579 1380 685 1408 vestre
715 1377 902 1418 reciperetis
932 1377 1120 1408 canonicum
1154 1379 1187 1407 et
1222 1376 1431 1417 confratrem,
1465 1387 1522 1408 vos
1549 1380 1674 1418 tamen,
1707 1381 1744 1409 ut
1777 1377 2007 1419 intelleximus,

350 1429 490 1460 nondum
518 1429 560 1460 ad
583 1428 733 1460 effectum
756 1428 901 1460 debitum
924 1427 1128 1469 perduxistis.
1187 1427 1393 1469 Quapropter
1415 1428 1506 1460 vobis
1529 1429 1723 1471 iniungimus
1747 1433 1780 1461 et
1802 1429 2004 1471 mandamus,

352 1481 499 1522 quatinus
522 1480 563 1511 de
586 1481 778 1512 necessitate
801 1480 951 1511 virtutem
975 1479 1147 1512 facientes¹
1162 1482 1325 1520 pretactas
1348 1489 1462 1520 preces
1484 1483 1620 1519 nostras,
1644 1491 1707 1522 que
1730 1481 1807 1512 iuris
1831 1484 1865 1513 et
1886 1492 2004 1524 appro-

351 1531 425 1571 bate
454 1531 700 1563 conswetudinis
730 1531 859 1562 tramite
893 1530 1082 1570 fulciuntur,
1120 1530 1226 1562 adhuc
1255 1540 1327 1561 cum
1357 1530 1476 1563 effectu
1506 1531 1662 1564 exaudire
1685 1532 1806 1573 velitis,
1834 1533 1879 1564 sic
1906 1533 1938 1565 in
1966 1542 2006 1565 eo

352 1594 427 1614 casu
448 1583 625 1615 liberaliter
647 1583 759 1623 acturi,
783 1592 823 1613 ne
841 1582 987 1623 quamvis
1001 1582 1092 1613 inviti
1109 1591 1263 1623 cogamur
1278 1584 1389 1613 contra
1403 1593 1460 1614 vos
1477 1583 1623 1614 stimulos
1639 1583 1764 1625 erigere
1782 1583 2006 1625 compulsivos.

767 1694 853 1730 699.
895 1694 1063 1730 Formula
1091 1694 1285 1729 litterarum
1311 1694 1592 1731 executor-iarum.

459 1769 612 1802 Servatur
626 1769 740 1800 ibidem
755 1778 825 1800 cum
840 1768 954 1800 rubro:
969 1767 1174 1800 Executorie.
1193 1786 1233 1791 —
1251 1767 1310 1799 Ed.
1327 1767 1346 1799 l.
1363 1778 1388 1799 c.
1404 1767 1462 1799 XI
1468 1767 1503 1807 V,
1518 1768 1583 1799 434
1597 1779 1646 1801 nr.
1663 1771 1694 1801 4.
1728 1769 1810 1801 Item
1825 1770 2004 1809 repetimus.

460 1854 680 1896 Lud(0wicus)
704 1857 763 1886 etc.
851 1854 1092 1886 honorabilibus
1116 1879 1122 1885 .
1141 1879 1147 1886 .
1171 1854 1268 1885 virise
1290 1854 1353 1886 vel
1382 1854 1540 1896 religiosis
1570 1855 1716 1896 personis
1743 1858 1809 1887 aut
1830 1856 2007 1888 venerabili

354 1907 505 1948 episcopo
531 1930 537 1936 .
556 1929 562 1936 .
587 1909 659 1944 etc.,
683 1905 833 1946 devo(tis)
859 1930 865 1937 .
884 1929 891 1937 .
914 1925 956 1928 —
978 1905 1139 1937 nobilibus
1163 1924 1204 1928 —
1228 1905 1460 1946 spectabilibus
1482 1923 1524 1928 —
1547 1907 1706 1938 strennuis
1728 1926 1770 1929 —
1792 1907 1970 1939 fidelibusb.

461 1957 543 1993 Quia
579 1968 690 1999 preces
723 1959 848 1988 nostras
880 1958 1064 1998 primarias,
1107 1967 1169 1999 que
1204 1957 1280 1989 iuris
1317 1960 1350 1988 et
1383 1957 1562 1999 approbate
1597 1959 1843 1990 conswetudinis
1876 1959 2007 1991 tramite

353 2009 540 2049 fulciuntur,
564 2033 571 2040 .
591 2033 597 2040 .
621 2008 861 2040 honorabilibus
883 2009 958 2040 viris
981 2009 1158 2050 preposito,
1183 2008 1306 2040 decano
1329 2012 1362 2040 et
1385 2009 1526 2050 capitulo
1549 2010 1622 2041 talis
1645 2010 1780 2042 ecclesie
1805 2014 1838 2042 et
1860 2010 2007 2052 dyocesis

352 2072 410 2102 pro
433 2061 568 2091 honesto
593 2060 659 2091 viro
683 2060 747 2091 vel
770 2060 939 2101 religioso⁰
962 2061 1019 2092 tali
1042 2060 1158 2091 clerico
1186 2063 1294 2091 nostro
1322 2059 1456 2101 dilecto,
1484 2063 1520 2092 ut
1547 2061 1652 2102 ipsum
1679 2062 1711 2092 in
1735 2073 1826 2093 suum
1850 2063 2008 2105 recipiant

354 2113 542 2143 canonicum
569 2114 602 2143 et
629 2112 836 2151 confratrem,
868 2111 1017 2143 duximus
1044 2111 1271 2153 porrigendas,
1302 2122 1392 2153 quas,
1422 2122 1485 2153 qua
1515 2113 1594 2143 moti
1623 2113 1807 2145 temeritate
1836 2115 2005 2157 nescimus,

354 2163 524 2194 admittere
552 2173 615 2193 non
645 2165 848 2204 curaverunt,
880 2173 937 2194 nos
964 2173 1040 2194 vero
1069 2163 1117 2194 ius
1146 2166 1289 2194 nostrum
1316 2166 1349 2194 et
1376 2163 1503 2205 imperii
1531 2164 1679 2196 nolentes
1700 2165 1867 2206 negligere
1889 2166 1922 2197 in
1943 2165 2006 2198 hac

354 2216 445 2254 parte
469 2213 616 2244 fidelitati
645 2216 749 2244 vestre
773 2213 833 2245 vel
860 2215 914 2245 tue
942 2214 1135 2255 iniungimus
1165 2217 1198 2246 et
1224 2213 1428 2255 mandamus,
1463 2216 1612 2256 quatinus
1640 2216 1804 2257 predictos
1831 2217 1915 2248 tales
1943 2217 2006 2249 tuis

354 2264 414 2295 vel
429 2265 544 2295 vestris
560 2264 759 2305 perswasivis
775 2264 1007 2297 monicionibus
1023 2265 1155 2297 inducas
1171 2265 1233 2297 vel
1248 2265 1416 2307 inducatis,
1433 2269 1468 2297 ut
1484 2267 1615 2298 easdem
1630 2277 1743 2308 preces
1758 2271 1884 2300 nostras
1900 2268 2006 2300 adhuc

355 2315 526 2347 admittere
554 2315 704 2347 studeant
732 2326 803 2347 cum
832 2316 965 2357 effectu,
997 2316 1179 2358 predictum
1207 2317 1304 2348 talem
1337 2317 1370 2348 in
1403 2327 1494 2348 suum
1524 2320 1711 2350 canonicum
1749 2323 1782 2351 et
1810 2320 2005 2352 confratrem

356 2366 548 2398 assumendo
572 2366 695 2408 sibique
719 2367 759 2398 de
783 2367 961 2409 prebenda,
990 2369 1015 2398 si
1046 2378 1110 2410 qua
1137 2367 1179 2399 ad
1208 2377 1340 2410 presens
1369 2369 1402 2399 in
1429 2369 1515 2400 dicta
1545 2379 1654 2401 eorum
1678 2374 1771 2402 vacat
1793 2371 1931 2403 ecclesia
1952 2372 2007 2403 vel

356 2428 451 2459 quam
474 2418 613 2459 primum
635 2428 751 2449 vacare
775 2420 906 2460 ceperit,
930 2418 1014 2451 adeo
1037 2419 1215 2451 liberaliter
1230 2421 1388 2460 provisuri
1411 2445 1417 2452 .
1436 2445 1442 2452 .
1462 2445 1468 2452 .
1487 2445 1493 2452 .
1539 2419 1582 2452 Et
1604 2422 1630 2452 si
1653 2421 1736 2453 forte
1759 2423 1792 2453 in
1814 2423 2006 2465 recepcione

355 2479 413 2500 seu
439 2469 620 2510 provisione
647 2469 829 2501 huiusmodi
856 2470 995 2502 rebelles
1024 2470 1157 2511 fuerint,
1189 2472 1277 2512 ipsos
1303 2471 1345 2502 ad
1372 2472 1433 2503 hoc
1460 2475 1569 2504 nostro
1597 2474 1725 2505 nomine
1754 2473 1859 2505 modis
1887 2477 1920 2505 et
1946 2474 2007 2506 viis

357 2520 470 2563 quibus
492 2521 613 2561 poteris
636 2531 747 2551 arceas
777 2525 809 2552 et
832 2522 1006 2563 compellas
1028 2522 1095 2553 vel
1118 2523 1204 2564 ipsos
1228 2522 1269 2554 ad
1291 2523 1353 2554 hoc
1380 2523 1483 2555 modis
1511 2527 1544 2555 et
1569 2524 1628 2555 viis
1651 2526 1803 2567 arceatis,
1828 2525 2008 2567 etiam-per

357 2571 605 2602 subtractionem
628 2570 783 2603 bonorum
807 2583 935 2604 suorum
959 2583 996 2604 ac
1018 2576 1127 2604 nostro
1150 2574 1278 2605 nomine
1302 2574 1513 2615 compellatis.

463 2622 582 2654 Datum
608 2625 667 2655 etc.

458 2723 523 2751 699.
551 2725 575 2759 ⁸)
593 2734 674 2758 cupra
692 2726 786 2751 lineam
804 2727 847 2752 ad.
945 2727 969 2759 b)
988 2728 1160 2754 nobilibus—
1171 2728 1290 2754 fidelibus
1309 2737 1391 2761 supra
1410 2729 1504 2755 lineam
1523 2738 1542 2755 c.
1641 2730 1664 2762 ο)
1684 2731 1726 2757 vel
1745 2731 1870 2764 religioso
1889 2730 1917 2756 in
1935 2739 2007 2756 mar-

354 2769 414 2800 gine
432 2769 493 2794 add,
513 2778 534 2794 c.

461 2827 486 2860 1)
507 2826 549 2859 Cf.
568 2835 600 2854 ea
617 2835 684 2861 quae
701 2830 778 2855 notat
796 2828 908 2855 Leo-ison
927 2829 1022 2857 ‘Neues
1040 2830 1152 2857 Archiv'
1173 2830 1310 2864 XXXII,
1329 2835 1382 2858 445
1400 2834 1455 2858 not.
1469 2836 1491 2858 1.

2022 802 2049 839 11⁴>

2024 1166 2050 1186 u

2024 2329 2052 2350 85
