2190 3172
228 1750 281 1776 Apr.
291 1752 323 1772 16.

235 2600 286 2627 Αρπ.
295 2602 326 2622 23.

334 272 396 302 394
568 268 664 295 ACTA
682 267 795 295 REGNI
814 266 997 294 LUDEWICI
1017 267 1062 294 lv.
1080 266 1126 293 ET
1145 265 1330 292 FRIDERICI
1348 265 1398 292 111.
1434 265 1509 293 1318.
1545 265 1594 292 Nr.
1606 265 1665 292 482.
1684 265 1742 293 483.

490 428 587 472 482.
616 427 713 472 483.
756 424 1039 471 SCRIPTA
1067 424 1159 469 AD
1194 423 1450 469 DEBITA
1481 423 1831 471 FRIDERICI

949 486 1368 534 SPECTANTIA.

948 570 1055 606 1318.
1094 569 1200 605 Mart.
1217 568 1307 604 8.—
1320 568 1376 604 15.

532 693 619 729 482.
659 693 816 728 Potestas
843 691 885 726 ab
913 690 1170 736 archiepiscopo
1198 689 1392 725 Coloniensi
1418 690 1510 724 data.
1615 689 1726 726 Mart.
1745 692 1782 726 8.

444 767 603 808 Omtqz‘nale
635 766 724 798 valde
757 775 918 798 corrosum
951 765 988 796 in
1021 763 1180 795 tabulario
1213 773 1357 795 caesareo
1395 763 1633 796 Vindobonensi.
1698 765 1798 797 Iussu
1826 765 1985 805 praefecti

329 820 522 859 descriptum
542 822 595 851 est.
634 817 779 858 Siyillum
795 817 886 855 deest,
909 816 992 857 quod
1006 815 1071 848 Zoro
1091 826 1129 847 ex
1146 816 1216 855 ipsa
1230 815 1412 847 membrana
1427 818 1546 847 exsecto
1556 815 1722 855 pendebat.
1744 835 1787 840 —-
1809 817 1982 849 Ineditum.

441 879 517 920 Req.
533 878 740 919 Lichnowsky
762 877 884 909 ‘Gesoh.
901 877 955 908 des
978 876 1106 908 Hauses
1129 875 1311 916 Habsburq’
1335 875 1405 914 III,
1433 875 1582 908 CCCLX
1588 875 1680 908 VIII
1697 887 1747 909 nr.
1764 877 1837 909 445.

440 970 507 1002 Nos
529 970 701 1002 Heinricus
722 968 785 1000 Dei
807 968 912 1009 gratia
934 971 1043 999 sancte
1068 966 1268 998 Coloniensis
1295 966 1432 998 ecclesie
1456 966 1716 1009 archiepiscopus
1748 967 1830 999 sacri
1857 967 1985 1009 imperii

332 1033 392 1065 per
419 1022 548 1053 Italiam
582 1020 882 1052 archicancellarius
912 1019 1067 1051 universis
1096 1021 1263 1061 presentes
1296 1018 1420 1050 litteras
1448 1019 1562 1050 visuris
1597 1021 1630 1050 et
1663 1018 1820 1050 audituris
1853 1017 1985 1062 [not]um

334 1075 484 1114 facimus,
513 1073 599 1114 quod
629 1072 781 1113 religioso
805 1072 873 1103 viro
903 1071 993 1102 fratri
1015 1070 1203 1102 Everhardo
1228 1070 1268 1101 de
1284 1069 1468 1111 Virneburg
1490 1080 1643 1112 germano
1672 1074 1780 1102 nostro
1809 1069 1985 1113 com[men-

333 1124 451 1169 da]tori
479 1124 621 1166 generali
652 1127 736 1155 terre
753 1123 924 1154 Westfalie
955 1122 1074 1154 ordinis
1096 1118 1276 1163 Hospitalis
1303 1121 1399 1153 beate
1423 1121 1525 1153 Marie
1548 1121 1842 1163 Ierusolym(itan)e
1872 1122 1986 1154 damus

335 1175 552 1219 potest[atem]
578 1179 611 1207 et
633 1175 820 1207 mandatum
843 1175 984 1216 speciale
1008 1175 1136 1206 nomine
1160 1177 1269 1205 nostro
1286 1173 1445 1205 tractandi
1468 1183 1540 1205 cum
1563 1173 1678 1205 illustri
1694 1174 1839 1216 principe
1855 1174 1985 1206 domino

334 1228 483 1270 Lupoldo
507 1228 588 1259 duce
611 1227 741 1258 Austrie
771 1230 804 1258 et
828 1226 933 1268 Styrie
962 1237 1085 1258 necnon
1113 1236 1184 1257 cum
1208 1225 1279 1257 aliis
1301 1225 1542 1257 fideiussoribus
1564 1226 1681 1257 nostris
1704 1236 1800 1266 super
1822 1225 1986 1258 solucione

334 1280 526 1320 debitorum,
551 1290 608 1321 pro
625 1279 739 1320 quibus
762 1278 849 1320 apud
871 1289 929 1309 nos
952 1288 1010 1320 pro
1034 1278 1237 1309 serenissimo
1255 1277 1384 1309 domino
1407 1280 1516 1309 nostro
1537 1277 1667 1309 domiuo
1683 1277 1848 1309 Friderico
1863 1277 1985 1309 Roma-

334 1342 448 1363 norum
477 1332 546 1372 regi
577 1341 610 1362 se
643 1330 839 1371 obligarunt,
869 1330 1000 1361 eosdem
1023 1329 1227 1361 fideiussores
1250 1340 1307 1371 pro
1331 1329 1455 1361 eisdem
1479 1329 1597 1360 debitis
1625 1329 1777 1360 monendi
1809 1332 1842 1361 et
1871 1329 1987 1361 eadem

336 1383 446 1415 debita
468 1382 642 1424 recipiendi
666 1383 697 1413 in
718 1385 810 1423 parte
827 1382 878 1413 vel
901 1383 932 1412 in
955 1385 1023 1413 toto
1048 1385 1082 1413 et
1105 1382 1151 1413 eis
1174 1382 1314 1423 receptis
1330 1381 1525 1424 quitauciam
1549 1384 1582 1412 et
1598 1381 1832 1413 refutacionem
1848 1380 1988 1413 faciendi

335 1438 369 1467 et
391 1435 431 1466 de
461 1434 596 1466 residuis
621 1433 737 1465 debitis
759 1433 943 1464 induciandi
967 1433 1116 1473 eosdem,
1147 1433 1323 1465 secundum
1347 1433 1434 1476 quod
1464 1433 1526 1465 hoc
1556 1432 1617 1464 sibi
1640 1443 1698 1474 pro
1722 1435 1824 1464 status
1845 1433 1988 1475 presenti

335 1487 505 1528 exigencia
528 1485 689 1517 videbitur
716 1485 883 1527 expedire.
928 1485 1000 1516 Hoc
1032 1484 1182 1527 [tan]tum
1212 1487 1349 1526 excepto
1374 1484 1460 1526 quod
1484 1488 1642 1526 quatenus
1669 1483 1744 1527 [iam
1774 1484 1924 1526 tractata]
1956 1488 1990 1517 et

337 1538 502 1570 tractanda
525 1538 566 1569 de
589 1537 753 1579 premissis
776 1547 834 1578 per
857 1537 994 1568 eundem
1019 1536 1110 1567 nobis
1133 1535 1211 1579 no[n
1234 1535 1319 1578 sunt]
1344 1535 1536 1577 adimpleta,
1567 1536 1652 1577 quod
1675 1547 1735 1577 per
1757 1535 1808 1579 [ea
1830 1535 1934 1579 no]bis
1956 1537 1988 1568 in

336 1590 495 1632 prioribus
518 1589 772 1630 obligacionibus
795 1599 854 1630 per
877 1588 1001 1620 litteras
1018 1588 1204 1630 principalis
1220 1587 1345 1630 d[ebiti]
1369 1588 1506 1629 predicti
1529 1587 1571 1619 ab
1594 1588 1710 1619 eodem
1727 1587 1856 1619 domino
1879 1590 1988 1620 nostro

337 1640 519 1684 [concessi]s
534 1641 682 1672 nolumus
701 1641 733 1671 in
749 1640 856 1682 aliquo
874 1640 1032 1682 derogari.
1067 1640 1187 1671 Ratum
1204 1643 1237 1671 et
1252 1638 1403 1682 gr[atum]
1418 1639 1585 1680 habentes,
1609 1639 1760 1681 quicquid
1776 1650 1835 1681 per
1850 1639 1990 1672 eundem

339 1717 520 1725 ........
545 1691 587 1735 [in
607 1691 679 1735 hiis]
702 1695 809 1723 actum
833 1692 930 1723 fuerit
951 1692 1021 1723 vice
1044 1694 1153 1723 nostra
1176 1691 1351 1723 secundum
1374 1691 1607 1722 confluencium
1631 1691 1870 1732 premissorum.
1908 1691 1988 1723 Pre-

339 1744 481 1777 sentibus
504 1755 579 1776 vero
603 1754 703 1785 usque
727 1743 768 1774 ad
793 1741 937 1786 [instaan
960 1743 1077 1775 festum
1099 1743 1287 1775 Palmarum
1310 1742 1533 1774 tantummodo
1555 1741 1733 1786 valitu[ris].

445 1804 566 1836 Datum
594 1803 821 1846 Gudensberg,
856 1804 926 1845 ipsa
955 1802 1034 1846 d[ie]
1065 1803 1240 1845 Oynerum,
1275 1813 1358 1834 anno
1390 1803 1520 1834 Domini
1552 1803 1722 1834 millesimo
1752 1802 1832 1835 OOC
1862 1803 1988 1835 decimo

338 1860 461 1888 octavo.
1963 1855 1968 1861 “

537 1966 623 2002 483.
668 1966 819 2010 Quitatio
842 1966 1085 2011 procuratoris
1112 1965 1190 2001 dum·
1214 1966 1380 2001 Austriae
1407 1967 1500 2001 data.
1606 1964 1717 2000 Mart.
1737 1966 1793 2000 15.

471 2039 632 2080 Oriyinale
663 2039 739 2082 (or.)
773 2041 809 2071 in
839 2040 998 2072 tabulario
1025 2039 1165 2080 yenerali
1194 2040 1282 2079 requi
1313 2038 1481 2071 Bawarici
1515 2039 1615 2071 ‘Tirol
1643 2039 1754 2081 fiirstl.
1777 2039 1898 2071 Archiv
1928 2050 1990 2071 aus

339 2092 528 2123 Imisbruek’
551 2091 636 2132 fasc.
653 2093 682 2125 5.
727 2091 872 2132 Sigillum
900 2092 996 2129 deest,
1025 2091 1089 2123 loro
1116 2091 1347 2123 membranaceo
1373 2090 1489 2123 relicto.
1519 2110 1560 2114 —
1594 2091 1664 2122 Iam
1691 2091 1848 2122 edidimus
1876 2091 1990 2123 ‘Neues

339 2144 473 2175 Archiv’
496 2143 634 2181 XXIII,
657 2143 721 2174 323
742 2153 792 2174 nr.
809 2143 850 2173 45
874 2153 913 2174 ex
935 2153 980 2174 or.

449 2230 492 2269 (1)
517 2229 588 2260 Wir
611 2228 730 2260 brfider
745 2228 906 2260 Eberhart
925 2239 986 2260 von
998 2228 1181 2270 Virneburg
1197 2228 1256 2260 dez
1280 2228 1396 2260 ordens
1412 2239 1486 2260 vom
1502 2229 1664 2260 Tutschen
1680 2230 1740 2260 hus
1756 2229 1991 2261 lantcomentur

340 2291 376 2312 ze
394 2280 555 2312 Westfaln
577 2280 731 2320 verjehen
753 2280 818 2311 und
842 2279 897 2311 tfin
914 2281 994 2311 kunt
1016 2280 1101 2311 allen
1117 2280 1180 2311 den
1203 2280 1255 2312 die
1272 2280 1363 2312 disen
1379 2280 1465 2312 brief
1485 2281 1642 2312 ansehent
1666 2280 1745 2312 oder
1759 2281 1875 2313 herent
1890 2281 1990 2323 lesen,

342 2332 400 2363 daz
416 2333 473 2364 wir
489 2343 551 2363 von
567 2332 640 2363 dem
656 2332 785 2373 gewalt,
809 2332 856 2363 als
878 2343 937 2363 uns
960 2331 1018 2363 der
1040 2332 1259 2374 hochwirdige
1282 2332 1376 2364 herre
1401 2332 1458 2364 der
1481 2332 1677 2364 ertzbischof
1690 2343 1751 2364 von
1766 2333 1872 2364 Kolne
1894 2343 1991 2365 unser

341 2383 462 2415 briider
487 2384 546 2415 mit
575 2384 665 2414 sinen
694 2383 777 2415 offen
805 2383 938 2415 brieven
961 2383 1109 2425 gegeben
1136 2384 1191 2415 hat
1202 2385 1222 2424 ¹,
1251 2383 1325 2415 dem
1353 2384 1560 2426 hochgeborn
1583 2384 1705 2416 fflrsten
1728 2385 1847 2426 herzog
1869 2384 1991 2426 Lupolt

342 2446 403 2466 von
427 2424 575 2467 bsterich
604 2435 669 2466 und
693 2435 755 2466 den
783 2435 905 2467 andern
928 2435 1052 2477 burgen
1082 2435 1149 2466 und
1172 2435 1289 2477 giseln,
1319 2435 1371 2467 die
1394 2436 1453 2467 mit
1474 2439 1581 2478 sampt
1606 2437 1650 2467 im
1674 2436 1747 2468 dem
1771 2439 1991 2478 vorgenanten

341 2497 470 2518 unserm
493 2487 609 2519 herren
632 2486 706 2518 dem
731 2487 926 2519 ertzbisohof
938 2498 999 2519 von
1014 2487 1120 2519 Kolne
1136 2487 1309 2529 gebunden
1332 2489 1395 2519 sint
1416 2499 1452 2520 ze
1469 2488 1593 2528 leisten‚
1617 2492 1673 2530 tag
1694 2487 1760 2519 und
1782 2488 1822 2519 zil
1840 2487 1990 2530 gegeben

342 2538 449 2570 haben
471 2538 547 2569 umb
571 2538 629 2569 daz
652 2538 766 2580 fiberig
788 2538 859 2580 gfit‚
894 2539 1028 2570 darumb
1061 2550 1095 2571 er
1122 2539 1187 2570 und
1211 2539 1263 2571 die
1286 2539 1409 2581 bargen
1435 2540 1518 2571 noch
1541 2540 1713 2582 gebunden
1736 2541 1798 2572 sint
1821 2539 1894 2572 dem
1917 2551 1990 2572 vor-

343 2593 503 2632 genanten
528 2590 723 2622 ertzbischof
742 2601 802 2622 von
818 2590 934 2631 Kblne,
958 2591 1129 2623 zwischent
1151 2602 1193 2622 nu
1215 2592 1280 2623 und
1298 2591 1414 2623 Ostern
1436 2592 1502 2623 und
1524 2603 1587 2623 von
1611 2592 1738 2624 dannen
1761 2591 1853 2623 siben
1875 2595 1990 2634 gantze

340 2642 405 2683 jar,
436 2641 512 2673 umb
536 2642 594 2673 daz
619 2641 677 2673 daz
707 2652 743 2673 er
765 2652 804 2673 an
829 2642 887 2674 der
909 2642 1056 2684 schulde‚
1088 2642 1147 2674 dar
1169 2643 1245 2674 umb
1269 2653 1304 2675 er
1326 2643 1392 2674 und
1416 2643 1468 2675 die
1492 2643 1614 2686 bfirgen
1637 2654 1766 2675 unserm
1789 2643 1906 2675 herren
1928 2653 1991 2675 von

344 2693 450 2724 Kdlne
473 2693 644 2734 gebunden
667 2704 788 2735 waren,
818 2694 977 2736 gerichtet
999 2695 1056 2726 hat
1084 2705 1120 2726 ze
1144 2694 1316 2737 Strasburg
1338 2695 1506 2727 drnitusent
1527 2695 1637 2727 march
1660 2695 1788 2737 silbers,
1819 2694 1872 2727 die
1894 2705 1991 2727 unser

2014 775 2026 795 ὅ

2007 1082 2032 1100 10

2008 1339 2030 1359 15

2006 1863 2031 1882 25

2009 2499 2034 2519 ³5

345 2744 438 2776 herre
463 2744 504 2775 da
526 2744 672 2787 schuldig
694 2756 768 2777 was.
869 2745 915 2788 (2)
931 2746 1031 2777 Were
1055 2746 1138 2778 ouch
1161 2747 1220 2778 daz
1242 2747 1291 2778 inr
1313 2747 1378 2778 und
1401 2747 1463 2779 den
1487 2747 1575 2779 siben
1595 2748 1689 2788 jaren
1713 2746 1771 2779 der
1793 2745 1991 2788 hochwirdig
2008 2758 2035 2778 4⁰

343 2795 437 2827 herre
454 2795 554 2838 kfinig
569 2796 740 2838 Fridr(ich)
764 2809 824 2830 von
840 2797 944 2829 Rome
969 2798 1032 2829 sins
1056 2798 1240 2840 kunigrichs
1262 2798 1416 2840 gewaltig
1431 2798 1541 2831 wurde
1564 2798 1629 2830 und
1653 2798 1711 2830 daz
1735 2808 1771 2830 er
1793 2798 1851 2830 dez
1874 2797 1989 2830 wider-

448 2890 473 2922 1)
495 2889 586 2923 Supra
604 2898 646 2918 nr.
659 2894 716 2918 482.
