2124 3132
311 178 354 208 46
728 174 945 202 TRACTATUS
965 174 1012 201 DE
1029 172 1242 201 ELECTIONE.
1278 173 1355 199 1314.
1391 172 1439 200 Nr.
1451 174 1492 200 49.
1512 172 1554 199 50.

594 325 647 360 49.
682 322 961 361 PROMISSIO
985 321 1218 359 RUDOLF'I
1240 321 1398 359 DUCIS
1421 321 1687 358 SAXONIAE

814 377 918 415 PRO
942 375 1173 415 DUCIBUS
1196 377 1472 414 AUSTRIAE.

993 445 1101 481 1314.
1144 445 1212 481 lul.
1234 444 1295 481 29.

425 545 587 586 Oriyinale
607 547 678 586 (or.)
703 546 739 577 in
754 544 912 577 tabulario
928 555 1073 576 caesareo
1092 544 1334 576 vindobonensi.
1377 544 1577 576 Contulimus
1591 554 1656 577 nos.
1696 544 1816 576 Pendet
1830 544 1970 586 siyillum

316 598 438 630 laesum
461 597 526 629 loro
548 597 791 629 membranaceo.
2001 607 2016 626 s

426 657 569 694 Biihmer,
593 656 667 696 Rey.
692 655 805 688 Ludw.
823 666 857 697 p.
873 658 939 687 237
962 655 1194 687 Reichssachen
1216 666 1265 687 nr.
1283 655 1336 687 20.

420 751 586 783 Universis
616 754 784 792 presentes
814 750 938 782 litteras
965 751 1156 792 inspecturis
1187 761 1246 782 nos
1273 749 1465 791 Rudolphus
1492 749 1555 782 Dei
1587 750 1691 792 gratia
1725 750 1791 782 dux
1819 751 1971 792 Saxonie,

311 803 488 845 Angharie,
507 802 717 843 West(falie)‚
741 813 850 834 comes
873 803 905 833 in
921 802 1008 834 Bren
1031 813 1069 834 ac
1088 802 1318 843 borchgravius
1333 802 1366 833 in
1381 801 1586 844 Magdeburg
1602 805 1712 834 notum
1727 802 1798 834 fieri
1813 802 1970 845 volumus,

313 854 399 896 quod
423 857 627 886 sacrosancto
650 853 799 885 Romano
822 854 968 895 imperio*
983 864 1043 896 per
1065 854 1261 886 serenissimi
1285 853 1406 885 domini
1427 854 1527 885 nostri
1552 853 1672 885 domini
1694 853 1827 886 Hem-ici
1848 853 1971 886 Roma-

311 916 425 937 norum
448 906 652 947 imperatoris
676 905 798 936 obitum
822 905 924 936 debiti
947 905 1172 947 gubernatoris
1195 905 1378 947 provisione
1402 915 1440 936 ac
1463 904 1583 936 solacio
1607 905 1772 944 destituto,
1796 906 1885 937 cuius
1906 916 1972 938 non
1990 915 2017 934 ιο

312 957 475 989 modicum
504 960 552 988 est
580 956 758 998 dampnosa
781 958 927 997 vacacio,
958 968 1016 988 nos
1045 967 1110 988 una
1137 967 1209 988 cum
1237 957 1353 988 ceteris
1380 956 1576 998 principibus
1599 957 1714 988 nostris
1737 957 1972 989 coelectoribus

312 1009 449 1050 imperii,
473 1008 560 1049 apud
584 1019 664 1050 quos
687 1009 735 1040 ius
760 1008 901 1050 eligendi
918 1009 969 1040 vel
993 1009 1085 1051 quasi
1108 1008 1250 1040 residere
1274 1008 1459 1048 dinoscitur,
1483 1008 1653 1040 salubriter
1675 1011 1807 1040 auctore
1830 1008 1971 1041 Domino

311 1059 482 1102 providere
506 1060 652 1092 volentes
679 1063 808 1101 sponte,
838 1060 1017 1092 liberaliter
1045 1063 1078 1091 et
1106 1070 1147 1091 ex
1175 1063 1263 1091 certa
1293 1060 1432 1091 sciencia
1464 1060 1669 1101 promisimus
1697 1063 1730 1091 et
1755 1061 1972 1102 promittimus

311 1111 544 1142 invariabiliter
566 1122 626 1153 per
647 1112 931 1153 interposicionem
954 1115 1062 1143 nostre
1087 1112 1262 1153 corporalis
1285 1111 1363 1143 fidei
1385 1122 1444 1154 per
1466 1115 1644 1153 presentes,
1667 1111 1754 1154 quod
1771 1122 1831 1144 nos
1845 1113 1971 1154 magni-

311 1164 406 1194 ficum
431 1166 464 1194 et
487 1163 701 1194 excellentem
719 1163 898 1205 principem
915 1163 1078 1195 dominum
1095 1163 1295 1195 Fridericum
1313 1163 1428 1196 ducem
1445 1164 1574 1195 Austrie
1591 1166 1624 1195 et
1639 1163 1756 1205 Styrie,
1779 1165 1972 1196 avunculum
1992 1173 2019 1192 ιι

313 1217 456 1246 nostrum
480 1214 694 1256 karissimum,
720 1219 883 1256 tamquam
902 1215 1018 1246 ceteris
1032 1215 1172 1246 Romani
1188 1216 1280 1256 regni
1294 1215 1493 1257 principibus
1509 1215 1686 1257 digniorem
1703 1215 1736 1246 in
1751 1214 1972 1248 Romanorum

312 1276 424 1308 regem
449 1267 481 1297 in
504 1267 734 1308 imperatorem
754 1266 1010 1308 promovendum
1027 1267 1232 1308 postmodum
1250 1266 1417 1308 eligemus.
1449 1266 1681 1298 Firmissimam
1697 1277 1788 1309 spem
1804 1267 1972 1310 habentes,

313 1317 400 1359 quod
427 1318 497 1359 ipse
525 1321 706 1349 memorato
729 1318 865 1359 imperio
890 1329 1021 1359 preesse
1046 1318 1166 1350 debeat
1187 1318 1310 1350 utiliter
1333 1321 1366 1350 et
1388 1318 1559 1360 prodesse,
1588 1318 1674 1350 bona
1698 1322 1731 1350 et
1752 1320 1822 1351 iura
1844 1319 1973 1362 imperii

313 1369 535 1410 recuperando
563 1379 600 1400 ac
627 1369 863 1410 rempublicam
893 1369 1033 1401 feliciter
1060 1370 1167 1401 divina
1195 1370 1255 1402 sibi
1284 1373 1481 1411 cooperante
1504 1370 1609 1412 gratia
1632 1369 1852 1412 gubernando.
1898 1370 1972 1403 Hoc

312 1424 422 1452 tamen
445 1420 590 1452 adhibito
614 1420 817 1462 presentibus
841 1425 874 1452 et
897 1431 1061 1463 expresso,
1086 1421 1172 1463 quod
1195 1422 1222 1453 si
1245 1421 1348 1453 dictus
1364 1421 1511 1453 dominus
1526 1421 1719 1463 Fridericus,
1743 1425 1917 1464 antequam
1938 1422 1971 1454 in
1989 1430 2020 1450 w

311 1472 532 1503 Romanorum
556 1482 668 1513 regem
693 1472 841 1514 eligatur,
866 1472 953 1514 quod
975 1472 1061 1504 absit
1084 1472 1260 1505 decederet
1282 1473 1334 1504 vel
1357 1473 1436 1505 alias
1460 1483 1503 1504 ex
1524 1473 1744 1515 inpedimento
1769 1484 1971 1516 quocumque

313 1533 370 1554 seu
397 1533 473 1554 casu
507 1533 571 1554 non
601 1526 711 1565 posset
740 1524 816 1565 eligi
851 1527 908 1555 aut
935 1535 999 1555 non
1027 1524 1140 1564 vellet,
1171 1524 1268 1556 modo
1307 1535 1371 1566 quo
1400 1535 1496 1566 supra
1525 1528 1638 1557 tenore
1664 1526 1867 1567 presencium
1896 1536 1972 1568 pro-

313 1575 483 1615 mittimus,
512 1574 598 1616 quod
620 1574 776 1606 illustrem
801 1575 979 1617 principem
1003 1575 1167 1607 dominum
1190 1575 1398 1618 Luppoldum
1421 1576 1537 1608 ducem
1560 1578 1690 1608 Austrie
1713 1577 1845 1609 fratrem
1869 1588 1972 1620 suum,

313 1630 455 1658 nostrum
474 1626 685 1662 avunculum⁸
702 1626 865 1667 dilectum,
890 1637 930 1659 eo
953 1627 1051 1659 modo
1074 1628 1107 1659 in
1122 1627 1343 1660 Romanorum
1365 1638 1478 1670 regem
1501 1628 1678 1660 debeamus
1702 1629 1834 1671 eligere,
1858 1629 1972 1661 fraude

314 1682 348 1709 et
377 1677 451 1709 dolo
476 1678 604 1719 penitus
632 1678 895 1720 circumscriptis,
929 1689 992 1720 quo
1015 1679 1113 1710 modo
1141 1679 1367 1721 prenotatumb
1390 1679 1555 1712 dominum
1578 1680 1778 1712 Fridericum
1803 1681 1974 1714 debuimus
1991 1687 2022 1707 ἥ

314 1730 461 1771 elegisse.
551 1729 589 1760 In
620 1740 755 1771 quorum
779 1731 921 1762 omnium
954 1734 987 1763 et
1010 1731 1181 1763 cuiuslibet
1208 1731 1249 1763 de
1276 1732 1443 1773 premissis
1471 1733 1690 1764 testimonium
1718 1732 1851 1764 evidens
1874 1735 1973 1775 atque

314 1781 412 1812 robur
434 1781 575 1812 fatemur
597 1791 655 1812 nos
678 1780 819 1823 sigillum
843 1786 986 1814 nostrum
1011 1783 1213 1824 presentibus
1235 1783 1440 1825 appendisse.

421 1832 495 1864 Dat.
510 1833 661 1873 Wienne,
678 1833 737 1864 sub
754 1843 838 1865 anno
855 1834 986 1866 Domini
1002 1835 1172 1867 millesimo
1190 1836 1416 1867 trecentesimo
1434 1835 1686 1877 quartodecimo,
1703 1839 1818 1878 quarto
1834 1835 1973 1869 Kalend.

311 1885 461 1926 Augusti.

627 2069 680 2104 50.
715 2067 980 2105 EPISTOLA
1003 2069 1281 2106 INGERAMI
1304 2069 1375 2106 DE
1398 2068 1664 2107 MARIGNY
1992 2079 2030 2101 »κ

849 2125 926 2161 AD
950 2124 1191 2161 SIMONEM
1213 2125 1285 2161 DE
1308 2125 1444 2162 PISA.

1000 2194 1109 2230 1314.
1150 2194 1218 2230 Iul.
1241 2193 1300 2230 30.

430 2291 591 2332 Oriyinale
619 2293 691 2332 (or.)
723 2293 992 2325 membranaceum
1023 2293 1061 2325 in
1094 2293 1254 2326 tabulario
1284 2294 1458 2326 Insulensi.
1497 2313 1541 2317 —
1579 2294 1642 2326 Ed.
1670 2293 1983 2335 Limbury-Stirum-

314 2343 433 2382 ,Codex
456 2343 679 2384 diplomaticus
701 2344 888 2376 Flandriae‘
911 2345 961 2384 II,
984 2345 1048 2376 211
1072 2355 1122 2378 nr.
1139 2346 1204 2377 288
1226 2356 1264 2378 ex
1287 2357 1332 2378 or.
1378 2346 1561 2378 Editionem
1583 2347 1761 2386 repetimus.

423 2439 454 2470 A
472 2439 624 2480 religieus
647 2439 776 2470 homme
801 2443 834 2471 et
851 2439 1009 2470 honneste
1027 2439 1111 2471 frere
1129 2439 1248 2481 Symon
1265 2440 1305 2472 de
1321 2440 1398 2472 Pise
1415 2441 1584 2482 chapelain
1601 2441 1767 2483 mons(ire)
1783 2440 1814 2473 le
1831 2440 1975 2473 cardinal
1993 2449 2029 2469 ³³-

315 2490 345 2521 N
349 2490 516 2532 eapoleon.

422 2541 493 2573 Mes
521 2542 624 2573 chiers
652 2543 733 2573 amis
762 2542 847 2574 frere
871 2541 996 2583 Simon,
1022 2543 1080 2583 j'ai
1107 2554 1203 2582 reeue
1227 2554 1284 2574 vos
1311 2543 1424 2575 lettres
1452 2547 1486 2575 et
1507 2554 1571 2575 veu
1598 2554 1635 2575 ce
1662 2554 1725 2586 que
1748 2554 1827 2575 vous
1851 2544 1974 2575 m'avez

315 2593 420 2633 escrit,
445 2603 569 2624 comme
594 2603 647 2624 ces
670 2604 750 2635 gens
774 2593 815 2625 de
831 2593 988 2625 Flandres
1011 2594 1124 2626 nobles
1148 2598 1182 2626 et
1203 2605 1268 2626 non
1290 2595 1404 2627 nobles
1427 2599 1500 2627 sont
1522 2595 1639 2626 atdans
1663 2598 1696 2627 et
1719 2605 1847 2627 esmeus
1870 2598 1904 2626 et
1919 2598 1976 2626 ont

315 2645 488 2686 guernieur
517 2644 604 2676 desir
631 2645 670 2676 de
701 2646 733 2676 la
763 2655 879 2687 guerre
911 2644 988 2687 qu'il
1020 2646 1146 2677 n'orent
1168 2657 1304 2688 ouques,
1336 2650 1369 2678 et
1392 2648 1635 2688 especiaument
1665 2658 1747 2688 pour
1774 2647 1822 2678 les
1852 2647 1975 2679 bonnes

315 2696 495 2736 nouvelles,
525 2697 602 2738 qu'il
634 2700 689 2727 ont
716 2708 754 2738 oy
785 2697 1011 2739 d'Alemaigne
1039 2709 1121 2739 pour
1149 2699 1312 2730 monsieur
1338 2699 1426 2741 Loys
1453 2702 1544 2731 votre
1571 2702 1699 2731 mestre.
1747 2698 1781 2730 Si
1804 2709 1882 2731 vous
1912 2699 1974 2731 saiz
1992 2708 2028 2727 ⁴⁰-

420 2789 467 2816 49.
496 2791 520 2824 ¹)
537 2792 683 2817 awnculum
703 2801 740 2819 or.
829 2791 853 2823 b)
873 2793 900 2817 in
919 2793 974 2818 loco
992 2802 1054 2818 raso
1072 2802 1111 2818 or.
