2190 3172
437 228 533 257 ACTA
552 228 665 257 auem
684 229 866 257 LUDEWICI
885 230 931 258 lv.
950 230 996 258 ΕΤ
1016 229 1199 259 FBIDERICI
1219 230 1267 258 111.
1305 231 1380 259 1317.
1416 231 1464 258 Nr.
1477 231 1536 259 396.
1554 232 1614 260 397.
1633 232 1692 260 ³98.
1826 235 1886 266 337

238 315 271 347 in
288 314 444 356 omnibus,
469 326 531 358 que
552 316 733 349 huiusmodi
750 316 924 349 advocacie
940 318 1080 350 officium
1097 319 1280 360 respiciunt,
1303 329 1419 360 parere
1442 323 1475 351 et
1498 319 1664 352 intendere
1689 319 1830 352 debeant
1854 324 1888 352 et

238 366 453 399 effectualiter
475 367 617 400 obedire.
656 367 689 400 Si
705 369 759 410 qui
782 371 890 400 autem
915 370 1107 401 contrarium
1131 372 1327 411 attemptare
1344 371 1608 412 presumpserint,
1632 370 1885 412 indignationem

236 420 361 461 regiam
385 422 418 451 et
439 429 557 461 penam
573 420 794 461 gravissimam
815 429 850 451 se
873 421 1019 452 noverint
1041 421 1230 452 incursuros.
1268 420 1477 453 Presencium
1500 421 1559 453 sub
1576 425 1683 454 nostre
1698 423 1887 464 magestatis

238 470 344 513 sigillo
367 470 550 503 testimonio
573 471 762 503 litterarum.

207 536 220 555 a
346 521 466 554 Datum
488 522 626 564 Monuni,
649 521 722 554 Kal.
745 522 868 564 Marcii,
891 533 974 555 anno
997 522 1126 556 Domini
1149 523 1377 565 MCCCXVII,
1400 526 1490 568 regni
1515 536 1590 558 vero
1613 536 1697 558 anno
1721 527 1831 557 tercio.

691 655 776 691 397.
817 654 1019 701 Infeudatio
1047 655 1168 701 officii.
1275 656 1386 692 Mart.
1405 659 1437 693 1.

348 728 508 770 Oriyinale
530 728 653 762 ibidem.
692 728 870 770 Descripsit
891 729 1082 762 Bethmarm.
1124 729 1271 771 Sigillum
1286 741 1406 771 parum
1429 731 1548 764 laesum
1565 732 1683 772 pendet
1705 731 1770 765 loro
1791 743 1884 764 mem-

273 790 370 814 amace
399 780 411 800 1

237 781 274 813 br
343 790 490 870 Boo'limer,
513 830 589 872 Req-
606 831 717 864 Ludw.
735 842 771 872 p.
786 832 851 864 351
873 843 923 865 m.
941 833 1026 864 3168
1046 833 1173 874 (Addit.
1189 833 1274 875 III).

192 922 218 941 ιο
345 909 539 942 Ludowicus
567 908 631 941 Dei
658 910 762 952 gratia
790 909 1011 943 Romanorum
1040 920 1098 943 rex
1132 921 1260 953 semper
1290 915 1444 954 augustus
1530 913 1685 946 universis
1717 917 1885 955 presentes

235 961 359 994 litteras
381 961 573 1003 inspecturis
650 962 788 1003 gratiam
812 972 902 994 suam
926 965 960 994 et
982 973 1076 995 omne
1100 962 1228 994 bonum.

342 1012 592 1046 Oonsiderantes
613 1013 802 1045 Heinricum
827 1014 867 1046 de
891 1013 1048 1056 Ospental
1075 1018 1239 1057 tamquam
1271 1015 1356 1048 male
1382 1016 1534 1048 meritum
1563 1019 1596 1048 et
1628 1017 1786 1049 irretitum
1815 1017 1883 1049 lese

235 1065 358 1096 crimini
381 1065 559 1097 maiestatis
582 1068 615 1096 et
637 1065 755 1097 abinde
777 1076 840 1097 non
864 1066 1025 1098 immerito
1048 1076 1107 1108 per
1129 1077 1187 1098 nos
1212 1067 1315 1099 feodis
1339 1070 1372 1099 et
1394 1067 1569 1100 honoribus
1592 1078 1663 1100 esse
1682 1069 1882 1111 privandum,

235 1115 376 1148 officium
399 1116 559 1148 districtus
582 1117 614 1148 in
637 1116 756 1149 Ursere
780 1127 853 1149 cum
876 1118 1031 1150 universis
1053 1118 1118 1150 suis
1141 1119 1357 1160 pertinenciis,
1381 1119 1467 1161 quod
1490 1123 1558 1152 tum
1581 1121 1650 1162 ipse
1674 1124 1742 1152 tum
1766 1121 1883 1163 prede-

192 1179 215 1199 ιο
234 1177 378 1200 cessores
406 1169 453 1199 sui
483 1168 515 1199 in
543 1167 672 1200 feodum
702 1168 743 1200 ab
771 1169 908 1210 imperio
936 1171 1107 1202 tenuerunt
1136 1180 1194 1202 seu
1216 1170 1396 1203 debuerant
1422 1171 1589 1213 habuisse,
1619 1171 1726 1204 eidem
1753 1173 1883 1215 suisque

233 1219 408 1252 heredibus
431 1220 626 1262 sufferimus,
655 1221 754 1252 immo
783 1220 927 1252 ablatum
951 1230 1022 1252 esse
1050 1222 1160 1263 pocius
1182 1222 1383 1264 publicamus
1407 1226 1441 1255 et
1463 1222 1671 1256 Chunradum
1694 1223 1735 1256 de
1758 1223 1883 1261 Mosen,

234 1271 289 1314 qui
318 1271 424 1312 nobis,
460 1272 596 1313 imperio
626 1272 738 1315 reique
767 1272 895 1314 publice
923 1272 1086 1305 fructuosa
1113 1274 1272 1316 impendit
1298 1274 1454 1317 obsequia
1482 1279 1516 1308 et
1542 1275 1731 1318 impendere
1762 1277 1885 1318 poterit

233 1323 364 1355 inantea
389 1323 546 1365 gratiora,
577 1326 741 1366 tamquam
764 1323 895 1356 fidelem
917 1324 1073 1356 vasallum
1100 1325 1227 1368 imperii
1255 1325 1296 1358 de
1318 1326 1464 1368 predicto
1492 1327 1598 1360 officio
1628 1338 1701 1360 cum
1727 1328 1883 1359 universis

233 1375 414 1407 attinenciis
443 1374 654 1407 infeodamus.
699 1375 920 1417 Precipientes
948 1375 1122 1408 districtius
1151 1378 1306 1410 universis
1334 1378 1478 1410 eiusdem
1502 1379 1598 1411 officii
1621 1379 1819 1420 homiuibus,
1846 1382 1883 1412 ut

189 1436 216 1456 νο
233 1426 319 1458 dicto
348 1425 521 1459 Ghfinrado
556 1429 590 1459 et
622 1438 685 1459 non
717 1427 811 1459 alteri
845 1427 999 1459 obediant
1028 1428 1080 1460 vel
1113 1429 1281 1461 intendant
1313 1430 1345 1461 in
1379 1429 1575 1472 quibuslibet
1608 1431 1704 1462 licitis
1738 1434 1771 1462 et
1805 1440 1881 1462 con-

233 1478 349 1510 swetis.
450 1478 487 1510 In
522 1479 611 1510 cuius
644 1479 692 1511 rei
719 1478 919 1511 evidenciam
952 1483 1121 1520 presentes
1155 1479 1216 1512 sibi
1246 1480 1395 1513 dedimus
1428 1482 1607 1514 maiestatis
1642 1485 1751 1514 nostre
1785 1482 1882 1524 sigilli

231 1530 408 1562 munimine
431 1530 608 1562 roboratas.

337 1581 411 1613 Dat.
435 1581 574 1623 Monaci,
597 1582 669 1615 Kal.
693 1582 816 1623 Marcii,
839 1592 922 1614 anno
945 1581 1076 1614 Domini
1099 1582 1327 1626 MCCOXVII,
1351 1586 1441 1628 regni
1464 1595 1541 1618 vero
1565 1596 1648 1618 anno
1671 1587 1780 1619 tercio.

229 1799 305 1836 398.
339 1798 466 1843 UNIO
495 1797 774 1837 FRIDERICI
802 1800 868 1837 ΕΤ
897 1799 1205 1839 PRJNCIPUM
1232 1801 1402 1840 SUPER
1429 1802 1570 1840 PACE
1594 1804 1879 1843 GENERALL

187 1873 212 1893 ¹⁸
891 1868 1000 1904 1317.
1036 1867 1142 1904 Mart.
1167 1869 1224 1905 10.

343 1967 503 2009 Oriyinale
526 1969 600 2009 (or.)
628 1968 665 2000 in
692 1967 851 2000 tabulario
880 1968 1020 2000 civitatis
1045 1969 1296 2009 Aryentinensis.
1341 1970 1484 2003 Pendeat
1511 1973 1650 2013 quinque
1679 1973 1785 2014 suffla
1807 1974 1880 2016 fere

230 2018 342 2052 illaesa
364 2019 440 2052 binis
460 2020 571 2052 sericis
592 2019 640 2052 vel
662 2019 773 2052 laneis.
791 2038 830 2043 —
845 2019 909 2051 Ed.
926 2019 1194 2053 ‘Urkundenbuck
1209 2020 1266 2053 der
1279 2020 1374 2054 Stadt
1388 2021 1585 2064 strassbury’
1601 2024 1651 2063 II,
1666 2026 1732 2056 307
1752 2036 1801 2058 nr.
1814 2027 1879 2058 356

229 2081 268 2103 ατ
290 2081 335 2103 or.
380 2070 562 2104 Editionem
583 2071 761 2111 repetimus.

338 2126 485 2166 Bo‘hmer,
508 2127 584 2168 Req.
601 2127 714 2161 Ludw.
732 2137 767 2167 p.
785 2127 847 2159 171
870 2126 1039 2159 Friedrich
1061 2138 1111 2159 nr.
1130 2129 1202 2160 100.

187 2191 212 2212 ιο
340 2182 388 2222 Cf.
413 2182 571 2215 Schwalm
593 2182 831 2223 ‘Landfrieden'
847 2193 883 2223 p.
900 2183 951 2215 82.

339 2263 365 2292 1.
393 2259 466 2292 Wir
488 2260 654 2293 Friderieh
681 2270 743 2292 von
772 2259 854 2292 Gotz
882 2260 1009 2302 gnaden
1037 2261 1090 2293 ein
1116 2260 1332 2294 Romesscher
1360 2262 1461 2306 kunig
1488 2274 1594 2297 merer
1621 2265 1679 2298 dez
1705 2266 1811 2300 riches
1838 2267 1876 2300 zu

229 2310 314 2344 allen
340 2312 424 2344 ziten
449 2311 516 2344 und
538 2311 703 2344 ,Iohannes
733 2322 796 2344 von
820 2311 902 2344 Gotz
929 2311 1056 2354 gnaden
1079 2312 1225 2345 bisschof
1247 2312 1287 2345 zfi
1309 2313 1483 2358 strazburg
1510 2315 1582 2348 ffint
1602 2317 1684 2350 kunt
1706 2318 1791 2352 allen
1814 2320 1876 2352 den

229 2361 282 2395 die
305 2362 396 2395 disen
418 2363 506 2396 brief
523 2363 680 2406 gesehent
701 2363 768 2396 und
783 2363 942 2406 gehon-ent
963 2364 1063 2406 lesen,
1086 2364 1145 2396 daz
1168 2374 1205 2396 ez
1226 2375 1285 2397 vor
1305 2376 1366 2398 uns
1381 2366 1625 2411 beteigedinget
1646 2371 1687 2402 ist
1709 2369 1748 2402 ιθ
1764 2370 1875 2404 Offen—

227 2412 310 2456 burg
339 2413 405 2446 und
426 2409 622 2457 ubertragen
651 2414 751 2447 durch
778 2414 860 2447 fride
892 2415 958 2447 und
980 2415 1086 2458 gnade
1118 2415 1176 2449 des
1200 2416 1314 2449 landes
1341 2418 1407 2450 und
1439 2418 1497 2452 der
1523 2416 1652 2453 kssflute
1688 2423 1877 2456 zwisschent

186 2474 211 2495 ns
228 2474 418 2508 marggrave
440 2464 582 2498 Rfidolfe
611 2466 685 2499 dem
713 2466 816 2499 eltem
844 2467 909 2499 und
932 2477 1124 2510 marggrave
1147 2467 1333 2502 Frideriohe
1363 2470 1478 2504 herren
1507 2482 1570 2504 von
1591 2472 1705 2506 Baden
1733 2474 1785 2506 ein
1815 2476 1875 2507 site

228 2515 294 2548 und
316 2515 378 2549 den
400 2517 567 2550 nunzehen
595 2517 647 2550 die
669 2517 751 2550 uber
773 2517 836 2550 den
859 2518 963 2551 friden
990 2518 1028 2551 zfi
1051 2518 1181 2552 Elsasze
1204 2524 1349 2563 gesetzet
1371 2522 1434 2555 sint
1456 2533 1519 2556 von
1545 2524 1604 2557 des
1626 2525 1739 2558 landes
1762 2537 1876 2570 wegen

227 2566 294 2599 und
320 2567 400 2600 aller
421 2563 551 2602 k'dflute
573 2579 686 2612 wegen
709 2569 810 2602 ander
832 2570 907 2610 site,
938 2569 997 2601 daz
1020 2579 1189 2612 margrave
1211 2569 1337 2604 Rfidolf
1354 2572 1419 2605 und
1441 2584 1610 2616 mai-grave
1632 2575 1798 2610 Friderich
1822 2578 1874 2611 die

227 2622 446 2661 vorgenanten
469 2620 544 2653 kein
566 2620 616 2653 zol
635 2631 698 2652 von
720 2619 881 2663 nymanne
902 2630 1018 2653 nemen
1041 2621 1159 2654 sullent
1180 2622 1263 2655 noch
1285 2621 1403 2666 nyman
1418 2635 1479 2657 von
1502 2626 1572 2659 iren
1587 2637 1701 2670 wegen
1720 2632 1814 2662 untze
1836 2629 1875 2662 zi‘i

227 2668 486 2703 Wihennachten
502 2670 555 2704 die
571 2671 614 2703 nu
629 2670 668 2704 zfl
679 2672 794 2705 nehest
807 2672 941 2704 koment
955 2673 987 2704 in
1003 2673 1082 2705 irme
1098 2672 1193 2706 lande
1210 2673 1274 2706 uffo
1290 2674 1366 2708 dem
1381 2676 1476 2710 lande
1489 2674 1569 2711 oder
1579 2679 1645 2712 uffe
1657 2679 1731 2713 dem
1743 2691 1873 2714 waszer.
1888 2693 1940 2716 neo.
1951 2697 1983 2717 aa

183 2732 210 2753 ιο
331 2717 364 2753 ’2.
387 2721 477 2754 Aber
499 2722 599 2754 durch
622 2722 682 2755 daz
704 2722 764 2755 daz
785 2733 859 2756 men
881 2723 985 2755 deiste
1007 2723 1213 2756 sicherlioher
1235 2725 1299 2758 und
1321 2727 1514 2762 vridelicher
1535 2731 1612 2763 vate
1635 2731 1735 2764 durch
1758 2733 1784 2764 ir
1807 2732 1874 2765 lant

227 2771 266 2804 uf
283 2772 349 2805 und
370 2772 433 2806 abe
455 2772 550 2806 beide
572 2773 638 2806 uffe
661 2773 736 2807 dem
758 2785 878 2808 waszer
900 2774 965 2807 und
987 2774 1052 2807 uffo
1077 2775 1150 2808 dem
1174 2775 1279 2820 lande,
1302 2789 1338 2811 so
1361 2779 1439 2813 hant
1460 2776 1497 2814 su
1520 2782 1579 2814 mit
1602 2783 1756 2816 einander
1778 2784 1872 2817 uber·

329 2844 357 2879 1)
375 2843 418 2877 os.
430 2845 513 2879 Kopp
531 2844 692 2873 ‘Ge-duae·-
708 2846 848 2882 οᾶᾱροκᾱω.
861 2846 975 2875 Bande’
993 2846 1048 2881 IV,
1061 2850 1078 2875 2
1091 2856 1122 2883 p.
1134 2851 1182 2876 212
1197 2852 1253 2878 noe.
1267 2853 1283 2878 σ
1300 2854 1326 2878 et
1346 2855 1366 2879 7.

328 2903 366 2923 u..
385 2904 598 2924 οοκπιτωτοηε
615 2905 640 2925 v.
1632 2908 1667 2935 43
