2184 3126
469 162 566 190 ACTA
585 161 697 189 REGNI
716 159 899 188 LUDEWICI
919 159 965 186 IV.
985 158 1031 186 ET
1050 157 1233 186 FRIDERICI
1251 157 1299 184 111.
1338 157 1412 184 1322.
1449 157 1497 184 Nr.
1510 157 1570 184 666.
1588 157 1648 184 667.
1827 159 1890 189 529

399 338 475 375 666.
511 336 818 374 SENTENTIA
842 333 1004 372 PACIS
1028 333 1343 372 GENERALIS
1367 332 1722 370 THURINGIAE.

909 403 1017 440 1322.
1064 403 1132 440 Iul.
1157 403 1214 439 19.

345 505 505 547 Originale
519 505 594 547 (or.)
610 505 646 536 in
668 503 827 536 tabulario
842 503 1053 536 Mulhusensi.
1092 502 1210 535 Pendet
1225 502 1361 543 sigillum
1379 503 1472 544 pacis
1490 502 1562 545 fere
1586 501 1739 534 illaesum.
1766 521 1805 526 —
1828 502 1890 534 Ea.

236 557 378 598 Herquet
399 555 675 590 ‘Urkundenbuch’
692 566 728 596 p.
744 557 808 587 366
829 565 878 587 nr.
897 557 960 587 778
982 565 1021 587 ex
1043 565 1088 587 or.
1134 554 1315 587 Editicmem
1338 554 1516 594 repetimus.

203 661 215 681 s
341 651 498 684 Noverint
523 651 676 691 universi,
705 650 791 692 quod
819 660 877 681 nos
901 649 1086 682 Guntherus
1112 648 1175 681 Dei
1204 650 1313 691 gracia
1341 659 1451 681 comes
1479 648 1520 680 de
1554 648 1763 690 Swarczburg
1792 647 1892 680 iudex

233 703 395 746 generalis
410 713 448 734 ac
466 727 472 734 .
491 727 498 734 .
522 701 691 734 duodecim
709 702 799 743 pacis
815 704 1058 733 conservatores
1073 711 1131 743 per
1147 700 1355 742 Thuringiam
1372 701 1643 743 recognoscimus,
1660 699 1747 742 quod
1763 710 1891 732 omnem

233 754 440 787 dissensionis
475 757 507 786 et
541 754 743 796 inpeticionis
772 753 956 794 materiam,
995 762 1091 795 quam
1130 752 1187 784 viri
1219 752 1362 784 strennui
1390 751 1634 784 Hildebrandus
1668 756 1701 783 ct
1731 751 1893 783 lohannes

232 806 367 847 milites,
390 804 598 838 Bernhardus
621 809 654 837 et
676 804 881 836 Borchardus
909 804 986 836 dicti
1017 803 1059 836 de
1082 803 1312 846 Harthenberg
1339 813 1377 835 ac
1408 814 1521 835 omnes
1549 803 1673 836 eisdem
1696 803 1892 835 adherentes

233 857 390 890 adversus
419 858 504 889 viros
535 857 687 899 providos
712 881 744 889 ..
777 856 924 888 consules
955 859 1044 888 et..
1068 856 1154 887 cives
1184 855 1407 887 Mulhusenses
1437 865 1478 887 ex
1514 855 1682 887 occasione
1714 858 1891 886 castrorum

191 917 217 937 1⁰
235 909 393 942 dictorum
417 920 454 941 zu
478 909 552 941 dem
569 909 664 951 Hayn
689 908 867 940 dirutorum
891 911 1023 950 propter
1046 906 1166 939 bonum
1190 907 1278 949 pacis
1302 910 1336 939 et
1358 907 1530 939 utilitatem
1555 910 1640 939 terre
1664 917 1722 949 per
1745 906 1892 938 dominos

235 964 269 994 et
296 964 538 994 conservatores
568 961 657 1002 pacis
686 970 724 991 ac
754 960 857 991 eciam
885 969 943 1001 pro
971 958 1163 1001 quibusdam
1191 959 1314 1001 treugis
1337 959 1420 991 inter
1448 959 1535 1000 ipsos
1558 959 1719 1000 utrimque
1744 958 1836 990 sactis
1859 961 1893 990 ct

233 1012 388 1045 ordinatis
421 1012 629 1044 dinoscuntur
661 1011 817 1043 hactenus
851 1010 1016 1051 habuisse,
1047 1011 1250 1052 presentibus
1281 1011 1356 1042 viris
1389 1010 1548 1042 nobilibus
1582 1010 1719 1042 dominis
1748 1010 1892 1042 Henrico

233 1065 350 1096 comite
379 1064 420 1096 de
444 1063 653 1105 Swarczburg
680 1074 717 1095 ac
745 1062 886 1094 Henrico
910 1061 1078 1094 Advocato
1109 1061 1150 1093 de
1174 1061 1262 1094 Geta
1289 1072 1414 1094 necnon
1445 1063 1604 1094 strennuis
1631 1062 1707 1093 viris
1734 1061 1891 1093 Bertoldo

234 1115 448 1148 Vicedomino
479 1115 520 1147 de
543 1115 687 1155 Eostete,
717 1114 816 1146 Petro
844 1114 930 1146 dicto
959 1113 1078 1145 Porzik
1105 1117 1139 1145 et
1164 1113 1308 1146 honestis
1335 1114 1411 1145 viris
1432 1113 1607 1146 Ludewico
1639 1113 1680 1145 de
1704 1113 1829 1145 Ilmene
1860 1116 1893 1145 et

191 1173 216 1192 ¹⁵
235 1166 437 1200 Theoderico
465 1166 506 1198 de
533 1165 787 1208 Herversleybin
815 1165 936 1198 civibus
959 1164 1207 1197 Erfordensibus
1234 1164 1441 1197 diffinivimus
1469 1165 1671 1197 iusticialiter
1693 1169 1791 1207 atque
1820 1165 1892 1204 rite,

234 1219 280 1251 ita
296 1218 447 1251 videlicet
469 1217 555 1260 quod
578 1217 655 1250 dicti
678 1218 764 1250 cives
780 1217 1004 1250 Mulhusenses
1020 1217 1113 1249 tactis
1129 1217 1339 1248 sacrosanctis
1355 1217 1583 1259 probaverunt,
1600 1217 1686 1259 quod
1703 1217 1893 1249 durantibus

233 1271 355 1312 treugis
378 1269 531 1312 predictis
553 1269 650 1301 nichil
677 1269 755 1301 mali
782 1270 849 1301 sive
873 1268 939 1300 doli
962 1268 1095 1310 prefatis
1119 1268 1353 1300 municionibus
1375 1269 1598 1311 apposuerint,
1622 1269 1680 1300 nisi
1705 1268 1791 1311 quod
1815 1279 1892 1300 con-

233 1323 419 1354 stituciones
443 1324 476 1353 et
498 1323 618 1353 statuta
633 1321 722 1363 pacis
744 1320 933 1362 simpliciter
954 1319 1171 1362 requirebant.
1217 1319 1312 1351 Unde
1335 1330 1355 1352 a
1370 1320 1462 1352 nobis
1478 1320 1644 1352 decretum
1670 1321 1790 1362 existit,
1806 1320 1892 1362 quod

235 1373 312 1405 dicti
336 1373 376 1405 de
393 1372 563 1406 Mulhusen
586 1372 626 1404 ab
650 1371 895 1414 inpeticionibus
919 1371 1126 1414 quibuslibet,
1150 1382 1230 1413 quas
1253 1382 1294 1403 ex
1317 1375 1410 1414 parte
1427 1371 1585 1403 dictorum
1603 1371 1643 1403 de
1660 1371 1893 1414 Harthenberg

191 1431 217 1452 ὀ
236 1427 269 1457 et
290 1435 420 1456 suorum
444 1425 619 1456 amicorum
643 1424 784 1455 omnium
807 1423 1003 1466 peramplius
1025 1425 1158 1465 possent
1184 1433 1241 1454 scu
1264 1423 1422 1455 deberent
1444 1423 1581 1462 habere,
1610 1424 1726 1455 merito
1750 1423 1893 1455 debeant

237 1486 307 1509 esse
342 1476 435 1508 liberi
471 1479 504 1507 et
537 1476 643 1507 soluti.
743 1475 780 1507 In
817 1485 952 1517 quorum
988 1475 1129 1506 omnium
1161 1474 1295 1506 evidens
1324 1475 1542 1506 testimonium
1572 1479 1740 1516 presentes
1769 1475 1893 1507 litteras

234 1527 387 1571 predictis
410 1527 531 1559 civibus
554 1527 595 1559 de
618 1526 788 1558 Mulhusen
811 1526 958 1559 dedimus
980 1525 1085 1568 sigillo
1109 1526 1198 1568 pacis
1220 1526 1381 1568 generalis
1403 1526 1538 1558 firmiter
1560 1526 1738 1559 roboratas.

343 1587 464 1620 Datum
487 1587 618 1628 Erfurd,
651 1597 734 1619 anno
757 1587 887 1618 Domini
910 1585 1143 1626 MCCCXXII,
1172 1586 1252 1618 feria
1279 1586 1420 1619 secunda
1449 1589 1524 1618 ante
1554 1586 1639 1618 diem
1669 1586 1757 1618 beati
1780 1586 1893 1618 Iacobi

235 1638 383 1682 apostoli.

155 1858 158 1862 .
192 1837 218 1858 π
449 1824 548 1869 667.
577 1823 676 1869 668.
717 1822 992 1869 PACTUM
1027 1822 1233 1868 INTER
1260 1821 1682 1868 COMITISSAM

235 1891 625 1938 PALATINAM
653 1891 734 1937 ET
762 1891 1361 1938 ARCHIEPISCOPUM
1390 1891 1890 1938 TREVIRENSEM.

844 1978 952 2014 1322.
994 1978 1089 2023 Aug.
1111 1977 1288 2013 esrae.

543 2093 630 2130 667.
671 2093 858 2130 Promissio
886 2093 1074 2129 comitissae
1100 2096 1130 2128 ct
1157 2093 1221 2137 filii
1245 2104 1310 2138 pro
1340 2092 1591 2138 archiepiscopo

747 2157 778 2189 et
803 2165 881 2198 reye
906 2154 1103 2189 Bokemiae.
1211 2152 1297 2197 Aac.
1315 2155 1375 2188 26.

192 2235 218 2256 no
323 2222 484 2264 Oriqinak
506 2223 579 2266 (or.)
602 2224 638 2255 in
660 2223 818 2256 tabidario
832 2224 916 2264 reyio
935 2223 1162 2262 Confluentino.
1208 2221 1386 2262 Descripsit
1409 2221 1458 2254 W.
1484 2221 1696 2254 wattenbach.
1743 2222 1778 2254 E
1789 2222 1890 2255 decem

234 2273 502 2356 {fflftsuzendcnt
523 2274 629 2306 adhuc
650 2274 756 2315 siyilla
779 2277 943 2315 quartum,
973 2277 1095 2306 sextum
1118 2284 1216 2314 usquc
1238 2274 1282 2306 ad
1303 2274 1458 2306 decimum
1478 2273 1552 2314 plus
1574 2274 1714 2306 minusve
1736 2273 1832 2307 laesa.
1849 2294 1890 2299 —

344 2412 372 2442 1.
396 2410 468 2442 Wir
483 2410 638 2442 Meehtild
662 2411 856 2454 herzoginne
878 2412 943 2443 und
960 2412 1064 2444 Adolf
1083 2413 1110 2443 ir
1132 2411 1190 2443 sfin
1214 2412 1353 2454 herzoge
1376 2413 1407 2443 in
1424 2412 1554 2454 Beyern
1571 2411 1815 2454 pallentzgreve
1832 2412 1891 2444 des

234 2460 334 2493 Rines
356 2471 415 2493 vor
435 2471 494 2493 uns
517 2455 581 2493 und
603 2472 663 2494 uns
686 2472 796 2502 erven‚
828 2463 935 2495 Johan
958 2474 1019 2495 van
1042 2463 1197 2495 Nassawe
1220 2463 1284 2495 und
1307 2464 1414 2496 Johan
1437 2474 1498 2495 van
1514 2463 1709 2506 ‘Spainheim
1733 2463 1827 2495 herre
1851 2475 1890 2495 zu

192 2523 217 2544 u
236 2511 443 2544 Oruoenaohe
466 2522 585 2554 greven
602 2524 658 2545 vor
680 2524 739 2546 uns
755 2515 946 2547 allesament
967 2515 1031 2547 und
1055 2526 1112 2547 vor
1127 2515 1313 2547 Walrawen
1336 2525 1457 2557 greveu
1472 2526 1535 2547 von
1551 2515 1716 2555 Nassawe,
1740 2515 1890 2547 Johanne

235 2562 468 2604 Wildeg'reven
486 2573 549 2596 von
563 2563 658 2596 Dune
681 2565 747 2597 und
769 2565 833 2598 alle
856 2577 934 2598 unse
951 2566 1074 2598 helfere
1098 2565 1163 2598 dun
1186 2566 1267 2598 kuut
1289 2566 1353 2598 und
1369 2567 1524 2607 verjehen
1547 2577 1588 2598 an
1611 2567 1755 2598 dieseme
1779 2567 1889 2605 breve,

236 2613 292 2645 dat
313 2613 371 2646 wir
392 2613 457 2646 und
481 2614 532 2646 die
555 2625 655 2647 unsen
679 2615 741 2648 den
757 2617 939 2649 erzbischof
958 2628 996 2648 zu
1013 2618 1146 2649 Trieren
1169 2617 1234 2649 und
1257 2618 1347 2650 sinen
1369 2618 1438 2650 stii't
1459 2618 1524 2650 und
1548 2618 1611 2650 den
1627 2618 1743 2650 edelen
1768 2618 1889 2650 fursten

235 2665 294 2696 her
309 2665 330 2697 J
333 2665 416 2697 ohan
438 2664 557 2698 kfinino
579 2677 641 2699 von
657 2667 793 2699 Beheim
816 2669 880 2700 und
904 2670 972 2700 sine
990 2679 1087 2701 erven
1110 2669 1199 2700 solen
1223 2669 1340 2701 laissen
1363 2671 1462 2702 sitzen
1478 2669 1644 2712 gerfilicbe
1661 2671 1692 2701 in
1709 2670 1771 2702 den
1788 2671 1889 2701 husen

236 2715 408 2759 Stailberg,
432 2716 594 2756 Stalecke,
616 2717 801 2751 Brunshorn
824 2719 889 2751 und
906 2720 1135 2752 Bacherachen
1159 2721 1223 2752 und
1239 2721 1372 2764 Steigen
1395 2722 1447 2754 die
1471 2722 1557 2754 diele
1580 2721 1644 2753 und
1668 2723 1699 2753 in
1716 2721 1890 2753 Rinbullen

192 2782 218 2803 «o
236 2767 302 2799 und
325 2771 389 2799 wat
411 2778 448 2800 zu
471 2767 644 2800 Rinbullen
666 2769 803 2811 gehoret
826 2771 897 2803 half
921 2771 985 2803 und
1013 2773 1044 2803 in
1069 2771 1163 2804 deme
1187 2772 1435 2815 Nuengerechte
1458 2773 1522 2805 und
1546 2777 1610 2805 wat
1634 2772 1731 2805 darzfi
1754 2774 1890 2814 gchorct

343 2835 384 2855 m..
396 2835 624 2854 commu-riorus
636 2836 662 2854 v.
1649 2834 1682 2859 67
