2184 3126
442 107 454 126 ἱ

405 185 502 213 ACTA
523 184 635 212 REGNI
656 183 840 212 LUDEWICI
859 183 906 211 lv.
924 182 972 210 ΕΤ
991 181 1175 211 FRIDERICI
1194 181 1242 209 111.
1279 181 1355 209 1822.
1392 181 1439 208 Nr.
1453 181 1512 208 675.
1531 182 1590 209 676.
1610 182 1668 210 677.
1800 186 1864 216 539

314 274 343 306 3.
378 272 602 304 Protestamur
636 271 755 311 eciam,
790 269 877 313 quod
911 270 993 302 hanc
1028 274 1169 302 nostram
1203 268 1459 311 appellationem
1494 278 1603 300 coram
1638 270 1863 310 prenominato

205 325 335 357 domino
359 323 601 365 archiepiscopo
625 322 763 355 libenter
786 322 988 363 fecissemus,
1016 322 1042 353 si
1074 322 1144 354 eius
1167 321 1295 363 copiam
1319 324 1506 362 poteramus
1530 320 1696 362 habuisse,
1726 324 1759 352 et
1782 322 1865 353 sicut

205 377 298 408 citius
321 374 491 408 commode
507 374 615 407 faeere
631 374 818 416 poterimus,
843 375 873 406 ei
896 374 1000 416 ipsam
1016 372 1234 405 intimabimus
1259 375 1292 404 et
1315 382 1388 404 eam
1405 371 1629 404 innovabimus
1649 383 1758 404 coram
1782 373 1863 415 ipso.

203 427 352 460 Petimus
375 427 473 459 etiam
496 437 593 468 super
615 426 684 468 ipsa
707 425 925 468 appellatione
948 428 1057 458 nostra
1071 428 1194 457 vestras
1210 423 1444 456 testimoniales
1466 424 1591 456 litteras
1614 425 1728 456 vestris
1750 424 1864 467 sigillis

174 489 186 509 s
205 479 427 512 communitas.
844 490 847 493 ·

291 538 487 580 Interposita
503 541 552 570 est
574 537 635 569 hec
651 537 828 579 appellatio
853 547 936 569 anno
959 537 1090 569 Domini
1107 535 1337 577 MOOCXXII,
1361 537 1466 578 prima
1482 535 1535 568 die
1552 537 1692 569 intrante
1709 537 1862 579 Octobr-ee,

203 590 407 633 presentibus
429 589 660 632 suprascriptis.

511 726 598 762 676.
639 725 795 761 Litterae
821 725 999 761 Ludewt'ci
1026 723 1162 761 Italicis
1187 724 1323 760 missae.
1432 724 1503 760 Oct.
1519 726 1554 760 3.

312 800 516 841 Exemplaris
542 803 554 832 1
581 800 626 832 ad
647 800 756 832 ducem
786 799 972 832 Venetorum
994 799 1086 841 copia
1107 799 1144 830 in
1166 798 1338 830 Librorum
1363 798 1686 831 Commemorialium¹
1709 802 1789 832 tomo
1812 801 1864 834 11.

160 854 186 875 ¹⁰
210 851 357 886 Venetiae
378 853 414 884 in
436 851 595 884 tabulario
616 852 700 893 reyio
722 853 882 883 asservato
899 850 959 893 fol.
983 851 1068 883 127¹.
1113 849 1350 890 Descrapsimus
1370 859 1436 882 nos.

311 912 517 953 Exemplaris
539 914 558 944 2
587 912 631 944 ad
651 912 808 944 vicarium
829 910 1096 944 Mediolanensem
1125 911 1216 951 copia
1243 911 1279 942 in
1308 910 1374 943 cod.
1397 909 1471 942 hist.
1495 920 1546 942 nr.
1561 910 1627 942 247
1649 910 1864 953 (Peutinyer.)

203 974 282 997 saec.
302 964 378 997 XV.
398 963 458 1007 fol.
477 965 541 995 180
563 963 761 996 bibliothecae
784 962 1057 1004 Stuttqardiensis.
1114 961 1314 995 Contulimus
1335 972 1403 995 nos.

311 1015 375 1048 Ed.
398 1015 634 1056 ‘Forsehunyen
659 1025 719 1047 zur
745 1014 926 1047 Deutschen
961 1013 1156 1047 Gesehielite’
1182 1013 1244 1052 IV,
1267 1014 1310 1045 89
1347 1024 1387 1045 ex
1421 1017 1455 1053 1,·
1506 1013 1729 1047 Winkelmarm
1766 1016 1865 1049 ‘Acta

203 1068 331 1108 imperii
367 1066 499 1099 ‘inedita'
545 1067 598 1105 ΙΙ,
629 1067 694 1098 300
723 1077 775 1098 nr.
791 1067 856 1098 478
878 1076 916 1098 ex
939 1068 968 1098 2.
1610 1061 1614 1064 ”

162 1136 186 1156 ¹⁶
312 1127 459 1166 Bo'hmer,
483 1127 559 1168 Rey.
576 1127 689 1158 Ludw.
707 1137 742 1166 p.
758 1127 803 1158 28
824 1137 874 1158 nr.
889 1126 963 1158 471.

312 1214 525 1247 Ludowicus·
551 1213 615 1246 Dei
641 1213 752 1255 gracia
774 1212 995 1245 Romanorum
1022 1222 1080 1244 rex
1111 1221 1240 1253 semper
1266 1214 1422 1253 augustus
1522 1211 1621 1244 nobili
1653 1213 1742 1245 virob
1769 1214 1864 1247 duei⁰

205 1266 341 1299 Iohanni
365 1265 561 1308 Super-aneio
577 1264 732 1304 Venecie,
755 1264 923 1296 Dalmacie
947 1266 1046 1305 atque
1068 1263 1226 1295 Chroacie
1250 1261 1325 1294 duci
1347 1273 1472 1295 necnon
1496 1263 1708 1306 prudentibus
1730 1266 1806 1298 viris
1830 1292 1837 1298 .
1855 1291 1863 1298 .

205 1318 338 1350 consilio
355 1321 387 1350 et
409 1316 600 1359 co(mmun)i
616 1316 754 1348 civitatis
769 1315 1024 1357 Venecfiarum),
1049 1315 1114 1346 suis
1129 1318 1162 1346 et
1177 1314 1304 1356 imperii
1319 1314 1470 1346 fidelibus
1487 1314 1632 1347 dilectise
1720 1318 1863 1360 graciam

206 1373 239 1403 et
262 1379 357 1402 omne
380 1369 511 1401 bonum.

161 1430 188 1452 πο
312 1421 403 1453 Deus
425 1419 524 1452 iudex
546 1419 658 1459 iustus,
681 1418 794 1450 fortis²
817 1422 850 1450 et
877 1418 1007 1460 paciens
1029 1417 1245 1449 humilitatem
1269 1421 1301 1448 et
1324 1417 1484 1450 iusticiam
1507 1419 1591 1450 servi
1614 1419 1664 1451 sui
1687 1421 1863 1462 respiciens

204 1473 237 1504 in
260 1472 370 1515 vigilia
392 1470 561 1504 Michaelis
587 1469 794 1512 archang‘eli‘¹
820 1480 904 1502 nunc
933 1471 1094 1501 transacta
1121 1468 1162 1500 de
1191 1468 1327 1500 ducibus
1354 1468 1500 1511 Austris,
1530 1471 1647 1502 nostris
1677 1474 1710 1503 et
1737 1473 1863 1514 imperii

205 1523 397 1556 adversariis
419 1523 512 1555 nobis
542 1522 583 1554 de
607 1532 665 1554 sua
687 1522 797 1565 gracia
819 1522 986 1553 victoriam
1015 1523 1049 1553 et
1076 1520 1273 1562 triumphum
1302 1520 1473 1562 magnifice
1506 1525 1554 1553 est
1577 1522 1721 1564 largitus.
1768 1523 1863 1561 Quod

205 1575 370 1608 fidelitati⁶
394 1578 498 1607 vestre
522 1577 688 1616 tamquam
711 1574 827 1605 nostris
851 1576 884 1605 et
906 1574 987 1605 sacri
1009 1573 1137 1614 imperii
1159 1572 1327 1604 fidelibus⁰
1350 1583 1409 1614 per
1433 1572 1622 1605 Heinricum
1639 1573 1862 1616 Vreymanne-

204 1627 304 1660 rium'
324 1627 520 1670 presentium
544 1626 790 1665 exhibitorem⁸‚
813 1624 944 1657 fidelem
966 1628 1110 1656 nostrum
1134 1623 1298 1665 dilectum,
1322 1634 1380 1666 pro
1405 1624 1600 1667 congaudii¹³
1623 1626 1759 1658 materia
1782 1638 1863 1660 nun-

161 1688 187 1710 ¹³
206 1678 349 1712 ciamus¹.
455 1670 459 1674 ⁵

311 1734 388 1767 Dat.
404 1733 583 1776 Ratispone
607 1732 723 1775 opido¹¹
747 1735 854 1764 nostro
878 1731 996 1774 regali,
1019 1730 1189 1763 Dominico
1213 1730 1282 1762 die¹
1311 1734 1386 1773 post
1408 1730 1616 1773 Michaelem‚
1649 1734 1740 1776 regni
1763 1735 1863 1767 nostri

205 1797 289 1820 anno
313 1789 462 1821 octavom.

331 1925 404 1956 677.
431 1924 504 1955 678.
541 1921 740 1955 EIUSDEM
763 1920 953 1953 SCRIPTA
975 1919 1066 1952 PRO
1091 1918 1305 1952 CONRADO
1330 1918 1389 1951 DE
1414 1919 1735 1954 SLUSSELBERG.

917 1983 1008 2013 1322.
1043 1981 1115 2012 Oct.
1133 1981 1162 2012 3.

163 2100 189 2121 ιο
485 2084 572 2121 677.
612 2083 790 2129 Scriptum
815 2082 945 2118 Latino
971 2093 1124 2118 sermone
1152 2082 1352 2127 confectum.
1465 2081 1539 2117 Oct.
1555 2083 1588 2117 3.

315 2156 477 2199 Oriyinale
491 2157 528 2189 in
543 2156 701 2189 tabulario
719 2156 802 2197 reyio
818 2155 1078 2196 Stuttyardiensi.
1123 2154 1360 2195 Descripsimus
1374 2166 1439 2188 nos.
1486 2155 1635 2197 Siqillum
1650 2157 1859 2198 desideratur,

205 2209 270 2250 filis
291 2209 401 2242 sericis
421 2209 499 2249 fhwi
520 2208 693 2249 viridisque
715 2207 827 2240 coloris
848 2207 975 2239 relictis.

313 2269 461 2308 Behmer,
482 2269 561 2309 Rey.
583 2268 666 2301 Lud.
685 2278 719 2309 p.
735 2268 779 2299 28
801 2278 851 2300 nr.
868 2267 940 2299 472.

311 2354 504 2388 Ludowicus
526 2355 589 2387 Dei
611 2354 722 2397 gracia
744 2353 964 2386 Romanorum
988 2363 1047 2385 rex
1070 2363 1198 2395 semper
1221 2355 1376 2394 augustus
1463 2352 1564 2385 nobili
1588 2354 1656 2386 viro
1680 2353 1856 2387 Ohflnrado

163 2421 188 2442 ω
207 2406 247 2440 de
272 2405 496 2438 Sluzzelberch
517 2405 606 2439 fideli
628 2416 686 2438 suo
709 2405 828 2438 dilecto
916 2405 1059 2447 graciam
1083 2415 1173 2436 suam
1198 2408 1230 2436 et
1254 2414 1350 2436 omne
1374 2403 1502 2436 bonum.

314 2457 471 2500 Dignum,
499 2458 692 2490 conveniens
714 2467 751 2489 ac
774 2457 918 2489 debitum
942 2456 1148 2496 arbitramur,
1178 2459 1213 2487 ut
1241 2466 1321 2497 quos
1349 2455 1442 2487 nobis
1465 2459 1498 2489 et
1521 2467 1612 2488 sacro
1634 2457 1770 2499 imperio
1793 2458 1858 2490 fide

207 2512 240 2540 et
264 2518 373 2554 opere¹
386 2508 573 2541 devociores
589 2509 811 2551 conspicimus,
835 2507 1018 2550 pocioribus
1033 2507 1209 2539 honoribus
1232 2510 1265 2539 et
1280 2507 1444 2539 favoribus
1459 2517 1702 2550 prosequamur.
1739 2510 1857 2541 Atten-

311 2601 377 2630 678.
403 2602 429 2635 ⁸)
446 2602 594 2629 Ludovieu·
612 2601 637 2628 2.
719 2602 744 2635 b)
763 2603 818 2629 viro
836 2603 903 2628 deest
921 2601 946 2628 2.
1030 2602 1054 2636 ⁰)
1073 2603 1129 2629 loeo
1146 2603 1358 2629 duci—dileetio
1374 2601 1409 2628 2.-
1432 2603 1556 2629 domino
1574 2603 1717 2630 Galeacz
1735 2605 1857 2630 vicario

206 2644 482 2678 Medium-nonni),
507 2654 559 2672 nuo
577 2649 603 2672 et
620 2645 718 2679 imperii
737 2646 811 2672 fideli
829 2646 934 2671 dilecto.
1026 2644 1052 2679 ὓ)
1070 2645 1260 2679 archangeli
1282 2645 1351 2671 decet
1369 2644 1394 2672 2.
1487 2645 1514 2678 ⁸)
1533 2647 1588 2672 loco
1606 2646 1857 2673 fidelitati—fideli-

163 2695 190 2715 ιο
207 2689 256 2715 bun
273 2687 302 2714 22
322 2689 383 2714 tibi
400 2691 523 2722 tanquam
541 2691 633 2714 nostro
654 2692 681 2714 et
698 2689 799 2722 imperii
816 2689 920 2714 dilecto.
1015 2687 1035 2720 f)
1054 2689 1224 2722 Frsymamefi
1242 2688 1267 2715 2.
1355 2687 1380 2721 Ι)
1399 2688 1467 2715 exib.
1480 2697 1546 2722 pres.
1564 2688 1589 2715 2.
1678 2688 1704 2722 ¹¹)
1722 2691 1811 2723 gaudii
1834 2691 1858 2717 1.

205 2730 224 2764 ¹)
242 2732 428 2758 intimamus
444 2731 469 2757 2.
556 2729 582 2763 ἕ)
600 2731 692 2765 oppido
709 2730 734 2757 1.
821 2730 840 2763 ¹)
858 2731 927 2757 «iesu
944 2730 970 2756 2.
1058 2731 1090 2763 ¹³²)
1111 2731 1172 2757 vm
1189 2730 1214 2757 2.

310 2799 336 2832 1)
356 2797 397 2831 (ΣΥ.
416 2798 538 2825 ‘Archiv'
555 2797 608 2832 IV,
628 2801 677 2825 199
692 2800 715 2825 d
732 2797 869 2825 ‘Radani’
887 2798 947 2825 loco
963 2798 1001 2825 ad
1019 2806 1061 2826 nr.
1073 2802 1121 2826 660
1137 2799 1221 2826 citato
1240 2799 1264 2832 Ι,
1285 2802 1335 2826 245
1353 2807 1396 2826 Μ’.
1410 2802 1468 2827 339.
1557 2800 1584 2827 2>
1603 2799 1647 2827 1³⁸.
1670 2803 1689 2832 7,
1703 2804 1741 2828 12.

1599 2851 1650 2878 68⁸
