2158 3138
323 184 382 214 122
554 180 650 208 ACTA
662 180 783 207 REGNI
801 179 984 207 LUDEWICI
1002 179 1049 206 lv.
1067 179 1114 206 ET
1133 179 1317 207 FRIDERICI
1336 179 1385 206 111.
1421 179 1496 206 1314.
1532 179 1581 206 Nr.
1594 179 1653 207 121.
1671 180 1731 208 122.

427 270 510 301 Acta
525 276 598 304 sunt
613 273 694 304 hec¹²
718 283 800 306 anno
817 269 958 309 Domini,
981 266 1165 307 indictione,
1189 276 1310 307 mense,
1334 265 1396 306 die,
1420 265 1501 297 hora
1523 265 1608 298 diei¹²
1631 270 1665 298 et
1679 267 1751 299 loco
1768 268 1964 310 prescriptis.

319 320 528 355 Presentibus
551 326 728 358 reverendo
741 326 773 356 in
790 323 916 356 Christo
939 322 1032 362 patre
1056 321 1089 351 et
1112 318 1240 350 domino
1257 317 1386 349 domino
1402 317 1561 350 Balduino
1577 318 1819 361 archiepiscopo
1843 319 1964 352 Treve-

319 375 404 405 rensi
438 375 597 417 predicto,
633 378 762 409 domino
791 375 889 407 fratre
918 371 1086 405 Conrado⁰
1116 369 1157 401 de
1191 368 1450 411 Gundolfingenl’
1481 370 1744 402 commendatore
1777 372 1965 412 provinciali

320 424 452 457 fratrum
481 427 592 459 domus
619 432 728 461 sancte
751 427 853 460 Marie
880 423 1171 456 Theutonicorum‘l
1198 431 1257 462 per
1283 420 1521 463 Franc(0niam)
1552 432 1677 454 necnon
1706 422 1867 454 nobilibus
1889 424 1964 455 viris

319 476 456 509 dominis
471 479 614 512 Iohanne
638 483 671 512 et
686 479 856 511 Heinrico‘
880 475 1029 508 fratribus
1053 473 1222 505 comitibus
1245 473 1285 504 de
1302 472 1493 515 spanheim·
1516 476 1550 505 et
1564 473 1697 515 Egidiot
1720 474 1761 506 de
1775 474 1963 508 Rodemaco

319 531 353 560 et
375 529 519 571 pluribus
542 532 613 563 aliis
637 529 932 567 circumstantibus,
959 525 1095 558 testibus
1117 524 1158 556 ad
1182 525 1338 566 premissa
1359 525 1482 556 vocatis
1504 526 1626 567 pariter
1649 529 1682 557 et
1707 526 1838 567 rogatis.

429 581 471 613 Et
498 593 559 625 ego
588 583 749 614 Iohannes
784 579 946 622 quondam
970 576 1098 609 Gerlaci
1127 575 1229 607 dictus
1253 575 1426 607 Certamen
1453 576 1587 608 clericus
1617 576 1790 619 Spirensis,
1818 577 1965 619 publicus

319 633 498 674 apostolica
521 634 713 665 auctoritate
736 633 890 671 notarius,
914 630 989 672 quia
1011 628 1167 670 premisse
1191 628 1410 659 constitutioni
1432 629 1647 670 procuratoris
1662 639 1726 660 una
1742 639 1815 660 cum
1830 629 1965 661 testibus

319 684 472 725 predictis
503 685 648 726 interfui,
679 685 740 716 hoc
767 684 1013 715 instrumentum
1042 679 1208 722 publicum
1233 690 1331 711 manu
1353 690 1427 711 mea
1450 681 1663 722 conscriptum
1686 680 1761 712 inde
1785 681 1910 713 confeci
1933 684 1966 714 et

320 736 444 777 signum
468 747 576 768 meum
601 739 788 768 consuetum
812 734 948 776 apposui
970 731 1141 774 requisitus
1165 733 1198 762 et
1219 734 1360 773 rogatus.

542 867 625 903 122.
666 866 951 902 Procuratorium
977 864 1229 910 archiepiscopi
1258 863 1481 899 Trevirensis.
1585 864 1672 900 Nov.
1692 866 1751 900 18.

430 941 529 981 Copia
556 944 568 972 1
600 941 636 972 in
662 941 877 972 Instrumento
909 939 999 979 infra
1030 939 1163 970 nr.123
1195 947 1263 977 cap.
1283 937 1322 976 2‚·
1359 939 1378 969 2
1409 937 1446 969 in
1471 937 1686 970 Instrumento
1717 937 1808 980 infra
1835 949 1885 970 m.
1902 938 1964 970 124

318 1003 387 1033 cap.
403 994 434 1024 2.
459 1012 499 1016 --
523 993 594 1024 Iam
617 992 773 1024 edidimus
795 991 814 1023 l.
832 1003 856 1023 c.
876 1001 950 1031 pay.
968 990 1031 1022 308
1053 1000 1091 1022 ex
1116 992 1130 1021 1
1156 991 1186 1021 et
1208 991 1237 1021 2.

424 1079 462 1110 In
485 1080 613 1110 nomine
637 1078 768 1110 Domini
790 1088 895 1109 amen.

424 1131 581 1162 Noverint
602 1130 741 1161 universi
765 1129 852 1171 quod
879 1129 912 1160 in
934 1129 1102 1170 presencia
1123 1128 1189 1160 mei
1211 1127 1328 1159 notarii
1359 1130 1392 1159 et
1418 1127 1548 1159 testium
1574 1126 1849 1169 infrascriptorum
1871 1137 1964 1159 reve-

318 1181 436 1213 rendus
468 1183 500 1213 in
523 1182 650 1214 Christo
679 1185 772 1223 pater
800 1184 833 1213 et
867 1180 1014 1212 dominus
1046 1179 1192 1211 dominus
1214 1179 1391 1210 Balduinus
1413 1179 1476 1211 Dei
1498 1179 1603 1221 gratia
1626 1182 1736 1210 sancte
1759 1179 1966 1211 Treverensis

320 1234 457 1265 ecclesie
486 1234 746 1275 archiepiscopus
776 1233 858 1264 sacri
884 1232 1011 1274 imperii
1041 1242 1099 1273 per
1128 1230 1269 1263 Galliam
1299 1230 1598 1262 archicancellarius
1621 1230 1808 1273 religiosum
1830 1241 1868 1263 ac
1890 1242 1966 1274 pru—

321 1285 450 1317 dentem
473 1286 576 1316 virum
600 1285 731 1316 fratrem
749 1283 968 1316 Wernherum
992 1283 1111 1315 dictum
1135 1282 1175 1314 de
1193 1282 1353 1314 Wintrich
1370 1282 1489 1314 ordinis
1504 1281 1684 1324 Hospitalis
1699 1284 1800 1315 sancti
1815 1283 1967 1315 Iohannis

317 1337 586 1368 Ierosolimitani⁸
616 1336 729 1368 domus
752 1336 959 1368 Treverensis
987 1346 1078 1366 suum
1101 1335 1265 1366 constituit
1287 1337 1529 1376 procuratorem
1560 1337 1594 1366 et
1618 1335 1768 1367 nuncium
1791 1335 1966 1377 specialem

316 1388 359 1419 ad
383 1388 633 1430 comparendum
664 1391 697 1420 et
723 1399 758 1419 se
781 1387 1033 1429 presentandum
1056 1397 1163 1418 coram
1186 1386 1384 1418 reverendob
1407 1389 1499 1428 patre
1523 1386 1651 1418 domino
1673 1387 1846 1419 Heinrico⁰
1869 1387 1965 1420 Colo—

316 1440 418 1471 niensi
459 1441 701 1482 archiepiscopo
741 1439 782 1471 ad
820 1439 995 1482 petendum
1031 1441 1064 1470 et
1096 1438 1323 1480 requirendum
1361 1439 1479 1480 primo,
1517 1438 1656 1471 secundo
1693 1442 1727 1471 et
1759 1440 1860 1472 tercio
1894 1450 1967 1472 cum

316 1492 471 1524 instancia
504 1493 631 1524 nomine
666 1503 723 1524 suo
756 1502 881 1523 necnon
916 1490 1084 1523 reverendi
1113 1491 1213 1531 patris
1244 1489 1364 1522 domini
1394 1489 1484 1522 Petri
1513 1490 1692 1532 Maguntini
1722 1491 1966 1534 archiepiscopi,

317 1544 438 1575 domini
465 1544 617 1576 Iohannis
645 1544 730 1586 regis
757 1543 915 1575 Bohemie
945 1546 977 1574 et
1007 1543 1153 1584 Polonie‚
1181 1542 1382 1574 Woldemari
1413 1541 1605 1574 marchionis
1634 1543 1967 1585 Brandemburgensis

316 1599 350 1627 et
390 1595 542 1627 Iohannis
582 1596 715 1627 senioris
755 1595 844 1626 ducis
886 1594 1042 1635 Saxonie,
1080 1593 1250 1625 illustrium
1292 1594 1471 1636 principum
1513 1597 1546 1626 et
1583 1594 1799 1625 coelectorum
1837 1605 1966 1627 suorum

316 1646 535 1678 Romanorum
570 1647 656 1688 regis
690 1646 751 1678 sibi
781 1647 813 1678 in
847 1646 908 1678 hoc
943 1646 1172 1678 adherencium
1207 1657 1263 1678 seu
1296 1646 1453 1678 adherere
1484 1645 1678 1687 volencium,
1702 1647 1851 1688 quatinus
1877 1657 1964 1678 sere-

315 1699 445 1731 nissimo
480 1699 615 1740 principi
652 1699 780 1730 domino
818 1698 993 1730 Ludowico
1027 1698 1090 1730 Dei
1125 1699 1229 1740 gratia
1262 1698 1371 1730 comiti
1404 1697 1546 1740 palatino
1584 1697 1667 1730 Reni
1708 1697 1781 1730 duci
1818 1699 1965 1731 Bawarie

317 1750 350 1781 in
379 1761 490 1792 regem
519 1750 739 1782 Romanorum
771 1751 875 1782 electo
903 1750 945 1781 ab
974 1761 1012 1782 eo
1044 1753 1076 1781 et
1107 1750 1178 1781 aliis
1205 1749 1462 1792 conprincipibus
1492 1753 1526 1781 ct
1548 1749 1782 1781 coelectoribus
1805 1752 1869 1782 suis
1892 1760 1965 1792 pre-

316 1801 426 1843 dictis,
459 1803 514 1844 qui
541 1802 593 1833 die
623 1813 679 1834 sue
704 1802 870 1834 electionis
893 1802 954 1833 rite
977 1802 1102 1844 prefixa
1124 1801 1323 1843 voluerunt&
1346 1804 1520 1843 potuerunt
1549 1805 1583 1833 et
1605 1801 1807 1833 debueruntd
1829 1802 1901 1834 loco
1924 1802 1967 1834 ad

317 1854 378 1885 hoc
402 1853 511 1885 debito
535 1858 586 1885 et⁸
610 1857 762 1885 consueto
783 1855 932 1886 electioni
954 1854 1098 1896 predicte
1121 1854 1287 1895 interesse,
1310 1854 1564 1896 intronizatoque
1587 1856 1661 1896 post
1683 1854 1751 1885 eius
1775 1854 1966 1886 electionem

314 1906 347 1936 in
379 1906 542 1937 civitatem
572 1905 908 1937 Frankenfurdensem
939 1916 977 1937 ac
1006 1906 1092 1937 clero
1123 1909 1156 1937 et
1187 1905 1307 1947 populo
1331 1905 1537 1947 postmodum
1560 1905 1723 1947 publicato
1746 1905 1826 1937 locis
1849 1905 1966 1939 debitis

318 1960 351 1988 et
367 1958 536 1998 consuetis⁷
559 1960 595 1988 ut
617 1958 648 1988 in
665 1957 796 1989 decreto
820 1968 877 1989 sue
895 1957 1060 1989 electionis
1076 1957 1201 1999 plenius
1221 1958 1431 1998 continetur&
1458 1957 1546 1999 apud
1560 1957 1799 2000 Aquisgranum
1813 1958 1966 1991 vicesima

317 2012 431 2050 quarta
455 2009 507 2040 die
530 2010 648 2041 mensis
671 2009 863 2041 Novembris
891 2020 954 2052 que
983 2012 1032 2041 est
1055 2009 1124 2041 dies
1146 2009 1316 2041 Dominica
1339 2009 1486 2051 proxime
1510 2008 1617 2041 futura
1646 2009 1687 2041 ab
1715 2010 1831 2041 eodem
1861 2009 1965 2042 electo

319 2061 351 2091 in
374 2071 485 2103 regem
509 2061 613 2092 electa
637 2064 671 2092 et
693 2061 734 2092 ab
757 2061 827 2102 ipso
851 2061 1094 2103 archiepiscopo
1111 2060 1303 2092 Treverensi
1320 2063 1353 2092 et
1368 2060 1439 2092 aliis
1455 2061 1712 2102 conprincipibus
1727 2064 1761 2092 et
1777 2061 1966 2094 coelectori-

318 2111 378 2143 bus
415 2113 479 2143 suis
517 2112 670 2154 predictis
703 2113 897 2155 approbata,
934 2112 1022 2144 idem
1056 2113 1203 2144 dominus
1237 2112 1497 2154 archiepiscopus
1534 2111 1744 2154 Coloniensis,
1778 2113 1806 2144 si
1838 2113 1898 2145 sibi
1933 2117 1967 2145 et

320 2164 455 2196 ecclesie
480 2163 559 2207 [sue]
587 2165 648 2196 iuri
676 2167 709 2196 et
736 2165 849 2196 honori
872 2164 1046 2196 crediderit
1069 2167 1254 2207 competere
1278 2175 1315 2196 ac
1339 2164 1523 2206 specialiter
1544 2164 1718 2205 interesse,
1746 2164 1818 2196 loco
1841 2164 1882 2196 ad
1905 2165 1966 2197 hoc

319 2215 429 2247 debito
454 2219 486 2247 et
509 2219 660 2247 consueto
684 2216 868 2258 supradicto
891 2217 1000 2248 veniat
1023 2227 1173 2248 coronam
1196 2217 1402 2258 impositurus
1425 2225 1462 2247 ac
1485 2215 1590 2257 ipsum
1614 2215 1752 2248 electum
1768 2216 1871 2258 regali
1887 2217 1965 2259 dya-

318 2266 447 2299 demate
475 2268 679 2310 insigniturus
705 2279 831 2300 necnon
862 2269 969 2300 omnia
996 2268 1060 2300 alia
1090 2272 1123 2300 et
1149 2267 1290 2310 singula,
1319 2270 1415 2309 prout
1441 2266 1555 2299 moriss
1577 2270 1610 2298 et
1632 2267 1886 2300 consuetudinis‘
1906 2272 1965 2309 est,

320 2329 392 2350 cum
415 2319 706 2361 sollempnitatibus
736 2321 767 2351 in
791 2320 908 2352 talibus
932 2320 1079 2352 adhiberi
1103 2321 1262 2351 consuetis
1285 2319 1422 2361 benigne
1446 2320 1676 2360 impensurus&
1720 2320 1873 2362 Alioquin
1897 2321 1965 2362 ipse

320 2370 405 2401 circa
435 2381 606 2412 personam
635 2371 779 2404 eiusdem
812 2372 909 2404 electi
937 2371 1007 2403 loco
1038 2375 1071 2403 et
1099 2375 1246 2414 tempore
1276 2371 1446 2403 antedictis
1474 2370 1622 2413 predicta
1643 2371 1750 2402 omnia
1774 2374 1807 2403 et
1829 2371 1965 2414 singula,

319 2425 415 2463 prout
445 2422 506 2453 sibi
536 2426 568 2454 et
598 2423 734 2455 ecclesie
762 2435 818 2455 suc
841 2424 955 2456 honori
978 2424 1107 2455 sciverit
1130 2434 1171 2455 ex
1195 2423 1304 2455 debito
1328 2423 1513 2463 convenire,
1536 2422 1756 2454 favorabiliter
1777 2423 1965 2465 impendere

320 2473 452 2505 curabit.
498 2473 694 2506 Promittens
723 2478 828 2507 ratum
853 2479 886 2507 et
908 2479 1034 2517 gratum
1062 2475 1188 2517 plenius
1210 2475 1331 2508 habere
1355 2474 1511 2517 quidquid
1533 2485 1590 2516 per
1613 2475 1732 2506 dictum
1749 2474 1966 2509 Wernherum

320 2528 427 2556 actum
451 2528 484 2557 et
506 2530 710 2568 procuratum
735 2527 831 2559 fuerit
853 2529 884 2559 in
908 2528 1080 2569 premissis.

424 2601 487 2628 121.
514 2604 540 2635 ¹³)
559 2605 627 2629 deest
645 2604 668 2630 2.
771 2604 795 2638 ⁰)
814 2606 896 2631 dicto
915 2606 976 2631 add.
995 2605 1019 2631 2.
1124 2604 1149 2638 1³)
1166 2605 1353 2637 Gendolfingen
1372 2603 1396 2630 2.
1503 2603 1527 2636 q)
1546 2604 1654 2630 Theton.
1673 2603 1698 2630 2.
1797 2604 1819 2637 ²¹)
1837 2605 1918 2632 Hem.
1937 2603 1961 2631 2.

319 2643 341 2678 ⁸)
360 2645 486 2678 Spanhem
505 2645 528 2671 2.
617 2648 635 2679 t)
654 2649 778 2674 domino
797 2649 859 2674 add.
877 2649 901 2675 2.

315 2739 318 2742 ι
423 2700 486 2728 122.
514 2702 538 2733 ²)
556 2703 627 2729 Jher.
646 2703 671 2730 2,
747 2704 771 2737 b)
790 2706 822 2730 in
839 2706 966 2731 Christo
985 2705 1047 2730 add.
1066 2704 1091 2730 2.
1161 2703 1184 2738 ⁰)
1203 2706 1282 2730 Henr.
1302 2703 1327 2730 2.
1398 2702 1422 2737 d)
1441 2704 1578 2735 voluerint,
1596 2704 1726 2737 potuerint
1744 2708 1770 2730 et
1787 2704 1922 2730 debuerint
1939 2703 1964 2730 2.

320 2744 344 2776 ⁰)
363 2745 399 2769 ad
418 2745 476 2770 hoc
494 2745 556 2771 add.
575 2745 599 2771 2.
687 2747 707 2780 f)
726 2749 847 2774 moris—
858 2757 887 2774 co
905 2749 933 2774 in
951 2749 1005 2774 loco
1023 2757 1084 2773 ‘raso
1103 2747 1127 2773 2.
1217 2746 1242 2780 Β)
1260 2748 1425 2781 impositurus
1443 2747 1511 2772 male
1530 2747 1552 2772 l.

425 2804 449 2837 1)
469 2804 559 2838 &apra
577 2813 619 2833 nr.
633 2810 692 2833 102.
711 2811 769 2834 103.

1983 742 2008 762 10

1985 1135 2008 1154 16

1984 1658 2009 1677 ’b

1985 1917 2013 1936 ³⁰

1984 2175 2010 2195 88

1983 2434 2010 2453 40

1982 2716 2008 2735 45
