2158 3138
0 2448 3 2453 ν
0 2440 2 2442 <
0 2428 4 2433 ι
0 2403 2 2414 v·
0 1811 16 2387 v--v-vrwtfw-W--vW—u-„w-§ae

150 1602 176 1623 25

144 2670 172 2690 ⁴³

433 148 529 177 ACTA
547 137 663 177 amm
683 149 867 178 LUDEWICI
888 150 936 178 1v.
955 150 1002 178 m·
1020 150 1207 180 Ffflnssmcl
1227 153 1276 181 111.
1315 154 1388 181 1814.
1425 154 1473 182 Nr.
1486 157 1544 184 118.
1566 158 1622 185 119.
1801 164 1859 194 117

312 234 355 268 Et
383 246 444 278 ego
473 236 661 268 'l'ilmannus
692 235 796 268 dictus
823 236 864 268 de
893 235 988 268 Unna
1016 237 1164 279 publicus
1191 240 1384 272 auctoritate
1413 241 1572 283 imperiali
1603 245 1759 286 notarius,
1784 247 1861 287 quia

203 286 310 319 officio
344 288 508 320 unccionis
548 291 582 320 et
618 288 838 320 coronacionis
876 288 1094 330 predictarum
1132 299 1191 331 per
1225 290 1345 323 dictum
1379 291 1542 324 dominum
1581 294 1858 339 archiepiscopum

201 338 428 371 Goloniensem
462 338 495 371 in
530 349 669 381 persona
703 340 900 371 serenissimi
933 339 1054 372 domini
1089 340 1254 373 Frederici
1288 343 1508 376 Romanorum
1536 347 1622 387 regis
1651 347 1808 380 factarum
1840 360 1859 380 a

202 390 358 432 principio
381 399 484 432 usque
507 390 540 421 in
563 389 660 422 finem
684 401 817 432 presens
840 391 980 432 interfui,
1004 402 1044 423 ea
1067 402 1130 434 que
1154 393 1186 424 in
1210 393 1332 426 eisdem
1353 394 1534 436 agebantur
1549 397 1772 440 sollempniter
1794 401 1859 432 vidi

203 443 236 473 et
258 440 367 473 audivi
395 441 440 473 sic
470 443 544 473 acta
569 451 640 473 esse
663 451 735 473 cum
760 441 896 474 testibus
919 442 1104 484 antedictis,
1134 443 1175 475 ad
1198 445 1384 477 mandatum
1414 450 1447 478 et
1470 448 1715 489 requisicionem
1741 451 1859 492 prefati

202 491 323 524 domini
345 491 482 524 Henriei
505 491 741 535 archiepiscopi
765 492 967 525 Coloniensis
990 503 1124 535 presens
1147 495 1391 528 instrumentum
1417 508 1459 529 cx
1483 498 1604 531 eisdem
1623 501 1746 533 confeci
1771 507 1804 534 et
1827 503 1858 534 in

202 543 286 575 hanc
315 542 478 585 publicam
510 542 649 575 formam
676 543 736 575 sub
759 554 843 576 anno
866 544 1014 585 Domini,
1042 544 1222 578 indiccione
1253 551 1287 578 et
1314 547 1366 580 die
1395 549 1549 590 predictis
1578 550 1690 593 redegi
1718 563 1858 595 meoque

199 594 291 637 signo
315 597 470 626 consueto
494 594 628 636 signavi,
653 598 785 627 vocatus
808 595 850 627 ad
873 595 935 627 hoc
958 595 1144 637 specialiter
1167 601 1200 629 et
1222 602 1362 640 rogatus.

964 645 1011 688 (S.
1035 646 1090 689 N.)

463 751 545 787 119.
585 751 762 797 Scriptwm
789 751 986 788 civitatibus
1011 753 1146 798 imperii
1171 754 1323 789 missum.
1430 756 1522 792 Nov.
1543 760 1604 794 26.

287 824 484 864 «Εωθηῳῑαν
514 827 528 856 1
562 825 685 857 civitati
713 825 970 867 Norimberyensi
1003 826 1157 859 directum
1190 828 1424 868 autoyraphum
1457 831 1494 862 in
1527 832 1686 865 tabulario
1718 834 1858 874 ymerali

198 876 288 918 reyni
320 876 487 909 Bawarici
517 876 731 909 ‘Reichsstadt
758 877 928 918 Niirnbery
959 877 1140 919 Nachtriiye
1172 879 1252 918 fasc.
1273 880 1311 911 9’.
1361 879 1597 921 Descripsimus
1629 894 1695 915 nos.
1751 885 1857 925 Siyilli

199 927 291 960 dorso
319 928 466 968 impressi
500 928 631 969 vesti-qia
663 931 830 969 apparent.
930 929 1106 969 Exemplar
1133 932 1152 962 2
1185 931 1309 962 civitati
1338 931 1574 965 Gonstantiensi
1604 935 1735 967 missum
1762 939 1855 968 auto-

195 978 354 1020 stapham
386 980 423 1012 in
456 978 618 1012 tabulario
651 979 879 1012 Karlsruhano
913 980 1305 1014 ‘Konstanz-Reichenau
1339 983 1437 1023 Spec!
1471 995 1521 1016 nr.
1547 986 1622 1017 208.
1678 985 1856 1028 Desa-ipsit

199 1030 242 1062 A.
257 1029 493 1071 Werminyhoff.
549 1031 633 1063 Item
666 1031 797 1072 vestiyia
829 1030 927 1072 siqilli
958 1032 1087 1064 adsunt.
1122 1051 1166 1056 —
1198 1033 1262 1065 Ed.
1286 1034 1442 1067 Harnack
1474 1036 1854 1079 ‘Kurfssrstencolleqium’

193 1082 308 1123 12246
330 1093 380 1114 nr.
397 1084 418 1114 6
439 1093 479 1115 ex
504 1086 530 1115 Ι.

305 1142 452 1181 Biihmer,
476 1142 552 1184 1309.
576 1142 690 1175 Ludw.
709 1153 745 1183 p.
761 1143 826 1174 239
850 1142 1080 1175 Reichssachen
1102 1154 1151 1176 nr.
1167 1146 1220 1178 45.

303 1228 476 1260 Heinricus
503 1221 573 1261 Dei*
594 1229 699 1270 gratia
727 1232 838 1260 sancte
869 1228 1071 1261 Coloniensis
1095 1231 1231 1262 ecclesie
1255 1231 1517 1274 archiepiscopus
1539 1234 1622 1265 sacri
1645 1235 1772 1276 imperii
1795 1246 1854 1277 per

196 1278 326 1312 Italiam
355 1279 658 1312 archicancellarius
746 1280 957 1322 prudentibus
989 1282 1064 1312 viris
1095 1306 1129 1313 ..
1158 1283 1342 1314 consulibus
1371 1287 1405 1315 et
1438 1285 1639 1316 universitati
1674 1287 1789 1318 civium
1821 1288 1851 1318 in

197 1330 411 1374 Nurenberg·
499 1331 637 1364 salutem
661 1335 695 1364 et
716 1333 876 1364 sincerum
900 1332 1061 1364 affectum.

303 1387 396 1419 Alias
423 1397 467 1419 ex
494 1390 586 1430 parte
614 1388 809 1420 serenissimi
837 1388 958 1420 domini
993 1389 1093 1420 nostri
1126 1389 1246 1421 domini
1274 1390 1459 1432 Frid(erici)
1487 1391 1736 1435 Rom(anorum)
1766 1395 1851 1436 regis

195 1441 270 1470 tunc
300 1438 417 1471 eleotib
446 1450 466 1471 a
492 1439 584 1471 nobis
612 1440 730 1481 petito,
758 1443 794 1471 ut
821 1449 894 1471 cum
922 1440 983 1471 rite
1016 1441 1046 1471 in
1071 1440 1319 1482 Rom(anorum)
1344 1453 1454 1484 regem
1478 1443 1601 1475 electus
1624 1448 1723 1485 esset,
1747 1446 1849 1487 ipsum

194 1500 316 1533 ungere
348 1493 381 1522 et
410 1500 583 1531 coronare,
612 1494 709 1533 prout
731 1491 829 1522 officii
853 1492 953 1522 nostri
978 1492 1134 1523 existeret
1157 1492 1321 1533 debitum,
1345 1503 1531 1526 curaremus
1561 1499 1594 1526 et
1616 1506 1656 1527 ne
1679 1497 1711 1527 in
1734 1496 1850 1528 eadem

195 1542 408 1574 coronacione
424 1552 597 1584 perperam
613 1542 791 1585 procedere
809 1542 1004 1584 videremur,
1021 1553 1133 1575 omnes
1157 1544 1183 1575 si
1206 1545 1260 1586 qui
1278 1544 1392 1586 forent,
1416 1546 1471 1587 qui
1487 1548 1688 1578 coronacioni
1706 1547 1849 1580 eiusdem

195 1603 231 1626 se
259 1594 448 1636 opposuisse
477 1593 654 1626 voluissent
690 1594 720 1625 in
752 1595 862 1636 specie
894 1598 927 1626 et
953 1595 984 1626 in
1013 1605 1150 1636 genere,
1179 1596 1308 1627 vocari⁰
1334 1598 1554 1638 peremptorie
1584 1598 1717 1631 fecimus
1741 1610 1850 1631 coram

195 1645 298 1687 nobis,
320 1646 448 1678 interim
474 1646 574 1677 etiam
597 1647 683 1678 cives
705 1646 876 1688 Aquenses
899 1647 1109 1688 requirentes,
1133 1649 1169 1678 ut
1191 1657 1249 1678 nos
1272 1648 1518 1680 intromisissent
1539 1649 1580 1681 ad
1604 1652 1849 1683 coronacionem

195 1696 333 1729 eandem
368 1696 551 1732 faciendam
584 1698 707 1739 Aquis,
734 1702 770 1729 ut
801 1701 850 1729 est
877 1698 985 1730 moris.
1031 1697 1074 1729 Et
1105 1699 1181 1740 quia
1209 1699 1306 1730 nichil
1335 1710 1354 1731 a
1384 1710 1562 1742 quoquam,
1587 1702 1673 1743 quod
1705 1703 1850 1736 ciusdem

194 1747 315 1780 domini
338 1750 438 1781 nostri
462 1750 709 1781 coronacionem
731 1749 891 1791 impedire
914 1749 1110 1791 videretur³‚
1133 1751 1333 1792 propositum
1358 1752 1482 1782 exstitit
1505 1751 1556 1783 vel
1579 1752 1740 1786 obiectum
1765 1755 1849 1787 elec-

195 1800 384 1843 cionemque
413 1811 505 1833 suam
535 1802 715 1833 invenimus
744 1802 805 1832 rite
830 1802 966 1842 factam,
990 1812 1030 1833 ne
1055 1801 1096 1833 ob
1121 1801 1280 1833 dictorum
1308 1803 1424 1834 civium
1447 1804 1693 1846 Aquen(sium),
1722 1807 1775 1848 qui
1803 1808 1848 1838 sic

194 1852 341 1894 requisiti
370 1863 429 1884 nos
456 1853 671 1885 intromittere
700 1853 902 1895 improvide⁸
925 1857 1129 1894 recusarunt,
1152 1853 1362 1886 rebellionem
1391 1864 1428 1886 ac
1455 1856 1537 1886 sacri
1559 1855 1698 1888 Romani
1722 1858 1848 1899 imperii

193 1906 228 1934 et
258 1903 455 1946 reipublice,
489 1905 587 1936 immo
622 1905 725 1936 tocius
760 1904 1003 1936 christianitatis
1038 1904 1241 1946 dispendium
1277 1906 1446 1937 coronacio
1480 1906 1595 1938 eadem
1622 1907 1694 1949 plus
1720 1908 1850 1941 debito'

193 1954 387 1997 differretur,
410 1956 515 1998 ipsum
539 1956 704 1988 dominum
721 1956 952 1999 Frid(ericum)
976 1957 1008 1987 in
1032 1956 1084 1988 die
1108 1956 1204 1988 beate
1220 1956 1398 1988 Katherine
1415 1958 1546 1999 virginis
1569 1959 1599 1989 in
1624 1959 1720 2001 opido
1737 1965 1845 1992 nostro
1860 1973 1959 1995 Novas.

191 2005 366 2046 Bunnensi,
391 2007 478 2050 quod
502 2011 552 2039 est
574 2008 659 2039 infra
680 2011 824 2039 nostram
842 2008 1016 2049 dyocesim,
1041 2008 1252 2050 coepiscopis,
1275 2008 1436 2039 nobilibus
1459 2013 1492 2040 et
1514 2011 1699 2051 proceribus
1721 2013 1847 2054 imperii

193 2060 227 2088 et
253 2059 369 2090 nostris
396 2059 614 2100 presentibus,
644 2060 677 2091 in
705 2059 925 2091 Romanorum
949 2070 1061 2101 regem
1085 2060 1235 2091 unximus
1259 2063 1292 2091 et
1313 2061 1537 2092 coronavimus
1565 2072 1636 2093 eum
1660 2063 1846 2105 sollempni-

193 2108 313 2141 tatibus
345 2109 463 2142 debitis
492 2114 526 2142 et
556 2111 732 2151 consuetis,
764 2121 803 2142 eo
833 2111 920 2153 quod
944 2112 1116 2143 coronacio
1138 2111 1278 2142 Romani
1300 2112 1387 2154 regis
1409 2112 1528 2144 nedum
1551 2114 1669 2155 Aquis,
1694 2115 1792 2146 immo
1815 2116 1846 2146 in

192 2159 301 2203 aliquo
324 2161 469 2194 locorum
492 2173 589 2205 quem
612 2162 654 2194 ad
678 2162 738 2194 hoc
762 2162 957 2204 elegerimus
980 2163 1064 2194 infra
1087 2166 1229 2194 nostram
1252 2162 1415 2204 dyocesim
1432 2163 1484 2195 vel
1506 2166 1703 2206 provinciam
1727 2177 1746 2198 a
1769 2167 1846 2198 sede

191 2213 372 2254 apostolica
393 2213 426 2245 in
451 2213 602 2256 specialis
625 2215 831 2256 prerogative
855 2214 1009 2246 indicium
1040 2214 1134 2246 nobis
1164 2218 1198 2246 et
1219 2214 1464 2257 archiepiscopo
1487 2215 1671 2248 Coloniensi
1695 2219 1846 2250 existenti

189 2273 248 2305 pro
272 2267 419 2307 tempore
444 2268 493 2298 est
515 2266 682 2307 permissa,
707 2266 747 2298 de
772 2271 859 2309 quo‘¹
881 2266 1006 2298 litteras
1022 2267 1218 2308 apostolicas
1233 2267 1293 2299 sub
1309 2267 1394 2298 veris
1410 2267 1482 2298 stilo
1505 2271 1538 2299 et
1553 2267 1641 2299 bulla
1658 2269 1814 2301 habemus
1824 2270 1845 2311 ¹,

191 2325 271 2357 quas
295 2319 370 2348 ante
393 2317 641 2349 coronacionem
670 2321 703 2349 et
731 2318 763 2349 in
787 2317 919 2358 eadem,
947 2329 987 2349 ne
1014 2322 1148 2360 propter
1169 2319 1385 2350 mutacionem
1408 2318 1471 2350 loci
1494 2319 1654 2360 Aquensis
1677 2322 1845 2357 coronacio

192 2367 263 2408 ipsa
285 2368 390 2399 minus
413 2368 521 2400 valida
543 2379 564 2400 a
587 2379 750 2411 quoquam
774 2372 952 2411 putaretur.
969 2369 1104 2401 fecimus
1121 2370 1207 2402 clero
1224 2374 1257 2402 et
1273 2370 1392 2412 populo
1410 2371 1612 2412 presentibus
1628 2375 1694 2403 tam
1711 2371 1845 2404 Colonie

191 2428 286 2460 quam
310 2418 424 2451 Bunne
448 2419 671 2462 sollempniter
694 2420 862 2462 publicari.
909 2421 1014 2457 Quam
1038 2422 1283 2453 coronacionem
1307 2422 1352 2453 sio
1375 2422 1435 2453 rite
1459 2432 1518 2463 per
1533 2433 1591 2453 nos
1614 2423 1731 2455 factam
1755 2425 1845 2456 vobis

190 2469 384 2511 intimamus,
407 2475 560 2513 rogantes
584 2475 618 2504 et
640 2473 852 2514 requirentes,
877 2473 1026 2514 quatinus
1049 2483 1120 2504 curn
1138 2473 1238 2510 vobis,
1262 2474 1360 2504 immo
1377 2473 1532 2505 universis
1547 2475 1707 2506 notorium
1729 2476 1779 2515 sit,
1803 2475 1844 2507 ad

189 2531 248 2553 nos
283 2524 316 2553 et
348 2532 412 2554 non
446 2522 488 2554 ad
523 2523 620 2555 alium
652 2523 778 2565 prefate
809 2525 1028 2556 coronacionis
1062 2524 1203 2556 officium
1235 2525 1414 2566 pertinere,
1437 2524 1523 2556 dicto
1554 2525 1683 2557 domino
1714 2527 1844 2558 nostr-0¹²

189 2571 382 2615 Frid(erioo)
411 2573 632 2606 Romanorum
661 2575 732 2617 regi
761 2575 806 2606 sic
830 2585 889 2617 per
910 2586 969 2607 nos
992 2575 1052 2607 rite
1077 2579 1109 2607 et
1132 2576 1285 2607 canonice
1309 2579 1462 2607 coronato
1493 2575 1653 2608 obediatis
1681 2582 1713 2609 et
1741 2579 1842 2609 inten—

295 2657 360 2684 119·
387 2658 412 2691 ⁸)
431 2660 621 2686 Constantia
647 2660 671 2687 2.
778 2660 803 2692 Ιθ)
827 2661 908 2687 electo
935 2661 959 2687 2.
1065 2661 1088 2693 ⁰)
1112 2662 1242 2694 praecedit
1270 2662 1357 2687 vocari
1384 2661 1457 2687 delet.
1489 2662 1510 2687 l.
1617 2662 1642 2694 d)
1667 2664 1796 2688 deberet
1817 2663 1842 2688 2.

189 2699 213 2734 ο)
232 2701 366 2734 inprovide
383 2701 407 2727 2.
427 2713 430 2717 ⁴
497 2701 517 2734 ἲ)
535 2710 617 2735 mpra
635 2703 730 2729 lineam
747 2704 810 2730 add.
832 2704 854 2730 Ι.
942 2704 967 2735 Β)
985 2704 1060 2737 qua!
1080 2704 1102 2729 1.
1191 2703 1217 2737 h)
1234 2705 1359 2730 domino
1377 2705 1439 2730 add.
1458 2705 1483 2730 2.

293 2764 320 2796 1)
341 2763 382 2797 Os.
397 2771 464 2799 pay.
480 2767 526 2791 116
542 2767 596 2792 not.
610 2770 630 2793 1.
