2184 3126
378 208 475 236 ACTA
493 208 607 237 REGM
625 207 810 236 LUDEWICI
828 207 876 236 IV.
895 207 941 236 ΕΤ
961 207 1145 236 FRIDEBICI
1165 209 1214 236 111.
1251 208 1327 237 1324.
1362 209 1410 237 Nr.
1423 210 1483 238 984.
1501 210 1561 238 985.
1579 210 1639 238 986.
1776 213 1839 245 823

183 307 282 339 quam
309 297 420 338 posset
446 295 600 327 molestus
631 295 770 328 existere
800 305 859 327 nec
889 297 1008 327 terram
1038 297 1127 327 tuam
1156 295 1254 328 aliam
1282 295 1474 338 perturbare
1503 296 1654 339 quodque
1682 298 1840 340 premissa

183 346 374 380 intendebas
397 347 466 389 regi
489 347 636 389 prefato·
658 346 795 379 Francis
822 346 974 378 nunciare
1003 349 1036 378 et
1058 346 1100 379 de
1124 347 1193 379 eius
1216 348 1336 390 exequi
1358 347 1538 385 voluntate,
1562 359 1621 381 nos
1644 350 1700 391 qui
1723 350 1754 381 in
1778 349 1839 381 hiis

183 402 217 431 et
239 399 310 431 aliis
334 398 482 431 obtamus
496 397 824 440 irreprehensibiliter
845 401 878 430 te
902 397 1034 439 habere,
1058 401 1114 431 tue
1130 395 1411 442 circumspectioni
1426 400 1571 442 provide,
1595 411 1658 443 que
1681 402 1839 443 premissa

183 453 292 493 potest
314 451 433 482 certius
449 460 582 482 noscere
598 460 637 482 ac
652 459 750 492 super
771 449 849 492 ipsis
871 449 998 492 plenius
1019 450 1201 492 providere,
1225 451 1445 494 relinquimus,
1468 455 1504 483 ut
1526 452 1552 484 si
1568 451 1666 485 modo
1683 454 1839 495 premisso

151 513 164 533 s
182 502 235 534 via
258 504 344 534 tacta
367 501 470 543 possit
491 502 660 543 prosequi,
688 501 792 543 ipsam
820 501 972 543 prosequi
1000 501 1132 533 studeas
1155 505 1188 534 et
1210 502 1360 544 provide,
1384 506 1539 545 quantum
1567 503 1610 535 ad
1632 507 1664 536 te
1687 505 1839 546 pertinet,

183 552 373 595 adimplere.
423 553 509 585 Ante
533 554 640 585 omnia
662 553 861 595 provisurus,
890 562 931 584 ne
954 562 1027 584 cum
1050 552 1136 585 dicto
1160 553 1342 594 Ludovico,
1366 555 1420 596 qui
1442 555 1525 596 iure,
1554 555 1581 587 si
1604 554 1692 598 quod
1713 555 1775 588 sibi
1798 567 1839 589 ex

184 604 343 637 electione
367 614 425 636 sua
448 605 607 646 quesitum
636 603 756 646 fuerat,
785 604 852 636 suis
883 603 1048 636 demeritis
1075 605 1280 646 exigentibus
1309 609 1359 637 est
1386 606 1530 648 privatus
1557 617 1595 639 ac
1621 607 1749 639 vinculo
1781 619 1839 641 ex-

184 655 482 689 communicationis
505 657 664 688 sententie
688 655 874 695 innodatus,
904 655 994 687 velut
1022 666 1095 687 cum
1118 666 1196 698 rege
1219 655 1440 690 Romanorum
1463 658 1514 690 vel
1544 658 1577 691 in
1599 669 1712 701 regem
1734 660 1839 692 electo

184 707 227 740 ad
249 707 405 750 premissa
428 706 604 750 procedas,
628 717 699 739 cum
722 717 782 749 per
803 717 974 749 processus
995 710 1132 748 nostros,
1155 708 1237 740 sicut
1260 711 1292 740 te
1315 718 1409 741 nosse
1432 708 1603 748 credimus,
1627 714 1739 743 contra
1762 712 1840 744 talia

141 769 166 790 ιο
183 761 407 802 presumentes
430 769 513 800 pene
537 760 624 791 varie
647 759 710 790 sint
731 759 861 791 inflicto.

291 809 367 843 Dat.
385 810 581 851 Avin(ione),
604 810 712 843 XVII.
729 810 803 842 Kal.
821 809 980 852 Octobris,
1003 820 1087 843 anno
1110 821 1204 843 nono.

576 923 578 925 '
623 916 711 954 985.
752 916 908 953 Litterae
936 916 1075 953 alterae.
1181 916 1295 964 (Sept.
1315 918 1399 961 15.)

295 990 393 1031 Copia
416 990 471 1033 (c.)
495 990 608 1022 ibidem
630 989 650 1022 l.
667 1001 691 1023 e.
714 990 768 1030 fol.
784 992 826 1022 41
849 1001 898 1024 nr.
914 992 988 1023 330.
1036 990 1236 1024 Contulimus
1258 1002 1324 1024 nos.
1348 1010 1390 1016 —
1413 992 1476 1024 Ed.
1500 992 1624 1026 Riezler
1646 993 1665 1026 l.
1680 1005 1705 1027 e.
1725 1006 1760 1037 p.
1777 996 1840 1027 189

183 1053 234 1075 nr.
249 1042 314 1074 396
335 1044 398 1074 not.
412 1043 430 1073 1
454 1052 493 1074 ex
515 1052 541 1074 c.

141 1126 166 1146 ιο
292 1114 388 1147 Dicto
412 1114 561 1156 Lipaldo.

290 1165 341 1198 De
357 1165 428 1206 hiis,
453 1176 515 1208 que
531 1165 624 1198 nobis
640 1165 747 1198 littera
763 1176 859 1198 manu
881 1168 937 1198 tua
959 1167 1078 1209 scripta
1098 1166 1159 1199 hiis
1175 1167 1289 1200 diebus
1311 1167 1449 1200 innotuit
1472 1172 1505 1200 et
1527 1169 1642 1202 cedula
1658 1170 1841 1210 interclusa,

183 1217 256 1259 tibi,
290 1217 350 1258 fili,
384 1218 560 1260 gratiarum
595 1217 766 1250 referimus
799 1217 993 1261 multiplices
1019 1219 1173 1251 actiones.
1235 1219 1398 1257 Quantum
1427 1224 1535 1253 autem
1565 1221 1635 1262 illa,
1670 1232 1733 1264 que
1764 1222 1842 1254 fecit

145 1311 147 1313 ι
184 1270 361 1302 communis
378 1269 512 1309 emulus,
537 1269 597 1301 sibi
613 1269 768 1312 proficere
785 1272 1005 1312 quantumque
1021 1269 1113 1302 vobis
1129 1270 1260 1303 officere
1276 1271 1415 1312 valeant,
1439 1275 1539 1314 tuam,
1563 1276 1598 1305 ut
1613 1273 1694 1305 alias
1710 1274 1840 1316 scripsi-

182 1331 264 1362 mus,
281 1320 440 1353 credimus
453 1320 658 1363 prudentiam
674 1331 737 1353 non
752 1321 864 1354 latere.
899 1321 938 1353 In
953 1321 1014 1353 hiis
1026 1324 1146 1363 autem,
1163 1333 1226 1365 que
1243 1333 1302 1365 per
1317 1322 1399 1363 illos,
1416 1334 1553 1366 quorum
1569 1325 1683 1368 recipit
1698 1326 1840 1365 nuncios,

139 1383 167 1404 so
185 1372 302 1405 dicitur
323 1383 512 1415 procurare,
536 1383 601 1404 non
624 1376 674 1404 est
697 1371 843 1414 dubium,
866 1373 1040 1405 mentietur
1062 1374 1214 1415 iniquitas
1236 1374 1307 1406 sibi.
1356 1374 1408 1407 De
1435 1376 1506 1417 ipso
1529 1379 1639 1408 autem
1667 1376 1757 1409 aliud
1779 1388 1841 1409 non

183 1424 346 1465 videmus,
369 1425 430 1456 nisi
454 1424 540 1466 quod
562 1424 652 1456 velut
674 1424 771 1456 homo
794 1425 827 1456 in
850 1424 1011 1467 profundo
1034 1425 1194 1458 malorum
1217 1427 1341 1468 positus
1364 1430 1397 1459 et
1419 1437 1440 1458 a
1462 1427 1534 1459 Deo
1557 1438 1686 1470 prorsus
1709 1433 1843 1471 propter

183 1487 241 1509 sua
264 1476 424 1509 demerita
447 1476 620 1508 derelictus
643 1475 685 1507 ad
701 1475 892 1509 celeriorem
915 1477 1040 1509 ruinam
1064 1488 1155 1510 suam
1171 1488 1206 1510 se
1222 1481 1376 1520 preparet
1399 1481 1432 1511 et
1455 1478 1615 1521 disponat.
1660 1480 1733 1513 Heu
1756 1482 1842 1512 enim

183 1531 302 1571 agente
325 1528 397 1560 Deo
421 1529 489 1560 sine
512 1527 584 1559 aliis
606 1528 711 1570 ipsum
734 1528 821 1560 omni
848 1527 971 1561 honore
1000 1529 1168 1571 indignum
1195 1529 1335 1562 reddunt
1361 1530 1504 1572 apertius
1531 1534 1564 1563 et
1592 1532 1678 1563 omni
1702 1542 1786 1574 pena
1810 1536 1843 1564 et

184 1579 372 1615 confusione
395 1582 554 1621 perpetua
570 1579 638 1611 fore
655 1578 787 1622 dignum
804 1579 972 1612 evidenter
988 1580 1170 1613 ostendunt.
1217 1580 1304 1613 Cave
1327 1581 1397 1622 tibi,
1420 1582 1475 1622 fili,
1498 1593 1539 1614 ne
1563 1586 1595 1615 te
1619 1593 1691 1616 oum
1715 1583 1842 1616 humili-

138 1642 165 1664 as
184 1634 250 1664 tate
273 1631 348 1664 ficta
371 1631 512 1673 decipiat
535 1641 594 1662 nec
618 1641 688 1663 cum
713 1631 803 1663 vanis
825 1631 1090 1673 promissionibus
1113 1635 1145 1664 te
1168 1632 1311 1665 seducat.
1356 1633 1430 1675 Age
1447 1634 1590 1675 viriliter,
1615 1634 1691 1668 dum
1715 1639 1843 1679 tempus

182 1683 300 1725 habes,
332 1686 365 1715 et
394 1685 517 1714 attente
549 1682 731 1723 considera,
762 1682 839 1725 quid
868 1683 939 1725 ipse
972 1687 1083 1715 contra
1105 1687 1232 1726 ageret,
1267 1685 1294 1716 si
1317 1684 1379 1716 sibi
1402 1685 1598 1727 possibilitas
1621 1687 1842 1729 responderet.

184 1735 358 1778 Speremus
382 1735 468 1766 enim
490 1733 632 1774 indubie,
656 1734 742 1776 quod
763 1734 821 1766 tibi
845 1735 974 1767 assistet
990 1735 1228 1778 Omnipotentis
1245 1736 1381 1768 dextera
1397 1747 1435 1768 ac
1451 1741 1561 1770 sancte
1578 1739 1689 1770 matris
1705 1739 1843 1771 ecclesie

183 1787 295 1819 favore
318 1779 471 1818 munieris
494 1787 643 1818 continue
668 1789 702 1818 et
723 1787 871 1829 potentia
894 1787 1046 1819 hileieris.
1092 1787 1196 1830 Super
1218 1788 1377 1820 nonnullis
1393 1799 1465 1820 cum
1485 1790 1608 1822 nunciis
1630 1791 1693 1822 tuis
1708 1791 1844 1823 contuli-

183 1849 265 1880 mus,
289 1848 352 1880 que
376 1837 433 1870 tibi
458 1837 579 1870 debent
603 1848 769 1880 exponere
792 1848 830 1870 ao
854 1841 943 1872 tuum
966 1838 1059 1870 nobis
1082 1849 1272 1881 responsum
1294 1851 1392 1882 super
1413 1840 1475 1872 hiis
1497 1851 1681 1883 procurare.
1730 1842 1844 1875 Gratia

139 1901 166 1921 ω
183 1889 315 1922 Domini
337 1890 379 1922 sit
402 1893 508 1922 tecum
531 1899 627 1922 amen
637 1891 659 1922 ².

518 2005 605 2041 986.
647 2004 804 2041 Litterae
835 2006 882 2040 ad
907 2016 1018 2052 reqem
1046 2006 1236 2042 Franciae.
1343 2005 1435 2052 Sept.
1455 2008 1515 2042 21.

294 2077 393 2120 Copia
419 2078 477 2121 (c.)
506 2078 618 2110 ibidem
647 2078 667 2111 l.
688 2089 714 2111 e.
746 2078 800 2119 fol.
823 2081 852 2110 1¹
875 2089 926 2111 nr.
942 2080 973 2111 8.
1031 2079 1231 2113 Contulimus
1259 2090 1326 2113 nos.
1363 2099 1401 2104 —
1436 2079 1634 2114 Decureaeas
1656 2082 1703 2115 ed.
1720 2081 1847 2115 Riezler

183 2129 203 2163 l.
219 2140 246 2163 c.
263 2140 300 2171 p.
317 2131 379 2162 191
402 2141 452 2163 nr.
467 2131 532 2162 400
554 2141 593 2162 ex
615 2141 642 2163 c.

139 2265 166 2286 ss
290 2203 546 2298 {ganamt-Egi·
561 2254 734 2295 celsitudo,
763 2254 849 2298 quod
873 2255 927 2287 dil.
946 2255 988 2287 fil.
1019 2255 1138 2288 nobilis
1166 2257 1214 2288 vir
1236 2257 1418 2300 Lippoldus
1446 2257 1513 2290 dux
1536 2258 1666 2291 Austrie
1694 2262 1727 2291 et
1749 2258 1845 2291 Stirie

185 2305 239 2338 dil.
261 2305 344 2339 filios
365 2306 556 2339 Nicholaum
581 2306 622 2338 de
638 2307 846 2339 Vrowenvelt
875 2310 908 2339 et
936 2306 1143 2340 Fredericum
1173 2307 1214 2340 de
1243 2308 1456 2352 Ravesburg·
1489 2310 1660 2342 canonicos
1687 2309 1845 2343 Constan-

284 2373 350 2403 ⁹84.
376 2377 400 2408 ⁸)
419 2376 531 2410 nequitur
548 2385 579 2403 co
597 2377 670 2404 delet.
689 2386 710 2403 c.

285 2423 354 2454 ⁹88.
380 2427 404 2460 ⁸)
421 2428 570 2454 Raveaburs
587 2437 608 2454 c.

287 2485 313 2520 1)
332 2485 370 2513 In
386 2486 561 2515 mandatione
574 2488 702 2522 ponimus
721 2488 841 2516 Nomius
859 2497 893 2516 ex
908 2488 994 2515 Libris
1012 2489 1156 2516 ‘Ina-ofitus
1171 2492 1196 2516 et
1214 2489 1316 2516 exienoe’
1335 2491 1397 2517 tom.
1409 2492 1444 2516 65
1460 2489 1508 2523 fol.
1523 2493 1552 2517 71
1569 2489 1702 2517 tabularii
1716 2489 1846 2517 Vaticani

140 2539 167 2558 ιο
187 2527 346 2563 dammas.-

290 2570 340 2600 Die
358 2571 421 2600 1111.
434 2572 605 2608 Septembris
618 2573 652 2602 de
665 2574 798 2602 mandato
810 2574 916 2602 domini
934 2574 1022 2602 nostri
1036 2583 1110 2611 pape
1123 2575 1290 2603 tradidimus
1308 2578 1337 2603 et
1357 2575 1563 2603 numeravimus
1581 2576 1663 2604 fratri
1676 2576 1797 2604 Iohanni
1811 2577 1845 2604 de

186 2613 316 2642 Rorbach
328 2613 428 2642 lectori
439 2618 593 2644 conventus
605 2616 754 2644 Bernensis
766 2617 801 2645 ds
813 2618 990 2649 Alamannia,
1009 2618 1058 2652 qui
1071 2618 1170 2646 missus
1182 2619 1275 2647 fuerat
1293 2618 1330 2646 ad
1345 2618 1488 2646 dominum
1501 2621 1627 2647 nostrum
1640 2628 1691 2654 per
1702 2620 1845 2647 dominum

185 2656 343 2692 Lipolduni,
361 2666 412 2693 pro
430 2659 560 2694 expensis
577 2659 634 2687 suis
739 2660 760 2687 L
779 2660 837 2688 flor.
847 2660 917 2687 auri.
1246 2681 1248 2683 .

290 2699 394 2728 mae-n
411 2702 458 2736 sol.
474 2703 529 2729 71¹.-
563 2701 615 2730 Die
632 2703 667 2730 11.
681 2703 782 2730 mensis
795 2703 924 2731 Octobris
937 2703 1104 2731 tradidimus
1122 2704 1156 2732 ds
1169 2703 1304 2732 mandato
1317 2704 1423 2732 domini
1434 2705 1523 2733 nostri
1535 2705 1648 2733 domino
1669 2727 1675 2733 .
1688 2725 1695 2732 .
1714 2705 1846 2740 episcopo

144 2753 170 2773 «a
188 2743 405 2778 vigintimilien.
419 2753 469 2779 pro
487 2745 750 2780 expensisi'ratrum
763 2745 936 2780 R(aimu)ndi
949 2746 1128 2781 Guill(erm)i.
1147 2747 1303 2782 R(ainal)di
1314 2748 1454 2782 Aymerici
1474 2748 1508 2775 de
1521 2748 1617 2777 ordine
1630 2749 1746 2776 fratrum
1761 2749 1847 2775 Mino-

187 2795 257 2818 rum‚
278 2786 327 2821 qui
345 2787 423 2814 missi
440 2788 552 2816 fuerunt
571 2797 622 2823 per
639 2788 731 2823 ipsum
750 2788 892 2816 dominum
910 2792 1034 2818 nostrum
1053 2798 1087 2817 ex
1105 2789 1191 2818 certis
1209 2790 1300 2818 causis
1318 2790 1348 2818 in
1360 2791 1557 2819 Alamanniam
1663 2791 1686 2818 X
1706 2791 1762 2818 flor.
1776 2791 1846 2818 auri.

291 2829 333 2863 Gr.
345 2838 431 2866 supra
449 2839 492 2859 nr.
506 2835 556 2858 90⁶
573 2834 597 2858 ee
614 2835 670 2859 947.
