2158 3138
590 174 808 202 TRAOTATUS
827 175 875 202 DE
892 175 1107 206 ELECTIONE.
1144 179 1219 206 1314.
1255 179 1303 207 Nr.
1317 180 1358 207 92.
1377 181 1418 207 93,
1791 186 1829 215 537

180 263 475 303 quantumcumque
516 262 650 304 exigunt
684 263 836 304 speciale.
897 263 1018 297 Ratum
1046 269 1080 296 et
1108 269 1234 307 gratum
1265 266 1419 307 habituri,
1450 267 1601 309 quicquid
1636 278 1694 309 per
1727 269 1830 310 ipsum

180 313 301 347 sactum
334 313 387 346 vel
418 313 600 345 ordinatum
634 313 732 346 fuerit
763 315 794 346 in
829 316 994 357 premissis
1027 327 1084 349 seu
1115 317 1261 359 quolibet
1290 319 1528 360 premissorum.
1628 319 1664 350 In
1697 330 1830 361 quorum

179 365 321 398 omnium
353 365 553 397 evidenciam
583 369 750 407 presentes
778 366 839 398 sibi
868 367 1016 399 dedimus
1048 372 1081 400 et
1111 369 1202 400 vobis
1232 370 1464 402 transmisimus
1487 370 1583 412 sigilli
1606 372 1705 402 nostri
1730 372 1832 403 muni-

180 417 265 449 mine
288 415 447 459 legittime
470 417 648 449 roboratas.

148 482 161 502 ο
287 469 408 502 Datum
436 470 468 501 in
491 469 731 511 Haidelberch‚
764 480 847 502 anno
877 471 1008 503 Domini
1031 472 1202 504 millesimo
1227 471 1307 505 CCC
1333 473 1590 515 quartodecimo,
1619 473 1699 505 feria
1723 475 1833 516 quinta

179 523 254 564 post
275 521 361 554 diem
386 522 474 554 beati
497 521 594 554 Galli.

436 749 488 785 93.
523 748 653 786 UNIO
682 749 852 786 INTER
881 749 1136 786 COMITEM
1167 750 1482 787 SABAUDIAE
1515 751 1579 788 ΕΤ

415 808 418 811 ’
667 803 975 842 IOHANNEM
1003 805 1347 844 DELPHINUM.

851 873 959 910 1314.
1005 873 1086 910 Oct.
1111 874 1167 910 17.

140 985 166 1006 ιο
294 974 479 1007 Tractatum
498 984 559 1018 pro
581 973 760 1014 defensione
782 974 871 1014 reym·
893 973 1091 1006 Arelatensis
1112 974 1256 1006 habitum
1278 974 1334 1006 hoc
1357 974 1421 1006 loco
1442 975 1630 1016 subiungere
1653 974 1754 1007 liceat.

179 1056 182 1062 .
258 1059 261 1065 Δ
292 1029 472 1070 Oriainalia
499 1029 562 1062 duo
586 1029 727 1062 Taurini
760 1029 791 1071 1)
814 1030 850 1062 in
873 1029 1056 1062 bibliotheca
1078 1031 1166 1070 reyia
1187 1031 1321 1070 privata
1348 1030 1534 1063 ‘Biblioteea
1556 1031 1591 1062 di
1614 1031 1683 1062 Sua
1698 1031 1835 1063 Maesta*

180 1082 266 1114 dicta
297 1081 394 1114 XIV.
426 1082 488 1113 101
522 1082 701 1122 siynatum;
742 1083 773 1122 2)
802 1082 838 1113 in
871 1081 1032 1113 tabulario
1065 1082 1149 1122 reyio
1178 1082 1314 1114 ‘Traite's
1342 1083 1473 1114 ane-iens
1501 1082 1625 1122 Paquet
1646 1083 1680 1113 3’
1711 1093 1763 1115 nr.
1782 1085 1834 1114 30.

181 1133 418 1174 Descripsimus
432 1133 479 1165 vel
494 1133 685 1166 contulimus
699 1143 765 1166 nos.
804 1133 917 1174 Siyilla
934 1136 1068 1174 utraque
1087 1134 1319 1171 desiderantur,
1338 1134 1556 1176 foraminibus
1577 1134 1704 1166 relictis.
1730 1153 1770 1158 —
1794 1134 1834 1166 In

179 1185 284 1226 for-rna
299 1186 422 1227 inteqra
437 1185 601 1217 ineditum
635 1184 697 1217 Ed.
711 1185 941 1226 (Valbonnais)
957 1185 1100 1218 Histoire
1115 1186 1160 1218 du
1174 1185 1351 1226 Dauphine
1364 1186 1414 1224 II,
1429 1186 1490 1217 156
1505 1196 1554 1218 nr.
1567 1187 1610 1216 31
1625 1185 1833 1217 decurtatum.

138 1290 162 1311 ιε
288 1280 335 1323 (S.
351 1280 404 1321 N.)
434 1281 498 1313 Per
526 1280 588 1312 hoo
612 1291 746 1323 presens
774 1281 936 1322 publicum
961 1281 1208 1312 instrumentum
1237 1281 1359 1312 cunctis
1383 1284 1518 1323 spereat
1545 1280 1726 1321 evidenter,
1749 1280 1835 1322 quod

181 1333 212 1364 in
243 1333 412 1375 presencia
442 1333 506 1364 mei
534 1333 650 1364 notarii
681 1335 714 1364 et
740 1333 870 1364 testium
897 1332 1146 1374 subscriptorum
1176 1333 1339 1364 constituti
1367 1332 1528 1374 magnifici
1552 1336 1586 1363 et
1607 1335 1755 1374 potentes
1778 1333 1835 1363 viri

182 1385 330 1417 dominus
353 1384 519 1416 Amedeus
542 1395 651 1416 comes
675 1383 839 1416 sabaudie
867 1387 899 1416 et
926 1385 958 1416 in
981 1384 1091 1416 Ytalia
1115 1384 1257 1416 marchio
1281 1388 1315 1415 et
1338 1384 1487 1416 dominus
1515 1383 1677 1415 Iohannes
1700 1383 1836 1425 Dalphi-

178 1446 240 1469 -nns
256 1436 475 1477 Vien(nensis)
500 1439 533 1467 et
556 1446 665 1468 eomes
687 1434 913 1476 Albon(ensis)
937 1435 1149 1477 dominusque
1174 1435 1215 1467 de
1238 1435 1356 1474 Turre,
1386 1435 1598 1466 consideratis
1623 1438 1659 1466 ut
1685 1434 1836 1466 dicebant

181 1488 346 1520 beneficiis
374 1492 408 1520 et
433 1489 562 1531 gratiis,
594 1498 656 1530 que
688 1491 722 1520 et
749 1498 828 1530 quas
851 1487 931 1528 ipsi⁸
954 1490 987 1518 et
1009 1488 1233 1529 progenitores
1256 1488 1305 1518 sui
1328 1491 1401 1518 sunt
1424 1486 1465 1518 ab
1490 1486 1709 1528 imperialibus
1731 1486 1834 1518 muni-

138 1547 164 1568 20
178 1540 318 1572 'ficentiis
340 1540 497 1572 hactenus
521 1540 717 1582 consequtib‚
740 1550 781 1572 ne
804 1541 999 1571 inmemores
1022 1539 1074 1570 vel
1104 1540 1221 1582 ingrati
1244 1534 1368 1581 recepti
1391 1538 1539 1570 beneficii
1563 1542 1770 1577 censeantur,
1793 1537 1834 1568 ad

183 1591 437 1624 conservandum
471 1601 605 1633 regnum
643 1591 833 1623 Arelatense
869 1593 902 1622 et
935 1591 1004 1622 iura
1038 1590 1152 1632 ipsius,
1185 1601 1276 1622 sacro
1311 1590 1480 1632 presertim
1516 1594 1649 1622 vacante
1688 1589 1739 1621 vel
1773 1600 1834 1620 non

181 1645 317 1676 vacante
341 1643 391 1675 cui
415 1642 550 1675 subsunt
572 1643 720 1686 imperio,
745 1643 980 1675 deliberatione
1004 1641 1139 1684 provida
1162 1645 1197 1673 ut
1220 1641 1371 1673 dixerunt
1393 1646 1546 1684 tanquam
1573 1641 1686 1673 fideles
1709 1641 1835 1682 imperii

182 1706 240 1738 pro
263 1695 342 1738 ipsis
365 1698 398 1727 et
420 1695 660 1727 suecessoribus
682 1695 747 1726 suis
771 1695 965 1726 unanimiter
988 1693 1175 1725 ordinarunt
1198 1697 1231 1725 et
1253 1694 1371 1736 pactis,
1400 1692 1664 1735 stipulacionibus
1691 1703 1727 1723 ac
1751 1693 1835 1724 iura-

184 1747 301 1778 mentis
324 1746 544 1790 corporalibus
566 1746 853 1779 intervenientibus
876 1746 1118 1786 confirmarunt,
1147 1745 1233 1788 quod
1257 1747 1283 1777 si
1307 1746 1377 1787 quis
1400 1747 1615 1787 cuiuscunque
1636 1744 1837 1783 conditionis,

137 1802 295 1838 astatus,
319 1798 575 1842 preheminentie
599 1799 651 1831 vel
674 1799 839 1840 dignitatis
863 1798 991 1838 existat,
1015 1798 1069 1840 qui
1085 1808 1219 1839 regnum
1236 1797 1445 1829 Arelatensec
1463 1795 1656 1839 pred[ictum
1680 1795 1711 1827 in
1735 1800 1837 1827 totum

182 1849 265 1894 vel]⁶¹
292 1851 324 1882 in
355 1854 481 1892 partem
508 1851 702 1883 auctoritate
734 1850 866 1893 propria
896 1860 954 1881 seu
985 1850 1083 1881 etiam
1115 1849 1221 1881 aliena
1256 1848 1521 1891 qualitercunque
1551 1858 1607 1879 seu
1642 1847 1700 1879 snb
1734 1847 1835 1879 forma

183 1903 295 1944 quavis
317 1902 429 1934 habita
451 1902 504 1934 vel
528 1902 661 1934 obtenta
689 1902 747 1934 sub
778 1903 906 1934 nomine
935 1902 1021 1943 regis
1045 1902 1097 1933 vel
1120 1901 1183 1933 alio
1215 1902 1327 1943 quovis
1351 1901 1476 1942 quesito
1500 1901 1629 1931 nomine
1654 1899 1704 1930 vel
1729 1898 1836 1930 colore

182 1963 300 1996 capere
317 1959 391 1986 seu‘
407 1964 566 1996 occupare
585 1958 749 1996 presumat
765 1958 876 1986 contra
893 1954 1048 1985 honorem
1067 1958 1100 1985 et
1116 1957 1234 1985 statum
1251 1953 1388 1995 imperii,
1460 1952 1520 1994 ipsi
1537 1951 1643 1983 eidem
1660 1950 1838 1982 comuniter

183 2009 217 2038 et
244 2005 369 2038 divisim
397 2016 468 2038 eum
500 2007 586 2037 omni
616 2005 754 2038 exfortio
785 2007 891 2048 gentis
919 2015 976 2037 sue
1006 2009 1039 2037 et
1063 2005 1201 2036 omnium
1226 2015 1307 2046 quos
1331 2004 1454 2035 habere
1476 2007 1629 2045 poterunt
1650 2003 1837 2036 amicorum.

141 2066 167 2086 ³0
185 2058 212 2090 si
240 2068 372 2091 necesse
405 2058 502 2090 fuerit
535 2058 586 2090 vel
621 2057 708 2100 quod
740 2058 842 2100 possit
871 2057 1029 2096 sufficere,
1065 2057 1199 2089 viriliter
1227 2067 1299 2088 cum
1331 2066 1494 2087 armorum
1523 2055 1670 2096 potentia
1693 2053 1836 2096 quando-

180 2119 308 2152 cunque
331 2109 396 2141 suis
419 2109 558 2151 propriis
581 2109 762 2150 sumptibus
785 2109 871 2140 omni
889 2109 937 2140 sui
954 2108 1071 2149 studio,
1087 2108 1207 2140 viribus
1224 2111 1258 2139 et
1272 2108 1403 2149 ingenio
1419 2107 1570 2139 resistant
1593 2110 1627 2137 et
1649 2106 1838 2147 ingressum,

182 2161 428 2203 occupationem
459 2171 497 2192 ac
525 2161 760 2203 possessionem
789 2160 952 2202 predictas
982 2160 1058 2200 sibi,
1088 2161 1152 2191 suis
1182 2159 1348 2191 secacibus
1376 2162 1408 2190 et
1431 2158 1619 2190 valitoribus
1642 2156 1838 2188 deffendant.

182 2211 226 2244 Et
248 2213 274 2244 si
297 2212 383 2255 quod
407 2212 493 2244 absit
514 2213 615 2254 ipsius
632 2213 722 2254 regni
739 2212 792 2244 vel
814 2212 915 2254 partis
938 2211 1072 2243 alicuius
1095 2212 1255 2253 possessio
1277 2210 1454 2252 corporalis
1481 2220 1540 2251 per
1556 2210 1697 2250 aliquem
1719 2208 1839 2250 adepta

185 2263 282 2296 fuerit
305 2275 433 2307 quoquo
457 2264 565 2306 modo,
590 2265 665 2296 totis
687 2263 807 2295 viribus
831 2267 864 2295 et
887 2264 1028 2305 ingenio,
1051 2264 1133 2294 sicut
1155 2263 1361 2305 premittitur,
1384 2263 1489 2303 ipsum
1513 2271 1584 2292 cum
1609 2261 1673 2292 suis
1697 2260 1838 2291 valituri-

140 2325 166 2346 ω
184 2315 242 2348 bus
265 2316 447 2358 expellant,
476 2326 558 2348 unus
586 2327 628 2348 ex
657 2316 734 2357 ipsis
761 2316 792 2346 in
815 2314 969 2357 predictis
992 2314 1145 2347 alterums
1165 2325 1228 2346 non
1252 2317 1444 2356 expectans,
1468 2312 1552 2355 quod
1576 2322 1681 2354 neque
1704 2312 1775 2353 quis
1799 2322 1838 2342 ex

183 2367 262 2410 ipsis
289 2369 358 2399 sine
388 2368 557 2400 amborum
590 2377 747 2399 consensu
776 2371 812 2398 et
835 2367 978 2398 unanimi
1008 2366 1173 2398 voluntate
1204 2366 1306 2406 dono⁷
1330 2366 1449 2407 gratia,
1473 2365 1696 2406 promissione,
1720 2363 1838 2405 precio.

183 2419 347 2462 precibus,
376 2420 545 2456 instantia.
573 2419 801 2458 subiestione⁸‚
836 2429 947 2450 amore
975 2418 1026 2449 vel
1056 2418 1130 2450 odio
1162 2418 1296 2449 alicuius
1324 2422 1414 2455 actu,
1442 2416 1550 2448 verbo.
1578 2415 1742 2447 voluntate
1772 2415 1838 2445 sive

183 2471 281 2514 signis
310 2471 505 2511 consentiet,
539 2482 598 2513 per
631 2471 717 2513 quod
745 2471 815 2512 quis
847 2471 950 2512 ipsum
979 2481 1112 2512 regnum
1141 2471 1173 2501 in
1202 2474 1269 2501 toto
1298 2470 1349 2501 vel
1380 2469 1412 2500 in
1440 2471 1532 2510 parte
1561 2471 1596 2499 ut
1623 2466 1838 2508 premittiturh

184 2526 322 2566 occupet
345 2523 396 2555 vel
420 2526 531 2555 teneat
554 2527 756 2565 occupatum.
802 2523 956 2554 Predicta
984 2523 1068 2554 enim
1097 2522 1204 2554 omnia
1232 2526 1265 2553 et
1292 2521 1417 2562 singula
1446 2519 1659 2562 promiserunt
1682 2528 1740 2559 pro
1763 2518 1840 2558 ipsis

140 2582 168 2602 ⁴⁰
185 2577 219 2607 et
246 2575 484 2607 successoribus
514 2575 579 2606 suis
602 2575 740 2606 vicissim
765 2585 823 2616 per
849 2574 1045 2615 sollempnes
1079 2572 1303 2615 stipulationes
1333 2571 1582 2603 intervenientes
1608 2569 1680 2600 hinc
1710 2569 1783 2600 inde
1808 2576 1839 2599 et

183 2626 370 2659 iuraverunt
399 2626 440 2658 ad
469 2630 579 2658 sancta
602 2626 664 2657 Dei
695 2626 867 2667 euangelia
897 2625 1107 2667 corporaliter
1134 2635 1152 2655 a
1176 2624 1320 2666 quolibet
1343 2625 1482 2665 ipsorum
1509 2625 1594 2653 tacta
1617 2631 1654 2651 ac
1677 2619 1735 2651 sub
1759 2619 1838 2650 obli-

195 2679 325 2720 gatione
350 2678 490 2710 omnium
513 2677 668 2710 bonorum
692 2688 820 2710 suorum
845 2678 1042 2719 presentium
1066 2681 1099 2708 et
1122 2677 1298 2708 futurorum
1325 2676 1407 2707 bona
1430 2674 1493 2706 fide
1517 2672 1710 2714 adimplere.
1735 2676 1837 2702 atten-

300 2767 348 2795 98.
375 2767 400 2802 ⁸)
418 2777 482 2801 quus
505 2769 554 2802 ipsi
578 2768 689 2794 evanida
713 2769 740 2793 in
766 2767 788 2793 1.
883 2766 908 2799 b)
927 2775 943 2799 q
962 2776 1028 2792 corr.
1047 2775 1077 2791 a
1098 2775 1112 2792 c
1137 2766 1159 2792 1.
1178 2767 1202 2792 2.
1299 2766 1322 2796 ⁰)
1342 2766 1466 2791 Aruiates}
1485 2764 1509 2789 2⁵
1606 2761 1631 2785 ἢ)
1651 2763 1722 2787 uncie
1741 2763 1839 2787 iou-lum

208 2811 307 2837 vanida
325 2812 352 2837 in
372 2811 395 2838 1.
482 2811 505 2844 ο)
523 2812 565 2837 vel
584 2811 608 2837 2.
697 2810 716 2842 s)
735 2811 810 2844 infra
829 2811 855 2836 in
873 2810 990 2843 margine
1007 2809 1069 2835 add.
1087 2808 1107 2834 l.
1194 2810 1219 2841 ⁸)
1237 2810 1274 2834 ita
1294 2810 1316 2835 1.
1335 2808 1359 2834 2.
1447 2807 1473 2832 ¹¹)
1492 2807 1634 2841 promititur
1652 2805 1677 2830 2.
