2190 3172
323 222 385 252 404
558 218 655 246 ACTA
674 218 787 245 REGNI
807 217 989 245 LUDEWICI
1008 217 1054 244 IV.
1073 216 1119 243 ET
1139 215 1323 244 FRIDERICI
1342 216 1390 244 111.
1428 217 1502 244 1318.
1538 217 1587 244 Nr.
1599 217 1659 245 499.
1677 217 1736 246 500.

388 371 462 408 499.
498 368 767 407 SCRIPTUM
790 367 1058 405 LUDEWICI
1081 366 1184 404 PRO
1210 366 1560 404 WOLDEMARO
1583 365 1906 405 MARCHIONE

870 423 1127 460 BRANDEN
1137 422 1352 460 BURGEN
1361 423 1423 460 SI.

999 491 1107 527 1318.
1149 491 1244 536 Aug.
1265 491 1300 527 4.

433 591 595 633 Oriyinale
619 591 693 632 (or.)
726 592 762 623 in
790 591 950 623 tabulario
977 591 1116 623 civitatis
1143 591 1338 623 Lubicensis.
1391 591 1591 624 Contulimus
1612 602 1678 624 nos.
1733 591 1881 632 Siyillum
1906 592 1973 631 fere

321 645 465 676 illaesum
489 644 606 684 pendet
636 643 701 675 loro
727 643 970 675 membranaceo.
1005 662 1048 667 —
1082 643 1143 675 Ed.
1168 643 1284 675 ‘Codex
1305 642 1430 683 diplom.
1451 643 1654 675 Lubecensis’
1677 643 1729 681 11,
1754 643 1817 674 311
1843 653 1893 675 nr.
1909 643 1974 674 362
2005 659 2018 678 5

321 707 360 728 ex
383 707 427 728 or.

428 756 575 794 Bb'hmer,
601 755 677 796 Rey.
693 755 805 787 Iasdw.
824 765 859 796 p.
877 755 941 786 352
962 765 1012 787 nr.
1030 756 1116 787 3178
1139 755 1266 796 (Addit.
1283 755 1368 797 III).

429 847 497 878 Nos
526 846 718 878 Ludowicus
751 845 815 877 Dei
843 846 952 887 gracia
980 846 1200 878 Romanorum
1235 856 1295 878 rex
1328 856 1458 888 semper
1490 850 1645 889 augustus
1677 846 1720 878 ad
1753 846 1973 878 universorum

321 900 473 931 noticiam
498 898 648 930 volumus
670 898 851 939 pervenire,
874 908 932 929 nos
954 897 1070 929 illustri
1086 897 1298 930 Woldemaro
1322 898 1498 929 marchioni
1513 897 1817 940 Brandenburgensi
1839 898 1974 940 principi

321 954 430 982 nostro
455 950 572 982 dilecto
597 951 629 981 in
652 949 850 981 solucionem
872 949 1047 991 aliqualem
1063 949 1244 982 debitorum
1260 960 1400 990 suorum,
1423 950 1456 981 in
1479 950 1594 991 quibus
1617 960 1674 981 nos
1692 950 1798 982 eidem
1813 951 1975 982 noscimus
1994 961 2019 980 ιο

321 1003 497 1044 obligatos,
530 1001 676 1033 redditus
705 1011 827 1033 annuos
855 1011 875 1032 a
897 1001 1109 1043 prudentibus
1132 1002 1208 1033 viris
1231 1026 1238 1032 .
1256 1025 1264 1032 .
1287 1002 1409 1033 civibus
1431 1001 1665 1034 Lubicensibus
1687 1001 1837 1033 fidelibus
1858 1002 1974 1034 nostris

322 1055 448 1086 dilectis
475 1054 567 1085 nobis
596 1057 629 1085 et
658 1053 794 1094 imperio
826 1053 955 1085 debitos
979 1053 1178 1085 exolvendos
1200 1064 1259 1095 per
1284 1053 1455 1085 duodecim
1478 1063 1579 1085 annos
1601 1054 1768 1085 continuos
1790 1053 1973 1095 deputasse.

320 1106 513 1138 Mandantes
537 1129 544 1136 .
564 1132 569 1137 .
595 1105 718 1136 civibus
742 1106 946 1146 memoratis,
979 1108 1015 1136 ut
1042 1106 1074 1136 in
1101 1105 1265 1137 solucione
1287 1105 1433 1147 predicta
1456 1105 1541 1137 dicto
1563 1105 1740 1137 marchioni
1762 1105 1974 1138 Woldemaro

320 1161 429 1190 nostro
469 1161 502 1189 et
541 1157 668 1198 imperii
702 1158 831 1189 nomine
874 1160 1010 1198 pareant
1048 1160 1081 1188 et
1114 1157 1291 1188 intendant.
1346 1157 1527 1189 Reddimus
1561 1157 1659 1188 etiam
1692 1157 1855 1198 predictos
1889 1158 1976 1190 cives

321 1209 527 1241 Lubecenses
555 1219 613 1250 per
642 1209 897 1241 satisfaccionem
929 1209 990 1250 ipsi
1014 1208 1226 1240 Woldemaro
1257 1209 1377 1240 factam
1405 1209 1512 1250 quoad
1534 1219 1702 1240 numerum
1724 1210 1974 1250 prescriptorum
1994 1219 2018 1238 ιε

321 1272 476 1293 annorum
500 1261 618 1303 quitos,
641 1261 762 1292 liberos
787 1265 820 1292 et
843 1261 975 1292 solutos.
1013 1259 1238 1304 Iniu[n]gimus
1262 1261 1360 1293 etiam
1383 1261 1442 1292 tibi
1461 1260 1588 1302 prefato
1604 1260 1816 1292 Woldemaro
1840 1260 1976 1302 principi

320 1316 429 1345 nostro
454 1316 487 1344 et
509 1313 636 1354 imperii
653 1313 829 1344 caritativis
844 1313 975 1344 monitis
998 1316 1031 1344 et
1047 1313 1220 1354 preceptis,
1244 1313 1394 1355 quatinus
1408 1315 1606 1344 memoratos
1621 1312 1707 1344 cives
1722 1311 1835 1345 fideles
1849 1315 1976 1344 nostros

321 1365 466 1406 dilectos,
491 1365 547 1406 qui
570 1365 706 1406 imperio
730 1364 908 1396 inmediate
932 1364 1065 1396 subesse
1090 1364 1310 1404 dinoscuntur,
1341 1364 1382 1396 ab
1405 1364 1566 1396 iniuriosis
1588 1363 1757 1396 insultibus
1780 1374 1821 1396 ex
1844 1364 1976 1396 sinceri-

320 1419 388 1448 tate
412 1419 444 1448 et
467 1416 608 1457 puritate
632 1415 708 1448 fidei
731 1419 840 1447 nostro
865 1419 898 1447 et
920 1416 1047 1458 imperii
1063 1417 1192 1448 nomine
1209 1416 1348 1448 fideliter
1363 1419 1516 1458 protegas
1539 1420 1572 1447 et
1587 1415 1754 1457 defendas,
1778 1426 1817 1448 eo
1833 1416 1975 1448 maxime

321 1468 475 1509 temporis
499 1469 614 1509 spatio,
639 1478 702 1509 quo
726 1468 900 1509 premissos
929 1468 1074 1499 redditus
1097 1468 1154 1499 tibi
1182 1468 1372 1500 indulsimus
1394 1467 1603 1510 colligendos.
1641 1467 1766 1499 Harum
1789 1469 1973 1500 testimonio
1993 1477 2020 1498 ’o

322 1519 522 1551 Iltterarum²
546 1523 654 1551 nostre
678 1520 858 1551 maiestatis
882 1519 979 1561 sigilli
1001 1519 1117 1551 robore
1140 1520 1348 1562 signatarum.

429 1580 503 1612 Dat.
520 1579 713 1622 Ratispone,
743 1580 800 1611 11³.
825 1580 908 1612 Non.
930 1580 1083 1622 Augusti,
1114 1591 1197 1612 anno
1226 1580 1358 1612 Domini
1386 1579 1557 1611 millesimo
1590 1580 1817 1611 trecentesimo
1848 1580 1974 1612 decimo

323 1635 446 1672 octavo,
470 1633 561 1674 regni
585 1642 662 1663 vero
685 1632 786 1663 nostri
809 1642 893 1664 anno
916 1635 1041 1674 quarto.

545 1851 644 1896 500.
673 1851 769 1896 501.
815 1848 1076 1896 DIVISIO
1108 1848 1435 1896 VICARIAE
1468 1848 1753 1895 REGALIS

776 1914 1140 1962 EGCLESIAE
1172 1913 1526 1968 AQUENSIS.
1993 1930 2017 1950 ²⁵

935 1997 1043 2033 1318.
1084 1996 1181 2042 Aug.
1201 1997 1295 2032 6.—
1306 1995 1366 2032 28.

515 2113 601 2149 500.
643 2113 855 2149 Mandatum
881 2113 1061 2150 Imdewici
1087 2113 1201 2148 abbati
1228 2113 1373 2148 ludensi
1399 2112 1548 2148 missum.
1652 2113 1742 2158 Auy.
1762 2114 1794 2147 6.

435 2186 595 2227 Oriyinale
619 2187 694 2229 (or.)
718 2188 922 2227 deperditum.
947 2207 987 2212 -
1015 2187 1078 2219 Ed.
1105 2187 1191 2228 Quix
1214 2186 1331 2219 ‘Codex
1353 2186 1478 2227 diplom.
1499 2186 1672 2227 Aquensis’
1693 2197 1730 2226 p.
1749 2186 1814 2217 220
1839 2197 1890 2218 nr.
1910 2186 1976 2218 316

323 2237 404 2269 male
427 2237 538 2270 lectum
562 2249 600 2270 ex
623 2250 667 2271 or.
714 2239 895 2272 Editionem
917 2239 970 2271 hic
992 2239 1058 2271 illic
1080 2241 1249 2271 correctam
1271 2239 1448 2279 repetimus.

431 2298 577 2338 Βόὴννιεν,
602 2299 676 2339 Rey.
694 2299 805 2332 Ludw.
823 2311 858 2340 p.
874 2300 938 2331 271
961 2310 1011 2332 nr.
1026 2299 1113 2331 2631
1135 2299 1262 2340 (Addit.
1279 2299 1321 2340 I).
1994 2316 2019 2336 ω

433 2389 615 2421 Ludovicus
652 2389 715 2422 Dei
758 2391 868 2432 gracia
905 2390 1125 2422 Romanorum
1167 2401 1225 2422 rex
1267 2400 1395 2431 semper
1435 2392 1590 2431 augustus
1691 2388 1870 2421 venerabili
1906 2389 1974 2421 viro

325 2440 437 2472 abbati
467 2440 574 2472 Sancti
604 2440 745 2472 Cornelii
774 2442 922 2473 Indensis
950 2441 1115 2474 Oolonien.
1147 2441 1229 2473 dioc.
1261 2441 1380 2472 ordinis
1410 2442 1509 2473 sancti
1538 2440 1721 2481 Benedicti,
1752 2441 1888 2483 principi
1917 2451 1974 2473 suo

325 2492 443 2524 devoto
531 2494 673 2534 graciam
698 2504 790 2525 suam
813 2497 846 2525 et
869 2505 963 2526 omne
987 2494 1117 2526 bonum.

433 2543 514 2575 Cum
543 2544 625 2575 iuste
655 2546 833 2585 petentium
865 2545 1033 2577 desideriis
1070 2556 1111 2577 ex
1140 2546 1250 2576 innata
1278 2544 1371 2576 nobis
1400 2545 1578 2577 clemencia
1607 2545 1723 2576 deceat
1754 2544 1976 2576 favorabiliter

324 2595 478 2627 inclinare
513 2599 546 2627 et
574 2597 727 2637 precipue
763 2597 794 2627 in
826 2597 902 2636 hiis,
935 2607 997 2639 que
1028 2597 1150 2628 cultum
1179 2596 1320 2628 divinum
1353 2600 1474 2638 augent
1508 2601 1541 2628 et
1571 2599 1796 2638 augmentant,
1831 2597 1977 2638 requisiti
1994 2612 2020 2631 αι

324 2646 511 2688 suppliciter
542 2650 575 2678 et
604 2648 760 2679 instanter
794 2659 853 2690 per
883 2648 1085 2680 venerabiles
1114 2650 1198 2680 viros
1233 2648 1390 2680 decanum
1424 2651 1593 2690 totumque
1627 2649 1804 2691 capitulum
1839 2648 1975 2681 ecclesie

324 2698 484 2739 Aquensis
508 2698 643 2729 devotos
666 2703 791 2730 nostros
815 2699 963 2741 dilectos,
994 2703 1030 2731 ut
1051 2700 1202 2731 vicariam
1231 2699 1375 2742 regalem
1400 2699 1536 2731 ecclesie
1559 2700 1652 2741 regia
1675 2700 1852 2732 collacione
1875 2701 1975 2742 perti-

324 2752 464 2791 nentem,
489 2760 585 2791 quam
609 2754 793 2782 constanter
815 2755 962 2783 asserunt
985 2754 1032 2783 tot
1055 2755 1089 2783 et
1104 2751 1201 2783 tantis
1217 2751 1396 2783 redditibus
1419 2755 1452 2783 et
1466 2751 1672 2783 facultatibus
1688 2751 1865 2793 abundare,
1889 2751 1976 2794 quod

427 2838 492 2866 499.
521 2840 544 2872 ²¹)
562 2838 620 2869 lit'at
638 2850 675 2867 or.
