2184 3126
336 140 400 171 634
541 135 637 163 ACTA
656 135 769 162 REGNI
786 133 970 161 LUDEWICI
987 133 1034 160 IV.
1053 132 1100 159 ΕΤ
1118 131 1303 158 FRIDERICI
1321 131 1371 159 111.
1408 131 1483 159 1323.
1519 131 1568 159 Nr.
1580 131 1640 160 812.
1658 131 1718 160 813.
1736 132 1797 160 814.

791 265 878 302 812.
919 264 1094 309 Scriptum
1121 263 1277 298 alteram.
1385 262 1456 298 Oct.
1475 264 1538 299 23.

450 342 550 382 Copia
573 341 609 372 in
624 309 721 372 Lan-0
744 337 953 371 cancellariae
976 337 1072 368 citato
1094 335 1148 375 fol.
1166 335 1249 368 105‘.
1292 335 1435 368 Contulit
1449 336 1493 369 H.
1506 336 1619 369 Herre.
1657 337 1717 370 Est
1738 338 1889 371 rubi-um:
1910 338 1995 382 Reg.

337 393 473 426 Bohem.

447 452 597 490 Bahmer,
619 450 696 490 ΕΘΗ.
712 449 823 481 Ικιιάω.
842 459 877 488 p.
895 449 959 479 188
981 447 1108 479 Iohann
1128 457 1179 480 nr.
1195 448 1246 479 68.

445 538 519 569 Wir
542 537 666 568 Johans
688 546 751 567 von
775 534 878 566 Gotes
908 533 1038 575 gnaden
1067 532 1204 565 chfinich
1235 543 1272 565 ze
1299 533 1438 566 Beheim
1467 534 1534 566 und
1562 545 1599 566 ze
1627 534 1733 566 Polan
1761 535 1827 567 und
1857 535 1933 578 graf
1958 546 1995 568 ze
2025 548 2038 568 s

337 588 557 622 Lutzelburch
580 587 719 630 geloben
741 587 801 617 mit
823 584 923 627 gfiten
946 586 1060 617 triwen
1081 585 1141 616 mit
1163 583 1266 616 disem
1282 586 1547 628 gegenwurtigen
1570 585 1663 627 brief,
1687 586 1746 618 daz
1761 587 1820 619 wir
1841 586 1875 619 di
1897 586 1999 619 burch

337 640 403 672 und
435 639 489 671 die
523 641 587 670 stat
609 648 646 669 ze
669 637 936 670 Ghaeiserslauter
962 636 1021 668 mit
1040 636 1144 681 >aliem
1173 636 1248 668 dem
1275 635 1341 668 und
1367 637 1394 668 si
1419 647 1480 669 uns
1502 640 1663 670 versetzet
1689 637 1759 670 sind
1782 649 1844 670 von
1867 648 1997 671 unserm

337 693 454 723 herren
470 690 651 731 Ludwigen
675 689 750 720 dem
765 688 964 720 Rssmischen
987 687 1106 730 chfinig
1127 687 1205 719 umb
1228 688 1469 720 zehentawsent
1490 689 1583 731 pfunt
1597 689 1714 722 Haller
1735 689 1788 722 ffir
1802 689 1866 721 den
1882 689 1998 731 dienst,

338 743 402 774 den
418 743 476 774 wir
499 743 542 773 im
566 742 632 773 und
657 741 731 773 dem
754 741 842 772 riche
859 739 945 771 habn
961 742 1069 782 getan,
1092 739 1199 771 ledich
1223 739 1333 771 lazzen
1356 740 1422 772 und
1444 751 1545 783 sagen
1568 740 1682 784 sullen,
1705 752 1814 773 swenn
1835 752 1895 773 uns
1918 741 1998 773 oder

335 805 453 826 unsern
477 793 578 825 erben
593 804 655 825 von
678 793 722 824 im
746 792 825 824 oder
841 792 964 824 seinem
987 791 1191 823 nachkomen
1207 801 1248 823 an
1264 791 1339 824 dem
1362 791 1450 824 riche
1467 791 1500 823 di
1514 795 1736 835 vorgenanten
1757 792 1997 826 zehentawsent
2014 805 2041 826 ιο

334 847 427 888 pfunt
451 845 557 877 hallei·
578 844 711 876 werden
733 843 902 886 vergolten
923 843 990 875 und
1012 842 1195 885 geantwfirt
1217 842 1303 886 [etc.]

443 896 519 928 Dat.
541 896 628 938 apud
645 895 834 936 Werdeam,
857 894 1030 927 Dominica
1053 895 1202 936 proxima
1224 898 1300 926 ante
1324 894 1411 927 diem
1433 896 1655 937 apostolorum
1677 894 1826 937 Symonis
1848 898 1882 928 et
1904 895 1997 937 Inde,

336 959 420 980 anno
443 948 573 980 Domini
598 947 846 980 MCOCXXIII.

336 1132 412 1168 813.
453 1128 724 1168 LUDEWICI
751 1128 1092 1168 AUCTORITAS
1120 1128 1390 1167 PLACITAN
1395 1130 1454 1167 DI
1481 1128 1595 1168 CUM
1625 1128 1996 1168 PRINCIPIBUS.

1020 1198 1128 1235 1323.
1166 1198 1324 1235 Oct.23.
2013 1211 2040 1231 ιι

452 1299 612 1340 Oriyinalc
637 1300 710 1340 (or.)
741 1299 777 1331 in
806 1298 966 1331 tabulario
991 1298 1217 1340 Meininqensi.
1267 1299 1409 1332 Contulit
1438 1298 1487 1332 W.
1504 1298 1660 1331 Fasslein.
1711 1298 1858 1340 Sigillum
1877 1309 1999 1341 parum

336 1351 457 1383 laesum
474 1351 590 1391 pendet
611 1350 676 1383 loro
698 1351 945 1383 membranaceo.

443 1410 594 1448 Bb'lemer,
620 1410 698 1451 Rey.
714 1409 826 1442 Ludw.
845 1420 881 1450 p.
897 1411 941 1442 38
962 1421 1013 1442 nr.
1030 1412 1103 1443 646.

449 1470 501 1513 cf.
526 1471 548 1502 z.
565 1481 589 1503 ο.
607 1481 644 1511 p.
660 1470 726 1502 273
747 1481 796 1502 nr.
813 1471 900 1503 2669
923 1471 1051 1512 (Addit.
1067 1472 1114 1513 I).

447 1557 642 1588 Ludowicus
665 1556 729 1588 Dei
752 1557 863 1599 gracia
884 1557 1107 1589 Romanorum
1134 1567 1192 1589 rex
1219 1567 1349 1599 semper
1374 1559 1529 1599 augustus
1601 1557 1702 1590 nobili
1723 1558 1792 1590 viro
1815 1557 2001 1591 Berholdo·
2019 1567 2045 1587 2⁰

343 1609 453 1640 comiti
476 1609 517 1640 de
541 1607 774 1650 Hennenberg,
798 1609 887 1640 fideli
910 1619 967 1641 suo
992 1608 1111 1640 dilecto
1183 1609 1328 1651 graciam
1351 1619 1443 1641 suam
1466 1612 1499 1641 et
1522 1619 1618 1641 omne
1641 1609 1771 1642 bonum.
1931 1641 1938 1649 ‚

447 1660 532 1697 Quia
562 1660 602 1692 de
632 1660 800 1692 fidelitatis
827 1664 882 1692 tue
911 1662 1110 1701 constancia,
1140 1671 1238 1703 quam
1269 1660 1357 1702 apud
1385 1671 1444 1692 nos
1474 1664 1508 1692 et
1536 1661 1642 1703 ipsum
1670 1661 1843 1703 imperium
1873 1656 2003 1704 semper

341 1722 476 1743 exerces
501 1715 534 1743 et
558 1712 714 1744 hactenus
739 1713 926 1754 exercuisti,
950 1712 1182 1744 confidenciam
1206 1713 1348 1754 gerimus
1371 1713 1562 1754 specialem,
1592 1712 1651 1744 tibi
1678 1713 1809 1745 nomine
1835 1717 1945 1746 nostro
1969 1717 2004 1747 et

340 1763 401 1794 sub
426 1764 487 1795 hoc
510 1766 619 1795 nostro
643 1764 777 1806 speciali
799 1764 953 1796 mandato
970 1764 1145 1806 placitandi
1168 1775 1206 1796 ac
1222 1764 1381 1796 tractandi
1404 1775 1477 1797 cum
1493 1764 1671 1797 venerabili
1685 1765 1875 1798 Purchardo
1897 1765 2002 1798 archi-

340 1815 494 1856 episcopo
518 1815 794 1857 Magdeburgensi
818 1819 851 1848 et
874 1816 1050 1848 illustribus
1074 1816 1215 1848 Saxonie
1244 1819 1277 1848 et
1302 1816 1343 1848 de
1368 1815 1473 1848 Stetin
1496 1816 1629 1848 ducibus
1651 1827 1777 1849 necnon
1799 1827 1871 1849 cum
1894 1817 2002 1850 nobile
2021 1825 2046 1844 2⁶

339 1867 408 1898 viro
425 1867 579 1899 Hcinrieo
595 1867 844 1910 Magnopolensi
862 1868 991 1910 plenam
1017 1872 1050 1900 et
1072 1868 1209 1900 liberam
1226 1867 1431 1911 presentibus
1447 1868 1638 1901 tradidimus
1661 1872 1694 1901 et
1716 1869 1872 1901 tradimus
1890 1872 2002 1902 aucto-

339 1919 479 1950 ritatem.
514 1918 747 1951 Promittentes
763 1919 967 1961 presentibus
989 1930 1048 1951 nos
1071 1923 1181 1962 gratos
1204 1922 1238 1951 et
1259 1923 1348 1952 ratos
1364 1919 1542 1962 habituros,
1565 1920 1723 1963 quidquid
1744 1931 1804 1963 per
1818 1924 1851 1953 te
1873 1921 1904 1953 in
1925 1931 2000 1963 pre-

337 1970 441 2001 missis
472 1974 504 2002 et
533 1981 605 2002 cum
630 1971 796 2012 premissis
819 1971 941 2003 factum
965 1971 1062 2003 fuerit
1085 1982 1143 2003 seu
1166 1974 1349 2003 tractatum.
1442 1972 1477 2004 In
1501 1972 1591 2004 cuius
1613 1973 1661 2004 rei
1683 1972 1902 2005 testimonium
1925 1983 2000 2015 pre-

339 2024 447 2054 sentes
470 2025 578 2054 nostre
602 2023 783 2055 maiestatis
806 2023 902 2065 sigilli
926 2023 1103 2055 munimine
1125 2024 1275 2055 iussimus
1298 2025 1498 2056 communiri.

445 2073 521 2105 Dat.
539 2075 571 2105 in
583 2074 740 2116 Werdea,
764 2075 806 2106 X.
822 2075 938 2107 Kalen.
954 2074 1143 2116 Novembr„
1166 2086 1249 2107 anno
1266 2075 1399 2107 Domini
1414 2075 1586 2108 millesimo
1602 2076 1829 2108 trecentesimo
1844 2076 1998 2108 vicesimo
2017 2083 2042 2104 ω

338 2124 450 2164 tercio,
474 2126 564 2167 regni
587 2136 664 2158 vero
687 2127 787 2158 nostri
813 2137 896 2158 anno
919 2137 1014 2159 nono.

681 2319 754 2354 814.
790 2319 1041 2357 EIUSDEM
1064 2319 1325 2365 QUITATIO
1349 2320 1651 2358 STURARUM.

1015 2388 1125 2425 1323.
1161 2388 1242 2425 Oct.
1264 2390 1324 2426 31.

448 2482 640 2515 Extractam
655 2485 691 2517 in
706 2485 801 2518 Libro
818 2487 1026 2520 cancellariae
1041 2488 1205 2521 Ludewiei
1219 2489 1310 2530 reale,
1333 2489 1371 2521 de
1385 2499 1447 2530 quo
1462 2500 1490 2522 v.
1504 2499 1605 2530 supra
1627 2490 1672 2522 acl
1685 2499 1734 2522 nr.
1749 2490 1821 2529 679,
1844 2489 1899 2529 fol.
1913 2489 1995 2522 104¹.

341 2533 483 2566 Contulit
505 2534 547 2565 H.
565 2535 677 2568 Herre.
2011 2545 2038 2566 ss

447 2593 598 2633 Bc'hmer,
621 2595 696 2636 Rcy.
713 2597 825 2630 Ludw.
845 2609 879 2638 p.
894 2600 937 2630 38
959 2610 1009 2631 nr.
1027 2600 1099 2633 654.

452 2653 501 2694 Cf.
525 2653 544 2685 l.
561 2666 586 2686 c.
604 2665 639 2694 p.
656 2657 699 2687 37
719 2667 769 2689 nr.
787 2658 861 2697 638,
886 2659 960 2697 639,
984 2659 1046 2690 641
1069 2662 1098 2691 et
1120 2659 1212 2702 infra
1234 2661 1278 2692 acl
1299 2670 1330 2693 a.
1344 2661 1440 2692 1324.
1463 2660 1537 2693 Ian.
1552 2660 1595 2692 23
1606 2670 1670 2701 sqq.

441 2755 507 2782 813.
534 2757 558 2789 a)
577 2758 612 2783 sic
630 2767 668 2784 or.

2179 1331 2184 1398 ε’

2176 1410 2184 1480 i
