2158 3138
243 2377 280 2394 ov,
292 2373 324 2393 25.

334 203 396 234 126
565 200 662 228 ACTA
681 199 795 227 REGNI
813 198 997 226 LUDEWICI
1016 199 1063 226 IV.
1082 198 1128 225 ΕΤ
1146 198 1331 226 FRIDERICI
1350 198 1399 225 111.
1436 198 1511 226 1314.
1547 197 1595 224 Nr.
1609 198 1667 225 125.
1686 197 1744 225 126.

333 287 493 320 mabimus
516 287 562 318 cis
585 297 695 318 omnes
718 286 884 317 libertates
907 289 939 316 et
961 284 1140 327 privilegia,
1158 294 1237 326 quas
1253 287 1287 316 et
1303 295 1366 326 que
1381 284 1627 326 predecessores
1641 285 1742 316 nostri
1756 284 1978 317 Romanorum

331 340 546 380 imperatores
573 342 606 370 et
633 348 727 379 reges
755 338 801 369 eis
823 348 881 378 pre
905 337 1021 368 ceteris
1044 337 1264 376 contulerunt,
1288 339 1321 367 et
1342 336 1568 368 renovabimus
1597 337 1645 367 eis
1667 336 1851 378 specialiter
1873 335 1978 378 sigillo

333 394 441 422 nostre
475 391 653 422 maiestatis
686 389 766 420 illud
798 389 1018 430 privilegium,
1053 387 1140 429 quod
1172 387 1375 429 presentibus
1405 388 1522 419 litteris
1556 390 1606 419 est
1638 398 1800 420 annexum
1809 388 1832 420 ².
1882 387 1926 419 Et
1952 388 1979 418 si

333 442 504 473 memorati
533 442 618 473 cives
641 442 809 482 Aquenses
838 440 1043 471 sustinuerint
1071 443 1103 471 et
1125 438 1297 471 habuerint
1322 440 1356 471 in
1378 442 1542 481 posterum
1566 439 1697 481 aliquod
1725 439 1899 483 dampnum
1927 438 1980 471 vel

334 503 507 535 gravamen
538 496 594 523 aut
620 492 833 532 calumpniam
860 494 993 532 propter
1021 491 1097 532 hoc,
1125 490 1213 533 quod
1242 491 1303 533 ipsi
1330 493 1404 522 sunt
1425 490 1518 522 nobis
1548 491 1738 523 obedientes
1759 492 1793 524 in
1814 491 1979 523 civitatem
2008 503 2021 523 ι

335 546 521 586 Aquensem
543 555 601 575 nos
622 542 874 583 intromittendo,
898 542 1097 584 deponemus
1120 543 1166 575 eis
1190 543 1319 574 omnino
1341 542 1525 574 huiusmodi
1541 542 1725 585 dampnum,
1749 553 1924 585 gravamen
1946 546 1980 575 et

335 596 549 637 calumpniam
565 595 649 626 bona
669 594 742 625 fide.
781 594 917 635 Insuper
939 594 1014 636 quia
1029 594 1200 625 memorati
1215 594 1300 625 cives
1316 594 1484 636 Aquenses
1500 597 1572 626 sunt
1587 594 1670 626 bene
1686 594 1884 628 reconciliati
1906 604 1979 626 cum

334 647 503 678 comitibus
527 646 567 677 de
590 646 656 677 Los
679 649 712 677 et
737 645 777 676 de
794 645 981 687 Spainheim
1005 649 1125 677 etcum
1141 649 1209 677 tota
1223 646 1391 687 parentela
1407 645 1588 686 Iuliacensi,
1612 657 1670 678 nos
1693 647 1740 678 eis
1755 646 1979 690 deponemus²

334 703 466 740 propter
487 699 642 729 honorem
664 698 791 739 imperii
813 697 975 739 predictos
998 698 1131 729 comites
1155 700 1188 729 et
1210 701 1311 729 totam
1334 698 1535 739 parentelam
1553 698 1765 730 Iuliacensem
1789 701 1822 730 et
1844 698 1979 730 habebi·

333 761 404 782 mus
417 751 567 782 comitem
581 749 622 780 de
634 749 699 780 Los
712 749 810 780 talem
826 749 973 786 finaliter,
991 749 1077 791 quod
1092 749 1161 791 ipse
1177 750 1326 781 restituet
1340 749 1485 781 Arnoldo
1501 749 1607 782 villico
1622 750 1768 791 Aquensi
1778 749 1872 783 militi
1890 749 1978 781 mille
1997 758 2023 780 ιο

335 806 368 834 et
385 803 573 843 quingentas
589 801 686 832 libras
701 801 865 842 nigrorum
881 800 1123 842 Turonensium,
1134 812 1213 843 quas
1228 801 1314 833 idem
1331 811 1439 832 comes
1455 801 1496 832 de
1512 801 1578 832 Los
1592 802 1716 843 recepit
1730 802 1772 834 ab
1787 803 1857 844 ipso
1873 801 1980 833 villico

335 854 488 896 Aquensi,
521 857 553 884 et
582 853 668 895 quod
689 853 777 884 idem
801 863 909 884 comes
932 854 1080 885 restituet
1102 863 1194 884 suum
1222 853 1382 884 notorium
1406 852 1581 894 dampnum
1607 853 1712 885 villico
1739 854 1884 895 Aquensi
1906 863 1980 896 pre-

334 906 499 938 nominato
523 910 556 937 et
579 905 665 947 quod
686 905 774 936 idem
802 915 910 936 comes
939 904 981 936 de
1003 904 1069 936 Los
1091 905 1240 936 restituet
1261 904 1333 936 aliis
1356 904 1478 935 civibus
1501 905 1706 946 Aquensibus
1728 905 1860 946 triginta
1882 905 1980 937 libras

336 969 520 1000 grossorum
549 957 782 988 Turonensium
810 959 1032 998 competentes
1059 967 1117 998 pro
1144 956 1236 988 bonis
1262 956 1340 995 illis,
1367 966 1429 998 que
1457 956 1545 988 idem
1575 966 1683 989 comes
1710 957 1750 991 de
1780 958 1846 989 Los
1877 960 1911 988 et
1931 958 1980 988 sui

335 1010 508 1052 complices
531 1009 601 1040 aliis
623 1008 745 1040 civibus
767 1008 974 1050 Aquensibus
996 1008 1205 1040 abstulerunt.
1249 1008 1406 1040 Preterea
1427 1008 1566 1040 finaliter
1588 1009 1779 1042 habebimus
1801 1008 1980 1041 Arnoldum
1998 1017 2023 1038 u

337 1061 377 1092 de
406 1061 584 1092 Bachheim
613 1061 748 1091 militem
778 1060 893 1100 talem,
923 1060 1008 1101 quod
1038 1060 1107 1101 ipse
1135 1061 1271 1101 recipiet
1296 1070 1315 1091 a
1338 1060 1466 1091 civitate
1490 1060 1635 1101 Aquensi
1657 1061 1854 1093 sentenciam
1875 1060 1980 1092 scabi-

337 1124 467 1153 norum,
498 1116 530 1144 et
558 1123 620 1143 non
646 1112 884 1153 permittemus,
915 1111 1002 1153 quod
1028 1113 1097 1154 ipse
1126 1112 1294 1143 iniurietur
1321 1112 1442 1143 civitati
1473 1115 1507 1143 et
1528 1111 1649 1143 civibus
1670 1112 1876 1154 Aquensibus
1897 1112 1981 1144 ultra

336 1165 531 1196 sentenciam
554 1164 752 1205 Aquensium
775 1163 987 1195 scabinorum.
1077 1162 1209 1195 Secreto
1229 1167 1338 1195 nostro
1360 1163 1465 1204 sigillo
1488 1164 1608 1195 utimur
1628 1164 1660 1197 in
1682 1165 1855 1207 premissis.

442 1225 562 1256 Datum
585 1225 617 1255 in
640 1223 692 1255 die
716 1223 804 1255 beati
820 1223 996 1255 Clementis
1012 1224 1161 1264 martiris,
1177 1234 1260 1255 anno
1276 1223 1407 1255 Domini
1422 1223 1592 1255 millesimo
1608 1225 1834 1257 trecentesimo
1854 1224 1980 1258 decimo

337 1280 460 1319 quarto.
1999 1284 2025 1314 ²9

574 1399 656 1435 126.
696 1399 850 1434 Litterae
876 1398 1007 1435 civitati
1033 1399 1289 1435 Constantiensi
1316 1400 1473 1435 directae.
1583 1399 1670 1436 Nov.
1689 1400 1751 1435 28.

445 1479 605 1520 Oriqinale
640 1478 712 1521 (or.)
747 1479 784 1510 in
821 1477 979 1510 tabulario
1014 1477 1154 1518 yenerali
1188 1477 1416 1510 Karlsruhano
1449 1477 1560 1510 ‘select
1596 1478 1652 1509 der
1683 1478 1981 1511 Kaisemrkunden’

334 1542 384 1563 nr.
402 1531 474 1563 197.
519 1531 691 1570 Inscriptio
714 1533 775 1561 est:
808 1530 1026 1566 Prudentibus
1049 1530 1125 1561 viris
1148 1555 1179 1561 ..
1203 1530 1366 1570 ministro,
1394 1553 1401 1560 .
1419 1554 1426 1561 .
1449 1530 1611 1572 magistris
1640 1530 1772 1570 civium,
1799 1529 1981 1562 consulibus

337 1587 370 1615 et
403 1583 558 1614 universis
590 1582 710 1614 civibus
739 1582 903 1614 Constant.
927 1575 1076 1613 fidelibus
1109 1582 1225 1613 nostris
1254 1581 1389 1613 dilectis.
1446 1581 1550 1621 simui
1582 1582 1689 1622 mayni
1720 1582 1811 1614 dorso
1838 1582 1982 1622 impressi

335 1635 464 1675 vestiyia
485 1637 650 1674 apparent.
673 1653 715 1657 —
737 1634 810 1665 Iam
832 1634 989 1666 edidimus
1011 1633 1125 1665 ‘Neues
1139 1633 1273 1665 Archiv'
1295 1632 1431 1671 XXIII,
1447 1633 1512 1666 313
1533 1643 1582 1666 nr.
1601 1632 1643 1664 36
1664 1643 1704 1664 ea:
1726 1644 1770 1665 or.
1995 1646 2021 1666 οε»

447 1694 497 1737 Cf.
521 1705 620 1735 supra
641 1705 690 1726 nr.
708 1694 771 1726 113
793 1697 822 1726 et
844 1694 933 1733 infra
955 1705 1005 1726 nr.
1022 1694 1095 1726 170.

443 1794 657 1826 Loudewicus
679 1794 742 1826 Dei
765 1795 875 1835 gracia
897 1793 1118 1825 Romanorum
1140 1804 1199 1825 rex
1222 1803 1350 1835 semper
1373 1796 1526 1835 augustus
1617 1792 1829 1835 prudentibus
1850 1793 1926 1824 viris
1950 1817 1956 1824 .
1974 1815 1982 1824 .

336 1847 490 1886 ministro,
516 1872 522 1878 .
541 1871 547 1877 .
571 1847 733 1888 magistris
757 1846 882 1886 civium,
907 1871 913 1876 .
932 1870 939 1876 .
964 1845 1145 1877 consulibus
1169 1848 1202 1876 et
1223 1845 1379 1876 universis
1401 1845 1523 1877 civibus
1542 1844 1854 1885 Constanciensibus,
1877 1843 1981 1876 fideli-

337 1899 397 1930 bus
420 1899 484 1930 suis
507 1898 632 1929 dilectis
720 1898 863 1939 graciam
885 1907 975 1928 suam
999 1900 1033 1928 et
1056 1907 1149 1928 omne
1173 1897 1302 1928 bonum.

443 1950 602 1992 Regalem
634 1949 730 1981 decet
756 1949 935 1981 sollerciam
963 1949 1009 1980 ita
1038 1949 1255 1980 subiectorum
1285 1959 1394 1981 curam
1422 1958 1552 1990 gerere,
1582 1951 1619 1980 ut
1644 1949 1840 1991 singulorum
1871 1951 1982 1989 status,
2000 1961 2027 1982 ao

336 2004 406 2034 iura
433 2006 466 2034 et
495 2013 560 2044 pax
589 2002 775 2033 inconvulsa
804 2005 980 2033 serventur.
1031 2001 1117 2033 Hinc
1145 2006 1194 2033 est
1224 2001 1311 2043 quod
1338 2012 1396 2034 nos
1424 2011 1538 2042 pacem
1567 2004 1600 2032 et
1623 2002 1764 2043 quietem
1786 2003 1927 2032 vestram
1950 2002 1984 2031 et

335 2055 472 2086 aliorum
494 2057 675 2085 nostrorum
699 2057 732 2085 et
754 2054 836 2085 sacri
858 2054 985 2095 imperii
1007 2053 1150 2085 fidelium
1174 2054 1375 2095 permaxime
1399 2053 1605 2093 affectantes,
1628 2053 1819 2084 fidelitatem
1842 2055 1983 2083 vestram

335 2116 503 2138 monemus
526 2110 559 2137 et
580 2106 772 2148 requirimus
795 2106 925 2145 seriose,
950 2106 1097 2147 quatinus
1121 2115 1215 2147 opem
1239 2108 1273 2137 et
1294 2115 1428 2146 operam
1453 2105 1602 2136 efficaces
1623 2115 1681 2146 pro
1703 2105 1793 2146 pacis
1816 2107 1850 2135 et
1865 2104 1982 2145 quietis
2017 2127 2019 2129 .

336 2163 441 2189 vestre
472 2161 504 2189 et
531 2161 616 2189 terre
646 2158 850 2189 observantia
877 2157 1068 2198 diligencius
1097 2158 1268 2199 apponatis
1296 2167 1399 2199 usque
1422 2156 1466 2188 ad
1487 2159 1630 2188 nostrum
1653 2156 1825 2187 adventum
1848 2155 1891 2187 ad
1912 2166 1980 2197 vos,

337 2220 433 2252 quem
468 2210 625 2252 dirigente
659 2209 799 2241 Domino
833 2209 902 2240 vias
935 2212 1060 2240 nostras
1095 2215 1214 2251 quanto
1248 2209 1347 2241 cicius
1381 2209 1557 2250 poterimus
1585 2208 1830 2248 maturabimus,
1859 2208 1924 2238 iam
1950 2207 1983 2238 in
2001 2219 2027 2239 ss

337 2262 464 2293 ittinere
494 2262 666 2293 constituti.
713 2261 828 2292 Scituri
856 2260 942 2302 quod
975 2271 1033 2292 nos
1066 2264 1184 2292 extunc
1214 2260 1255 2293 de
1282 2264 1388 2292 vestro
1419 2260 1550 2292 consilio
1581 2270 1639 2302 pro
1670 2260 1841 2301 regimine,
1865 2258 1983 2300 guber-

338 2315 472 2345 nacione
501 2317 533 2345 et
560 2313 630 2345 aliis
660 2313 701 2345 ad
728 2313 891 2344 salubrem
918 2315 1003 2344 terre
1033 2316 1152 2345 statum
1180 2313 1415 2354 pertinentibus
1441 2312 1599 2344 uberioris
1628 2311 1850 2343 sollicitudinis
1876 2310 1982 2342 studio

338 2365 550 2397 intendemus.
595 2365 732 2406 Insuper
755 2365 836 2396 scire
864 2375 922 2395 vos
949 2365 1112 2405 volumus,
1136 2364 1223 2406 quod
1246 2365 1278 2396 in
1301 2364 1352 2396 die
1377 2364 1472 2396 beate
1496 2364 1674 2396 Katherine
1698 2363 1828 2405 virginis
1850 2363 1884 2394 in
1906 2363 1983 2394 civi·

338 2421 404 2449 tate
433 2420 542 2448 nostra
571 2417 716 2459 Aquensi
745 2427 816 2448 cum
844 2426 883 2447 ea
906 2417 1106 2458 reverencia,
1131 2427 1195 2458 qua
1217 2416 1361 2459 regalem
1386 2415 1493 2448 decuit
1516 2415 1762 2455 excellenciam,
1786 2415 1926 2456 suscepti
1950 2417 1983 2446 et

337 2470 516 2500 intronizati
533 2470 623 2500 iuxta
639 2479 762 2500 morem
784 2469 816 2500 in
833 2468 904 2499 loco
921 2468 1013 2500 solito
1030 2468 1182 2500 videlicet
1206 2468 1342 2500 ecclesia
1365 2467 1504 2509 gloriose
1516 2466 1658 2508 Virginis
1679 2466 1800 2498 ibidem
1824 2465 1984 2508 dyadema
2001 2474 2028 2493 ιο

338 2521 463 2562 regium
486 2522 684 2562 suscepimus
706 2531 777 2552 cum
801 2519 1040 2561 sollempnitate
1064 2519 1175 2551 debita
1199 2523 1232 2551 et
1254 2523 1418 2551 consueta.

446 2580 566 2612 Datum
595 2582 627 2612 in
651 2581 726 2612 villa
752 2580 915 2612 Merznich
938 2591 1039 2622 prope
1063 2580 1208 2621 Thfiren,
1232 2580 1311 2612 IIII.
1327 2579 1443 2611 Kalen.
1466 2578 1640 2619 Decemb.,
1663 2578 1756 2620 regni
1778 2577 1876 2608 nostri
1899 2587 1982 2608 anno

339 2642 451 2673 primo.

443 2777 468 2810 1)
482 2777 541 2803 lam
552 2777 725 2805 desideratur.
748 2778 857 2804 Videtur
869 2778 953 2810 fuisse
964 2778 1070 2804 minuta
1085 2777 1222 2812 privilegii
1234 2777 1303 2804 Non.
1315 2780 1357 2804 25.
1371 2776 1486 2803 concessi
1498 2776 1628 2809 (Behmer,
1643 2775 1705 2810 Rey.
1715 2774 1810 2802 Ludw.
1820 2783 1850 2809 p.
1862 2779 1875 2802 1
1886 2782 1929 2801 nr.
1943 2774 1981 2808 4).

339 2819 366 2852 2)
386 2819 439 2845 Hic
457 2820 548 2853 aliqua
566 2820 693 2847 excidisse
710 2821 843 2848 videratur.
2000 2822 2027 2842 ⁴⁵
