2190 3172
467 213 564 241 ACTA
583 212 698 241 REGNI
716 212 899 240 LUDEWICI
918 211 964 239 IV.
983 211 1029 239 ET
1048 211 1233 240 FBIDERICI
1252 211 1301 239 111.
1340 211 1414 239 1818.
1451 211 1499 239 Nr.
1513 211 1572 240 500.
1591 212 1649 239 501.
1822 215 1884 245 405

236 310 279 332 ex
301 299 400 342 ipsius
422 299 631 341 proventibus
655 299 718 332 duo
741 299 927 332 sacerdotes
950 299 1072 342 possint
1094 302 1128 331 et
1143 299 1274 331 valeant
1297 299 1431 331 honeste
1456 302 1489 330 et
1512 298 1681 331 commode
1702 299 1885 339 sustentari,

234 351 276 384 ad
299 350 497 394 prebendam
521 355 734 384 memoratam
764 354 837 393 post
863 350 986 383 obitum
1018 361 1101 383 nunc
1129 350 1322 393 possidentis
1352 350 1433 382 duos
1461 351 1596 382 vicarios
1624 350 1809 382 sacerdotes
1838 351 1885 381 in-

234 404 322 436 stitui
349 402 574 445 permittamus
604 403 695 435 nobis
722 403 903 445 nostrisque
931 402 1167 435 successoribus
1197 403 1229 434 in
1258 402 1394 444 imperio
1422 401 1603 434 collationis
1630 403 1679 433 ius
1709 401 1886 433 earundem

235 454 472 498 prebendarum
511 458 668 496 perpetuo
702 453 906 487 reservando.
957 453 1001 486 Et
1034 454 1110 496 quia
1147 453 1188 486 de
1223 453 1402 486 redditibus
1433 464 1491 486 seu
1525 453 1731 486 facultatibus
1765 453 1883 485 vicarie

203 515 217 535 ὁ
235 509 413 540 memorate
436 505 528 538 nobis
551 510 639 538 certa
662 507 776 538 notitia
798 517 861 538 non
877 508 937 548 est,
959 505 1114 538 industrie
1130 509 1184 538 tue
1200 506 1432 548 circumspecte
1452 505 1486 537 id
1500 505 1730 538 committimus
1743 505 1882 537 sollicite

234 557 496 601 perquirendum,
519 562 555 589 ut
577 559 603 590 si
627 559 673 590 rei
698 558 815 590 veritas
837 558 882 590 sic
906 557 1036 598 habeat,
1059 557 1212 590 adhibitis
1234 556 1492 590 solemnitatibus
1515 557 1676 589 canonicis
1699 560 1733 589 et
1755 556 1883 593 debitis,

236 620 298 653 que
321 610 354 642 in
376 609 572 642 sectionibus
594 609 742 642 adhiberi
770 609 874 642 solent
901 614 935 642 et
957 612 1204 650 consueverunt,
1235 608 1435 652 sepedictam
1458 609 1610 641 vicariam
1638 609 1766 641 nomine
1795 609 1885 650 regio

235 671 389 704 procures
413 660 512 692 diw‘di
537 664 590 692 et·
614 661 694 693 duos
718 662 848 693 inantea
872 661 1007 693 vicarios
1034 671 1093 703 per
1114 670 1172 692 nos
1195 663 1228 692 et
1250 670 1451 693 successores
1478 664 1603 692 nostros
1630 661 1662 692 in
1686 661 1820 703 imperio
1844 659 1886 692 ad

235 713 372 746 eandem
403 713 587 755 perenniter
616 713 804 755 presentari.
851 712 906 745 Sin
939 715 1048 744 autem
1080 711 1143 743 duo
1178 712 1332 744 decenter
1365 716 1398 744 et
1426 715 1649 754 competenter
1681 712 1713 743 in
1742 712 1884 744 sectione

193 773 219 794 ιο
236 763 418 797 huiusmodi
434 764 604 796 sustentari
621 767 793 807 nequeant,
817 763 999 807 sepefatam
1015 764 1164 796 vicariam
1182 764 1350 806 permittas
1365 763 1566 807 integraliter
1588 763 1621 795 in
1643 767 1730 795 statu
1753 764 1885 806 antiquo

237 820 271 849 et
293 816 426 859 pristino
450 816 616 848 reservari.

342 867 464 900 Datum
491 868 523 899 in
547 867 751 909 Engelstadt‚
785 870 900 900 octavo
928 867 1004 899 Idus
1032 867 1183 910 Augusti,
1212 877 1295 899 anno
1322 865 1476 910 [Domini]
1504 866 1754 909 MCCOXVIII,
1782 866 1886 910 [regni

235 930 311 952 vero
337 920 435 952 nostri
458 929 541 952 anno
565 917 701 962 quarto]

686 1025 773 1062 501.
813 1025 988 1071 Scriptum
1016 1025 1155 1062 abbatis.
1261 1026 1349 1072 Aua.
1368 1027 1432 1062 28.

192 1115 217 1136 ιο
346 1099 506 1140 Oriqinale
529 1099 604 1142 (or.)
627 1099 700 1131 item
723 1099 928 1140 deperditum.
953 1117 996 1123 —
1017 1099 1079 1132 Ed.
1098 1099 1184 1141 Quia:
1205 1099 1225 1132 l.
1241 1110 1268 1133 c.
1287 1100 1398 1142 p.221
1417 1111 1467 1133 nr.
1480 1102 1545 1132 317
1559 1111 1599 1133 ex
1614 1111 1670 1138 or.y
1692 1102 1730 1132 ut
1751 1100 1885 1132 videtur.

234 1151 425 1190 Editicmem,
448 1160 529 1191 quae
551 1151 673 1183 mendis
695 1153 800 1190 scatet,
823 1151 875 1184 hic
898 1151 963 1184 illic
986 1153 1156 1184 correctam
1177 1152 1354 1192 repetimus.

343 1237 509 1270 Universis
543 1240 711 1279 presentes
740 1237 864 1270 litteras
891 1238 1005 1269 visuris
1034 1241 1067 1269 et
1097 1236 1253 1269 audituris
1343 1237 1514 1270 Reimarus
1542 1238 1651 1270 divina
1680 1237 1886 1280 providencia

235 1289 337 1322 abbas
352 1289 538 1321 monasterii
552 1288 659 1321 Sancti
673 1289 813 1322 Cornelii
829 1289 976 1321 Indensis
988 1289 1153 1322 Colonien.
1167 1289 1249 1322 dioc.
1263 1289 1384 1322 ordinis
1399 1290 1501 1322 sancti
1513 1289 1683 1322 Benedicti
1748 1289 1886 1321 salutem

235 1342 269 1374 in
291 1341 442 1374 Domino.

191 1407 218 1428 so
342 1392 506 1425 Noveritis
537 1392 623 1435 quod
654 1403 711 1425 nos
738 1393 863 1425 litteras
891 1393 1086 1425 serenissimi
1116 1392 1237 1425 domini
1264 1394 1365 1425 nostri
1392 1392 1549 1425 Ludovici
1576 1393 1640 1426 Dei
1668 1394 1774 1436 gratia
1801 1392 1887 1435 regis

233 1444 454 1478 Romanorum
470 1454 600 1486 semper
614 1445 742 1486 augusti
758 1455 821 1476 non
837 1444 1042 1486 cancellatas,
1065 1455 1128 1476 non
1148 1444 1286 1477 abolitas
1307 1455 1368 1477 nec
1391 1445 1422 1476 in
1445 1445 1553 1487 aliqua
1575 1446 1623 1477 sui
1638 1448 1731 1487 parte
1747 1445 1886 1485 vitiatas,

234 1495 364 1540 [sigillo]
381 1506 457 1528 vero
473 1497 573 1538 ipsius
589 1496 710 1528 domini
726 1496 882 1539 sigillatas
897 1494 1101 1539 [recepimus]
1124 1506 1197 1528 cum
1220 1497 1402 1530 reverentia
1425 1507 1489 1539 qua
1512 1497 1619 1529 decuit
1641 1498 1672 1528 in
1695 1496 1755 1529 hec
1772 1495 1885 1528 verba:

340 1546 537 1580 ‘Ludovicus
559 1548 622 1580 Dei
646 1549 750 1590 gratia
766 1567 801 1571 —
817 1549 918 1580 nostri
939 1559 1023 1580 anno
1047 1547 1182 1590 quarto?
1210 1558 1311 1589 supra
1331 1559 1382 1581 nr.
1399 1549 1472 1581 500.

345 1598 471 1632 Harum
495 1600 593 1642 igitur
615 1601 807 1632 auctoritate
831 1600 1011 1632 litterarum
1034 1599 1075 1632 ad
1099 1599 1324 1642 inquirendum
1347 1599 1388 1632 de
1403 1600 1513 1632 valore
1530 1601 1647 1632 vicarie
1671 1599 1791 1642 regalis
1813 1609 1887 1642 pre-

191 1665 216 1686 sa
235 1651 336 1694 dicte,
372 1654 469 1694 prout
495 1651 588 1683 nobis
615 1663 634 1684 a
658 1651 743 1684 dicto
768 1651 898 1684 domino
927 1662 1005 1694 rege
1029 1652 1173 1683 exstitit·
1197 1651 1306 1684 datum
1330 1653 1363 1684 in
1386 1652 1561 1693 mandatis,
1585 1652 1810 1685 descendimus
1834 1651 1888 1683 etl‘

237 1703 443 1746 inquisitione
467 1702 614 1746 diligenti
637 1714 696 1745 per
719 1707 819 1736 testes
842 1704 976 1736 idoneos
1005 1707 1038 1736 et
1060 1704 1182 1735 iuratos
1208 1714 1306 1746 super
1331 1703 1417 1736 dicto
1441 1704 1550 1736 valore
1574 1714 1632 1746 per
1654 1714 1707 1736 me
1730 1703 1817 1736 facta
1839 1704 1887 1735 in-

236 1755 390 1793 venimus,
415 1754 535 1787 dictam
559 1756 710 1787 vicariam
734 1756 879 1798 regalem
903 1759 937 1787 et
959 1755 1059 1797 ipsius
1082 1754 1236 1796 redditus,
1263 1755 1410 1798 quolibet
1431 1765 1515 1787 anno
1539 1755 1638 1788 alium
1664 1755 1888 1795 coadiuvante,

238 1806 323 1839 bene
345 1807 484 1839 valuisse
514 1811 547 1839 et
569 1807 674 1839 adhuc
697 1809 806 1841 valere
830 1810 959 1839 centum
987 1811 1021 1839 et
1043 1807 1155 1848 viginti
1178 1806 1276 1838 libras
1298 1807 1444 1849 argenti⁶
1467 1807 1702 1839 Turonensium
1725 1807 1889 1850 nigrorum

236 1862 271 1892 et
285 1858 478 1901 simplicesd‚
501 1860 546 1891 ita
563 1860 648 1902 quod
665 1860 838 1892 divisione⁶
854 1860 940 1891 facta
956 1858 1041 1891 dicte
1058 1859 1176 1890 vicarie
1200 1859 1232 1890 in
1248 1858 1328 1891 duas
1344 1863 1452 1901 partes
1468 1859 1614 1901 quelibet
1628 1870 1703 1901 pars
1718 1859 1889 1901 sexaginta

192 1925 218 1945 ιο
236 1910 335 1943 libras
359 1913 391 1943 et
413 1910 577 1952 simplices
592 1911 827 1944 Turonensium
850 1911 1013 1952 nigrorum
1036 1920 1074 1942 ac
1099 1909 1334 1942 dimidietatem
1358 1910 1544 1943 continebit.
1581 1909 1662 1942 Inde
1679 1910 1889 1942 consideratis

236 1962 477 1995 considerandis
494 1963 578 1995 circa
594 1964 785 2005 premissum
807 1967 840 1995 et
855 1963 1072 2004 extangentia‚
1097 1962 1255 2004 prefatam
1271 1963 1423 1994 vicariam
1439 1962 1562 2004 regiam
1580 1966 1614 1994 et
1628 1963 1728 2004 ipsius
1742 1961 1889 1994 redditus

237 2014 354 2046 virtute
383 2013 527 2046 mandati
556 2015 674 2056 regalis
701 2014 838 2057 predicti
865 2024 962 2056 super
987 2014 1049 2046 hoc
1077 2012 1168 2057 [dati]
1202 2015 1234 2045 in
1261 2015 1390 2046 nomine
1414 2014 1520 2046 Patris
1543 2017 1577 2046 et
1599 2013 1672 2046 Filii
1695 2017 1728 2046 et
1750 2013 1888 2056 Spiritus

236 2066 339 2098 sancti
374 2066 406 2096 in
440 2065 520 2097 duas
548 2067 682 2098 vicarias
715 2065 843 2108 regales
874 2069 947 2108 post
981 2065 1103 2097 obitum
1138 2065 1179 2097 ad
1209 2075 1342 2108 presens
1369 2065 1486 2097 dictam
1514 2066 1667 2098 vicariam
1696 2065 1889 2107 possidentis

236 2116 431 2158 dividimus‘‚
467 2117 635 2149 habendas
670 2121 703 2150 et
731 2117 961 2149 deserviendas
986 2117 1078 2148 iuxta
1104 2116 1239 2149 formam
1267 2117 1411 2149 mandati
1438 2117 1557 2159 regalis
1579 2116 1763 2159 supradicti.
1850 2116 1888 2148 In

194 2183 220 2204 ns
238 2169 328 2201 cuius
351 2169 398 2201 rei
423 2170 642 2202 testimonium
665 2169 805 2211 sigillum
829 2172 972 2201 nostrum
997 2168 1199 2210 presentibus
1222 2168 1337 2200 litteris
1360 2168 1511 2201 duximus
1533 2168 1770 2211 apponendum.

345 2220 467 2252 Datum
491 2231 574 2254 anno
591 2219 744 2265 [Domini]
760 2219 1006 2260 MCCCXVIII,
1030 2219 1111 2251 feria
1133 2219 1274 2252 secunda
1297 2224 1370 2262 post
1393 2220 1511 2252 festum
1533 2221 1635 2252 sancti
1656 2219 1888 2252 Bartholomei.

277 2419 377 2465 502.
404 2419 503 2465 503.
545 2415 1119 2465 CONFOEDERATIO
1149 2415 1852 2464 ARCHIEPISCOPORUM.

904 2494 1012 2530 1318.
1054 2493 1150 2539 Aug.
1170 2493 1230 2530 93.

349 2587 509 2627 Scriptum
527 2586 755 2626 archiepiscopi
771 2585 957 2627 Moyuntini
972 2586 1003 2617 A
1025 2584 1254 2625 autoyraphum
1277 2585 1312 2617 in
1328 2584 1487 2618 tabulario
1502 2586 1585 2626 reyio
1602 2585 1886 2626 Dussehiovpiensi.

196 2645 224 2665 ⁴⁰
244 2637 481 2678 Descripsimus
502 2647 567 2669 nos.
613 2636 758 2677 Siyillum
782 2636 901 2668 laesum
919 2637 1035 2678 pendet
1058 2636 1122 2668 loro
1145 2636 1385 2669 membranaceo.
1431 2637 1498 2670 Sub
1515 2637 1620 2678 plicae
1636 2641 1732 2678 parte
1753 2638 1887 2670 situistm

343 2731 410 2759 500.
437 2732 461 2764 ⁸)
479 2733 506 2757 in
524 2732 563 2758 ed.

344 2790 410 2818 501.
439 2791 463 2823 ·)
481 2792 569 2817 existit
585 2791 625 2818 ed.
712 2791 738 2823 ¹³)
755 2800 787 2817 ex
805 2791 844 2817 cd.
934 2791 957 2821 ⁰)
976 2796 1111 2824 argenteas
1128 2790 1167 2817 ed.
1255 2790 1281 2822 d)
1298 2793 1420 2827 simplicis
1438 2793 1478 2819 ed.
1563 2795 1586 2825 ⁰)
1605 2795 1660 2819 Ioco
1678 2794 1746 2827 qnod
1763 2793 1888 2819 divisione

240 2835 296 2861 αὶ..-
315 2835 498 2861 condivisione.
586 2833 606 2868 f)
623 2835 784 2860 afficiendam
803 2834 843 2860 ed.
