2158 3138
403 179 502 208 ACTA
518 178 633 207 amm
651 178 836 207 LUDEWICI
857 179 902 206 lv.
922 178 970 206 ΕΤ
990 178 1173 206 FRIDERICI
1192 179 1241 207 ΙΙΙ.
1281 179 1355 207 1814.
1392 180 1512 208 Nr.1oe.
1533 182 1589 208 107.
1766 186 1823 215 105

170 267 302 300 taudem
326 267 506 300 electione'³
529 265 571 298 de
594 275 733 308 persona
755 268 864 298 nostra
888 265 1067 307 celebrata,
1098 266 1204 298 eidem
1235 267 1371 308 principi
1395 266 1559 306 Io(hanni)
1585 266 1656 299 duci
1681 268 1826 309 predicto

171 329 229 362 pro
257 319 408 361 expensis
435 318 521 350 circa
548 318 742 350 electionem
770 317 864 349 factis
893 317 957 349 duo
986 317 1074 349 milia
1104 327 1284 350 marcarum
1313 328 1384 350 cum
1418 318 1563 350 ducentis
1599 320 1667 360 puri
1700 322 1825 361 argenti

170 370 249 403 dare
278 369 494 411 decrevimus,
522 370 554 401 in
586 368 702 411 quibus
732 369 793 400 sibi
823 372 856 401 et
883 368 973 401 fratri
1002 379 1059 401 suo
1083 369 1156 401 duci
1180 369 1276 401 Erico
1304 380 1362 401 nos
1393 371 1652 412 recognoscimus
1675 371 1824 412 obligari.

170 422 270 456 Cuius
297 431 420 454 summe
447 420 658 454 medietatem
692 421 770 463 ipsis
801 419 949 452 dabimus
982 422 1014 452 in
1047 421 1129 452 festo
1164 421 1340 453 nativitatis
1371 420 1490 453 Christi
1513 422 1543 453 in
1568 432 1651 453 anno
1676 423 1823 464 proximo
1839 416 1934 461 υζῗξ,

139 484 152 504 s
170 473 292 512 futuro,
319 473 477 515 reliquam
507 481 583 504 vero
613 471 823 504 medietatem
851 473 882 503 in
914 472 1029 504 eodem
1058 473 1234 504 nativitatis
1263 473 1346 505 festo
1375 473 1405 504 in
1429 484 1513 505 anno
1536 474 1723 506 immediate
1747 475 1822 506 sub·
1838 476 1933 522 „gg-¹³5&

169 529 326 568 sequente
355 524 434 566 ipsis
466 523 604 556 finaliter
638 523 869 566 persolvemus.
930 523 982 556 Ad
1017 524 1253 556 observantiam
1294 525 1523 566 premissorum
1559 535 1617 557 nos
1652 536 1714 557 una
1751 537 1824 558 cum

169 575 307 608 dominis
329 575 412 608 infra
434 576 616 616 nominatis,
640 574 792 607 videlicet
815 575 855 607 de
873 575 1067 617 Troninge1,
1092 575 1132 607 de
1148 575 1243 617 Nyfe,
1264 575 1393 608 Andrea
1410 576 1451 607 de
1468 576 1649 617 Bruneckc,
1674 576 1824 610 Conrado

170 627 211 660 de
234 627 354 669 Honlo,
377 626 566 659 Everhardo
590 626 631 659 de
654 626 837 669 Brubergb,
860 626 1003 658 Rodolfo
1027 627 1068 659 de
1085 626 1280 669 Wirtheym,
1301 627 1490 660 Everhardo
1507 629 1670 670 pincerna,
1694 629 1824 661 domino

171 678 212 712 de
244 678 507 721 Stralembergh,
538 677 755 711 Ghevehardo
789 678 829 710 de
858 678 1045 720 Brunecke,
1075 678 1173 710 fidem
1203 677 1425 722 presti[ti]mus
1453 680 1652 720 manualem,
1686 681 1772 723 quod
1800 682 1826 712 si

0 772 2 779 γ
58 765 62 768 ,
126 741 151 762 ιο
169 731 296 773 dictam
315 731 486 774 pecuniam
513 730 579 762 suis
603 730 802 772 temporibus
830 733 865 762 ut
892 731 1090 772 premittitur
1118 741 1179 762 non
1213 731 1427 771 solveremus,
1458 731 1594 773 quilibet
1623 732 1825 764 dominorum

168 782 386 826 predictorum
408 793 467 824 pro
490 792 525 814 se
549 792 647 814 unum
670 781 826 814 famulum
851 782 1012 824 ydoneum
1037 786 1070 814 et
1093 782 1234 814 nobilem
1258 782 1458 824 Magantiam
1490 784 1596 815 mittet
1618 783 1659 815 ad
1683 784 1825 816 iniacen-

169 834 260 874 dum,
288 833 466 877 quemlibet
493 844 566 866 cum
595 833 720 865 duobus
748 834 857 876 equis,
885 844 949 865 non
978 834 1136 874 exituros,
1168 835 1244 875 quin
1272 833 1358 865 dicta
1382 835 1518 876 pecunia
1546 835 1650 866 modis
1673 835 1826 877 predictis

168 886 295 929 plenius
323 885 534 928 persolvatur.
592 885 796 927 Quicumque
824 888 933 917 autem
967 884 1078 916 famuli
1109 885 1211 926 primo
1240 885 1282 916 ad
1316 885 1520 918 iniacendum
1551 886 1752 926 intraverint,
1782 886 1825 918 hii

167 948 374 981 nequaquam
397 937 540 970 exibunt.
587 937 651 974 Qui
673 937 699 968 si
722 938 871 978 exierint,
888 936 1009 969 domini
1024 937 1166 978 ipsorum
1183 937 1395 978 personaliter
1410 937 1604 969 iniacebunt.
1683 938 1720 969 In
1737 939 1826 970 cuius

123 1000 149 1021 u
169 989 218 1022 rei
240 989 436 1022 evidentiam
459 987 600 1030 sigillum
622 991 766 1020 nostrum
790 988 863 1020 huic
887 989 1006 1030 scripto
1030 987 1180 1020 duximus
1203 989 1442 1030 apponendum.

275 1040 397 1073 Datum
419 1039 655 1081 Frankenvort,
679 1050 762 1071 anno
786 1039 917 1071 Domini
940 1038 1174 1081 MCCCXIIII,
1197 1039 1256 1071 XI.
1282 1039 1420 1072 Kalend.
1445 1040 1648 1072 Novembris.

400 1188 470 1219 107.
497 1187 568 1218 108.
605 1184 796 1218 SCRIPTA
818 1185 908 1217 PRO
933 1185 1294 1218 ARCHIEPISCOPO
1318 1186 1598 1219 MOGUNTINO.

814 1251 905 1282 1314.
940 1251 1012 1282 Oct.
1031 1252 1185 1282 24.—29.

656 1360 739 1397 107.
779 1360 954 1406 Scriptum
975 1362 1088 1406 prius.
1196 1361 1267 1396 Oet.
1287 1363 1350 1396 24.

122 1439 150 1461 ¹⁰
278 1434 440 1477 Ortyinale
463 1434 539 1478 (or.)
568 1435 604 1467 in
625 1434 784 1467 tabuhm'o
808 1435 950 1476 yenerali
971 1436 1060 1476 requi
1083 1435 1251 1468 Bawarici
1274 1435 1365 1468 KLS
1386 1447 1436 1469 nr.
1454 1438 1483 1467 6.
1532 1435 1734 1468 Contulimus
1756 1446 1824 1468 nos.

166 1485 314 1527 Siyiuum
333 1487 478 1527 primum
510 1487 605 1524 deest,
638 1486 703 1519 loro
729 1487 960 1519 membranaceo
990 1486 1112 1525 relicto,-
1145 1487 1284 1527 sigillum
1306 1487 1444 1519 alterum
1476 1487 1599 1519 laesum
1622 1488 1738 1527 pendet
1760 1487 1826 1519 loro

164 1538 406 1570 membranaceo.
431 1555 472 1562 —-·
495 1537 557 1570 Ed.
582 1537 804 1570 Winkelmann
827 1538 921 1570 ‘Acta
944 1539 1068 1580 imperii
1089 1539 1220 1570 inedita'
1244 1539 1292 1577 II,
1315 1539 1381 1570 283
1403 1550 1452 1571 nr.
1469 1541 1534 1570 448
1555 1550 1594 1571 ex
1617 1549 1682 1579 cop.

273 1597 424 1639 Reqesten
446 1598 502 1630 der
524 1597 734 1640 Pfalzyrafen
755 1608 806 1631 nr.
827 1598 921 1631 1923.

275 1693 323 1735 (1)
354 1692 610 1726 Ludwious'Dei
633 1693 738 1736 gratia
766 1694 798 1724 in
823 1693 1043 1725 Romanorum
1067 1704 1178 1735 regem
1202 1693 1324 1726 electus
1349 1696 1609 1736 recognoscimus
1633 1698 1665 1726 et
1687 1694 1730 1726 ad
1754 1696 1822 1726 uni-

123 1749 149 1770 ’ὅ
167 1756 333 1778 versorum
362 1746 515 1778 noticiam
545 1747 690 1788 cupimus
716 1746 900 1788 pervenire,
933 1745 1018 1787 quod
1051 1747 1126 1787 quia
1150 1746 1343 1777 venerabilis
1372 1747 1405 1778 in
1428 1746 1555 1778 Christo
1579 1744 1696 1778 Petrus
1718 1746 1824 1778 archi-

167 1798 339 1840 episcopus
368 1797 576 1839 Moguutinus
603 1798 754 1840 princeps
787 1800 821 1829 et
851 1798 1043 1829 secretarius
1076 1801 1186 1829 noster
1220 1798 1408 1829 karissimus
1439 1798 1502 1830 duo
1530 1798 1619 1829 milia
1643 1808 1822 1830 marcarum

168 1848 373 1882 denariorum
403 1848 658 1891 Ooloniensium,
681 1849 783 1881 tribus
816 1848 1026 1881 Hallensibus
1060 1860 1117 1891 pro
1153 1849 1286 1881 denario
1315 1850 1461 1892 quolibet
1491 1850 1697 1891 computatis,
1731 1850 1825 1881 nobis

167 1900 339 1939 mutuavit,
374 1900 436 1932 sibi
469 1901 598 1943 suisque
625 1901 863 1933 successoribus
894 1901 1148 1942 archiepiscopis
1182 1901 1379 1943 Moguntinis
1410 1905 1443 1933 et
1474 1901 1611 1933 ecclesie
1634 1901 1823 1943 Moguntine

168 1956 307 1985 castrum
334 1956 478 1984 nostrum
501 1952 725 1995 Vurstenberg
753 1956 786 1984 et
812 1953 922 1984 villam
950 1952 1122 1994 Rynbuhel
1150 1963 1221 1983 cum
1252 1953 1400 1984 omnibus
1430 1954 1530 1994 ipsius
1563 1953 1657 1984 castri
1686 1956 1719 1984 et
1748 1952 1823 1983 ville

124 2006 150 2027 ⁸⁰
168 2003 321 2036 eiusdem·
337 2004 461 2036 divisim
485 2015 543 2036 seu
566 2005 761 2036 coniunctim
777 2004 907 2041 iuribus,
924 2003 1207 2045 iurisdictionibus,
1224 2004 1418 2044 advocaciis,
1440 2004 1705 2046 possessionibus,
1728 2003 1822 2036 here-

167 2055 331 2098 ditatibus,
355 2057 492 2098 pascuis,
515 2057 627 2099 pratis,
650 2057 846 2096 nemoribus,
870 2056 1040 2095 theloneis,
1064 2056 1179 2095 vineis,
1204 2056 1305 2098 agris,
1329 2056 1479 2087 censibus
1502 2059 1535 2088 et
1558 2056 1743 2098 specialiter
1764 2055 1823 2087 ad-

167 2108 305 2140 vocaciis
335 2110 368 2140 et
391 2108 646 2151 quibuscumque
669 2108 791 2140 iuribus
814 2109 846 2139 in
870 2108 1006 2149 Dypach
1037 2110 1071 2139 et
1100 2107 1278 2139 Manebach
1309 2118 1346 2139 ac
1370 2107 1442 2139 aliis
1465 2107 1645 2139 redditibus
1669 2111 1701 2139 et
1724 2108 1822 2149 perti-

167 2159 289 2191 nenciis
317 2160 487 2201 universis,
522 2171 714 2202 quocunque
749 2160 878 2192 nomine
911 2163 1117 2199 censeantur,
1148 2158 1362 2201 obligavimus
1395 2170 1453 2201 pro
1483 2159 1598 2191 eadem
1626 2160 1763 2201 pecunia
1791 2162 1825 2190 et

167 2211 370 2253 presentibus
393 2211 588 2254 obligamus,
612 2212 666 2254 qui
689 2211 834 2244 redditus
857 2212 996 2244 universi
1019 2211 1061 2242 ad
1084 2210 1241 2242 ducentas
1272 2221 1398 2242 marcas
1421 2211 1624 2243 denariorum
1650 2210 1822 2243 Colonien-

125 2265 150 2285 *θ
168 2263 249 2295 sium
278 2272 313 2294 se
341 2262 463 2295 debent
485 2262 663 2295 extendere
687 2263 862 2295 annuatim.
908 2263 1140 2294 Promittentes
1163 2263 1249 2294 bona
1271 2261 1350 2302 fide,
1380 2262 1466 2304 quod
1489 2263 1515 2294 si
1539 2273 1634 2304 quem
1659 2263 1689 2293 in
1713 2262 1822 2293 huius-

168 2314 256 2346 modi
278 2314 458 2346 redditibus
480 2316 593 2347 annuis
617 2315 827 2347 ducentarum
852 2325 1031 2346 marcarum
1055 2314 1259 2346 denariorum
1278 2313 1516 2346 Coloniensium
1541 2314 1699 2355 prefatum
1717 2315 1822 2345 archi-

169 2367 356 2409 episcopum
390 2365 552 2398 defectum
587 2366 709 2398 habere
745 2367 961 2408 contingeret,
991 2366 1080 2398 illum
1118 2365 1281 2398 defectum
1313 2365 1373 2397 sibi
1407 2366 1439 2397 in
1470 2365 1621 2397 theloneo
1655 2370 1763 2397 nostro
1791 2367 1822 2397 in

169 2418 356 2450 Bacharaco
378 2417 522 2460 plenarie
545 2418 760 2460 supplendum
785 2417 968 2450 tenebimur
990 2418 1156 2460 deputare.
1240 2419 1285 2458 (2)
1310 2417 1462 2449 Ceterum
1486 2418 1702 2459 promittimus
1725 2421 1758 2448 et
1781 2417 1822 2448 ad

170 2469 231 2502 hoc
254 2479 312 2501 nos
334 2469 519 2511 specialiter
541 2470 740 2512 obligamus,
771 2470 856 2512 quod
885 2470 910 2501 si
934 2469 1080 2511 prefatus
1108 2470 1369 2511 archiepiscopus
1392 2480 1450 2511 pro
1473 2468 1668 2500 redimendis
1692 2469 1822 2511 quibus-

125 2527 153 2548 ⁴⁰
170 2531 307 2564 cumque
331 2521 422 2553 bonis
445 2531 503 2554 seu
527 2521 707 2554 redditibus
730 2521 965 2563 pertinentibus
987 2521 1030 2553 ad
1052 2521 1139 2553 idem
1163 2525 1302 2553 castrum
1326 2531 1382 2552 seu
1407 2521 1515 2552 villam
1540 2520 1581 2551 de
1605 2531 1662 2551 sua
1686 2521 1822 2561 pecunia

169 2572 291 2616 aliquid
313 2572 509 2615 impenderit
537 2582 595 2605 seu
623 2573 824 2615 erogaverit,
849 2583 946 2615 quam
970 2572 1227 2614 redemptionem
1251 2573 1276 2603 si
1301 2572 1397 2603 velit·
1421 2573 1539 2614 poterit
1564 2572 1684 2604 facere.
1709 2571 1821 2603 melio-

276 2653 343 2694 106.μ
369 2667 394 2700 b)
408 2668 543 2701 praecedit
561 2669 650 2694 linem
668 2677 684 2702 p
702 2677 781 2694 eram
800 2677 839 2693 or.

275 2726 339 2755 107.
369 2727 393 2760 ¹)
411 2728 480 2754 velet
497 2737 535 2754 or.

275 2796 301 2830 1)
323 2795 437 2822 Videtur
453 2803 507 2823 esse
526 2795 683 2822 Fh'dem'cus
702 2795 734 2822 de
754 2795 971 2829 Ibuhendn'nqen.

275 2864 314 2883 u..
327 2863 552 2883 consrrrunonss
565 2864 591 2883 v.
1582 2854 1614 2880 14
