2184 3126
516 238 612 266 ACTA
631 236 949 266 REGNI-LUDEWICI
968 236 1014 265 1v.
1034 236 1079 264 m·
1097 236 1282 265 mmmmm
1300 236 1349 264 111.
1387 237 1462 265 1319.
1498 236 1546 264 Nr.
1559 236 1618 264 538.
1636 237 1696 265 539.
1867 241 1931 270 429

282 327 461 358 contrarias
481 325 632 358 tenebras
654 323 833 358 abieoturiss
858 324 1041 357 Imbecilles
1057 334 1184 367 quoque
1208 324 1358 357 humeros
1380 334 1472 356 meos
1494 334 1557 356 non
1580 326 1684 356 minus
1699 327 1808 356 tamen
1823 324 1929 358 solito.

283 381 333 410 set
355 377 523 410 ardencius
556 377 588 409 in
617 376 681 410 fide
712 377 825 419 inperii
852 379 1024 409 extuantes
1046 375 1284 408 ultroneos'ad
1312 386 1405 408 suum
1427 380 1637 418 augmentum
1660 375 1783 407 subicio
1812 380 1845 407 et
1872 387 1930 418 pro

282 430 386 461 salute
410 430 476 468 sui,
506 439 601 471 quam
630 428 685 461 diu
707 428 804 461 michi
827 429 956 471 spiritus
980 429 1084 461 vitalis
1107 428 1271 470 affuerit¹=‚
1302 427 1607 461 incommutabiliter
1633 428 1694 460 sibi
1724 429 1825 460 offero
1857 440 1930 471 prc—

281 485 420 524 paratos.
472 480 515 513 Et
543 484 579 512 ut
607 480 760 513 mandato
787 480 948 523 predicto¹
972 484 1036 513 tam
1071 481 1157 513 dulci
1187 484 1320 523 paterna
1350 480 1522 513 dilectione
1557 481 1699 513 mananti
1730 480 1824 512 avide
1856 491 1929 522 pur—

248 549 259 568 ι
280 535 423 576 puratur,
446 532 588 564 breviter
610 535 712 564 status
728 533 1037 574 consanguineorum
1053 543 1197 565 meorum
1221 537 1255 565 et
1270 533 1405 565 aliorum
1422 532 1564 565 fidelium
1581 533 1707 575 imperii
1724 533 1928 564 Ianuensium

280 584 445 626 regalibus
472 583 572 616 oculis
601 582 818 627 inno[te]scat‚
852 584 1005 617 videlicet
1034 584 1121 626 quod
1153 584 1231 616 dicti
1259 584 1372 617 fideles
1398 585 1525 627 imperii
1553 585 1731 617 Ianuenses
1758 584 1928 616 extrinseci

237 677 241 685 ι
279 646 362 668 nunc
391 635 527 668 fallaciis
556 635 756 678 quorundam
783 639 1025 678 persecutorum
1053 636 1179 679 imperii
1212 635 1316 669 adhuc
1348 637 1467 668 intrare
1497 637 1659 670 civitatem
1687 640 1761 679 post
1787 637 1927 678 ipsorum

280 689 402 720 exitum
425 687 556 720 minime
580 691 766 730 potuerunt,
794 687 870 719 licet
892 689 1002 730 gracia
1024 688 1140 720 summi
1163 687 1264 730 Regis
1286 691 1375 720 tanta
1399 688 1495 720 suerit
1518 689 1659 730 ipsorum
1683 688 1834 730 potencia
1857 699 1928 720 cum

278 739 536 773 Lamban-dorum
557 742 591 771 et
605 739 767 770 aliorum¹¹¹
783 739 914 781 imperii·
926 738 1286 779 devotorumssauxilio,
1306 739 1392 782 quod
1414 741 1517 782 ipsam
1533 740 1695 772 civitatem
1708 739 1928 781 Ian(uensem)

237 805 261 825 ιο
280 792 372 834 quasi
395 801 454 833 per
476 801 594 823 annum
623 790 654 822 in
683 790 850 822 obsidione
878 791 1054 829 tenuerint,
1086 791 1289 823 adversarios
1316 792 1347 823 in
1370 792 1515 833 personis
1539 796 1573 824 et
1594 791 1688 823 bonis
1710 791 1931 833 multipliciter

278 841 471 885 affligentes.
509 842 579 874 Nec
603 841 768 874 dubitatur
791 842 877 884 quod
900 842 960 874 nisi
984 842 1104 875 domini
1127 843 1214 885 regis
1228 842 1366 875 Roberti
1385 842 1498 875 fuisset
1514 843 1726 882 obstaculum,
1749 843 1803 885 qui
1826 843 1929 885 ipsam

278 895 441 929 civitatem
468 895 613 933 intravit,
648 893 725 926 dicti
760 895 886 936 imperii
920 894 977 926 filii
1011 894 1053 927 ad
1088 896 1218 937 propria
1252 895 1431 928 rediissent.
1483 894 1636 927 Ceterum
1668 895 1700 926 in
1728 896 1928 927 exercituum

278 945 417 980 Domino
441 945 648 985 confidendo,
682 947 737 988 qui
766 956 896 978 causam
924 950 1066 979 nostram
1098 947 1214 979 iustam
1242 946 1412 987 diiudicat,
1442 947 1578 979 firmiter
1600 946 1754 987 creditur,
1787 946 1873 989 quod
1903 948 1929 978 si

235 1022 238 1031 .
278 997 356 1030 dicti
379 997 563 1040 imperiales
586 997 721 1029 subiecti
750 1001 783 1030 et
812 998 867 1030 alii
896 999 1028 1030 istarum
1058 999 1197 1041 partium
1221 998 1367 1031 eiusdem
1394 998 1470 1033 fidei
1497 998 1674 1030 zelatores⁰
1698 1009 1758 1040 per
1779 1009 1868 1030 mare
1897 1004 1929 1031 et

236 1063 260 1084 is
278 1053 396 1082 terram
421 1049 463 1081 ad
487 1050 664 1081 exercitum
688 1060 785 1081 manu
808 1049 882 1082 forti
906 1050 1056 1092 redeant,
1088 1054 1124 1082 ut
1150 1050 1332 1091 intendunt,
1364 1051 1527 1083 civitatem
1555 1054 1588 1082 et
1611 1049 1832 1082 habitaciones
1855 1062 1928 1093 pro·

277 1102 364 1144 prias
384 1101 633 1143 recuperabunt,
657 1111 729 1133 cum
746 1102 809 1133 iam
826 1101 866 1133 de
883 1102 953 1144 ipsa
969 1103 1189 1134 retrocesserit
1213 1112 1270 1134 rex
1286 1102 1440 1145 prefatus.
1478 1101 1530 1134 Ad
1547 1112 1610 1144 que
1627 1101 1755 1144 placeat
1771 1102 1927 1139 Creatori,

278 1152 364 1196 quod
387 1154 433 1185 sic
456 1151 583 1194 regales
606 1153 703 1185 vestri
727 1157 832 1185 motus
857 1153 1031 1186 efficaciter
1053 1165 1087 1186 se
1111 1153 1334 1197 protendantv,
1357 1158 1393 1186 ut
1415 1165 1473 1186 sua
1496 1154 1611 1187 dextra
1635 1153 1784 1193 faciente,
1808 1165 1872 1196 qua
1896 1160 1930 1186 et

277 1206 347 1248 ipse
369 1205 478 1247 regius
501 1204 648 1247 dirigitur
671 1204 800 1247 digitus,
825 1205 980 1247 policitati
1005 1206 1139 1238 subsidii
1163 1206 1238 1238 dicti
1261 1205 1374 1238 fideles
1397 1207 1429 1238 in
1451 1205 1540 1238 brevi
1556 1206 1695 1238 sentiant
1710 1205 1927 1238 desideratum

278 1257 470 1298 remedium,
493 1257 539 1288 ita
563 1256 648 1299 quod
672 1267 734 1299 que
758 1267 816 1288 sua
839 1261 913 1289 sunt
934 1258 1110 1300 imperialis
1134 1257 1291 1290 celsitudo
1315 1261 1420 1300 regat,
1448 1257 1613 1300 possideat
1636 1261 1669 1289 et
1692 1257 1847 1290 defendat
1869 1268 1927 1290 nec

174 1314 176 1316 ’
235 1309 262 1342 '²0
279 1308 406 1341 dimitat
429 1311 601 1341 extraneos
624 1319 680 1340 sue
703 1308 893 1341 hereditatis
916 1309 1133 1341 substanciam
1157 1320 1322 1351 usurpare.

385 1368 460 1402 Dat.
486 1367 542 1412 [in]
564 1369 723 1411 imperiali
747 1370 877 1401 civitate
901 1369 1045 1412 Sagone,
1073 1380 1155 1401 anno
1179 1369 1308 1401 Domini
1331 1368 1616 1408 Moccxvmss,
1645 1368 1698 1402 die
1722 1369 1800 1401 1111.
1817 1369 1926 1401 Madii.

334 1615 407 1652 539.
443 1614 673 1652 LEGATIO
698 1614 861 1652 CANIS
889 1614 1184 1653 SCALIGERI
1207 1614 1281 1651 AD
1306 1613 1495 1652 DUCEM
1523 1612 1868 1651 VENETORUM.

237 1681 249 1701 Ι
917 1692 1061 1736 (1319.)
1103 1692 1208 1728 Mart.
1230 1692 1289 1728 30.

390 1780 488 1837 Oop'ia
511 1797 568 1839 (c.)
596 1797 632 1829 in
661 1798 764 1830 codice
790 1797 988 1830 bibliothecae
1009 1797 1203 1830 marcianae
1225 1797 1260 1829 cl.
1278 1799 1328 1828 14.
1351 1797 1417 1829 cod.
1434 1797 1486 1827 41.
1509 1806 1559 1827 nr.
1576 1796 1627 1827 93.
1655 1814 1696 1818 —
1729 1794 1795 1827 Ed.
1811 1795 1928 1827 Ficker

235 1863 260 1883 aa
280 1848 469 1882 ‘Urkunden
490 1859 549 1881 zur
567 1849 676 1881 Gesch.
693 1849 747 1881 des
767 1849 971 1890 Ro'mereuys’
990 1860 1022 1889 p.
1040 1851 1060 1881 6
1081 1860 1131 1881 nr.
1149 1851 1190 1880 10
1211 1860 1250 1881 ecc
1272 1859 1298 1881 c.
1334 1847 1514 1880 Editionem
1536 1847 1703 1887 repetimus
1723 1847 1760 1879 in
1780 1846 1928 1879 minutiis

276 1903 454 1933 correctam.

382 1987 563 2030 Responsio
587 1987 673 2020 faeta
695 1998 754 2030 per
777 1987 940 2019 dominum
965 1987 1086 2019 Canem
1112 1986 1375 2019 ambaxatoribus
1392 1985 1611 2018 venetiarum.

383 2036 492 2071 Primo
523 2042 617 2081 grata
646 2039 929 2071 recomendatione
961 2040 1117 2082 premissa
1150 2038 1324 2081 respondet
1353 2037 1457 2069 dictus
1486 2036 1633 2068 dominus
1661 2037 1810 2075 vicarius,
1839 2036 1927 2078 quod

235 2083 238 2086 Α
274 2091 418 2134 sequitur
445 2092 582 2133 vestigia
611 2091 876 2133 predecessorum
909 2101 1039 2122 suorum
1068 2090 1108 2122 de
1141 2091 1172 2122 la
1199 2089 1294 2122 Scala
1324 2094 1356 2121 et
1383 2087 1604 2120 indifferenter
1619 2088 1840 2128 Veronemes,
1871 2089 1924 2130 qui

231 2153 258 2173 ao
275 2142 396 2180 dictum
421 2142 584 2175 dominum
609 2142 724 2175 ducem
755 2146 789 2174 et
817 2153 953 2175 comune
970 2142 1179 2174 Venetiamm
1203 2143 1312 2173 stricta
1342 2145 1375 2172 et
1397 2151 1477 2183 pura
1500 2140 1573 2172 hinc
1602 2140 1676 2172 inde
1700 2140 1926 2172 benevolentia

276 2194 466 2228 dilexerunt.
512 2194 666 2227 Libenter
693 2194 772 2226 vidit
804 2198 837 2226 et
866 2194 954 2226 videt
985 2199 1016 2226 et
1048 2204 1177 2236 semper
1205 2193 1314 2225 videre
1342 2193 1498 2234 disposuit
1526 2193 1667 2235 gratiose
1697 2191 1924 2224 ambaxatores

276 2246 411 2289 prefacti
439 2247 558 2279 domini
587 2246 675 2284 ducis
707 2250 740 2278 et
770 2247 914 2278 comunis
930 2246 1155 2285 Venetiarum,
1186 2246 1216 2277 in
1241 2245 1300 2276 hiis
1327 2245 1467 2276 maxime
1491 2254 1553 2286 que
1581 2247 1726 2275 mutuum
1749 2244 1924 2285 respiciunt

275 2298 446 2331 comodum
470 2302 502 2330 et
524 2298 679 2330 honorem
704 2302 737 2330 et
760 2298 879 2330 dictam
903 2298 1162 2330 benevolentiam
1186 2301 1327 2338 augeant
1353 2300 1386 2328 et
1408 2298 1607 2328 conservent.
1654 2294 1718 2327 Sed
1741 2305 1813 2327 cum
1836 2305 1924 2326 sere-

236 2341 238 2346 ’
275 2351 422 2382 nissimus
438 2349 584 2382 dominus
599 2349 817 2392 F(redericus)
834 2349 1053 2382 Romanorum
1076 2360 1134 2381 rex
1158 2359 1288 2390 semper
1310 2351 1464 2390 augustus
1486 2347 1610 2379 miserit
1631 2347 1757 2379 noviter
1779 2357 1837 2389 per
1850 2357 1924 2378 suas

231 2411 257 2431 ss
276 2401 398 2434 litteras
421 2402 579 2444 speciales
602 2401 687 2433 dicto
704 2401 834 2434 domino
850 2402 979 2441 vicario,
1003 2400 1089 2443 quod
1112 2411 1186 2432 suos
1202 2400 1359 2443 speciales
1373 2399 1501 2431 nuntios
1524 2398 1565 2431 ad
1581 2399 1777 2440 presentiam
1801 2399 1922 2440 regiam

275 2454 337 2486 ista
355 2454 423 2485 vice
447 2464 504 2496 pro
527 2453 627 2495 ipsius
650 2453 770 2486 domini
786 2454 895 2485 vicarii
918 2454 1118 2495 promotione
1143 2452 1271 2484 honoris
1294 2452 1409 2492 mittat,
1433 2455 1466 2483 et
1486 2450 1633 2482 intendat
1655 2450 1759 2482 dictus
1777 2449 1924 2482 dominus

275 2505 413 2536 vicarius
442 2515 516 2537 suos
546 2505 702 2537 eiusmodi
732 2506 858 2537 nuntios
891 2504 932 2536 ad
963 2504 1098 2546 prefecti
1127 2504 1246 2535 domini
1280 2502 1366 2545 regis
1391 2502 1587 2544 presentiam
1617 2502 1847 2539 transmittere,
1882 2500 1923 2532 de

236 2596 238 2601 ‚
274 2557 418 2598 presenti
441 2556 570 2598 placeat
593 2555 677 2588 dicto
701 2556 830 2588 domino
854 2555 927 2588 duci
951 2560 984 2587 et
1007 2566 1064 2587 suo
1088 2555 1220 2587 consilio
1243 2564 1305 2586 non
1329 2554 1414 2586 serre
1437 2553 1584 2590 moleste,
1607 2553 1634 2584 si
1656 2552 1760 2585 dictus
1776 2552 1924 2584 dominus

276 2607 412 2639 vicarius
441 2608 503 2650 ipsi
526 2607 655 2640 domino
678 2607 751 2639 duci
780 2611 813 2639 et
839 2608 966 2640 comuni
980 2606 1191 2639 Venetiamm
1222 2605 1263 2637 ad
1286 2606 1389 2648 petita
1417 2615 1479 2637 non
1511 2604 1687 2648 respondet
1715 2604 1756 2636 ad
1780 2615 1922 2646 presens.

232 2671 259 2691 ω
277 2668 349 2690 cum
367 2658 518 2692 'intendat
539 2660 571 2691 in
594 2659 721 2691 redditu
745 2659 901 2692 dictorum
924 2660 1106 2691 nuntiorum
1130 2668 1256 2690 suorum
1282 2657 1388 2690 eidem
1404 2656 1533 2689 domino
1558 2656 1629 2689 duci
1653 2661 1686 2689 et
1708 2667 1766 2688 suo
1790 2655 1922 2687 consilio

277 2720 315 2742 ac
338 2710 463 2742 comuni
480 2710 689 2754 Venetiamm
713 2721 810 2753 super
833 2711 979 2743 omnibus
995 2711 1155 2752 requisitis
1179 2715 1211 2741 et
1227 2709 1484 2751 contingentibus
1499 2708 1711 2741 amicabiliter
1728 2707 1921 2749 respondero

381 2815 448 2844 588·
474 2816 501 2851 ἱ)
518 2819 622 2844 suffera
638 2819 740 2844 affuerit
757 2827 779 2844 ο.
856 2816 874 2849 ¹)
895 2817 1004 2850 predicto
1024 2826 1044 2842 c.
1123 2816 1155 2847 m)
1174 2817 1232 2841 aliis
1249 2824 1270 2842 e.
1345 2816 1372 2847 Ιἱ)
1389 2814 1606 2842 ᾶοῖιιηίιίοοτυω9
1623 2825 1643 2842 c.
1714 2817 1738 2847 ⁰)
1758 2816 1882 2841 celsnwes
1901 2824 1921 2838 c.

243 2868 259 2880 -’
279 2859 305 2891 Ρ)
324 2860 414 2892 medat
431 2869 452 2886 c.
539 2860 564 2892 a)
583 2861 667 2887 xvm
685 2870 704 2886 c.
