2184 3126
148 787 173 808 to

148 1045 172 1066 [ὅ

146 1561 172 1581 2³

146 2339 175 2359 ⁴0

147 2615 174 2634 ⁴5

149 2865 176 2885 ³⁰

467 228 564 257 ACTA
584 227 696 256 REGNI
716 226 899 255 LUDEWICI
919 226 966 254 lV.
986 226 1031 254 ΕΤ
1052 226 1236 254 ῨΒΙΒΕΒῙΟΙ
1257 226 1306 253 111.
1344 226 1419 254 1324.
1457 225 1505 253 Νι.
1518 226 1577 253 w.
1788 228 1850 259 727

190 327 288 360 quem
311 315 645 358 Magdeburgensem⁰
669 315 813 347 nominat
825 315 845 355 ¹,
869 324 964 357 quem
989 317 1157 346 vacantem
1190 318 1224 346 et
1250 314 1293 346 ad
1316 312 1487 355 imperium
1515 312 1701 344 devolutum
1730 312 1850 354 primo-

191 369 301 411 genito
325 371 433 400 nostro
457 378 531 400 cum
553 367 686 400 consilio
708 377 827 410 magno
851 366 1043 398 contulimus
1066 370 1099 398 et
1121 365 1186 398 alia
1208 365 1320 405 multa,
1343 374 1406 407 que
1429 364 1564 396 fecimus
1580 367 1691 406 etque
1707 363 1750 395 ad
1766 364 1851 395 eius-

191 420 265 452 dem
280 419 372 462 regni
388 423 422 451 et
437 419 564 461 imperii
579 420 723 462 regimen
739 421 887 460 spectare
904 421 1087 458 noscuntur,
1104 418 1213 450 facere
1229 428 1292 449 non
1304 417 1466 459 potuimus
1482 418 1517 447 et
1532 414 1573 447 de
1586 414 1673 447 facto
1685 414 1820 447 fecimus
1828 415 1850 446 ².

192 470 286 508 Quod
310 473 435 502 constat
459 480 530 502 esse
555 471 704 502 omninov
728 470 879 501 iniustum
897 472 930 501 et
953 470 1160 501 temerarium
1178 473 1210 500 et
1226 468 1370 511 iniquum
1394 472 1428 500 et
1443 477 1563 509 magna
1585 466 1727 498 falsitate
1745 476 1850 498 asser-

191 525 260 554 tum
283 525 316 554 et
339 521 380 554 de
408 520 626 563 profunditate
643 531 767 553 summe
790 521 916 553 malicie
933 530 1100 553 emanasse
1127 523 1160 552 et
1186 523 1296 552 eontra
1311 519 1418 552 Deum
1442 522 1476 551 et
1501 518 1658 550 iusticiam
1682 521 1715 550 et
1739 521 1850 550 contra

191 574 260 605 iura
293 572 420 614 imperii
454 575 573 615 atqueq
603 576 729 604 nostra*
762 575 795 604 et
823 576 936 604 contra
972 571 1220 604 consuetudines
1250 571 1447 613 approbatas
1477 569 1639 612 predictas
1668 573 1701 601 et
1737 572 1848 601 contra

190 625 273 657 sacri
296 623 424 666 imperii
446 623 632 656 libertatem
657 628 689 656 et
713 620 902 666 dignitatem
920 627 953 656 et
974 623 1148 655 utilitatem
1172 626 1206 654 et
1227 626 1339 655 contra
1355 623 1425 654 iura
1440 625 1473 654 et
1488 621 1656 654 libertates
1671 621 1850 662 principum

191 676 318 718 imperii
342 676 519 708 electorum
543 679 577 707 et
600 676 735 708 aliorum
757 676 935 718 principum
951 678 984 707 et
999 675 1170 707 Alemanie
1186 675 1285 706 totius
1300 678 1333 706 et
1348 675 1490 706 omnium
1506 673 1633 715 imperii
1648 672 1850 704 subditorum

191 731 224 760 et
254 727 448 760 vasallorum
477 730 510 759 et
538 727 570 759 in
601 727 811 769 preiudieium
839 732 895 759 ac·
923 736 1098 769 gravamen
1126 726 1244 768 prefati
1271 726 1328 757 filii
1357 726 1456 757 nostri
1484 724 1677 757 marchionis
1704 723 1850 756 Brandc-

191 779 377 822 burgensis*
399 782 433 811 et
455 782 566 810 contra
590 779 747 811 iusticiam
770 789 861 811 suam
886 782 918 811 et
940 779 1010 810 iura
1034 781 1068 810 et
1082 778 1229 818 aliorum,
1252 778 1307 819 qui
1329 782 1394 809 ex*¹
1412 777 1534 809 eisdem
1551 775 1754 818 processibus
1770 785 1850 817 quo-

190 830 370 863 modolibet
392 830 586 862 lederentur.

302 884 350 914 14.
384 881 498 914 vItem
529 882 683 914 contineri
713 882 828 914 dicitur
855 882 887 913 in
915 880 1030 914 eodem
1062 890 1225 922 processu,
1252 881 1278 911 si
1306 890 1476 921 processus
1504 879 1567 911 dici
1591 879 1705 920 possit,
1738 878 1793 920 qui
1819 878 1851 909 in

190 934 325 966 veritate
350 944 501 966 excessus
524 934 694 966 notoriusw
717 936 767 966 est
782 932 971 973 censendus,
994 937 1087 964 cum²¹
1111 931 1315 964 omnimode?
1331 932 1469 963 veritate
1493 934 1621 963 careat¹
1646 934 1678 962 et
1701 934 1788 961 totus
1811 930 1851 960 sit

190 989 224 1018 et
246 986 389 1018 totaliter
411 986 580 1028 iniquitate
604 989 637 1017 et
660 985 818 1017 iniusticia
840 985 965 1027 plenus,
989 983 1073 1026 quod
1098 984 1124 1015 si
1148 983 1276 1015 vasallis
1299 983 1416 1015 nostris
1433 982 1588 1022 favemus,
1613 992 1694 1024 quos
1719 980 1851 1013 fovere·

191 1040 225 1070 et
247 1037 400 1070 adiuvare
424 1037 598 1069 iuravimus
621 1040 654 1069 et
677 1048 734 1079 pro
750 1047 846 1079 posse
863 1040 1020 1075 tenemur,
1037 1037 1091 1078 qui
1108 1039 1220 1068 contra
1235 1035 1343 1068 Deum
1359 1039 1393 1067 et
1407 1035 1566 1067 iusticiam
1582 1038 1615 1066 et
1631 1033 1850 1066 omnimodam

190 1089 367 1131 equitatem
390 1090 422 1120 in
445 1087 579 1120 diversis
602 1089 746 1131 partibus
761 1088 870 1120 Ytalie
894 1092 927 1120 et
948 1087 1056 1119 nulls.b
1079 1087 1143 1119 alia
1165 1087 1333 1119 occasione
1357 1087 1407 1119 vel
1432 1096 1540 1126 causa,
1564 1086 1624 1117 nisi
1648 1086 1723 1127 quia
1738 1084 1851 1117 vasalli

190 1140 317 1182 imperii
341 1140 517 1172 existentes
539 1143 590 1172 etc
614 1141 644 1172 in
668 1139 844 1172 devocione
868 1139 994 1181 imperii
1018 1139 1228 1181 persistentes
1255 1148 1374 1171 nomen
1397 1138 1525 1180 imperii
1548 1138 1708 1176 invocant,
1731 1140 1765 1168 et
1787 1136 1852 1167 suis

191 1192 341 1234 malignis
364 1191 540 1232 conatibus,
565 1191 680 1234 quibus
705 1202 760 1223 eos
782 1191 842 1223 sibi
866 1195 977 1223 contra
992 1191 1098 1223 Deum
1119 1194 1152 1222 et
1167 1190 1326 1223 iusticiam
1343 1189 1490 1222 subicere
1506 1192 1540 1222 et
1554 1188 1727 1230 subiugare
1741 1188 1852 1219 nititur

191 1253 252 1285 per
273 1243 341 1275 vias
364 1243 497 1275 bellicas
520 1247 553 1275 et
575 1254 595 1275 a
618 1242 681 1275 Dei
704 1242 924 1275 sacerdotibus
947 1243 1070 1274 alienas
1094 1244 1127 1274 et
1150 1251 1209 1283 per
1232 1242 1315 1274 tales
1338 1242 1627 1273 circumventiones
1658 1243 1691 1271 et
1720 1238 1852 1271 fraudes

193 1298 227 1327 et
249 1295 341 1328 dolos
363 1295 469 1327 varios
492 1299 526 1327 et
553 1294 707 1334 diversos,
737 1305 817 1337 quos
847 1293 952 1336 pudor
980 1297 1029 1326 est
1060 1303 1221 1333 enarrare,
1249 1295 1336 1335 ipsos
1368 1296 1502 1325 conatur
1530 1291 1678 1323 subicere
1706 1290 1852 1322 faucibus

191 1347 392 1379 inimicorum
415 1357 557 1386 suorum,
581 1357 662 1389 quos
683 1346 766 1379 filios
790 1347 926 1379 ecclesie
949 1347 1104 1386 nominat,
1128 1345 1301 1378 crudeliter
1317 1344 1530 1385 devorandos,
1552 1354 1587 1375 se
1605 1347 1638 1375 et
1653 1353 1745 1375 suam
1762 1343 1851 1374 iusti-

191 1398 275 1431 ciam
298 1408 356 1440 pro
380 1408 474 1440 posse
499 1399 580 1430 iuste
605 1401 638 1430 et
659 1398 834 1432 secundum
850 1397 958 1430 Deum
981 1402 1014 1430 ct
1030 1398 1201 1430 veritatem
1218 1396 1406 1437 defendunt,
1429 1397 1560 1435 crimen,
1583 1399 1620 1427 ut
1642 1394 1729 1434 dicit,
1746 1394 1851 1425 ineur-

191 1450 292 1482 rimus
314 1449 483 1489 fautorie2,
512 1448 599 1492 quod
621 1449 706 1482 absit
728 1461 748 1482 a
770 1450 888 1483 seculo.
933 1449 1002 1482 Nos
1026 1450 1110 1482 enim
1135 1450 1202 1482 veri
1225 1449 1339 1481 fideles
1365 1451 1463 1490 atque
1494 1446 1667 1479 catholici‘¹
1691 1446 1758 1477 veri
1781 1446 1850 1477 exi-

191 1501 314 1532 stentes
338 1503 485 1532 tenemur
515 1503 549 1532 et
571 1500 718 1533 volumus
739 1501 838 1534 fidem
861 1501 1074 1534 catholicam⁶
1102 1502 1177 1533 totis
1199 1501 1321 1533 viribus
1349 1500 1519 1531 defensare
1548 1502 1582 1530 et
1604 1497 1798 1530 defendere‘
1818 1500 1852 1529 et

192 1561 286 1583 veros
303 1551 463 1584 hereticos
480 1554 513 1585 et
527 1552 708 1585 Paterenos
731 1557 763 1585 et
779 1554 934 1592 fautores,
945 1553 1139 1592 ‚defensores
1155 1557 1188 1585 et
1203 1555 1446 1596 receptatoress
1465 1550 1627 1593 ipsorum¹²
1643 1549 1719 1582 totis
1731 1548 1852 1580 viribus

192 1613 380 1645 expugnare
389 1603 405 1635 ¹.
445 1603 526 1636 Set*
542 1605 568 1636 si
592 1604 652 1636 hoc
676 1605 822 1637 volumus
839 1608 873 1637 et
888 1605 972 1637 velle
996 1604 1163 1646 debemus,
1185 1604 1248 1637 sio*
1272 1613 1332 1636 nec
1356 1603 1450 1635 decet
1473 1613 1530 1634 nos
1546 1602 1614 1645 pati
1628 1611 1688 1633 nec
1705 1601 1852 1633 volumus

191 1665 252 1686 nec
276 1654 443 1694 debemus,
467 1655 554 1698 quod
577 1656 676 1688 nostri
692 1656 804 1688 vasalli
828 1660 862 1689 et
876 1656 994 1689 subditi
1011 1657 1138 1699 imperii
1154 1666 1212 1699 per
1227 1656 1296 1688 vias
1312 1655 1471 1697 malignas
1492 1664 1530 1686 ac
1546 1653 1638 1685 dolos
1660 1657 1693 1685 et
1708 1651 1852 1684 sraudes¹

193 1707 297 1738 varias
320 1717 358 1740 ac
381 1712 565 1739 commenta
588 1706 715 1740 diversa
738 1708 805 1740 veri
829 1708 978 1740 catholici
1002 1712 1034 1741 et
1057 1708 1170 1740 fideles
1193 1707 1356 1740 christiani
1379 1706 1556 1738 existentes
1579 1705 1661 1736 falso
1685 1707 1719 1736 et
1740 1707 1852 1735 contra

193 1758 362 1790 veritatem
387 1758 535 1791 dicantur
555 1758 704 1800 heretici,
732 1763 768 1791 ut
796 1760 884 1803 ipsos
908 1770 949 1792 ex
972 1760 1033 1792 hoc
1064 1760 1203 1792 hostium
1228 1759 1376 1801 nequicia
1405 1761 1503 1799 atque
1526 1756 1653 1788 malicia
1681 1755 1852 1787 destitutos

193 1810 365 1842 multorum
389 1807 528 1850 auxiliis,
551 1811 605 1853 qui
628 1810 788 1843 adherent
810 1811 948 1852 eisdem,
977 1811 1102 1843 facilius
1124 1811 1231 1843 valeat
1256 1810 1484 1842 conculcarem.
1530 1809 1636 1846 Quin¹¹
1659 1807 1766 1839 verius
1788 1806 1851 1838 dici

192 1864 301 1903 potest
325 1864 358 1893 et
380 1861 507 1901 iustius,
531 1871 598 1903 eos,
623 1862 676 1904 qui
700 1862 782 1894 falso
806 1866 839 1894 et
862 1867 973 1895 contra
997 1863 1156 1895 iusticiam
1179 1863 1225 1894 eis
1248 1862 1417 1904 imponunt
1439 1861 1532 1901 talia,
1556 1859 1852 1891 excommunicatos

192 1913 260 1944 fore
285 1915 318 1944 et
340 1913 522 1955 arguendos
544 1914 688 1955 graviter
709 1924 747 1946 ac
772 1915 874 1946 eciam
899 1914 1089 1956 puniendos.
1113 1925 1184 1946 cum
1208 1914 1290 1946 falso
1307 1914 1510 1955 imponentes
1533 1911 1611 1943 talia
1633 1911 1695 1942 sint
1718 1910 1760 1942 de
1782 1910 1851 1941 iure

190 1974 276 2006 pena
300 1974 411 1996 eorum
418 1970 441 2005 ⁰,
466 1964 580 2007 quibus
597 1965 674 1998 talia
696 1966 913 2007 imponuntur,
937 1966 964 1998 si
986 1976 1062 1998 vera
1079 1970 1196 2007 essent,
1212 1965 1322 1997 debita
1338 1963 1500 2006 plectendi
1516 1974 1554 1995 ac
1570 1963 1672 1995 eciam
1689 1960 1852 2004 puniendi.

190 2015 234 2049 Et
256 2016 301 2048 sic
324 2017 394 2059 ipse
418 2016 496 2048 talia
520 2022 711 2059 perperam1'
734 2028 834 2059 agens
856 2028 894 2050 ac
918 2017 999 2050 falso
1023 2018 1191 2060 imponens
1215 2020 1249 2048 et
1271 2016 1392 2058 imponi
1415 2015 1536 2047 faciens
1563 2019 1612 2046 est
1634 2014 1753 2058 pocius
1768 2023 1852 2055 pena

192 2067 373 2101 consimiliq
397 2067 578 2111 puniendus
606 2078 645 2100 ac
677 2069 797 2100 eciamr
826 2069 1137 2111 condempnandus·,
1165 2079 1238 2100 cum
1261 2069 1330 2111 ipse
1354 2067 1459 2099 idem‘
1483 2070 1594 2098 contra
1619 2065 1782 2109 predictos
1811 2065 1852 2096 sit

193 2123 361 2153 accusator
383 2120 476 2152 simul
505 2123 538 2152 et
565 2119 663 2152 iudex
695 2123 727 2152 et
750 2121 854 2158 testis,
887 2124 983 2163 prout
1009 2124 1058 2152 est
1085 2120 1267 2152 notoriumu
1294 2119 1352 2151 toti
1381 2117 1519 2158 mundo,
1549 2128 1612 2150 non
1642 2118 1710 2149 sine
1734 2126 1852 2158 magno

192 2175 380 2215 contemptu
402 2172 466 2204 Dei
490 2175 541 2204 etv
565 2172 746 2204 scandalow
770 2172 913 2204 fidelium
938 2175 971 2204 et
994 2171 1198 2214 preiudicio¹
1221 2174 1255 2203 et
1277 2171 1486 2213 gravaminev
1509 2170 1636 2212 imperii
1665 2171 1699 2201 et
1726 2167 1853 2210 imperii

192 2223 392 2256 subditorum
409 2227 442 2256 et
458 2224 660 2256 devotorum.
706 2224 849 2256 Maxime
866 2235 938 2256 cum
955 2225 1115 2256 notorium
1132 2224 1174 2255 sit
1189 2222 1298 2257 taliter
1317 2225 1353 2253 ut
1368 2221 1483 2253 asserit
1498 2220 1655 2253 iudicatos
1675 2219 1716 2252 de
1734 2219 1851 2259 heresi,

193 2275 280 2318 quod
302 2278 411 2308 tamen
434 2275 527 2307 nobis
549 2285 612 2307 non
637 2279 763 2307 constat
785 2286 844 2308 nec
869 2275 1019 2315 constitit,
1043 2269 1141 2307 iidem
1165 2273 1358 2306 catholicam
1382 2276 1415 2304 et
1438 2272 1590 2304 articulos
1611 2271 1687 2304 fidei
1703 2275 1737 2303 et
1753 2271 1852 2313 perti-

193 2327 307 2359 nencia
330 2326 372 2359 ad
393 2326 497 2369 ipsam
520 2329 553 2359 et
575 2330 777 2359 sacramenta
801 2327 937 2359 ecclesie
961 2330 995 2359 et
1010 2327 1208 2369 pertinencia
1228 2324 1271 2357 ad
1286 2326 1357 2368 ipsa
1372 2329 1405 2356 et
1421 2323 1571 2367 quicquid
1588 2327 1698 2356 sancta
1714 2323 1853 2355 ecclesia

295 2433 363 2461 900.
390 2433 415 2462 0)
433 2435 621 2469 Magdenburg.
641 2434 671 2467 23
691 2436 888 2470 Merdeburgen.
906 2435 931 2462 4.
945 2436 969 2462 5.
1063 2435 1090 2468 Ρ)
1108 2443 1176 2461 omn.
1189 2442 1244 2460 esse
1262 2433 1287 2459 4.
1301 2433 1326 2458 5.
1423 2431 1449 2466 ³1)
1467 2437 1493 2458 et
1509 2431 1534 2458 4.
1639 2431 1661 2464 ¹)
1679 2433 1736 2458 iura
1753 2436 1852 2464 ponunt

193 2477 234 2503 hie
251 2476 277 2503 2.
289 2476 314 2504 4.
327 2476 351 2504 5.
439 2477 461 2510 ⁸)
479 2482 505 2504 et
521 2476 547 2503 2.
561 2477 586 2505 4.
599 2478 624 2505 5.
713 2478 733 2511 ς>
752 2479 946 2513 Brandenburg.
965 2478 990 2504 ‘2.
1079 2477 1105 2510 =¹)
1124 2486 1169 2511 pro
1186 2477 1212 2503 4.
1225 2477 1250 2503 5.
1339 2476 1365 2508 “”)
1384 2484 1451 2501 '¹⁰⁰⁰
1469 2475 1539 2501 [Μ
1558 2475 1586 2505 1;
1605 2483 1662 2501 ⁶⁴⁹⁸
1680 2475 1753 2507 fl'ym’
1769 2482 1850 2507 pm·

190 2520 289 2554 yraplu'
305 2519 331 2546 2.
401 2518 432 2553 1’)
449 2521 549 2546 notorie
565 2520 591 2547 4.
662 2521 688 2553 ²)
707 2522 811 2547 omnino
829 2522 892 2548 aad.
910 2521 935 2547 4.
948 2521 973 2547 5.
1049 2523 1075 2554 1)
1094 2521 1241 2546 omnimodo
1259 2519 1284 2545 2.
1363 2519 1387 2551 ι)
1405 2527 1456 2544 car.
1469 2527 1522 2544 ver.
1540 2517 1565 2544 5.
1641 2518 1666 2549 ι)
1685 2519 1771 2543 &vere
1790 2517 1814 2543 l.
1826 2517 1850 2543 5.

191 2562 219 2595 ιἱ)
238 2563 365 2589 nonnulla
381 2561 407 2588 4.
419 2562 445 2589 ὃ.
550 2563 574 2596 ⁰)
593 2563 661 2590 deest
677 2563 703 2590 4.
808 2563 835 2596 d)
854 2565 978 2591 kaumlici
1000 2564 1021 2591 Ι.
1038 2563 1063 2590 2.
1169 2564 1192 2595 ⁸)
1212 2562 1367 2589 katholicam
1385 2561 1411 2588 2.
1515 2559 1536 2594 f)
1553 2566 1580 2587 ct
1596 2562 1732 2587 defendere
1751 2561 1803 2587 dcc.
1824 2561 1850 2588 l:

193 2606 330 2632 defendere
347 2610 373 2631 st
390 2606 523 2632 defensare
539 2605 566 2632 5.
664 2607 691 2639 Π)
709 2611 853 2641 receptores
873 2607 896 2634 1.
908 2608 932 2634 5.
1030 2606 1056 2638 ι1)
1075 2615 1163 2633 sorum
1182 2605 1207 2632 4.
1307 2604 1326 2636 ¹)
1344 2605 1496 2639 impugnare
1513 2603 1539 2631 4.
1642 2602 1669 2635 Β)
1688 2604 1744 2630 loco
1763 2606 1805 2630 Set
1816 2617 1850 2622 —

192 2650 230 2675 sic
248 2648 273 2675 4.
290 2648 319 2675 5:
345 2649 390 2675 Set
411 2649 460 2675 hoo
481 2649 513 2675 de
531 2649 605 2675 nobis
625 2657 756 2683 perperam
773 2650 850 2681 dicit,
875 2650 937 2683 quia
954 2648 1009 2683 (qui
1029 2649 1056 2682 5)
1080 2650 1128 2675 hoe
1146 2649 1267 2675 volumus
1284 2648 1353 2682 quod
1371 2647 1439 2673 velle
1456 2647 1593 2679 debemus,
1612 2648 1687 2674 sicut.
1787 2645 1806 2679 ¹>
1824 2653 1849 2673 et

192 2692 257 2719 aad.
269 2691 295 2718 2.
333 2686 336 2690 ⁴
359 2691 391 2724 1Ιὶ)
409 2692 555 2719 conculcari
566 2691 592 2719 4.
656 2691 683 2726 ὓ)
700 2693 766 2719 Oum
779 2692 807 2725 13
825 2694 950 2725 Quamvis
962 2692 987 2719 4.
1054 2692 1079 2724 ⁰)
1097 2701 1204 2719 eorum
1218 2691 1286 2718 daeo(
1299 2691 1327 2722 1;
1345 2691 1381 2725 ef.
1394 2699 1436 2716 nr.
1447 2694 1505 2718 910.
1576 2691 1601 2723 Ρ)
1620 2699 1691 2724 perp.
1706 2691 1767 2716 talia
1786 2690 1811 2716 4.
1824 2690 1848 2716 5.

192 2735 218 2768 (ι)
236 2735 314 2761 simili
332 2734 357 2761 4.
370 2735 395 2761 5.
491 2736 513 2767 ¹')
530 2735 599 2762 decet
617 2734 641 2762 4.
738 2735 760 2769 ⁸)
778 2736 951 2770 inpunieudus
969 2735 994 2762 4.
1090 2735 1111 2767 θ)
1130 2736 1197 2768 idem
1214 2735 1270 2768 ipos
1287 2733 1314 2761 4.
1325 2734 1350 2760 5.
1446 2734 1472 2766 u)
1491 2739 1543 2760 not.
1560 2739 1599 2760 cst
1617 2733 1643 2759 4.
1656 2734 1681 2760 5.
1778 2734 1803 2764 *)
1823 2735 1848 2759 in

192 2778 256 2804 odd.
275 2777 300 2804 4.
387 2778 418 2810 w)
437 2771 586 2804 scandalum
605 2778 629 2805 4.
642 2778 666 2804 5.
754 2778 780 2811 ¹)
799 2779 968 2813 preindicium
986 2778 1012 2805 4.
1025 2778 1050 2805 5.
1137 2779 1163 2810 1)
1181 2786 1322 2811 gravamen
1339 2777 1364 2804 2.
1376 2777 1401 2803 4.
1415 2777 1439 2804 5.

298 2860 324 2891 1)
342 2858 434 2892 Supra
448 2867 510 2893 paq.
525 2863 575 2887 61?
591 2859 639 2887 lin.
652 2864 690 2886 25.
778 2860 806 2894 2)
824 2859 915 2894 Supra
936 2867 976 2886 nr.
992 2863 1038 2886 792
1053 2867 1112 2893 cap.
1126 2864 1149 2886 2.
