2184 3126
215 2394 275 2414 Mart.
284 2396 303 2414 7.

317 205 379 234 654
587 200 684 227 ACTA
702 198 815 226 REGNI
834 197 1016 224 LUDEWICI
1035 196 1081 224 1v.
1100 196 1146 223 ΕΤ
1166 196 1351 223 FRIDERICI
1370 196 1419 223 111.
1455 196 1530 223 1324.
1567 196 1616 223 Nr.
1629 195 1688 223 835.

317 286 558 328 condempnatis
580 286 689 317 favere
711 283 886 316 hactenusk
907 285 1018 315 contra
1039 282 1198 324 prefatam
1222 282 1392 314 ecclesiam
1414 292 1479 314 non
1502 282 1634 323 expavit
1655 292 1716 314 nec
1737 282 1859 324 adhue,
1882 283 1965 315 sicut

316 338 504 378 audivimus,
527 347 547 368 a
570 337 707 368 fautoria
729 335 851 367 destitit
871 334 1056 366 eorundem.
1144 334 1175 365 A
1197 333 1457 366 Ferrariensibus
1480 334 1578 365 etiam
1604 333 1757 366 videlicet
1778 333 1963 376 Raynaldo¹

317 393 350 421 et
366 390 534 431 Opizone'¹²
555 388 638 419 natis
662 387 770 418 dilecti
792 386 848 417 filii
870 385 985 417 nobilis
1008 385 1066 416 viri
1088 384 1308 416 Ildebrandini
1330 384 1544 416 marchionis*
1559 384 1704 416 Estensis
1727 385 1769 417 de
1790 385 1864 417 labe
1887 396 1962 427 pra-

317 441 422 472 vitatis
445 440 585 472 heretice
608 439 753 470 similiter
771 436 1018 478 'condempnatis
1041 447 1078 467 ac
1101 435 1276 467 rebellibus
1306 436 1442 467 ecclesie
1469 438 1648 468 memorate
1675 437 1801 468 ratione
1825 437 1963 470 civitatis

316 491 526 523 Ferrariensis
547 490 735 521 fidelitatem
759 491 792 520 et
813 488 998 530 homagium
1021 488 1215 529 presumpsit
1237 487 1382 528 recipere
1406 487 1546 529 ipsisque
1567 487 1723 529 favorem,
1747 488 1913 520 consilium
1931 491 1964 520 et

316 543 488 574 auxilium⁰
510 541 695 582 impendere
718 541 750 571 in
773 543 915 571 nostrum
938 542 971 570 et
993 539 1137 571 eiusdem
1163 538 1299 570 ecclesie
1328 549 1480 580 magnum
1510 542 1751 581 contemptuml’
1775 542 1873 582 atque
1897 539 1962 572 dis-

315 593 466 635 pendium
490 596 523 624 et
545 592 753 633 preiudicium
776 591 995 630 manifestum,
1022 601 1093 622 cum
1118 590 1223 622 dictaq
1245 591 1357 622 civitas
1379 589 1595 622 Ferrariensis
1619 591 1751 633 eiusque
1776 590 1963 623 districtus-1

314 644 356 675 ad
382 644 511 685 plenum
540 644 589 674 ius
620 646 717 684 atque
749 642 923 673 dominium
957 647 990 673 et
1022 643 1252 683 proprietatem
1283 641 1429 674 eiusdem
1458 641 1607 674 Romane
1637 642 1774 674 ecclesie
1800 643 1963 684 pertinere

314 698 511 726 noscanturq.
600 693 647 735 (3)
682 693 957 724 Administrationi
981 693 1079 724 etiam
1105 693 1231 735 imperii
1258 703 1293 725 se
1323 693 1467 725 indebite
1496 704 1534 726 ac
1560 694 1775 727 irreverenter
1800 694 1963 726 inmiscuit

315 745 461 777 donando
486 745 525 776 de
549 745 639 776 bonis
661 745 774 786 ipsius,
800 745 951 786 homagia
974 745 1158 786 recipiendo
1183 748 1216 776 et
1238 744 1302 776 alia
1324 744 1470 777 indebite
1494 746 1732 787 attemptando,
1756 756 1830 778 cum
1851 748 1961 779 tamen

314 796 493 828 huiusmodi
517 796 747 828 administratio
771 796 906 838 imperio
930 796 1074 837 predicto
1097 800 1242 836 vacante,
1273 800 1369 838 prout
1391 796 1432 828 ad
1456 807 1590 838 presens
1612 807 1730 830 vacare
1753 797 1960 840 dignoscitur,

313 848 354 879 ad
370 848 478 879 sedem
502 849 661 890 pertineat
677 851 899 887 memoratam,
922 848 1003 879 sicut
1025 848 1086 879 hoc
1108 849 1177 879 iure
1193 851 1293 890 patet,
1317 848 1549 881 consuetudine
1566 849 1750 882 declaratur
1773 853 1806 881 et
1820 849 1962 882 Romani

314 900 478 940 pontifices
494 899 737 941 predecessores
760 900 859 930 nostri
885 900 916 930 in
940 910 1015 931 casu
1030 900 1205 931 vacationis
1221 901 1348 942 imperii
1371 901 1439 932 iure
1455 901 1638 933 huiusmodi
1653 902 1703 933 usi
1727 904 1800 933 sunt
1814 901 1904 933 velut
1919 900 1960 933 ad

314 961 369 982 eos
391 952 590 992 pertinenter
611 951 751 991 indubie,
775 952 856 982 sicut
879 952 977 983 etiam
1000 951 1158 982 nonnullis
1182 952 1340 993 exemplis
1364 952 1568 984 evidentibus
1590 956 1690 995 patet.
1720 953 1806 985 Nam
1829 952 1961 995 fe(licis)

313 1002 570 1044 re(cordationis)
593 1002 742 1034 Clemens
765 1013 849 1043 papa
872 1002 949 1034 IIII.
974 1003 1185 1044 predecessor
1207 1006 1316 1035 noster
1339 1007 1487 1046 tempore
1516 1015 1574 1036 suo
1599 1005 1813 1038 existentibus
1836 1005 1962 1038 duobus

313 1055 345 1084 in
359 1053 605 1095 Roman(orum)
628 1064 721 1095 reges
745 1054 854 1086 electis
878 1054 962 1086 clare
986 1055 1140 1086 memorie
1158 1054 1326 1086 Carolum³
1349 1066 1461 1097 regem
1485 1055 1593 1088 Sicilie
1616 1057 1649 1088 in
1666 1056 1784 1089 Tuscia
1805 1057 1960 1089 vicarium

313 1106 496 1146 generalem
521 1106 691 1146 constituit⁷
715 1106 768 1146 qui
785 1105 978 1146 predictumt
1001 1105 1141 1137 officium
1166 1107 1311 1137 exercuit
1328 1106 1510 1149 diligenter.
1557 1106 1712 1140 Similiter
1727 1109 1781 1150 pie
1803 1109 1962 1141 memorie

313 1156 461 1187 Clemens
484 1166 568 1197 papa
591 1156 629 1187 V.
654 1156 863 1197 predecessor
889 1160 998 1188 noster
1023 1158 1054 1188 in
1082 1158 1253 1198 provinciis
1275 1158 1472 1190 Lombardie
1503 1161 1536 1191 et
1559 1159 1675 1192 Tuscie
1703 1161 1902 1192 carissimum
1929 1161 1962 1192 in

313 1207 437 1239 Christo
460 1207 558 1238 filium
581 1210 723 1238 nostrum
745 1208 924 1240 Robertum
947 1219 1058 1250 regem
1074 1208 1203 1240 Sicilieu
1225 1209 1382 1241 illustrem
1398 1211 1554 1242 vicarium
1578 1211 1747 1253 ordinavit,
1771 1213 1862 1244 cuius
1883 1212 1962 1244 iuris

312 1259 510 1299 possessione
526 1259 578 1290 vel
601 1260 691 1300 quasi
706 1260 851 1301 prefatus
874 1260 939 1291 dux
956 1260 1123 1302 Bavariev,
1148 1264 1302 1302 quantum
1324 1262 1358 1293 in
1381 1272 1419 1294 eo
1444 1266 1502 1304 est,
1526 1273 1585 1294 nos
1601 1266 1634 1295 et
1650 1263 1767 1295 dictam
1791 1263 1962 1297 ecclesiam

311 1310 451 1341 indebite
474 1315 537 1341 acW
559 1314 802 1352 presumptuose
826 1312 957 1343 nimium
981 1313 1121 1354 spoliare
1146 1316 1288 1344 conatur.

417 1360 464 1402 (4)
493 1360 547 1392 Six
574 1362 671 1403 igitur
700 1363 845 1404 predicta
874 1374 997 1395 necnon
1024 1364 1123 1396 verba
1151 1365 1183 1395 in
1212 1364 1304 1396 dictis
1333 1365 1462 1397 litteray
1486 1369 1536 1398 etz
1559 1366 1795 1408 supplicatione
1824 1377 1884 1409 per
1905 1377 1963 1399 vos

313 1412 461 1443 exhibitis
488 1413 605 1454 posita,
639 1424 701 1455 que
731 1415 833 1456 magis
864 1418 936 1446 sunt
970 1415 1011 1446 ad
1040 1415 1258 1447 turbationem
1287 1417 1446 1449 irritantis.
1477 1428 1575 1459 quam
1609 1418 1651 1450 ad
1680 1418 1962 1451 mansuetudinem

311 1467 451 1495 mentem
474 1464 680 1506 intelligentis
703 1467 920 1506 provocantia,
944 1466 1100 1498 vellemus
1124 1467 1293 1500 attendere
1317 1468 1499 1510 diligenter,
1522 1469 1645 1501 nullum
1661 1470 1753 1502 vobis
1771 1481 1961 1513 responsum

312 1515 388 1546 dare
409 1516 538 1556 utique⁸
560 1515 761 1548 deberemus.
800 1517 922 1549 Tamen
938 1529 1098 1550 memores
1119 1519 1299 1551 devotionis
1318 1521 1473 1562 preterite
1497 1520 1575 1552 dicti
1598 1520 1688 1553 ducis
1713 1522 1803 1554 vobis
1825 1522 1961 1564 prefatis

311 1567 431 1597 nunciis
453 1566 493 1598 de
517 1566 673 1598 dictorum
696 1567 829 1599 fratrum
852 1569 983 1600 consilio
1007 1570 1148 1602 breviter
1170 1571 1418 1612 respondemus,
1449 1571 1536 1614 quod
1563 1583 1636 1604 cnm
1659 1584 1829 1615 processus
1851 1578 1961 1607 noster

311 1617 472 1658 predictus
487 1622 595 1650 contra
615 1618 735 1650 dictum
755 1620 870 1652 ducem
887 1621 1024 1653 Bavarie
1054 1626 1087 1653 et
1111 1622 1259 1663 electum,
1283 1626 1320 1654 ut
1341 1623 1528 1665 predicitur,
1553 1624 1656 1656 factus
1672 1626 1733 1658 rite
1749 1627 1791 1657 sit
1813 1629 1847 1658 et
1863 1636 1962 1669 super

311 1669 434 1700 notorio
458 1670 584 1701 habitus
599 1672 833 1713 terminumque
857 1677 1096 1714 competentem
1112 1675 1284 1715 contineat,
1308 1675 1392 1707 infra
1407 1685 1505 1717 quem
1521 1675 1564 1707 ad
1580 1676 1649 1707 eius
1672 1676 1800 1720 deduci,
1823 1678 1883 1710 nisi
1901 1688 1963 1720 per

312 1721 415 1761 ipsum
431 1722 564 1762 steterit,
585 1723 732 1754 notitiam
748 1724 889 1764 potuerit
904 1734 942 1755 ac
958 1725 996 1755 ab
1013 1726 1206 1767 presumptis
1222 1737 1281 1768 per
1295 1727 1400 1768 ipsum
1416 1730 1541 1759 temere
1565 1728 1665 1760 etiam
1681 1729 1805 1762 resilire
1825 1730 1962 1772 ipsaque

1979 757 2006 778 1⁰

1980 1017 2005 1038 u

315 1776 464 1813 quantum
482 1776 551 1804 erat
566 1773 625 1804 sibi
642 1775 794 1815 possibile
810 1785 973 1817 revocare,
997 1787 1132 1818 quorum
1148 1781 1297 1810 neutrum
1314 1779 1420 1820 ipsum
1436 1782 1580 1812 constate
1593 1780 1709 1813 fecisse
1725 1791 1785 1823 per
1804 1775 2006 1823 exhibitas-⁸⁰

314 1823 371 1855 sed
394 1825 494 1865 potius
516 1825 601 1866 quod
623 1826 768 1858 intendat
789 1827 854 1868 illa,
878 1831 914 1859 ut
930 1827 1015 1860 dicta
1031 1829 1186 1870 scriptura
1202 1831 1326 1871 asserit,
1351 1841 1508 1863 excusare
1523 1842 1561 1863 ac
1584 1831 1626 1863 de
1641 1833 1720 1872 iure,
1745 1833 1833 1875 quod
1847 1833 1961 1876 utique

313 1875 414 1906 electo
437 1875 574 1907 faciendi
596 1878 770 1918 premissad
793 1889 997 1921 nequaquam
1022 1882 1196 1922 competit⁹
1218 1892 1278 1913 nec
1306 1885 1415 1924 potest
1442 1886 1643 1925 competere,
1674 1891 1710 1916 se
1733 1885 1818 1917 velle
1842 1885 1960 1918 docere

312 1930 442 1968 asserat,
467 1927 633 1959 intendens
656 1939 714 1970 per
737 1940 946 1972 consequenS,
970 1942 1122 1964 excessus
1144 1944 1218 1965 suos
1241 1935 1384 1966 notorios
1406 1935 1511 1966 minus
1533 1935 1668 1977 provide
1692 1936 1873 1978 defensare,
1896 1947 1961 1970 non

311 1978 501 2009 intendimus
528 1979 648 2021 aliquid
676 1981 827 2013 innovare
856 1983 960 2024 ipsum
990 1984 1134 2016 tollendo
1163 1985 1215 2017 vel
1245 1986 1470 2028 suspendendo
1499 1987 1550 2019 vel
1581 1987 1689 2029 quoad
1715 1988 1959 2030 impediendum

313 2029 462 2061 effectum
485 2032 713 2063 sententiarum
736 2034 768 2064 in
792 2044 831 2065 eo
855 2034 991 2066 latarum
1017 2037 1203 2078 terminum,
1227 2037 1417 2070 dilationem
1439 2038 1510 2070 vel‘
1529 2040 1793 2081 prorogationem
1816 2040 1959 2082 aliquam

311 2081 524 2121 concedendo,
540 2083 657 2115 immo&
672 2085 818 2116 volumus
834 2096 906 2118 eum
924 2087 1031 2129 quoad
1048 2089 1155 2120 omnia
1171 2092 1322 2121 contenta
1338 2090 1371 2121 in
1394 2090 1464 2132 ipso
1489 2093 1523 2122 et
1544 2091 1688 2132 ipsorum
1713 2091 1831 2124 effectu
1853 2093 1886 2124 in
1901 2103 1960 2124 suo

311 2131 405 2172 pleno
428 2133 536 2173 vigore
560 2137 655 2176 atque
680 2136 794 2168 robore
818 2148 1017 2178 permanere.
1107 2139 1154 2182 (5)
1175 2140 1298 2172 Verum
1323 2142 1398 2183 quia
1421 2142 1453 2172 in
1470 2141 1556 2173 dicto
1572 2153 1727 2184 processu
1748 2143 1828 2175 nos¹¹
1852 2143 1960 2176 eidem

312 2186 420 2223 aperte
443 2183 589 2216 duximus
611 2186 832 2229 intimandum,
856 2190 941 2231 quod
965 2191 991 2221 si
1013 2192 1045 2222 in
1068 2192 1232 2233 premissis
1255 2193 1287 2223 in
1311 2192 1397 2224 dicto
1413 2203 1567 2235 processu
1590 2196 1748 2227 contentis
1770 2206 1830 2237 per
1853 2196 1961 2229 omnia

314 2233 394 2265 infra
422 2235 577 2275 prefixum
607 2238 647 2269 ad
676 2239 736 2270 hoc
768 2240 827 2271 sibi
857 2243 1027 2274 terminum
1057 2243 1272 2285 exequendis¹
1299 2244 1384 2276 foret
1410 2245 1601 2287 negligensk
1627 2246 1680 2278 vel
1708 2248 1873 2286 remissus,
1901 2259 1960 2280 nos

315 2287 423 2315 contra
445 2286 546 2326 ipsum
570 2288 611 2318 ad
633 2289 883 2330 publicationem
910 2304 1080 2336 penarum,
1109 2296 1142 2326 in
1171 2306 1251 2337 quas
1279 2300 1412 2338 propter
1441 2298 1615 2338 premissos
1643 2308 1795 2331 excessus
1817 2301 1961 2332 notorios

314 2335 467 2367 inciderat
489 2337 541 2368 vel
555 2338 709 2372 incideret
731 2343 760 2372 in
785 2342 935 2386 futurum,
961 2349 994 2376 et
1016 2346 1096 2377 alias
1119 2351 1274 2388 quantum
1290 2347 1455 2380 suaderet¹
1470 2349 1591 2381 iustitia
1607 2350 1868 2392 procederemus,
1893 2353 1962 2384 eins

316 2386 460 2418 absentia
473 2399 533 2420 non
547 2390 703 2433 obstante,
717 2394 909 2428 intendimus
925 2408 1027 2439 usque
1044 2398 1086 2430 ad
1103 2398 1183 2430 dnos
1198 2410 1327 2431 menses
1339 2411 1358 2432 a
1371 2400 1474 2443 dat(a)
1485 2403 1682 2443 presentium
1695 2403 1930 2444 computandos
1941 2415 1961 2436 a

317 2437 529 2478 publicatione
546 2451 698 2482 penarum
716 2448 748 2476 et
763 2448 962 2487 processibus
978 2449 1161 2482 huiusmodi
1185 2462 1223 2483 ac
1246 2452 1288 2483 ab
1313 2454 1545 2494 aggravatione
1561 2454 1774 2496 supersedere
1791 2466 1961 2496 processus

419 2548 483 2576 835.
510 2550 535 2583 k)
553 2554 675 2580 acthenus
693 2555 717 2581 4.
803 2557 821 2589 ¹)
839 2560 974 2592 Raynoldo
994 2562 1018 2588 5.
1114 2563 1147 2595 m)
1165 2564 1288 2597 Opizione
1306 2565 1330 2591 3.
1427 2566 1453 2599 ¹¹)
1472 2567 1541 2593 deest
1557 2567 1582 2594 4.
1686 2569 1710 2601 ⁰)
1728 2577 1790 2596 aux,
1803 2573 1828 2595 et
1846 2578 1917 2596 cons.
1934 2570 1960 2596 4.

316 2590 340 2638 1¹?
359 2595 511 2625 cotemptum
531 2594 554 2620 3.
658 2596 683 2630 ¹³)
702 2599 767 2624 dicta
786 2602 875 2627 civitas
894 2604 963 2630 Ferr.
983 2605 1090 2638 eiusque
1113 2607 1246 2633 districtus
1265 2627 1271 2634 .
1285 2627 1311 2634 ..
1331 2613 1473 2635 noscantur
1495 2619 1562 2637 corr.
1585 2619 1616 2636 ex
1638 2612 1711 2637 ‹ic—am
1737 2613 1867 2638 civitatem
1889 2614 1959 2640 Fert.

317 2641 421 2681 eiusque
440 2636 579 2662 districtum
599 2657 605 2663 .
618 2657 624 2663 .
638 2658 645 2664 .
663 2646 783 2667 noscatur
803 2643 831 2672 l‚·
857 2647 1040 2673 nominativum
1064 2654 1130 2675 recte
1152 2651 1260 2682 praebet
1281 2651 1311 2682 2,·
1338 2653 1511 2678 accusativum
1527 2654 1651 2685 praebent
1668 2654 1693 2680 3.
1706 2654 1730 2681 4.
1743 2655 1768 2681 5.
1865 2655 1886 2688 ¹¹)
1904 2665 1961 2690 per·

316 2680 397 2724 tinere
414 2676 438 2702 3.
525 2680 545 2711 ¹³)
564 2681 646 2714 Caroli
664 2682 688 2707 3.
774 2686 793 2716 t)
813 2687 907 2713 dictum
926 2688 950 2715 4.
1042 2691 1067 2723 u)
1086 2693 1171 2718 Silicis
1189 2692 1213 2719 3.
1303 2693 1328 2728 v)
1346 2696 1462 2722 Bawarie
1480 2696 1504 2724 3.
1592 2697 1624 2730 W)
1642 2702 1668 2723 et
1685 2697 1708 2723 3.
1797 2698 1824 2732 ¹)
1843 2708 1911 2726 ⁶0⁹7·-
1929 2709 1961 2726 ⁶²2

317 2719 358 2743 Sic
376 2718 399 2744 1.
492 2720 516 2753 δ’)
535 2723 626 2749 litteris
643 2723 666 2750 3.
680 2725 703 2751 4.
802 2728 823 2760 z)
843 2730 869 2754 in
888 2732 948 2757 add.
967 2732 991 2758 3.
1091 2735 1115 2767 ⁵)
1133 2737 1224 2769 utique
1240 2737 1302 2763 dare
1319 2737 1343 2764 3.
1443 2739 1469 2772 b)
1488 2740 1557 2766 deest
1573 2740 1598 2767 3.
1611 2740 1636 2767 4.
1737 2742 1760 2774 c)
1779 2747 1878 2770 constet
1895 2743 1920 2770 3.
1933 2743 1959 2770 4.

316 2759 340 2820 ἰ)
359 2762 428 2811 deest
442 2762 466 2787 4.
570 2766 592 2797 θ)
611 2772 736 2800 competat
754 2769 777 2795 3.
791 2770 814 2796 4.
828 2772 850 2797 5.
962 2774 981 2807 f)
1000 2780 1025 2801 et
1042 2776 1066 2802 4.
1173 2777 1198 2812 8)
1216 2789 1275 2812 ymo
1296 2779 1320 2806 3.
1433 2782 1459 2815 ¹¹)
1478 2783 1547 2808 deest
1564 2783 1588 2809 3.
1698 2783 1717 2819 i)
1736 2787 1915 2819 exequendum
1933 2786 1959 2813 4-

333 2803 341 2834 )
360 2805 475 2837 neghens
494 2806 517 2831 3.
604 2808 623 2841 l)
642 2812 763 2837 swaderet
781 2812 804 2838 3.
1970 2827 1973 2829 -

1978 2309 2006 2328 40

1978 2617 2004 2638 ⁴⁵

1978 2834 2004 2853 50
