2184 3126
308 166 371 198 518
585 163 683 191 ACTA
702 162 816 190 REGNI
834 161 1019 190 LUDEWICI
1038 161 1085 188 IV.
1103 161 1150 187 ΕΤ
1169 159 1354 187 FRIDERIGI
1372 159 1422 186 ΠΙ.
1459 158 1534 185 1322.
1569 157 1619 184 Nr.
1631 158 1691 185 654.

430 288 668 333 654—657.
709 286 1034 333 LITTERAE
1063 283 1401 330 IOHANNIS
1428 282 1587 327 XXII.
1614 281 1848 327 PAPAE.
1903 332 1908 335 ,

918 362 1026 399 1322.
1069 360 1362 398 Mai.18.—24.

526 467 612 503 654.
653 466 807 501 Litterae
832 466 979 501 iteratae
1006 476 1109 510 saper
1134 465 1306 500 vicariatu
1331 463 1481 508 imperii.
1590 461 1682 496 Mai.
1702 462 1760 496 18.

422 541 520 582 Copia
542 540 573 572 A
595 540 630 571 in
654 539 857 579 Reges-torum
882 538 1036 570 tabularii
1058 537 1207 569 Vaticani
1236 539 1307 570 tom.
1324 537 1385 568 111
1408 537 1463 576 fol.
1480 538 1521 568 74
1544 547 1590 576 ep.
1606 536 1679 567 282.
1730 534 1968 575 Desfflpsimus

309 603 375 624 nos.
420 591 612 623 Extractum
629 591 760 630 praebet
781 590 875 630 Lanq
899 590 994 621 ‘Acta
1017 588 1443 629 Salzburqo-Aquileiensia’
1466 588 1494 626 I,
1518 589 1559 619 65
1581 597 1631 619 nr.
1655 587 1706 618 48.
1730 605 1768 609 —-
1795 585 1966 618 Ineditum.
1999 602 2012 622 ι

421 646 581 687 Oriyinale
603 646 631 677 B
653 646 885 685 archiepiscopo
908 645 1128 685 salzburgensi
1149 644 1350 681 destinatum,
1377 643 1460 684 quod
1480 653 1646 684 nunquam
1669 641 1823 673 bullatum
1845 643 1903 680 est,
1931 640 1969 673 in

309 699 412 731 eodem
440 698 598 730 tabulario
625 697 724 729 ‘Arm
753 696 781 729 0
803 697 886 737 fasc.
909 697 952 727 42
979 706 1029 727 nr.
1046 697 1087 727 15
1095 697 1112 729 '.
1158 696 1201 728 In
1223 695 1314 735 plica
1342 695 1494 735 scriptum
1523 698 1583 727 est:
1618 694 1658 726 de
1682 704 1748 726 cur.
1800 692 1967 725 Gaucelm.

310 750 467 782 Adhibuit
489 750 582 790 Lomy
604 748 624 781 l.
641 760 677 787 c„
700 749 785 789 quod
805 748 857 780 hic
879 749 1058 788 repetimus.

416 805 492 846 Rey.
506 805 610 836 Lo’her
622 804 685 836 loco
700 814 800 844 supra
823 804 867 835 ad
880 814 932 835 nr.
943 804 1008 835 289
1019 804 1115 835 citato
1124 813 1159 843 p.
1172 803 1237 834 247
1246 813 1296 834 nr.
1310 803 1373 833 113
1378 813 1388 840 ,·
1401 801 1691 843 Preqer-Reinkens
1699 812 1735 841 p.
1746 801 1811 832 240
1825 810 1876 832 nr.
1890 800 1968 840 101;

310 857 493 890 Sauerland
515 857 704 889 ‘Urlcunden
725 855 794 887 und
815 855 974 895 Reyesten’
998 855 1028 894 I,
1051 855 1117 886 286
1139 864 1188 886 nr.
1207 855 1278 885 604.
1986 866 2013 886 m

421 913 509 953 Quae
525 912 716 944 concordant
735 922 807 942 cum
822 910 923 942 Bulla
944 921 1044 950 supra
1066 921 1116 942 nr.
1133 910 1207 948 401,
1230 920 1268 942 ea
1289 909 1373 950 typis
1387 909 1563 941 minoribus
1577 908 1761 941 excudenda
1777 908 1967 940 curavimus.

418 998 665 1030 Venerabilibus
690 996 841 1029 fratribus
858 1021 864 1028 .
883 1021 890 1027 .
908 996 1151 1038 archiepiscopo
1168 995 1413 1037 Salzeburgensi
1437 995 1571 1037 eiusque
1587 993 1798 1037 suffraganeis
1820 993 1967 1026 salutem.

693 1049 734 1080 A.
1550 1046 1592 1078 B.

354 1105 381 1133 1.
405 1101 535 1133 Dudum
553 1111 623 1132 eum
641 1105 671 1131 in
686 1106 813 1131 nostram
830 1106 860 1131 et
871 1104 991 1130 fratrum
1002 1105 1112 1131 nostro·
1212 1101 1237 1129 1.
1269 1097 1401 1129 Dudum
1430 1102 1460 1128 in
1494 1103 1621 1129 nostram
1655 1103 1685 1129 et
1718 1102 1837 1129 &atrum
1859 1101 1969 1128 nostro-

309 1168 372 1185 rum
394 1158 546 1184 deductum
568 1156 702 1183 fuisset
733 1156 810 1182 fama
838 1155 1004 1190 divulgante
1038 1155 1112 1182 noti·
1164 1163 1226 1181 rum
1242 1148 1390 1181 deducto*
1405 1153 1548 1186 notitiam,
1571 1154 1647 1188 quod
1662 1151 1737 1190 post
1753 1152 1862 1180 obitum
1881 1160 1969 1186 quon·
1989 1156 2015 1176 1⁸

309 1210 388 1242 tiam,
411 1209 487 1243 quod
511 1209 579 1235 licet
602 1207 741 1242 liquidum
763 1208 862 1234 esset
883 1207 918 1234 de
941 1207 1001 1234 iure
1025 1208 1054 1233 et
1077 1206 1113 1233 ab
1165 1205 1229 1232 dam
1244 1205 1360 1232 Henrici
1376 1199 1596 1243 Roman(orum)
1612 1204 1801 1240 imperatoris,
1825 1198 1971 1241 quamvis

309 1262 377 1289 olim
392 1260 473 1288 fuis
482 1261 515 1287 et
530 1260 695 1287 inconcusse
711 1261 862 1292 servatum,
875 1258 952 1293 quod
962 1254 1109 1286 Romano
1162 1257 1302 1292 liquidum
1325 1259 1423 1284 esset
1445 1257 1479 1284 de
1502 1256 1563 1284 iure
1586 1258 1616 1284 et
1637 1253 1703 1283 iam
1726 1250 1847 1284 dudum
1862 1250 1973 1283 fuisset

309 1313 428 1348 imperio
453 1313 585 1344 vacante,
620 1311 694 1338 sicut
717 1311 766 1338 et¹²
789 1305 895 1337 adhue
923 1319 974 1345 per
1001 1310 1111 1337 obitum
1163 1308 1329 1336 inconcusse
1345 1310 1496 1342 servatum,
1520 1308 1596 1343 quod
1617 1308 1737 1343 imperio
1751 1303 1900 1335 Romano
1924 1315 1970 1334 va-

309 1365 451 1399 quondam
463 1357 803 1400 HenriciRoman(orum)
811 1362 992 1396 imperatoris
1003 1369 1111 1388 vacare
1165 1361 1264 1388 cante*
1288 1360 1324 1388 ad
1340 1355 1525 1387 Romanum
1547 1360 1711 1395 pontificem
1732 1359 1900 1392 iurisdictio,
1923 1367 1970 1386 re—

309 1411 501 1452 dinoscitur*‚
533 1415 569 1442 ad
596 1410 780 1442 Romanum
809 1413 985 1448 pontificem,
1014 1413 1059 1440 cui
1082 1412 1112 1439 in
1164 1412 1259 1447 gimen
1283 1413 1313 1439 et
1336 1411 1487 1446 dispositio
1987 1416 2013 1437 ,ο

309 1476 472 1502 personam
501 1467 579 1494 beati
603 1466 682 1494 Petri
703 1465 811 1493 terreni
835 1465 918 1492 simul
946 1470 976 1492 et
1002 1463 1115 1491 celestis

310 1519 423 1554 imperii
438 1519 501 1545 iura
517 1519 592 1546 Deus
608 1518 669 1553 ipse
685 1517 838 1550 commisit,
862 1516 975 1551 imperii
994 1515 1116 1550 predicti

310 1570 477 1602 iurisdictio,
501 1570 628 1604 regimen
651 1578 688 1596 ac
710 1568 860 1603 dispositio

310 1623 499 1650 devolvuntur
522 1623 551 1648 et
574 1629 608 1648 ea
629 1621 691 1655 ipse
714 1619 873 1647 eiusdem
895 1619 1008 1654 imperii
1031 1619 1181 1646 vacatione
1204 1618 1324 1645 durante
1348 1626 1399 1652 per
1421 1626 1451 1645 se
1467 1617 1512 1645 vel
1534 1623 1594 1655 per
1616 1617 1704 1644 alium
1726 1625 1775 1645 seu
1798 1617 1870 1644 alios
1893 1626 1970 1645 exer-

288 1696 294 1701 ,
310 1683 344 1700 eu
355 1675 428 1700 erat
457 1673 487 1700 in
515 1672 634 1707 imperio
657 1673 828 1705 memorato,
857 1671 986 1698 nonnulli
1015 1672 1113 1698 tamen
1135 1670 1165 1697 in
1188 1670 1270 1697 ltalie
1297 1669 1426 1704 partibus
1453 1669 1606 1704 potestatis
1637 1671 1666 1698 et
1693 1669 1842 1704 dignitatis
1869 1669 1970 1696 illicite
1979 1674 2015 1704 ‚2³

310 1725 457 1759 fastigium
479 1724 637 1751 ambientes
659 1724 689 1750 in
713 1724 843 1751 nostrum
866 1724 896 1750 et
916 1724 1013 1749 sancte
1029 1722 1154 1749 Romane
1177 1721 1276 1748 matris
1300 1721 1418 1748 ecclesie
1440 1723 1579 1756 quantum
1601 1721 1631 1748 in
1654 1720 1695 1748 eis
1718 1722 1763 1748 est
1784 1721 1972 1755 preiudicium

310 1777 425 1804 evidens
448 1785 481 1803 ac
503 1775 720 1802 diminutionem
744 1775 860 1802 honoris
884 1776 913 1802 et
929 1774 1006 1806 iuris,
1030 1774 1184 1801 vicariatus
1208 1782 1257 1800 seu
1279 1773 1397 1800 alterius
1420 1772 1619 1807 cuiuscumque
1641 1781 1745 1799 nomen
1769 1772 1866 1805 officii,
1896 1773 1972 1807 quod

310 1828 372 1863 ipso
395 1828 567 1862 imperatore
590 1827 704 1854 vivente
728 1835 762 1854 ex
786 1826 885 1853 illius
909 1825 1106 1853 commissione
1129 1825 1277 1860 gerebant,
1300 1825 1331 1851 in
1352 1824 1437 1852 certis
1460 1824 1552 1856 terris,
1575 1824 1729 1851 territoriis
1745 1824 1805 1851 sive
1820 1824 1890 1851 loeis
1905 1825 1972 1859 post

311 1881 455 1907 decessum
479 1879 548 1906 eius
571 1879 678 1912 absque
701 1880 800 1905 nostra
824 1879 858 1905 et
880 1877 1038 1912 apostolice
1061 1877 1135 1904 sedis
1158 1877 1251 1912 petita
1274 1877 1319 1904 vel
1342 1876 1463 1903 obtenta
1485 1876 1602 1903 licentia
1624 1876 1748 1903 retinere
1771 1876 1826 1902 sibi
1849 1878 1878 1903 et
1900 1885 1969 1903 non-

311 1932 383 1958 nulli
406 1931 492 1958 etiam
516 1931 550 1958 de
573 1939 647 1958 novo
671 1939 814 1957 assumere
838 1930 914 1963 quod
935 1938 993 1957 non
1015 1930 1164 1964 gesserant
1186 1930 1238 1955 aut
1259 1930 1371 1963 gestum
1393 1929 1478 1955 antea
1492 1929 1649 1963 posteaque
1665 1927 1812 1954 dimissum
1828 1936 1970 1955 resumere
1988 1933 2015 1953 ω

308 1983 467 2011 temerariis
490 1983 734 2017 presumpserant
755 1981 890 2014 ausibus,
919 1990 975 2015 quo
999 1981 1043 2008 vel
1067 1980 1169 2015 quibus
1193 1980 1285 2007 adhuc
1313 1988 1371 2007 non
1394 1980 1585 2007 verebantur
1607 1979 1689 2007 abuti
1710 1989 1744 2007 ac
1767 1979 1818 2006 sub
1841 1979 1902 2006 eius
1925 1979 1971 2007 vel

309 2044 406 2062 eorum
429 2035 523 2062 colore
546 2035 637 2061 multa
667 2029 812 2061 fecerant
841 2031 875 2060 et
897 2029 995 2060 etiam
1025 2028 1202 2069 faciebant,
1232 2040 1287 2066 que
1317 2031 1347 2058 in
1370 2033 1497 2059 nostram
1520 2033 1550 2058 et
1572 2031 1689 2058 ecclesie
1711 2029 1820 2058 nostre
1843 2030 1971 2065 predicte

309 2087 442 2114 iniuriam
465 2086 662 2113 redundabant
685 2087 796 2120 aperte,
825 2094 883 2112 non
911 2085 1096 2112 abhorrentes
1119 2070 1171 2119 per
1193 2083 1223 2110 id
1246 2083 1333 2110 variis
1361 2083 1470 2110 involvi
1498 2083 1662 2110 criminibus
1688 2092 1742 2110 nec
1767 2083 1863 2109 divine
1885 2082 1971 2110 maie-

312 2138 396 2166 statis
419 2138 553 2165 offensam
582 2134 744 2165 incurrere
767 2137 966 2169 formidantes,
1053 2142 1112 2162 nos
1140 2130 1381 2163 considerantes
1403 2130 1571 2171 attentius,
1602 2130 1689 2172 quod
1716 2143 1806 2167 error,
1840 2134 1886 2161 cui
1913 2143 1972 2162 non

311 2190 461 2222 resistitur,
485 2189 636 2224 approbari
659 2189 771 2216 videtur
793 2190 823 2216 et
843 2189 935 2215 latum
957 2187 1059 2223 pandit
1080 2187 1312 2222 delinquentibus
1335 2187 1437 2220 sinum,
1468 2187 1518 2221 qui
1540 2187 1680 2222 perversis
1703 2195 1799 2214 eorum
1822 2186 1972 2214 conatibus
1989 2194 2015 2215 ⁸5

311 2251 369 2269 non
390 2241 506 2273 resistit,
530 2247 567 2267 ac
591 2241 718 2268 volentes
742 2235 886 2274 [nostris]b
909 2241 939 2267 et
962 2235 1107 2266 eiusdem
1131 2239 1248 2267 ecclesie
1264 2247 1366 2274 sponse
1389 2240 1486 2266 nostre
1509 2239 1618 2266 iuribus
1641 2240 1670 2266 et
1692 2238 1847 2266 honoribus
1870 2238 1900 2266 in
1916 2239 1970 2266 hac

312 2295 394 2328 parte
417 2293 577 2327 prospicere
601 2301 641 2319 ae
663 2292 745 2319 malis
769 2294 805 2320 et
827 2292 976 2325 scandalis,
1000 2300 1055 2326 que
1079 2300 1113 2318 ex
1136 2291 1306 2324 retentione,
1323 2290 1518 2325 assumptione
1534 2299 1584 2318 seu
1599 2290 1794 2325 resumptione
1808 2283 1971 2317 huiusmodi

314 2341 487 2371 extiterant
510 2345 592 2371 orta*
608 2343 640 2370 et
655 2353 710 2378 que
733 2344 889 2378 periculose
912 2344 1080 2379 poterant
1095 2343 1212 2370 inantea
1228 2342 1358 2375 suboriri,
1386 2342 1516 2370 celeriter
1532 2342 1647 2370 obviare
1662 2351 1773 2370 necnon
1790 2340 1823 2369 et
1838 2342 1972 2377 periculis

313 2396 471 2423 animarum
493 2395 654 2422 huiusmodi
677 2396 874 2429 retinentium,
903 2395 1109 2423 assumentium
1132 2395 1192 2422 vel
1215 2394 1427 2422 resumentium
1454 2394 1571 2421 nomina
1594 2396 1624 2422 et
1653 2394 1694 2422 eis
1717 2394 1910 2427 abutentium,
1939 2394 1972 2421 ut

313 2448 462 2482 prefertur,
486 2447 637 2474 salubriter
653 2457 797 2475 occurrere
814 2448 968 2482 cupientes,
992 2453 1051 2484 per
1068 2442 1193 2474 litteras
1208 2445 1333 2473 nostras
1349 2446 1400 2473 sub
1417 2446 1689 2473 excomunicationis
1705 2454 1779 2481 pena
1794 2445 1972 2473 monuimus
1990 2453 2018 2473 ω

315 2508 411 2526 omnes
427 2500 457 2525 et
473 2499 606 2533 singulos,
631 2499 829 2533 cuiuscumque
845 2501 944 2532 status,
968 2498 1181 2533 preeminentie,
1205 2498 1355 2533 dignitatis
1378 2499 1429 2524 aut
1445 2498 1616 2525 conditionis
1640 2486 1836 2530 existerent,
1860 2497 1973 2524 etiamsi

315 2550 499 2585 patriarchali
515 2550 560 2577 vel
575 2551 674 2584 quavis
691 2551 748 2577 alia
763 2551 901 2585 superiori
917 2553 967 2578 aut
982 2550 1139 2585 pontificali
1162 2558 1220 2577 seu
1243 2549 1323 2584 regia
1346 2549 1401 2576 vel
1417 2549 1532 2584 quavis
1549 2549 1606 2576 alia
1621 2549 1779 2584 dignitate*
1796 2549 1972 2584 fulgerent,

315 2602 364 2636 qui
387 2603 453 2636 post
476 2601 652 2629 vacationem
682 2602 794 2637 imperii
824 2603 931 2636 absque
957 2604 1057 2629 nostra
1084 2602 1129 2629 vel
1163 2601 1236 2629 sedis
1263 2596 1441 2638 apostolice
1468 2601 1585 2628 licentia
1612 2601 1774 2628 huiusmodi
1797 2600 1896 2628 vicarii
1923 2609 1972 2628 seu

316 2653 439 2680 cuiusvis
471 2653 588 2679 alterius
621 2653 706 2680 officii
729 2663 832 2681 nomen
865 2654 919 2680 sibi
946 2653 1067 2680 ubilibet
1093 2652 1303 2686 retinuerant,
1338 2654 1566 2687 assumpserant
1600 2662 1649 2680 seu
1682 2653 1912 2687 resumpserant
1945 2653 1974 2679 et

317 2700 416 2731 etiam
439 2704 620 2731 retinebant
643 2705 695 2731 vel
719 2705 767 2739 qui
790 2707 986 2732 assumerent
1010 2705 1053 2732 vel
1076 2705 1282 2732 resumerent
1305 2704 1434 2731 fortassis
1456 2704 1642 2739 imposterum
1666 2706 1696 2732 et
1717 2704 1769 2731 sub
1792 2703 1860 2731 talis
1881 2703 1965 2731 deno·
1985 2711 2012 2731 45

420 2776 486 2804 654.
513 2777 537 2810 “)
555 2777 581 2803 tf:
601 2777 632 2802 A.
721 2777 745 2810 1δ)
765 2779 859 2803 eaecidit
878 2779 911 2803 A.
