2184 3126
295 205 357 235 590
526 199 624 226 ACTA
644 197 757 225 REGNI
777 196 960 225 LUDEWICI
979 196 1026 223 IV.
1045 195 1091 222 ΕΤ
1110 194 1296 222 FRIDERICI
1313 194 1364 222 111.
1400 194 1476 222 1323.
1511 193 1561 221 Nr.
1575 194 1633 222 754.
1652 194 1712 222 755.

566 314 586 349 7
591 314 651 350 54.
692 313 847 348 Litterae
874 311 997 347 vicarii
1026 311 1075 346 ad
1101 311 1220 346 ducem
1245 307 1460 345 Venetorum.
1564 309 1633 346 Iul.
1651 311 1686 346 7.

407 388 506 428 Copia
537 387 593 430 (c.)
623 387 658 418 in
687 385 857 418 Librorum
884 383 1211 417 Commemoriaziuw
1238 385 1318 415 tomo
1340 383 1391 415 II.
1436 382 1583 415 Venetiae
1612 383 1649 416 in
1679 383 1839 417 tabulario
1864 386 1950 427 regio

294 442 454 472 asservato
472 438 532 481 fol.
549 438 622 469 138.
648 456 687 460 -
710 437 774 469 Ed.
790 436 929 468 Bo'hmer
946 436 1041 467 ‘Aeta
1055 435 1184 475 imperii
1198 434 1324 467 selecta’
1342 444 1378 474 p.
1392 435 1455 466 720
1470 445 1520 468 nr.
1535 434 1622 467 1027
1640 445 1679 468 ex
1701 446 1728 468 c.
1765 435 1950 471 Editionem

295 494 549 587 repetzngglimer,
573 548 648 588 Rey.
665 547 778 579 Ludw.
796 557 832 587 p.
849 546 912 578 415
936 545 1169 578 Reichssachen
1190 555 1240 577 nr.
1256 546 1322 576 415
1344 546 1471 587 (Addit.
1487 546 1574 588 111).
1980 563 1994 583 ⁵

401 634 521 666 Illustri
543 644 581 665 ac
603 633 773 674 magnifico
797 632 926 664 domino
950 632 1086 664 Iohanni
1110 631 1303 673 Superantio
1326 631 1390 664 Dei
1413 634 1518 674 gratia
1540 633 1760 676 Venetiamm,
1783 634 1949 668 Dalmatis

294 690 354 719 etc.
442 685 616 717 Bertoldus
650 695 758 716 comes
786 685 827 716 de
854 685 1031 717 Marsteten
1061 684 1164 716 dictus
1193 684 1234 716 de
1263 683 1387 725 Niffen,
1415 685 1610 716 serenissimi
1638 685 1760 718 domini
1782 686 1949 720 Ludowici

293 739 511 770 Romanorum
544 737 630 778 regis
664 746 793 777 semper
826 737 953 778 augusti
981 737 1014 767 in
1041 736 1185 778 partibus
1214 735 1310 767 Italie
1337 736 1476 768 vicarius
1503 732 1664 778 generalis
1750 738 1889 771 salutem
1916 742 1950 772 et

293 792 402 830 gratos
425 788 467 820 ad
489 791 565 819 vota
587 798 761 820 successus.

400 839 578 871 Intellectis
612 842 777 880 gratanter
810 841 915 870 vestre
950 838 1189 880 magnificentie
1217 838 1332 870 litteris
1359 841 1427 870 tam
1459 839 1500 871 de
1530 841 1722 883 spoliatione
1744 841 1885 874 Bertutii
1907 842 1949 875 de
1969 853 1995 873 10

292 891 413 923 Molino
437 902 534 933 quam
557 891 759 922 restitutione
782 893 907 932 septem
924 890 1082 921 ballamm
1097 889 1284 922 robatarum
1306 890 1390 922 inter
1403 891 1594 932 Angleriam
1618 895 1652 924 et
1667 892 1804 925 Sextum
1826 893 1949 926 facien-

292 943 377 974 tibus
399 943 611 984 mentionem,
639 943 779 974 amicitie
807 945 914 974 vestre
946 941 1089 974 breviter
1110 941 1358 983 respondemus,
1389 942 1477 984 quod
1504 953 1570 975 non
1591 943 1696 976 solum
1718 948 1814 986 pacta
1836 945 1950 978 habita

293 995 377 1026 inter
400 1004 568 1026 commune
592 997 734 1026 vestrum
756 996 789 1026 et
806 1004 975 1025 commune
991 993 1168 1025 Mediolani
1192 1003 1322 1025 servare
1346 993 1502 1036 volentes,
1525 1005 1637 1027 verum
1659 996 1758 1028 modo
1781 997 1950 1039 cupientes

292 1046 384 1077 vobis
408 1049 441 1077 et
464 1046 548 1077 dicto
572 1046 733 1077 communi
755 1048 861 1077 vestro
885 1045 917 1076 in
941 1044 1088 1076 omnibus
1111 1045 1326 1086 complacere,
1354 1046 1463 1077 statim
1485 1045 1590 1078 ballas
1612 1057 1724 1080 omnes
1746 1052 1893 1091 erreptas
1916 1052 1950 1082 et

293 1097 356 1129 alia
379 1098 503 1129 restitui
525 1097 659 1129 fecimus
681 1097 828 1129 Bertutio
851 1099 1045 1138 memorato,
1073 1097 1222 1128 denarios
1244 1107 1322 1128 vero
1346 1096 1488 1129 nondum
1510 1097 1655 1131 redditos
1677 1099 1770 1132 reddi
1793 1100 1949 1133 faciemus
1967 1110 1993 1131 ιι

294 1148 400 1180 eidem
424 1149 568 1190 qualibet
591 1149 658 1180 sine
682 1159 787 1189 mora,
816 1152 849 1180 et
872 1149 917 1180 sic
935 1148 1063 1185 ‚dictum
1085 1148 1269 1181 Bertutium
1293 1148 1334 1181 de
1357 1148 1510 1191 predictis
1536 1149 1737 1183 reddidimus
1759 1153 1894 1185 tacitum
1916 1156 1950 1186 et

293 1203 486 1232 contentum.
524 1201 576 1232 Ad
599 1200 813 1232 restituendas
835 1211 912 1232 vero
929 1200 1043 1241 hallas,
1067 1210 1130 1242 que
1153 1200 1267 1233 robate
1290 1201 1421 1233 fuerunt
1442 1202 1526 1234 inter
1540 1202 1731 1244 Angleriam
1753 1207 1787 1235 et
1802 1203 1949 1247 Sextum,

292 1255 359 1283 tum
382 1255 514 1293 propter
536 1253 737 1284 inimicorum
759 1253 957 1284 vicinitatem
981 1255 1049 1284 tum
1071 1255 1205 1294 propter
1227 1252 1439 1285 rebellionem
1463 1253 1621 1285 dictorum
1644 1255 1862 1288 communium
1884 1266 1950 1288 non

291 1314 459 1344 possumus
475 1303 657 1346 aliqualiter
672 1303 839 1335 intendere
863 1304 904 1335 de
920 1304 1073 1346 presenti.
1111 1303 1263 1346 Expulsis
1285 1306 1395 1336 autem
1418 1307 1452 1336 et
1473 1305 1506 1336 in
1529 1305 1654 1338 ruinam
1674 1307 1788 1348 positis
1803 1306 1950 1339 hostibus

291 1355 381 1396 ipsis,
409 1355 495 1397 quod
519 1356 627 1387 statim
654 1356 715 1387 erit
737 1356 878 1387 iniuncto
906 1355 999 1387 nobis
1027 1356 1153 1397 potenti
1175 1356 1331 1398 presidio,
1363 1356 1450 1398 quod
1478 1357 1629 1389 continuo
1656 1358 1887 1400 prestolamur,
1914 1361 1949 1391 et
1965 1370 1994 1390 no

291 1406 425 1447 proinde
439 1406 530 1438 dictis
544 1407 766 1438 communibus
781 1407 823 1438 ad
839 1410 982 1439 nostram
997 1406 1139 1440 reductis
1155 1407 1382 1449 obedientiam,
1398 1408 1637 1440 restitutionem
1653 1419 1763 1442 earum
1775 1419 1949 1452 recupera-

291 1457 395 1489 bimus
425 1468 497 1489 cum
525 1458 651 1490 effectu.
701 1459 860 1496 Quocirca
887 1459 1143 1501 magnitudinem
1172 1462 1206 1491 et
1232 1459 1437 1502 prudentiam
1463 1463 1606 1492 vestram
1633 1463 1757 1493 attente
1784 1471 1948 1504 rogamus,

292 1509 439 1550 quatinus
463 1511 634 1542 terminum
657 1511 771 1542 vestris
797 1511 912 1542 litteris
935 1512 1134 1554 assignatum
1162 1514 1218 1543 aut
1239 1511 1406 1544 annullare
1429 1511 1536 1544 velitis
1563 1514 1620 1544 aut
1639 1512 1731 1544 illum
1753 1512 1796 1545 ad
1819 1517 1948 1556 tempus

292 1559 434 1592 debitum
457 1572 643 1603 prorogare,
667 1572 739 1593 cum
762 1566 870 1594 nostra
893 1563 935 1594 sit
958 1564 1125 1595 excusatio
1149 1564 1226 1595 satis
1248 1566 1373 1605 patens.

397 1612 472 1645 Dat.
489 1613 675 1652 Mediolani,
699 1614 752 1646 die
775 1615 913 1656 septimo
937 1615 1023 1646 Iulii.
1965 1631 1994 1651 π

543 1746 628 1782 755.
677 1745 813 1782 Viearii
840 1748 1056 1792 confirmatio
1084 1747 1185 1783 edicti
1210 1748 1252 1783 de
1277 1749 1433 1784 monetis.
1543 1748 1612 1784 Iul.
1632 1749 1693 1784 26.

403 1809 562 1850 Oriyinale
585 1811 658 1843 olim
673 1811 853 1844 Mediolani
874 1813 910 1844 in
926 1813 1062 1845 Musaeo
1082 1811 1276 1845 βίἵοηὶανιο2
1299 1815 1429 1846 exstans
1443 1813 1596 1854 deperiit,·
1618 1813 1659 1852 cf.
1682 1823 1784 1854 supra
1803 1816 1876 1846 tom.
1892 1814 1954 1847 IV

288 1871 364 1902 pay.
382 1863 444 1892 670
467 1862 522 1896 lin.
538 1863 581 1892 22
592 1874 636 1903 sq.
660 1882 700 1886 —
724 1863 788 1895 Ed.
811 1864 985 1904 Aryelatus
1011 1863 1071 1896 ‘De
1085 1865 1217 1897 monetis
1233 1864 1367 1897 Italiae’
1391 1865 1440 1904 II,
1455 1867 1522 1897 263
1531 1876 1596 1906 sqq.
1619 1875 1660 1898 em
1679 1876 1725 1897 or.
1763 1864 1948 1921 Editionefn

292 1913 461 1953 repetimus
482 1914 532 1946 hic
554 1914 620 1946 illic
642 1918 822 1948 correctam.

399 1973 545 2013 Biihmer,
568 1975 643 2016 Rey.
661 1975 773 2008 Ludw.
791 1987 827 2017 p.
846 1977 911 2007 240
933 1976 1165 2010 Reichssachen
1186 1987 1237 2009 nr.
1254 1978 1305 2009 58.
1966 1991 1994 2012 ω

399 2060 467 2092 Nos
482 2061 678 2094 Ber-tholdus
694 2072 804 2094 comes
825 2062 866 2094 de
883 2063 1103 2095 Maresteten⁸
1119 2063 1223 2095 dictus
1244 2063 1285 2095 de
1301 2063 1421 2105 Niffen,
1444 2063 1639 2096 serenissimi
1654 2063 1776 2095 domini
1790 2063 1949 2096 Ludovioi

292 2110 510 2144 Romanorum
533 2115 618 2155 regis
646 2124 775 2156 semper
798 2115 926 2156 augusti
957 2115 990 2146 in
1013 2115 1159 2157 partibus
1182 2115 1278 2147 Italie
1300 2116 1439 2147 vicarius
1461 2115 1623 2158 generalis
1711 2115 1873 2157 omnibus,
1905 2115 1949 2148 ad

295 2172 375 2202 quos
397 2168 562 2204 presentes
586 2165 773 2198 devenerint
861 2166 999 2198 salutem
1023 2170 1055 2198 et
1078 2167 1226 2199 notitiam
1249 2167 1511 2210 subscriptorum.

400 2214 614 2248 Attendentes
642 2218 726 2259 quod
760 2218 879 2259 regalis
902 2219 1095 2250 clementie⁰
1121 2219 1256 2261 provida
1279 2219 1524 2261 circumspectio
1548 2229 1605 2251 eos
1631 2219 1665 2250 in
1687 2218 1892 2251 libertatibus
1915 2221 1950 2251 et

293 2265 544 2298 immunitatibus
560 2268 724 2310 condignis
740 2273 895 2302 consueta
919 2274 968 2302 est
987 2271 1141 2303 attentius
1163 2281 1364 2312 conservare,
1388 2281 1447 2313 per
1470 2281 1606 2313 quorum
1628 2271 1750 2303 assidui
1771 2270 1892 2303 laboris
1916 2274 1948 2303 et
1966 2283 1991 2303 as

293 2316 417 2347 fidelissl
440 2318 659 2351 sollicitudinis
676 2331 808 2363 operam
823 2323 980 2354 utilitates
1003 2326 1036 2354 et
1059 2323 1190 2365 negotia
1206 2323 1334 2364 imperii
1357 2322 1543 2365 diligentius
1564 2325 1804 2364 promoventur,
1826 2322 1948 2354 idcirco

295 2367 502 2400 consideratis
525 2370 672 2403 fidelibus
699 2377 731 2404 et
753 2375 853 2415 gratis
877 2374 1014 2406 servitiis
1037 2377 1070 2406 et
1092 2374 1258 2406 laboribus
1286 2385 1324 2407 ac
1346 2374 1500 2416 impensis
1522 2374 1657 2416 imperio
1681 2373 1837 2405 hactenus
1861 2377 1894 2406 et
1915 2374 1949 2405 in

294 2421 457 2459 posterum
483 2421 707 2462 impendendis
730 2436 788 2466 per
811 2425 967 2457 discretos
990 2429 1023 2458 et
1045 2426 1159 2458 fideles
1181 2427 1266 2458 viros
1289 2426 1475 2468 magistros,
1508 2426 1672 2468 operarios
1696 2429 1729 2457 et
1750 2426 1949 2458 monetarios

294 2473 422 2501 monete
451 2472 539 2513 regie
569 2477 601 2505 et
628 2475 802 2516 imperialis
832 2478 971 2509 civitatis
993 2477 1171 2510 Mediolani
1198 2488 1236 2510 ac
1270 2478 1419 2520 specialis
1451 2478 1570 2509 favoris
1594 2481 1628 2510 et
1648 2477 1808 2509 libertatis
1831 2477 1946 2519 gratia,

296 2530 359 2561 qua
383 2521 513 2553 eosdem
538 2525 697 2565 quondam
720 2528 862 2568 piissime
886 2529 1120 2561 recordationis
1142 2529 1302 2561 Henricus
1324 2530 1501 2572 imperator
1523 2529 1679 2570 septimus
1702 2528 1823 2560 domini
1846 2529 1948 2560 nostri
1964 2540 1993 2560 ιο

295 2572 430 2612 predicti
445 2574 653 2614 predecessor
668 2577 709 2608 ab
725 2579 884 2620 oneribus,
905 2579 1098 2612 factionibus
1115 2583 1148 2612 et
1164 2580 1259 2612 datiis
1274 2580 1453 2612 communis
1468 2579 1614 2622 predicte
1631 2580 1771 2611 civitatis
1786 2579 1948 2621 imperiali

296 2624 417 2654 exemit
439 2624 619 2668 clementia,
642 2633 736 2669 prout
759 2630 790 2661 in
813 2631 982 2673 privilegio
1006 2632 1053 2663 eis
1075 2642 1134 2674 per
1158 2642 1232 2664 eum
1260 2642 1356 2674 super
1378 2632 1440 2663 hoc
1464 2631 1540 2664 dato
1564 2642 1637 2663 eum
1659 2631 1748 2663 bulla
1771 2641 1829 2663 sua
1852 2641 1948 2663 cerea

405 2709 467 2736 755.
495 2710 519 2744 Β)
537 2714 698 2740 Marestetem
716 2716 755 2741 etl.
842 2716 867 2748 b)
886 2718 975 2743 Nifren
994 2719 1034 2744 ed.
1123 2717 1146 2750 0)
1165 2719 1302 2744 elementia
1320 2719 1360 2744 ed.
1449 2717 1474 2751 d)
1491 2719 1533 2744 fid.
1548 2722 1573 2744 et
1590 2718 1629 2744 ed.

401 2768 425 2802 1)
456 2769 495 2804 Cf.
516 2770 654 2798 ‘Po-edelli’
678 2773 735 2799 loco
756 2774 793 2801 ad
819 2783 861 2802 ην.
879 2780 927 2803 550
952 2778 1032 2804 citato
1060 2777 1087 2810 1,
1110 2781 1159 2805 252
1182 2786 1225 2805 nr.
1243 2782 1310 2811 373;
1335 2778 1445 2810 itemque
1471 2777 1572 2804 litteras
1601 2775 1719 2803 Galeatii
1746 2776 1762 2803 l.
1779 2784 1801 2803 c.
1829 2783 1871 2803 nr.
1888 2778 1946 2803 374.

295 2811 321 2844 2)
341 2810 479 2838 Iohannes
497 2812 608 2840 Sitonus
626 2814 657 2840 de
675 2815 761 2842 Scotia
779 2817 987 2845 iurisconsultm
1007 2822 1031 2846 et
1049 2820 1202 2848 advocatus.
1964 2831 1992 2851 45
