2184 3126
346 203 408 233 472
542 198 640 225 ACTA
659 197 772 224 REGNI
791 194 973 223 LUDEWICI
993 194 1039 220 IV.
1058 193 1104 219 ET
1123 190 1307 219 FRIDERIOI
1326 190 1375 218 111.
1413 189 1487 217 1320.
1524 189 1573 216 Nr.
1586 188 1644 216 589.
1663 188 1722 216 590.
1741 188 1801 216 591.

347 297 388 318 ex
412 297 450 318 eo
474 285 560 327 quod
576 284 737 327 quondam
754 282 981 314 Woldemarus
996 279 1139 311 marchio
1155 276 1476 318 Brandenburgensis
1493 276 1561 307 sine
1577 274 1698 307 herede
1715 274 1865 315 decessit,
1888 273 1996 306 fuerat

348 337 509 377 devoluta,
534 336 656 376 damus,
680 334 883 367 concedimus
911 335 943 364 et
970 331 1125 363 donamus
1153 339 1194 360 ex
1221 330 1311 360 certa
1337 330 1448 359 nostra
1474 327 1614 358 sciencia
1643 326 1676 357 in
1705 325 1838 357 feudum
1865 328 1899 357 et
1925 325 1996 357 iure

346 387 435 420 feudi
458 387 631 419 tenendum
655 390 688 418 et
710 384 937 427 possidendum
954 382 1160 424 perhenniter
1175 391 1247 412 cum
1263 378 1455 419 civitatibus,
1479 377 1637 417 censibus,
1661 377 1784 418 castris,
1806 375 1995 408 municioni-

347 439 417 481 bus,
441 439 554 481 opidis,
571 438 664 477 villis,
679 436 880 476 molendinis,
897 434 993 473 silvis,
1009 431 1246 472 venacionibus,
1263 430 1395 471 rubetis,
1410 430 1521 471 pratis,
1537 429 1675 471 pascuis,
1691 429 1783 470 aquis
1798 437 1996 470 aquarumve

348 490 534 522 decursibus
557 493 590 522 et
610 488 833 520 universaliter
848 497 919 518 cum
936 484 1081 517 omnibus
1098 487 1131 515 et
1145 483 1279 524 singulis
1293 482 1426 522 iuribus,
1448 490 1639 523 quocunque
1660 480 1789 511 nomine
1805 483 1997 512 censeantur
2027 489 2041 508 s

349 544 381 574 et
403 543 434 572 in
459 540 698 582 quibuscunque
722 538 816 570 rebus
840 537 1026 576 consistant,
1055 545 1117 577 que
1149 533 1190 565 ad
1217 534 1320 575 ipsam
1348 535 1468 564 terram
1490 531 1752 564 Budissinensem
1777 533 1810 563 et
1832 532 1996 563 civitatem

347 593 501 625 Oamentz
524 591 686 632 pertinere
710 589 924 620 dinoscuntur.
969 587 1126 618 Volentes
1152 588 1188 616 ut
1208 585 1278 626 ipse
1302 584 1478 625 Iohannes,
1501 583 1640 615 heredes
1667 586 1700 616 et
1723 592 1924 615 successores
1947 583 1997 615 sui

346 643 480 676 Boemie
509 652 602 683 reges
631 644 750 672 terram
778 643 811 671 et
833 639 995 671 civitatem
1019 637 1181 679 predictas
1204 646 1277 668 cum
1299 635 1457 667 universis
1482 634 1690 678 pertinenciis
1720 637 1754 667 et
1778 634 1902 666 iuribus
1930 635 1997 666 suis

346 694 522 736 prenotatis
544 693 675 733 habere,
699 693 768 723 iure
785 691 917 722 dominii
939 693 1050 721 tenere
1074 692 1107 720 et
1129 687 1295 730 possidere
1318 687 1484 729 perpetuis
1507 685 1707 729 temporibus
1730 685 1874 718 debeant
1888 685 1996 718 nobis-

347 755 407 787 que
432 747 464 776 et
486 744 621 785 imperio
645 742 753 775 debite
775 742 939 773 fidelitatis
962 740 1133 782 obsequia,
1156 742 1193 770 ut
1214 739 1263 770 ius
1286 738 1456 770 feudorum
1481 738 1597 780 exigit,
1627 737 1667 770 de
1690 741 1777 770 terra
1800 742 1834 770 et
1856 738 1995 770 civitati·
2015 746 2043 766 ιο

344 796 404 828 bus
426 795 578 837 predictis
606 797 749 836 prestare
779 795 958 824 teneantur.
1008 791 1047 822 In
1074 791 1163 822 cuius
1191 790 1239 821 rei
1266 789 1486 821 testimonium
1515 792 1683 832 presentes
1711 789 1837 822 litteras
1862 789 1934 822 fieri
1963 793 1997 822 et

345 847 449 889 sigillo
472 847 650 878 maiestatis
671 847 779 876 nostre
802 844 951 875 iussimus
974 842 1172 875 communiri.

451 906 571 938 Datum
594 906 626 937 in
650 906 762 937 castris
784 914 886 946 prope
909 904 1019 935 villam
1041 901 1220 942 Hasnlach,
1245 900 1322 933 Idus
1345 900 1541 944 septembr„
1563 911 1648 933 anno
1669 900 1801 934 Domini
1823 901 1996 934 millesimo

345 958 570 990 trecentesimo
593 957 756 997 vicesimo,
779 956 871 997 regni
893 966 970 987 vero
993 955 1092 986 nostri
1115 963 1198 985 anno
1221 956 1325 985 sexto.

624 1095 710 1132 590.
752 1095 927 1141 Scriptum
952 1105 1057 1140 super
1083 1095 1316 1140 resignatione
1341 1094 1451 1139 feudi.
1555 1093 1647 1140 Sept.
1666 1095 1724 1130 19.
2013 1105 2041 1127 u

456 1168 615 1210 Oriqinale
637 1169 712 1211 (or.)
734 1169 770 1201 in
791 1168 951 1201 tabulario
973 1167 1351 1210 Moenofrancofurtano.
1393 1166 1595 1216 §ontulimus
1616 1177 1682 1200 nos.
1729 1166 1881 1208 Siqillum
1902 1166 1998 1205 deest,

343 1221 555 1259 foraminibus
575 1220 702 1253 relictis.
739 1220 782 1253 In
803 1230 889 1252 verso
912 1220 1042 1260 leqitur:
1063 1220 1232 1252 Monetam
1247 1220 1280 1251 in
1297 1219 1438 1262 Oppinh.
1461 1239 1504 1243 —
1527 1219 1591 1252 Ed.
1609 1218 1747 1251 Biihmer
1761 1218 1856 1251 ‘Acta
1871 1218 1999 1259 imperii

343 1272 467 1304 selecta'
486 1282 518 1311 p.
535 1272 600 1302 489
620 1282 670 1305 nr.
688 1273 752 1303 708
772 1282 811 1304 ex
834 1282 879 1304 or.

449 1331 594 1370 Bc'hmer,
617 1331 693 1372 Rey.
710 1331 822 1363 Ludw.
840 1342 876 1371 p.
892 1332 934 1362 24
957 1342 1008 1364 nr.
1024 1332 1097 1363 408.

450 1416 670 1458 Lud(owicus)
692 1417 755 1449 Dei
779 1418 883 1458 gratia
897 1417 1117 1449 Romanorum
1140 1428 1199 1450 rex
1222 1428 1352 1460 semper
1375 1420 1530 1460 augustus
1613 1417 1826 1460 prudentibus
1847 1417 1923 1448 viris
1947 1415 1995 1460 .[.]
2013 1424 2042 1445 ὀ

343 1469 488 1509 sculteto,
512 1468 694 1500 consulibus
717 1472 750 1500 et
772 1469 893 1500 civibus
916 1469 948 1501 in
972 1469 1186 1512 Oppenheim,
1210 1469 1336 1501 dilectis
1358 1469 1423 1501 suis
1445 1468 1595 1501 fidelibus
1682 1469 1825 1511 graciam
1847 1478 1939 1500 suam
1962 1471 1996 1500 et

345 1531 437 1552 omne
460 1520 589 1551 bonum.

449 1571 604 1603 Fidelitas
627 1574 734 1603 vestra
757 1572 851 1612 sciat,
883 1572 969 1613 quod
991 1572 1109 1604 Petrus
1137 1572 1241 1604 dictus
1262 1572 1424 1604 Rotcholb
1447 1573 1581 1604 veniens
1608 1572 1651 1603 ad
1678 1573 1786 1603 nostre
1815 1571 1995 1603 maiestatis

343 1624 543 1665 presenciam
558 1622 699 1661 feodum,
724 1622 811 1664 quod
827 1633 984 1655 conrnune
1008 1623 1121 1655 habuit
1144 1634 1214 1655 cum
1233 1623 1386 1655 Sibolone
1403 1623 1489 1655 dicto
1507 1623 1625 1664 osche,
1650 1622 1850 1655 descendens
1865 1632 1886 1654 a
1901 1622 1995 1654 nobis

344 1678 377 1706 et
399 1675 534 1715 imperio
557 1674 650 1705 nobis
672 1674 774 1706 libere
798 1675 981 1716 resignavit.
1029 1675 1101 1712 Qua
1123 1675 1345 1717 resignacione
1368 1678 1516 1717 recepta,
1543 1675 1632 1706 idem
1655 1674 1788 1706 feodum
1811 1684 1884 1706 cum
1907 1675 1995 1706 omni
2013 1683 2040 1703 ιι

342 1727 422 1766 iure,
445 1737 507 1767 quo
530 1726 621 1757 nobis
644 1727 841 1767 resignatum
866 1727 983 1767 extitit,
1007 1727 1157 1768 prudenti
1179 1727 1248 1758 viro
1263 1726 1384 1759 Iacobo
1408 1727 1494 1759 dicto
1517 1726 1559 1758 ad
1574 1726 1729 1758 Veterem
1751 1728 1917 1758 monetam
1933 1726 1995 1758 civi

342 1778 375 1808 in
398 1777 599 1819 Oppenheim
629 1776 778 1808 duximus
803 1777 1054 1810 concedendum.
1100 1778 1309 1810 Presencium
1339 1778 1524 1810 testimonio
1557 1777 1736 1810 litterarum
1766 1778 1868 1809 nostri
1898 1777 1996 1819 sigilli

343 1829 458 1860 robore
482 1829 686 1870 signatarum.

450 1888 555 1919 Dataa
570 1889 600 1919 in
617 1888 860 1928 Franchenffirt‚
885 1899 967 1920 anno
984 1889 1116 1921 Domini
1131 1890 1303 1922 millesimo
1319 1890 1546 1922 trecentesimo
1563 1890 1726 1930 vicesimo,
1742 1889 1838 1921 XIII.
1854 1889 1993 1922 Kalend.

343 1939 484 1980 Octobr„
506 1941 597 1981 regni
620 1950 697 1971 vero
720 1941 818 1972 nostri
842 1951 924 1972 anno
948 1944 1051 1972 sexto.
2012 1944 2042 1964 ⁸⁰

669 2080 755 2116 591.
795 2080 996 2124 Infeudatio
1023 2081 1154 2116 comitis
1182 2082 1224 2116 de
1249 2081 1391 2116 Anhalt.
1496 2080 1590 2126 Sept.
1610 2082 1672 2116 27.

454 2150 614 2191 Oriyimle
632 2153 837 2193 deperditum.
878 2154 1121 2187 Transsumtum
1138 2155 1207 2197 (tr.)
1229 2165 1260 2187 a.
1278 2155 1374 2187 1495.
1397 2154 1482 2186 Mai.
1500 2154 1552 2186 11.
1575 2154 1754 2197 confectum
1775 2155 1812 2187 in
1834 2153 1995 2188 tabulam

346 2200 553 2283 Desicviensi.
577 2222 617 2226 —
639 2203 699 2237 Ed.
717 2205 919 2238 Heinemann
941 2206 1058 2239 ‘Codex
1077 2206 1313 2248 diplomaticus’
1337 2206 1407 2246 III,
1423 2207 1488 2238 264
1510 2216 1561 2238 nr.
1578 2206 1641 2238 401
1665 2216 1704 2238 ex
1725 2209 1765 2238 tr.
1809 2205 1995 2239 Editionem

343 2263 414 2292 repe
428 2263 518 2284 rmus.

443 2311 595 2357 ssohmer,
618 2314 691 2354 Rey.
707 2315 818 2348 Ludw.
835 2327 871 2356 p.
887 2318 930 2348 24
952 2327 1002 2349 nr.
1019 2317 1091 2350 409.
2011 2319 2040 2340 ἰ

453 2396 521 2428 Nos
551 2397 741 2431 Ludowicus
770 2401 834 2432 Dei
863 2403 967 2444 gratia
995 2403 1216 2435 Romanorum
1248 2413 1307 2434 rex
1338 2413 1467 2445 semper
1504 2405 1660 2445 augustus
1694 2402 1736 2435 ad
1770 2404 1992 2436 universorum

345 2447 491 2478 notitiam
514 2449 658 2480 volumus
681 2453 863 2492 pervenire,
892 2454 978 2495 quod
1005 2455 1108 2496 regali
1137 2454 1424 2496 circumspectione
1447 2454 1581 2496 provide
1611 2454 1817 2487 attendentes
1839 2455 1991 2487 virtutum

345 2499 475 2537 merita,
500 2499 614 2540 quibus
636 2501 764 2533 illustris
786 2504 991 2537 Bernhardus
1014 2516 1123 2538 comes
1147 2506 1187 2538 de
1213 2506 1354 2538 Anehalt
1375 2506 1525 2548 princeps
1550 2509 1583 2537 et
1605 2506 1711 2537 affinis
1733 2509 1844 2538 noster
1865 2507 1992 2538 carissi-

345 2559 414 2579 mus
446 2549 540 2591 longe
567 2550 694 2592 lateque
728 2553 932 2587 laudabiliter
964 2557 1208 2589 commendatur
1241 2567 1279 2589 ac
1307 2557 1498 2598 multiplicia
1533 2557 1703 2600 obsequia,
1736 2567 1800 2599 que
1833 2556 1926 2589 nobis
1959 2560 1993 2589 et

346 2609 435 2630 sacro
467 2599 612 2632 Romano
649 2603 782 2644 imperio
820 2607 965 2639 exhibuit
1002 2612 1035 2639 et
1066 2609 1198 2640 inantea
1231 2608 1405 2640 studiosius
1439 2608 1622 2650 exhibebit,
1657 2608 1766 2640 eidem
1797 2607 1990 2640 Bernhardo
2009 2617 2040 2637 ω

346 2651 530 2681 meritorum
564 2652 662 2692 ipsius
697 2654 829 2687 obtentu
862 2669 898 2689 ac
926 2659 1101 2691 illustribus
1127 2659 1263 2691 Alberto
1297 2662 1331 2691 et
1353 2659 1565 2691 Woldemaro
1600 2659 1771 2692 comitibus
1801 2659 1842 2692 de
1869 2659 1993 2692 Anhalt

346 2702 467 2742 patruis
495 2702 569 2733 dicti
598 2703 775 2736 Bernhardi
810 2711 843 2739 et
870 2709 1011 2750 ipsorum
1044 2710 1219 2742 heredibus
1248 2711 1436 2742 comitatum
1469 2711 1649 2752 palatinum
1680 2711 1837 2753 Saxonis,
1871 2710 1991 2753 princi-

449 2794 515 2821 590.
541 2796 564 2827 ⁸⁴)
583 2805 647 2822 corr.
662 2806 692 2822 ex
710 2800 760 2824 Dat
762 2809 859 2826 uuuuu
