2184 3126
297 271 361 302 558
566 265 664 292 ACTA
683 263 795 291 REGNI
816 260 999 289 LUDEWICI
1017 259 1064 286 IV.
1083 259 1129 285 ΕΤ
1148 257 1333 285 FRIDERICI
1353 257 1401 284 111.
1437 256 1513 283 1322.
1549 255 1599 282 Nr.
1613 255 1670 282 712.

496 445 733 489 712—715.
774 438 1099 486 LITTERAE
1134 435 1331 483 REGIS
1359 433 1755 482 ARAGONUM.

964 515 1072 551 1322.
1113 514 1199 550 Dee.
1221 514 1282 549 21.

613 638 697 673 712.
735 637 891 672 Litterae
918 637 965 671 ad
993 635 1218 671 Friderieum
1245 644 1366 678 regem.
1473 633 1554 668 Dee.
1576 634 1638 668 21.

409 718 505 757 Copia
527 716 582 758 (c.)
605 716 641 747 in
662 714 819 746 tabulario
841 714 924 754 reqio
940 712 1175 745 Barcinonensi
1198 710 1390 751 ‘Reyistrum
1406 720 1456 742 nr.
1472 710 1551 741 318²
1573 709 1629 749 fol.
1645 709 1699 747 23,
1722 709 1778 741 ubi
1799 709 1952 742 rubrum:

298 769 386 801 Infra
409 771 584 810 sequuntur
607 778 668 809 que
685 766 803 808 scripta
826 765 956 797 fuenmt
977 768 1149 807 postquam
1172 763 1300 794 sinistra
1318 765 1476 794 venerunt
1498 762 1635 804 negocia
1651 761 1771 793 domini
1786 761 1952 794 Foederici

298 820 442 862 predicti.
464 838 506 842 ——
533 818 595 850 Ed.
619 818 779 858 Zeissbery
805 817 870 849 loco
897 827 997 856 supra
1028 816 1072 847 ad
1103 826 1152 847 nr.
1174 816 1215 845 44
1246 814 1341 846 citato
1358 823 1394 853 p.
1418 813 1461 845 72
1489 823 1539 845 nr.
1557 813 1600 845 72
1621 823 1660 845 ex
1682 824 1710 845 c.
1767 813 1952 846 Editionem

297 871 472 911 repetimus.

407 930 454 970 Cf.
479 930 600 961 litteras
622 929 724 961 eodem
747 929 797 960 die
820 928 984 960 Elizabeth
1007 927 1132 968 reyinae
1154 927 1288 966 itemque
1311 924 1469 965 Liupoldo
1491 925 1568 956 duci
1588 925 1805 965 fratribusque
1827 926 1952 964 missas,

296 993 376 1022 quae
398 983 463 1020 fere
485 981 591 1013 eadem
612 980 705 1012 verba
722 979 882 1019 praebent,
906 979 925 1010 l.
942 990 966 1011 c.
985 990 1020 1019 p.
1038 979 1081 1010 73
1103 988 1146 1018 sq.
1170 988 1220 1009 nr.
1245 979 1287 1009 73
1309 979 1339 1009 et
1361 979 1412 1008 77.

403 1078 522 1110 Illustri
546 1081 578 1110 et
600 1077 769 1119 magnifico
792 1078 926 1118 principi
949 1077 1078 1108 domino
1093 1076 1268 1108 Frederico
1284 1075 1348 1107 Dei
1370 1075 1480 1117 gracia
1494 1075 1716 1107 Romanorum
1738 1076 1808 1118 regi
1824 1086 1953 1118 semper

298 1133 432 1172 augusto
455 1130 520 1160 filio
548 1132 655 1160 nostro
683 1128 850 1160 karissimo
938 1127 1076 1159 Iacobus
1104 1138 1162 1168 per
1192 1126 1330 1159 eandem
1357 1137 1416 1158 rex
1444 1126 1632 1168 Aragonum
1663 1129 1723 1158 etc.
1813 1127 1952 1160 salutem

298 1192 369 1213 cum
392 1182 514 1212 sincere
539 1180 721 1211 dileccionis
743 1179 938 1221 integritate.

404 1232 483 1263 Duri
518 1234 550 1262 et
582 1230 718 1262 infelicis
752 1241 843 1262 casus
875 1231 1055 1270 materiam,
1091 1240 1188 1272 quam
1216 1230 1417 1262 excellencia
1443 1232 1551 1261 vestra
1584 1229 1676 1261 nobis
1713 1230 1798 1261 tristi
1826 1229 1952 1262 calamo

297 1283 474 1315 nunciavit*
490 1284 522 1314 in
544 1283 658 1314 litteris
680 1281 772 1313 nobis
794 1282 919 1313 noviter
941 1292 1014 1313 cum
1030 1281 1168 1313 discreto
1185 1281 1359 1313 F'rederico
1384 1281 1425 1312 de
1442 1280 1588 1322 Gloyach
1611 1284 1718 1312 vestro
1741 1281 1894 1313 familiari
1920 1284 1954 1314 et

298 1335 411 1366 clerico
440 1334 641 1374 destinatisl,
675 1343 737 1364 non
765 1332 886 1374 absque
914 1343 1032 1374 magna.
1061 1332 1269 1374 displicencia
1298 1336 1331 1364 et
1358 1332 1463 1364 cordis
1491 1332 1704 1364 amaritudine
1734 1332 1954 1364 intelleximus

300 1396 401 1427 eaque
437 1386 525 1417 novit
554 1385 643 1416 Deus
677 1385 811 1416 moleste
845 1385 1048 1426 pertulimus,
1089 1384 1299 1417 condolentes
1333 1384 1425 1416 vobis
1459 1387 1613 1426 tanquam
1646 1383 1710 1425 illi,
1751 1394 1847 1426 quem
1880 1385 1953 1416 loco

296 1438 352 1468 filii
367 1438 506 1479 gerimus
523 1439 555 1467 et
570 1439 704 1477 paterna
727 1435 905 1467 affeccione
928 1436 1052 1467 sincere
1069 1435 1240 1477 diligimus.
1285 1434 1328 1466 Et
1349 1445 1468 1477 nempe
1483 1445 1543 1476 pro
1566 1435 1763 1467 liberacione
1784 1438 1893 1468 vestra
1915 1446 1954 1468 ac

297 1489 393 1520 vestri
408 1491 509 1519 status
524 1488 778 1529 reintegracione
795 1487 827 1518 in
842 1497 981 1529 persona
997 1487 1137 1528 propria,
1160 1490 1257 1529 prout
1278 1487 1427 1529 petiistis,
1450 1487 1493 1519 ad
1507 1481 1690 1520 Romanam
1705 1487 1953 1519 accessissemus

298 1540 417 1571 curiam
440 1542 495 1570 aut
520 1539 662 1570 inclitum
684 1539 841 1570 infantem
863 1538 1034 1570 Alfonsum
1057 1538 1262 1570 karissimum
1290 1539 1539 1580 primogenitum
1569 1542 1603 1570 et
1624 1538 1813 1581 generalem
1836 1549 1952 1580 procu-

297 1594 435 1622 ratorem
458 1593 599 1622 nostrum
622 1590 719 1621 illuch
742 1590 949 1630 misissemus,
973 1591 1000 1621 si
1022 1590 1083 1622 hoc
1106 1600 1242 1631 persone
1258 1593 1367 1622 nostre
1384 1590 1557 1632 disposicio
1573 1600 1612 1622 ac
1627 1589 1730 1622 ardua
1750 1593 1783 1622 et
1797 1591 1953 1632 urgencia

298 1643 387 1684 regni
404 1642 501 1673 nostri
516 1642 650 1683 negocia
665 1642 894 1683 permisissent.
940 1640 1070 1673 Etenim
1086 1641 1286 1673 intellexisse
1301 1652 1358 1673 vos
1374 1641 1544 1682 credimus,
1561 1641 1700 1683 qualiter
1714 1651 1790 1673 vere
1805 1642 1954 1683 proxime

298 1694 427 1724 instanti
448 1693 567 1724 viribus
590 1693 794 1734 congregatis
811 1703 882 1724 cum
898 1703 1016 1734 magno
1033 1692 1201 1735 galearum
1216 1693 1311 1724 stolio
1328 1703 1366 1725 ac
1381 1693 1519 1724 militum
1536 1696 1570 1724 et
1584 1692 1731 1735 peditum
1747 1693 1954 1726 multitudine·

297 1745 426 1785 copiosa
448 1745 574 1776 missuri
596 1755 704 1775 sumus
728 1743 848 1775 dictum
871 1744 1028 1776 infantem
1051 1744 1221 1776 Alfonsum
1244 1745 1286 1776 ad
1308 1747 1417 1786 partes
1433 1744 1579 1776 Sardinie
1604 1747 1637 1776 et
1659 1744 1790 1776 Corsice
1812 1756 1872 1786 pro
1895 1745 1953 1777 ad-

298 1796 471 1837 quisicione
500 1797 591 1837 regni
620 1795 781 1837 eiusdem,
816 1796 870 1837 qui
904 1795 1035 1837 quidem
1063 1796 1181 1837 infans,
1211 1806 1283 1828 cum
1314 1796 1435 1828 dictum
1465 1799 1595 1838 tempus
1617 1796 1702 1828 veris
1730 1796 1828 1828 instet
1856 1807 1954 1839 quam

297 1847 476 1888 plurimum,
499 1848 563 1878 iam
586 1848 677 1889 quasi
700 1847 796 1879 estin
811 1848 977 1889 precinctu
999 1848 1049 1879 sui
1065 1848 1162 1890 viagii
1185 1848 1384 1879 constitutus.
1423 1847 1467 1879 Et
1481 1847 1555 1879 ideo
1571 1848 1728 1879 mittimus
1744 1858 1815 1879 cum
1833 1847 1952 1880 dilecto

299 1899 476 1930 consiliario
499 1901 607 1930 nostro
632 1899 732 1930 Vitali
754 1898 794 1930 de
818 1898 999 1939 Villanova,
1024 1899 1078 1940 qui
1101 1902 1150 1931 est
1172 1909 1310 1941 persona
1335 1899 1425 1931 nobis
1448 1899 1583 1931 multum
1607 1902 1733 1931 secreta
1756 1902 1790 1931 et
1819 1900 1953 1931 sanctis-

299 1950 378 1981 simo
401 1961 524 1981 summo
546 1950 688 1991 pontifici
711 1953 744 1981 et
759 1950 874 1982 illustri
889 1951 959 1992 regi
974 1950 1140 1982 Roberto²
1156 1951 1323 1983 familiaris
1346 1954 1380 1982 et
1395 1952 1534 1993 cognita,
1558 1951 1677 1992 scripta
1693 1953 1802 1982 nostra
1818 1951 1955 1983 multum

299 2001 442 2032 efficacia
464 2005 530 2033 tam
558 2001 642 2032 dicto
671 2012 795 2033 summo
822 2002 966 2043 pontifici
996 2012 1092 2044 quam
1121 2002 1206 2034 dicto
1235 2003 1304 2044 regi
1333 2002 1495 2043 Roberto,
1526 2013 1584 2044 per
1613 2012 1675 2044 que
1709 2003 1822 2034 intima
1849 2003 1954 2035 cordis

299 2053 472 2084 affeccione
495 2063 644 2095 rogamus
667 2053 812 2093 eosdem,
842 2056 879 2084 ut
904 2053 991 2085 idem
1019 2064 1162 2085 summus
1189 2054 1350 2095 pontifex,
1379 2057 1475 2095 prout
1498 2054 1595 2085 statui
1625 2064 1682 2085 suo
1710 2055 1871 2096 congruit,
1899 2053 1955 2098 [et]

301 2103 402 2135 dictus
424 2115 495 2145 rex,
519 2105 600 2135 sicut
622 2107 748 2136 tenetur
770 2115 811 2136 ex
835 2104 943 2136 debito
967 2115 1030 2146 quo
1054 2105 1145 2136 vobis
1167 2106 1341 2146 anectitur,
1365 2116 1402 2137 ac
1425 2106 1524 2137 nostri
1540 2105 1673 2147 speciali
1694 2105 1955 2138 consideracione

300 2155 357 2185 viis
384 2158 416 2186 et
447 2155 550 2186 modis
579 2157 725 2198 congruis
753 2166 790 2187 ac
820 2155 909 2187 vobis
939 2156 1189 2198 expedientibus
1219 2167 1262 2189 ex
1288 2158 1474 2189 maturitate
1499 2167 1610 2188 eorum
1637 2157 1758 2198 ingenii
1786 2157 1956 2199 exquisitis

300 2209 436 2237 tractare
460 2210 492 2237 et
515 2217 586 2238 cum
611 2207 727 2239 effectu
749 2218 922 2249 procurare
938 2208 1037 2239 velint
1059 2211 1199 2240 vestram
1223 2212 1256 2240 et
1278 2209 1404 2250 egregii
1425 2209 1571 2251 germani
1593 2209 1692 2240 vestri
1715 2208 1956 2241 absolucionem

302 2260 334 2287 et
356 2257 592 2298 liberacionem,
616 2269 678 2300 que
702 2259 833 2301 quidem
861 2259 1016 2291 liberacio
1045 2262 1210 2302 tamquam
1239 2260 1280 2291 de
1308 2260 1381 2291 filiis
1407 2261 1544 2292 multum
1571 2260 1690 2292 insidet
1717 2260 1806 2292 cordi
1834 2263 1954 2292 nostro.

301 2308 354 2338 Ad
377 2319 456 2349 quos
480 2309 607 2350 quidem
624 2313 777 2342 tractatus
800 2311 920 2342 dictum
936 2311 1145 2343 Fredericum
1167 2312 1318 2343 nuncium
1341 2314 1483 2343 vestrum
1506 2311 1631 2353 plenius
1654 2311 1695 2343 de
1719 2314 1806 2343 statu
1827 2311 1957 2354 negocii

302 2362 334 2390 ct
356 2359 417 2390 hiis
440 2371 500 2401 que
517 2360 605 2391 vobis
629 2362 818 2402 expedirent
840 2362 1046 2394 informatum
1068 2373 1127 2404 per
1150 2362 1269 2394 dictum
1287 2366 1430 2395 nostrum
1446 2364 1596 2395 nuncium
1612 2363 1761 2394 iussimus
1781 2362 1955 2394 admitten-

303 2410 387 2441 dum.
432 2411 499 2442 Nos
522 2412 605 2442 enim
628 2413 659 2442 in
682 2412 772 2444 brevi
795 2413 836 2445 ad
859 2417 968 2455 partes
983 2418 1107 2446 vestras
1129 2415 1259 2446 mittere
1282 2415 1478 2447 intendimus
1501 2415 1662 2457 quendam
1685 2414 1838 2447 abbatem
1862 2414 1956 2456 regni

302 2461 411 2501 nostri,
435 2462 489 2502 qui
511 2473 679 2503 personam
695 2467 833 2496 vestram
851 2465 876 2497 si
898 2466 969 2497 fieri
984 2467 1104 2507 poterit
1127 2469 1159 2498 et
1181 2466 1312 2498 illustris
1335 2467 1446 2508 regine
1469 2467 1535 2498 filie
1550 2470 1658 2498 nostre
1680 2477 1722 2498 ex
1738 2469 1830 2508 parte
1846 2469 1956 2498 nostra

304 2512 484 2543 consoletur
508 2516 540 2544 et
561 2514 667 2545 visitet
690 2525 727 2546 ac
749 2516 782 2546 in
803 2517 938 2558 negocio
961 2517 1165 2549 liberaeionis
1188 2520 1294 2549 vestre
1318 2528 1377 2559 pro
1400 2521 1493 2560 parte
1516 2521 1625 2550 nostra
1648 2515 1765 2550 tractet
1789 2521 1822 2550 et
1844 2518 1954 2559 faciat,

304 2563 453 2604 quicquid
468 2564 542 2595 boni
559 2568 591 2595 et
606 2566 749 2597 utilitatis
772 2568 802 2598 ei
825 2567 977 2608 possibile
994 2568 1100 2600 fuerit.
1145 2568 1214 2600 Vos
1237 2572 1345 2600 autem
1369 2580 1411 2600 ex
1434 2579 1509 2601 casu
1531 2569 1676 2611 predicto
1697 2569 1805 2601 nolitis
1820 2569 1955 2601 nimium

1981 771 1998 791 δ

1971 1087 1999 1107 m

1972 1343 1999 1364 ΙΙ

303 2614 451 2653 desolari,
480 2615 577 2646 immo
600 2618 737 2648 recreari
759 2618 864 2649 velitis
886 2620 919 2650 in
941 2619 996 2650 illo
1020 2620 1076 2661 qui
1098 2623 1173 2662 post
1194 2619 1339 2651 nubilum
1364 2620 1420 2652 dat
1442 2631 1591 2652 serenum
1614 2624 1647 2652 et
1669 2621 1725 2663 qui
1746 2621 1895 2653 vulnerat
1917 2622 1951 2652 et
1967 2629 1996 2649 ιο

303 2665 478 2706 medetur⁸,
501 2670 665 2708 sperantes
687 2668 719 2699 in
743 2679 791 2709 eo,
820 2670 906 2711 quod
928 2674 1002 2712 post
1024 2671 1108 2703 hunc
1132 2671 1295 2703 sinistrum
1312 2675 1462 2704 eventum
1485 2672 1549 2703 alia
1572 2672 1663 2703 vobis
1686 2672 1796 2704 felicia
1820 2675 1853 2704 et
1875 2681 1951 2714 pro-

411 2775 473 2804 712.
503 2777 527 2810 ⁸)
545 2786 626 2809 cupra
644 2779 738 2805 lineam
756 2781 818 2806 add.
837 2790 858 2807 e.

410 2860 435 2892 1)
454 2861 617 2895 Deperditaae
634 2865 705 2889 sunt.
796 2865 823 2897 2)
842 2865 892 2892 Nr.
907 2869 951 2893 713
968 2868 990 2892 et
1011 2869 1063 2892 714.
1151 2865 1179 2900 3)
1199 2866 1245 2893 lob
1264 2871 1287 2900 5,
1300 2870 1339 2894 18.
