<?xml version="1.0" encoding="UTF-8"?>
<!DOCTYPE html PUBLIC "-//W3C//DTD XHTML 1.0 Transitional//EN"
    "http://www.w3.org/TR/xhtml1/DTD/xhtml1-transitional.dtd">
<html xmlns="http://www.w3.org/1999/xhtml" xml:lang="en" lang="en">
 <head>
  <title>
</title>
<meta http-equiv="Content-Type" content="text/html;charset=utf-8" />
  <meta name='ocr-system' content='tesseract 3.04.00' />
  <meta name='ocr-capabilities' content='ocr_page ocr_carea ocr_par ocr_line ocrx_word'/>
</head>
<body>
  <div class='ocr_page' id='page_1' title='image "./monumentagerma05geseuoft_0243.png"; bbox 0 0 2190 3172; ppageno 0'>
   <div class='ocr_carea' id='block_1_1' title="bbox 440 217 1853 254">
    <p class='ocr_par' dir='ltr' id='par_1_1' title="bbox 440 217 1853 254">
     <span class='ocr_line' id='line_1_1' title="bbox 440 217 1853 254; baseline -0.001 -6"><span class='ocrx_word' id='word_1_1' title='bbox 440 217 538 248; x_wconf 71' lang='lat' dir='ltr'><strong>ACTA</strong></span> <span class='ocrx_word' id='word_1_2' title='bbox 557 217 671 247; x_wconf 67' lang='lat' dir='ltr'><strong>emm</strong></span> <span class='ocrx_word' id='word_1_3' title='bbox 688 217 871 246; x_wconf 78' lang='lat' dir='ltr'>LUDEWICI</span> <span class='ocrx_word' id='word_1_4' title='bbox 890 217 937 246; x_wconf 86' lang='lat' dir='ltr'><strong>IV.</strong></span> <span class='ocrx_word' id='word_1_5' title='bbox 956 217 1002 245; x_wconf 86' lang='grc' dir='ltr'><strong>ΕΤ</strong></span> <span class='ocrx_word' id='word_1_6' title='bbox 1020 217 1205 246; x_wconf 70' lang='lat' dir='ltr'>PRIDERICI</span> <span class='ocrx_word' id='word_1_7' title='bbox 1224 218 1273 246; x_wconf 86' lang='lat'>111.</span> <span class='ocrx_word' id='word_1_8' title='bbox 1310 218 1385 246; x_wconf 84' lang='lat'><strong>1315.</strong></span> <span class='ocrx_word' id='word_1_9' title='bbox 1422 218 1470 246; x_wconf 83' lang='lat' dir='ltr'><strong>Nr.</strong></span> <span class='ocrx_word' id='word_1_10' title='bbox 1483 219 1542 247; x_wconf 77' lang='lat'>2³0.</span> <span class='ocrx_word' id='word_1_11' title='bbox 1561 219 1621 246; x_wconf 79' lang='lat'>281.</span> <span class='ocrx_word' id='word_1_12' title='bbox 1789 223 1853 254; x_wconf 82' lang='lat'><strong>203</strong></span> 
     </span>
    </p>
   </div>
   <div class='ocr_carea' id='block_1_2' title="bbox 159 304 1856 1072">
    <p class='ocr_par' dir='ltr' id='par_1_2' title="bbox 159 304 1856 1072">
     <span class='ocr_line' id='line_1_2' title="bbox 205 304 1854 349; baseline 0 -11"><span class='ocrx_word' id='word_1_13' title='bbox 205 306 322 340; x_wconf 79' lang='lat' dir='ltr'><strong>nostris</strong></span> <span class='ocrx_word' id='word_1_14' title='bbox 342 306 474 349; x_wconf 84' lang='lat' dir='ltr'><strong>regibus</strong></span> <span class='ocrx_word' id='word_1_15' title='bbox 497 309 530 339; x_wconf 90' lang='lat' dir='ltr'><strong>et</strong></span> <span class='ocrx_word' id='word_1_16' title='bbox 550 305 798 349; x_wconf 71' lang='lat' dir='ltr'><strong>imperatoribus</strong></span> <span class='ocrx_word' id='word_1_17' title='bbox 812 304 1032 338; x_wconf 86' lang='lat' dir='ltr'><strong>Romanorum</strong></span> <span class='ocrx_word' id='word_1_18' title='bbox 1052 305 1207 338; x_wconf 78' lang='lat' dir='ltr'><strong>faciendis</strong></span> <span class='ocrx_word' id='word_1_19' title='bbox 1229 316 1268 338; x_wconf 86' lang='lat' dir='ltr'><strong>ac</strong></span> <span class='ocrx_word' id='word_1_20' title='bbox 1291 315 1332 338; x_wconf 89' lang='lat' dir='ltr'><strong>ea</strong></span> <span class='ocrx_word' id='word_1_21' title='bbox 1354 306 1385 338; x_wconf 90' lang='lat' dir='ltr'><strong>in</strong></span> <span class='ocrx_word' id='word_1_22' title='bbox 1407 305 1544 338; x_wconf 88' lang='lat' dir='ltr'><strong>eundem</strong></span> <span class='ocrx_word' id='word_1_23' title='bbox 1561 306 1854 348; x_wconf 85' lang='lat' dir='ltr'><strong>archiepiscopum,</strong></span> 
     </span>
     <span class='ocr_line' id='line_1_3' title="bbox 205 356 1852 398; baseline 0.001 -9"><span class='ocrx_word' id='word_1_24' title='bbox 205 367 406 391; x_wconf 89' lang='lat' dir='ltr'><strong>successores</strong></span> <span class='ocrx_word' id='word_1_25' title='bbox 439 368 514 390; x_wconf 91' lang='lat' dir='ltr'><strong>suos</strong></span> <span class='ocrx_word' id='word_1_26' title='bbox 547 361 581 390; x_wconf 88' lang='lat' dir='ltr'><strong>et</strong></span> <span class='ocrx_word' id='word_1_27' title='bbox 614 357 784 390; x_wconf 86' lang='lat' dir='ltr'><strong>ecclesiam</strong></span> <span class='ocrx_word' id='word_1_28' title='bbox 814 367 905 390; x_wconf 89' lang='lat' dir='ltr'><strong>suam</strong></span> <span class='ocrx_word' id='word_1_29' title='bbox 933 356 1166 390; x_wconf 79' lang='lat' dir='ltr'><strong>Treverensem</strong></span> <span class='ocrx_word' id='word_1_30' title='bbox 1197 357 1300 390; x_wconf 90' lang='lat' dir='ltr'><strong>libere</strong></span> <span class='ocrx_word' id='word_1_31' title='bbox 1329 357 1578 398; x_wconf 76' lang='lat' dir='ltr'>transferentes,</span> <span class='ocrx_word' id='word_1_32' title='bbox 1601 358 1698 390; x_wconf 81' lang='lat' dir='ltr'><strong>nichil</strong></span> <span class='ocrx_word' id='word_1_33' title='bbox 1723 360 1852 390; x_wconf 91' lang='lat' dir='ltr'><strong>omnino</strong></span> 
     </span>
     <span class='ocr_line' id='line_1_4' title="bbox 205 408 1855 452; baseline 0.002 -12"><span class='ocrx_word' id='word_1_34' title='bbox 205 409 282 441; x_wconf 85' lang='lat' dir='ltr'><strong>iuris</strong></span> <span class='ocrx_word' id='word_1_35' title='bbox 310 409 402 442; x_wconf 92' lang='lat' dir='ltr'><strong>nobis</strong></span> <span class='ocrx_word' id='word_1_36' title='bbox 428 410 480 442; x_wconf 90' lang='lat' dir='ltr'><strong>vel</strong></span> <span class='ocrx_word' id='word_1_37' title='bbox 508 408 601 442; x_wconf 86' lang='lat' dir='ltr'><strong>dictis</strong></span> <span class='ocrx_word' id='word_1_38' title='bbox 627 408 863 441; x_wconf 88' lang='lat' dir='ltr'><strong>successoribus</strong></span> <span class='ocrx_word' id='word_1_39' title='bbox 889 409 1006 441; x_wconf 88' lang='lat' dir='ltr'><strong>nostris</strong></span> <span class='ocrx_word' id='word_1_40' title='bbox 1034 409 1165 450; x_wconf 85' lang='lat' dir='ltr'><strong>regibus</strong></span> <span class='ocrx_word' id='word_1_41' title='bbox 1188 409 1240 442; x_wconf 88' lang='lat' dir='ltr'><strong>vel</strong></span> <span class='ocrx_word' id='word_1_42' title='bbox 1270 409 1519 452; x_wconf 78' lang='lat' dir='ltr'><strong>imperatoribus</strong></span> <span class='ocrx_word' id='word_1_43' title='bbox 1540 409 1758 443; x_wconf 88' lang='lat' dir='ltr'><strong>Romanorum</strong></span> <span class='ocrx_word' id='word_1_44' title='bbox 1784 411 1855 443; x_wconf 87' lang='lat' dir='ltr'><strong>sive</strong></span> 
     </span>
     <span class='ocr_line' id='line_1_5' title="bbox 205 460 1851 504; baseline 0.002 -12"><span class='ocrx_word' id='word_1_45' title='bbox 205 460 341 502; x_wconf 85' lang='lat' dir='ltr'><strong>imperio</strong></span> <span class='ocrx_word' id='word_1_46' title='bbox 369 461 402 493; x_wconf 90' lang='lat' dir='ltr'><strong>in</strong></span> <span class='ocrx_word' id='word_1_47' title='bbox 427 460 581 503; x_wconf 79' lang='lat' dir='ltr'><strong>predictis</strong></span> <span class='ocrx_word' id='word_1_48' title='bbox 609 460 662 493; x_wconf 84' lang='lat' dir='ltr'><strong>vel</strong></span> <span class='ocrx_word' id='word_1_49' title='bbox 690 470 801 493; x_wconf 89' lang='lat' dir='ltr'><strong>eorum</strong></span> <span class='ocrx_word' id='word_1_50' title='bbox 829 460 952 503; x_wconf 84' lang='lat' dir='ltr'><strong>aliquo,</strong></span> <span class='ocrx_word' id='word_1_51' title='bbox 976 471 1143 503; x_wconf 76' lang='lat' dir='ltr'><strong>quousque</strong></span> <span class='ocrx_word' id='word_1_52' title='bbox 1166 461 1360 494; x_wconf 73' lang='lat' dir='ltr'><strong>interveniat</strong></span> <span class='ocrx_word' id='word_1_53' title='bbox 1382 472 1494 494; x_wconf 89' lang='lat' dir='ltr'><strong>eorum</strong></span> <span class='ocrx_word' id='word_1_54' title='bbox 1521 462 1724 504; x_wconf 89' lang='lat' dir='ltr'><strong>redempcio,</strong></span> <span class='ocrx_word' id='word_1_55' title='bbox 1748 473 1851 495; x_wconf 87' lang='lat' dir='ltr'><strong>reser-</strong></span> 
     </span>
     <span class='ocr_line' id='line_1_6' title="bbox 173 511 1854 556; baseline 0.001 -12"><span class='ocrx_word' id='word_1_56' title='bbox 173 524 185 544; x_wconf 74' lang='lat' dir='ltr'><strong>s</strong></span> <span class='ocrx_word' id='word_1_57' title='bbox 204 511 320 545; x_wconf 86' lang='lat' dir='ltr'><strong>vando.</strong></span> <span class='ocrx_word' id='word_1_58' title='bbox 364 513 414 544; x_wconf 84' lang='lat' dir='ltr'><strong>Ac</strong></span> <span class='ocrx_word' id='word_1_59' title='bbox 441 512 602 552; x_wconf 86' lang='lat' dir='ltr'><strong>volentes,</strong></span> <span class='ocrx_word' id='word_1_60' title='bbox 633 513 869 545; x_wconf 89' lang='lat' dir='ltr'><strong>consentientes</strong></span> <span class='ocrx_word' id='word_1_61' title='bbox 896 515 930 545; x_wconf 91' lang='lat' dir='ltr'><strong>et</strong></span> <span class='ocrx_word' id='word_1_62' title='bbox 955 512 1146 544; x_wconf 87' lang='lat' dir='ltr'><strong>mandantes</strong></span> <span class='ocrx_word' id='word_1_63' title='bbox 1179 523 1332 555; x_wconf 76' lang='lat' dir='ltr'><strong>expresse</strong></span> <span class='ocrx_word' id='word_1_64' title='bbox 1367 513 1607 556; x_wconf 87' lang='lat' dir='ltr'><strong>quibuscunque</strong></span> <span class='ocrx_word' id='word_1_65' title='bbox 1641 515 1786 556; x_wconf 89' lang='lat' dir='ltr'><strong>personis</strong></span> <span class='ocrx_word' id='word_1_66' title='bbox 1820 517 1854 546; x_wconf 89' lang='lat' dir='ltr'><strong>et</strong></span> 
     </span>
     <span class='ocr_line' id='line_1_7' title="bbox 203 563 1852 608; baseline 0.002 -13"><span class='ocrx_word' id='word_1_67' title='bbox 203 564 360 597; x_wconf 89' lang='lat' dir='ltr'><strong>universis</strong></span> <span class='ocrx_word' id='word_1_68' title='bbox 389 563 570 597; x_wconf 87' lang='lat' dir='ltr'><strong>hominibus</strong></span> <span class='ocrx_word' id='word_1_69' title='bbox 596 563 761 607; x_wconf 84' lang='lat' dir='ltr'><strong>predictis,</strong></span> <span class='ocrx_word' id='word_1_70' title='bbox 788 567 825 596; x_wconf 92' lang='lat' dir='ltr'><strong>ut</strong></span> <span class='ocrx_word' id='word_1_71' title='bbox 846 564 1027 596; x_wconf 87' lang='lat' dir='ltr'><strong>iuramenta</strong></span> <span class='ocrx_word' id='word_1_72' title='bbox 1056 567 1089 596; x_wconf 92' lang='lat' dir='ltr'><strong>et</strong></span> <span class='ocrx_word' id='word_1_73' title='bbox 1111 564 1304 597; x_wconf 88' lang='lat' dir='ltr'><strong>fidelitatum</strong></span> <span class='ocrx_word' id='word_1_74' title='bbox 1332 566 1552 607; x_wconf 87' lang='lat' dir='ltr'><strong>prestaciones</strong></span> <span class='ocrx_word' id='word_1_75' title='bbox 1575 565 1721 608; x_wconf 89' lang='lat' dir='ltr'><strong>predicta</strong></span> <span class='ocrx_word' id='word_1_76' title='bbox 1744 565 1852 598; x_wconf 90' lang='lat' dir='ltr'><strong>eidem</strong></span> 
     </span>
     <span class='ocr_line' id='line_1_8' title="bbox 204 615 1852 659; baseline 0 -11"><span class='ocrx_word' id='word_1_77' title='bbox 204 615 461 659; x_wconf 80' lang='lat' dir='ltr'><strong>archiepiscopo,</strong></span> <span class='ocrx_word' id='word_1_78' title='bbox 484 615 722 648; x_wconf 86' lang='lat' dir='ltr'><strong>successoribus</strong></span> <span class='ocrx_word' id='word_1_79' title='bbox 749 616 814 648; x_wconf 92' lang='lat' dir='ltr'><strong>suis</strong></span> <span class='ocrx_word' id='word_1_80' title='bbox 836 618 870 647; x_wconf 92' lang='lat' dir='ltr'><strong>et</strong></span> <span class='ocrx_word' id='word_1_81' title='bbox 892 615 1029 647; x_wconf 90' lang='lat' dir='ltr'><strong>ecclesie</strong></span> <span class='ocrx_word' id='word_1_82' title='bbox 1057 625 1114 647; x_wconf 90' lang='lat' dir='ltr'><strong>sue</strong></span> <span class='ocrx_word' id='word_1_83' title='bbox 1143 615 1333 647; x_wconf 82' lang='lat' dir='ltr'><strong>Treverensi</strong></span> <span class='ocrx_word' id='word_1_84' title='bbox 1362 626 1420 648; x_wconf 91' lang='lat' dir='ltr'><strong>seu</strong></span> <span class='ocrx_word' id='word_1_85' title='bbox 1443 626 1554 649; x_wconf 89' lang='lat' dir='ltr'><strong>eorum</strong></span> <span class='ocrx_word' id='word_1_86' title='bbox 1584 620 1673 649; x_wconf 87' lang='lat' dir='ltr'><strong>certo</strong></span> <span class='ocrx_word' id='word_1_87' title='bbox 1697 616 1852 649; x_wconf 87' lang='lat' dir='ltr'><strong>mandato</strong></span> 
     </span>
     <span class='ocr_line' id='line_1_9' title="bbox 203 666 1854 711; baseline 0.001 -12"><span class='ocrx_word' id='word_1_88' title='bbox 203 667 334 700; x_wconf 84' lang='lat' dir='ltr'><strong>inantea</strong></span> <span class='ocrx_word' id='word_1_89' title='bbox 361 667 480 701; x_wconf 86' lang='lat' dir='ltr'><strong>faciant</strong></span> <span class='ocrx_word' id='word_1_90' title='bbox 511 670 545 700; x_wconf 89' lang='lat' dir='ltr'><strong>et</strong></span> <span class='ocrx_word' id='word_1_91' title='bbox 575 666 753 700; x_wconf 75' lang='lat' dir='ltr'><strong>exhibeant</strong></span> <span class='ocrx_word' id='word_1_92' title='bbox 778 667 846 700; x_wconf 87' lang='lat' dir='ltr'><strong>sine</strong></span> <span class='ocrx_word' id='word_1_93' title='bbox 876 666 1128 699; x_wconf 85' lang='lat' dir='ltr'><strong>contradictione</strong></span> <span class='ocrx_word' id='word_1_94' title='bbox 1160 667 1318 709; x_wconf 86' lang='lat' dir='ltr'><strong>qualibet,</strong></span> <span class='ocrx_word' id='word_1_95' title='bbox 1352 678 1518 710; x_wconf 89' lang='lat' dir='ltr'><strong>quousque</strong></span> <span class='ocrx_word' id='word_1_96' title='bbox 1548 668 1635 700; x_wconf 88' lang='lat' dir='ltr'><strong>dicta</strong></span> <span class='ocrx_word' id='word_1_97' title='bbox 1664 668 1854 711; x_wconf 86' lang='lat' dir='ltr'><strong>redempcio</strong></span> 
     </span>
     <span class='ocr_line' id='line_1_10' title="bbox 203 718 1855 762; baseline 0.001 -11"><span class='ocrx_word' id='word_1_98' title='bbox 203 718 405 760; x_wconf 83' lang='lat' dir='ltr'><strong>interveniat,</strong></span> <span class='ocrx_word' id='word_1_99' title='bbox 427 718 579 752; x_wconf 87' lang='lat' dir='ltr'><strong>adhibitis</strong></span> <span class='ocrx_word' id='word_1_100' title='bbox 603 719 752 752; x_wconf 87' lang='lat' dir='ltr'><strong>omnibus</strong></span> <span class='ocrx_word' id='word_1_101' title='bbox 773 723 807 751; x_wconf 91' lang='lat' dir='ltr'><strong>et</strong></span> <span class='ocrx_word' id='word_1_102' title='bbox 828 719 960 761; x_wconf 81' lang='lat' dir='ltr'><strong>singulis</strong></span> <span class='ocrx_word' id='word_1_103' title='bbox 983 718 1274 760; x_wconf 86' lang='lat' dir='ltr'><strong>sollempnitatibus</strong></span> <span class='ocrx_word' id='word_1_104' title='bbox 1297 718 1415 751; x_wconf 88' lang='lat' dir='ltr'><strong>debitis</strong></span> <span class='ocrx_word' id='word_1_105' title='bbox 1437 724 1470 752; x_wconf 87' lang='lat' dir='ltr'><strong>et</strong></span> <span class='ocrx_word' id='word_1_106' title='bbox 1485 721 1655 760; x_wconf 86' lang='lat' dir='ltr'><strong>consuetis,</strong></span> <span class='ocrx_word' id='word_1_107' title='bbox 1678 720 1737 752; x_wconf 89' lang='lat' dir='ltr'><strong>sub</strong></span> <span class='ocrx_word' id='word_1_108' title='bbox 1760 721 1855 762; x_wconf 89' lang='lat' dir='ltr'><strong>penis</strong></span> 
     </span>
     <span class='ocr_line' id='line_1_11' title="bbox 161 769 1852 813; baseline 0 -10"><span class='ocrx_word' id='word_1_109' title='bbox 161 782 186 803; x_wconf 83' lang='grc' dir='ltr'><strong>ιο</strong></span> <span class='ocrx_word' id='word_1_110' title='bbox 204 781 266 812; x_wconf 89' lang='lat' dir='ltr'><strong>que</strong></span> <span class='ocrx_word' id='word_1_111' title='bbox 289 771 321 803; x_wconf 92' lang='lat' dir='ltr'><strong>in</strong></span> <span class='ocrx_word' id='word_1_112' title='bbox 344 770 497 813; x_wconf 85' lang='lat' dir='ltr'><strong>predictis</strong></span> <span class='ocrx_word' id='word_1_113' title='bbox 519 771 636 803; x_wconf 89' lang='lat' dir='ltr'><strong>nostris</strong></span> <span class='ocrx_word' id='word_1_114' title='bbox 655 770 892 813; x_wconf 82' lang='lat' dir='ltr'><strong>obligacionum</strong></span> <span class='ocrx_word' id='word_1_115' title='bbox 916 770 1030 802; x_wconf 90' lang='lat' dir='ltr'><strong>litteris</strong></span> <span class='ocrx_word' id='word_1_116' title='bbox 1047 770 1259 802; x_wconf 75' lang='lat' dir='ltr'><strong>continentur,</strong></span> <span class='ocrx_word' id='word_1_117' title='bbox 1299 769 1333 802; x_wconf 84' lang='lat' dir='ltr'><strong>Si</strong></span> <span class='ocrx_word' id='word_1_118' title='bbox 1350 770 1427 812; x_wconf 87' lang='lat' dir='ltr'><strong>quid</strong></span> <span class='ocrx_word' id='word_1_119' title='bbox 1443 775 1552 804; x_wconf 89' lang='lat' dir='ltr'><strong>autem</strong></span> <span class='ocrx_word' id='word_1_120' title='bbox 1569 776 1681 805; x_wconf 86' lang='lat' dir='ltr'><strong>contra</strong></span> <span class='ocrx_word' id='word_1_121' title='bbox 1695 772 1852 813; x_wconf 89' lang='lat' dir='ltr'><strong>premissa</strong></span> 
     </span>
     <span class='ocr_line' id='line_1_12' title="bbox 175 821 1851 865; baseline 0.001 -12"><span class='ocrx_word' id='word_1_122' title='bbox 175 825 178 829; x_wconf 83' lang='lat'>&#39;</span> <span class='ocrx_word' id='word_1_123' title='bbox 203 821 256 854; x_wconf 92' lang='lat' dir='ltr'><strong>vel</strong></span> <span class='ocrx_word' id='word_1_124' title='bbox 278 832 389 855; x_wconf 87' lang='lat' dir='ltr'><strong>eorum</strong></span> <span class='ocrx_word' id='word_1_125' title='bbox 411 822 543 865; x_wconf 86' lang='lat' dir='ltr'><strong>aliquod</strong></span> <span class='ocrx_word' id='word_1_126' title='bbox 565 826 671 855; x_wconf 83' lang='lat' dir='ltr'><strong>actum</strong></span> <span class='ocrx_word' id='word_1_127' title='bbox 695 826 746 855; x_wconf 89' lang='lat' dir='ltr'><strong>est</strong></span> <span class='ocrx_word' id='word_1_128' title='bbox 768 822 820 854; x_wconf 92' lang='lat' dir='ltr'><strong>vel</strong></span> <span class='ocrx_word' id='word_1_129' title='bbox 842 822 874 853; x_wconf 90' lang='lat' dir='ltr'><strong>in</strong></span> <span class='ocrx_word' id='word_1_130' title='bbox 897 821 1039 854; x_wconf 83' lang='lat' dir='ltr'><strong>futurum</strong></span> <span class='ocrx_word' id='word_1_131' title='bbox 1062 822 1234 863; x_wconf 84' lang='lat' dir='ltr'><strong>eontigerit</strong></span> <span class='ocrx_word' id='word_1_132' title='bbox 1256 823 1458 865; x_wconf 85' lang='lat' dir='ltr'><strong>attemptari,</strong></span> <span class='ocrx_word' id='word_1_133' title='bbox 1482 833 1670 855; x_wconf 83' lang='lat' dir='ltr'><strong>revocamus</strong></span> <span class='ocrx_word' id='word_1_134' title='bbox 1693 824 1851 865; x_wconf 89' lang='lat' dir='ltr'><strong>presenti-</strong></span> 
     </span>
     <span class='ocr_line' id='line_1_13' title="bbox 203 873 1856 917; baseline 0.001 -11"><span class='ocrx_word' id='word_1_135' title='bbox 203 873 263 906; x_wconf 90' lang='lat' dir='ltr'><strong>bus</strong></span> <span class='ocrx_word' id='word_1_136' title='bbox 288 877 323 906; x_wconf 89' lang='lat' dir='ltr'><strong>et</strong></span> <span class='ocrx_word' id='word_1_137' title='bbox 347 873 466 907; x_wconf 90' lang='lat' dir='ltr'><strong>nullius</strong></span> <span class='ocrx_word' id='word_1_138' title='bbox 491 875 620 916; x_wconf 91' lang='lat' dir='ltr'><strong>penitus</strong></span> <span class='ocrx_word' id='word_1_139' title='bbox 647 884 718 907; x_wconf 89' lang='lat' dir='ltr'><strong>esse</strong></span> <span class='ocrx_word' id='word_1_140' title='bbox 746 873 894 906; x_wconf 89' lang='lat' dir='ltr'><strong>volumus</strong></span> <span class='ocrx_word' id='word_1_141' title='bbox 921 873 1090 905; x_wconf 85' lang='lat' dir='ltr'><strong>firmitatis.</strong></span> <span class='ocrx_word' id='word_1_142' title='bbox 1178 873 1216 905; x_wconf 90' lang='lat' dir='ltr'><strong>In</strong></span> <span class='ocrx_word' id='word_1_143' title='bbox 1245 875 1334 906; x_wconf 91' lang='lat' dir='ltr'><strong>cuius</strong></span> <span class='ocrx_word' id='word_1_144' title='bbox 1364 875 1411 906; x_wconf 89' lang='lat' dir='ltr'><strong>rei</strong></span> <span class='ocrx_word' id='word_1_145' title='bbox 1438 876 1656 907; x_wconf 87' lang='lat' dir='ltr'><strong>testimonium</strong></span> <span class='ocrx_word' id='word_1_146' title='bbox 1685 879 1856 917; x_wconf 80' lang='lat' dir='ltr'><strong>presentes</strong></span> 
     </span>
     <span class='ocr_line' id='line_1_14' title="bbox 202 924 1209 968; baseline -0.001 -11"><span class='ocrx_word' id='word_1_147' title='bbox 202 924 327 957; x_wconf 83' lang='lat' dir='ltr'><strong>litteras</strong></span> <span class='ocrx_word' id='word_1_148' title='bbox 349 925 454 968; x_wconf 79' lang='lat' dir='ltr'><strong>sigillo</strong></span> <span class='ocrx_word' id='word_1_149' title='bbox 477 926 655 959; x_wconf 88' lang='lat' dir='ltr'><strong>maiestatis</strong></span> <span class='ocrx_word' id='word_1_150' title='bbox 676 929 784 958; x_wconf 89' lang='lat' dir='ltr'><strong>nostre</strong></span> <span class='ocrx_word' id='word_1_151' title='bbox 807 925 964 958; x_wconf 89' lang='lat' dir='ltr'><strong>tradimus</strong></span> <span class='ocrx_word' id='word_1_152' title='bbox 987 925 1209 957; x_wconf 86' lang='lat' dir='ltr'><strong>communitas.</strong></span> 
     </span>
     <span class='ocr_line' id='line_1_15' title="bbox 311 976 1853 1020; baseline 0.002 -11"><span class='ocrx_word' id='word_1_153' title='bbox 311 976 432 1010; x_wconf 89' lang='lat' dir='ltr'><strong>Datum</strong></span> <span class='ocrx_word' id='word_1_154' title='bbox 455 977 488 1009; x_wconf 92' lang='lat' dir='ltr'><strong>in</strong></span> <span class='ocrx_word' id='word_1_155' title='bbox 511 978 622 1010; x_wconf 85' lang='lat' dir='ltr'><strong>castris</strong></span> <span class='ocrx_word' id='word_1_156' title='bbox 644 977 731 1020; x_wconf 89' lang='lat' dir='ltr'><strong>apud</strong></span> <span class='ocrx_word' id='word_1_157' title='bbox 755 976 897 1020; x_wconf 82' lang='lat' dir='ltr'><strong>Spiram,</strong></span> <span class='ocrx_word' id='word_1_158' title='bbox 920 988 1003 1010; x_wconf 88' lang='lat' dir='ltr'><strong>anno</strong></span> <span class='ocrx_word' id='word_1_159' title='bbox 1026 977 1156 1010; x_wconf 88' lang='lat' dir='ltr'><strong>Domini</strong></span> <span class='ocrx_word' id='word_1_160' title='bbox 1179 977 1296 1011; x_wconf 84' lang='lat' dir='ltr'>MCCO</span> <span class='ocrx_word' id='word_1_161' title='bbox 1320 979 1575 1020; x_wconf 88' lang='lat' dir='ltr'><strong>quintodecimo,</strong></span> <span class='ocrx_word' id='word_1_162' title='bbox 1599 979 1689 1012; x_wconf 88' lang='lat' dir='ltr'>XVI.</span> <span class='ocrx_word' id='word_1_163' title='bbox 1714 979 1853 1012; x_wconf 87' lang='lat' dir='ltr'><strong>Kalend.</strong></span> 
     </span>
     <span class='ocr_line' id='line_1_16' title="bbox 159 1029 912 1072; baseline 0.001 -11"><span class='ocrx_word' id='word_1_164' title='bbox 159 1041 183 1062; x_wconf 73' lang='lat' dir='ltr'><strong>n</strong></span> <span class='ocrx_word' id='word_1_165' title='bbox 202 1029 333 1071; x_wconf 81' lang='lat' dir='ltr'><strong>Aprilis,</strong></span> <span class='ocrx_word' id='word_1_166' title='bbox 356 1030 448 1072; x_wconf 80' lang='lat' dir='ltr'><strong>regni</strong></span> <span class='ocrx_word' id='word_1_167' title='bbox 469 1040 546 1062; x_wconf 89' lang='lat' dir='ltr'><strong>vero</strong></span> <span class='ocrx_word' id='word_1_168' title='bbox 568 1030 668 1062; x_wconf 87' lang='lat' dir='ltr'><strong>nostri</strong></span> <span class='ocrx_word' id='word_1_169' title='bbox 691 1040 775 1062; x_wconf 90' lang='lat' dir='ltr'><strong>anno</strong></span> <span class='ocrx_word' id='word_1_170' title='bbox 798 1030 912 1072; x_wconf 84' lang='lat' dir='ltr'><strong>primo.</strong></span> 
     </span>
    </p>
   </div>
   <div class='ocr_carea' id='block_1_3' title="bbox 499 1161 1554 1199">
    <p class='ocr_par' dir='ltr' id='par_1_3' title="bbox 499 1161 1554 1199">
     <span class='ocr_line' id='line_1_17' title="bbox 499 1161 1554 1199; baseline 0.001 -1"><span class='ocrx_word' id='word_1_171' title='bbox 499 1161 586 1198; x_wconf 71' lang='lat'><strong>231.</strong></span> <span class='ocrx_word' id='word_1_172' title='bbox 625 1161 838 1198; x_wconf 73' lang='lat' dir='ltr'><strong>Mandatum</strong></span> <span class='ocrx_word' id='word_1_173' title='bbox 865 1161 1057 1198; x_wconf 75' lang='lat' dir='ltr'><strong>civitatibus</strong></span> <span class='ocrx_word' id='word_1_174' title='bbox 1083 1162 1258 1198; x_wconf 83' lang='lat' dir='ltr'><strong>directum.</strong></span> <span class='ocrx_word' id='word_1_175' title='bbox 1366 1162 1478 1198; x_wconf 80' lang='lat' dir='ltr'><strong>Mart.</strong></span> <span class='ocrx_word' id='word_1_176' title='bbox 1496 1164 1554 1199; x_wconf 85' lang='lat'><strong>17.</strong></span> 
     </span>
    </p>
   </div>
   <div class='ocr_carea' id='block_1_4' title="bbox 159 1235 1853 1475">
    <p class='ocr_par' dir='ltr' id='par_1_4' title="bbox 200 1235 1853 1383">
     <span class='ocr_line' id='line_1_18' title="bbox 313 1235 1847 1279; baseline 0.001 -11"><span class='ocrx_word' id='word_1_177' title='bbox 313 1235 493 1276; x_wconf 54' lang='lat' dir='ltr'><strong>originalia</strong></span> <span class='ocrx_word' id='word_1_178' title='bbox 520 1236 585 1268; x_wconf 76' lang='lat' dir='ltr'><strong>tria</strong></span> <span class='ocrx_word' id='word_1_179' title='bbox 610 1239 641 1275; x_wconf 87' lang='lat'><strong>1,</strong></span> <span class='ocrx_word' id='word_1_180' title='bbox 666 1238 699 1275; x_wconf 87' lang='lat'><strong>2,</strong></span> <span class='ocrx_word' id='word_1_181' title='bbox 724 1238 742 1269; x_wconf 88' lang='grc'><strong>3</strong></span> <span class='ocrx_word' id='word_1_182' title='bbox 770 1236 892 1268; x_wconf 78' lang='lat' dir='ltr'><strong>ibidem.</strong></span> <span class='ocrx_word' id='word_1_183' title='bbox 942 1235 1179 1276; x_wconf 73' lang='lat' dir='ltr'><strong>Descripsimus</strong></span> <span class='ocrx_word' id='word_1_184' title='bbox 1204 1236 1251 1268; x_wconf 83' lang='lat' dir='ltr'><strong>vel</strong></span> <span class='ocrx_word' id='word_1_185' title='bbox 1276 1237 1468 1269; x_wconf 77' lang='lat' dir='ltr'><strong>contulimus</strong></span> <span class='ocrx_word' id='word_1_186' title='bbox 1493 1248 1559 1270; x_wconf 86' lang='lat' dir='ltr'><strong>nos.</strong></span> <span class='ocrx_word' id='word_1_187' title='bbox 1605 1238 1808 1279; x_wconf 74' lang='lat' dir='ltr'><strong>Autoyraphi</strong></span> <span class='ocrx_word' id='word_1_188' title='bbox 1834 1241 1847 1270; x_wconf 84' lang='lat'>1</span> 
     </span>
     <span class='ocr_line' id='line_1_19' title="bbox 200 1286 1852 1330; baseline 0.002 -11"><span class='ocrx_word' id='word_1_189' title='bbox 200 1286 298 1328; x_wconf 75' lang='lat' dir='ltr'><strong>siyilzi</strong></span> <span class='ocrx_word' id='word_1_190' title='bbox 312 1287 524 1328; x_wconf 75' lang='lat' dir='ltr'><strong>sraymentum</strong></span> <span class='ocrx_word' id='word_1_191' title='bbox 535 1288 650 1329; x_wconf 80' lang='lat' dir='ltr'><strong>pendet</strong></span> <span class='ocrx_word' id='word_1_192' title='bbox 665 1287 729 1320; x_wconf 78' lang='lat' dir='ltr'><strong>loro</strong></span> <span class='ocrx_word' id='word_1_193' title='bbox 744 1288 984 1320; x_wconf 79' lang='lat' dir='ltr'><strong>membranaceo.</strong></span> <span class='ocrx_word' id='word_1_194' title='bbox 1066 1288 1268 1330; x_wconf 73' lang='lat' dir='ltr'><strong>Autoyraphi</strong></span> <span class='ocrx_word' id='word_1_195' title='bbox 1283 1290 1312 1327; x_wconf 86' lang='lat'><strong>2,</strong></span> <span class='ocrx_word' id='word_1_196' title='bbox 1327 1289 1413 1329; x_wconf 82' lang='lat' dir='ltr'><strong>quod</strong></span> <span class='ocrx_word' id='word_1_197' title='bbox 1425 1289 1485 1322; x_wconf 82' lang='lat' dir='ltr'><strong>soli</strong></span> <span class='ocrx_word' id='word_1_198' title='bbox 1500 1290 1624 1321; x_wconf 77' lang='lat' dir='ltr'><strong>civitati</strong></span> <span class='ocrx_word' id='word_1_199' title='bbox 1634 1289 1852 1330; x_wconf 76' lang='lat' dir='ltr'><strong>Bopardiensi</strong></span> 
     </span>
     <span class='ocr_line' id='line_1_20' title="bbox 201 1338 1853 1383; baseline 0.001 -12"><span class='ocrx_word' id='word_1_200' title='bbox 201 1338 332 1372; x_wconf 83' lang='lat' dir='ltr'><strong>missum</strong></span> <span class='ocrx_word' id='word_1_201' title='bbox 354 1341 407 1378; x_wconf 77' lang='lat' dir='ltr'><strong>est,</strong></span> <span class='ocrx_word' id='word_1_202' title='bbox 429 1339 566 1380; x_wconf 66' lang='lat' dir='ltr'><strong>sigillum</strong></span> <span class='ocrx_word' id='word_1_203' title='bbox 583 1349 704 1381; x_wconf 79' lang='lat' dir='ltr'><strong>parum</strong></span> <span class='ocrx_word' id='word_1_204' title='bbox 726 1338 845 1372; x_wconf 84' lang='lat' dir='ltr'><strong>laesum</strong></span> <span class='ocrx_word' id='word_1_205' title='bbox 867 1340 940 1372; x_wconf 78' lang='lat' dir='ltr'><strong>item</strong></span> <span class='ocrx_word' id='word_1_206' title='bbox 958 1339 1090 1380; x_wconf 80' lang='lat' dir='ltr'><strong>pendet;</strong></span> <span class='ocrx_word' id='word_1_207' title='bbox 1111 1340 1147 1372; x_wconf 84' lang='lat' dir='ltr'><strong>in</strong></span> <span class='ocrx_word' id='word_1_208' title='bbox 1167 1350 1252 1372; x_wconf 85' lang='lat' dir='ltr'><strong>verso</strong></span> <span class='ocrx_word' id='word_1_209' title='bbox 1268 1339 1399 1381; x_wconf 67' lang='lat' dir='ltr'><strong>legitur:</strong></span> <span class='ocrx_word' id='word_1_210' title='bbox 1422 1341 1463 1378; x_wconf 75' lang='lat' dir='ltr'><strong>R..</strong></span> <span class='ocrx_word' id='word_1_211' title='bbox 1545 1341 1750 1383; x_wconf 74' lang='lat' dir='ltr'><strong>Autoyraphi</strong></span> <span class='ocrx_word' id='word_1_212' title='bbox 1766 1343 1784 1373; x_wconf 87' lang='grc'>3</span> <span class='ocrx_word' id='word_1_213' title='bbox 1808 1341 1853 1373; x_wconf 85' lang='lat' dir='ltr'><strong>ad</strong></span> 
     </span>
    </p>

    <p class='ocr_par' dir='ltr' id='par_1_5' title="bbox 159 1389 1851 1475">
     <span class='ocr_line' id='line_1_21' title="bbox 159 1389 1851 1434; baseline 0.002 -12"><span class='ocrx_word' id='word_1_214' title='bbox 159 1401 186 1421; x_wconf 64' lang='grc' dir='ltr'><strong>ιο</strong></span> <span class='ocrx_word' id='word_1_215' title='bbox 202 1389 301 1422; x_wconf 80' lang='lat' dir='ltr'><strong>solam</strong></span> <span class='ocrx_word' id='word_1_216' title='bbox 322 1391 478 1423; x_wconf 78' lang='lat' dir='ltr'><strong>civitatem</strong></span> <span class='ocrx_word' id='word_1_217' title='bbox 501 1389 721 1424; x_wconf 78' lang='lat' dir='ltr'><strong>Wesalienscm</strong></span> <span class='ocrx_word' id='word_1_218' title='bbox 743 1391 811 1423; x_wconf 79' lang='lat' dir='ltr'><strong>dati</strong></span> <span class='ocrx_word' id='word_1_219' title='bbox 833 1390 930 1432; x_wconf 69' lang='lat' dir='ltr'><strong>siyilli</strong></span> <span class='ocrx_word' id='word_1_220' title='bbox 950 1391 1129 1432; x_wconf 77' lang='lat' dir='ltr'><strong>fraymenta</strong></span> <span class='ocrx_word' id='word_1_221' title='bbox 1144 1391 1217 1423; x_wconf 77' lang='lat' dir='ltr'><strong>item</strong></span> <span class='ocrx_word' id='word_1_222' title='bbox 1228 1392 1376 1432; x_wconf 74' lang='lat' dir='ltr'><strong>pendent.</strong></span> <span class='ocrx_word' id='word_1_223' title='bbox 1416 1393 1458 1425; x_wconf 91' lang='lat' dir='ltr'><strong>In</strong></span> <span class='ocrx_word' id='word_1_224' title='bbox 1473 1403 1559 1425; x_wconf 82' lang='lat' dir='ltr'><strong>verso</strong></span> <span class='ocrx_word' id='word_1_225' title='bbox 1573 1392 1707 1434; x_wconf 63' lang='lat' dir='ltr'><strong>legitur:</strong></span> <span class='ocrx_word' id='word_1_226' title='bbox 1729 1394 1784 1432; x_wconf 49' lang='grc' dir='ltr'><strong>Β).</strong></span> <span class='ocrx_word' id='word_1_227' title='bbox 1809 1413 1851 1418; x_wconf 95' lang='grc'><strong>-</strong></span> 
     </span>
     <span class='ocr_line' id='line_1_22' title="bbox 203 1442 373 1475; baseline 0 -1"><span class='ocrx_word' id='word_1_228' title='bbox 203 1442 373 1475; x_wconf 80' lang='lat' dir='ltr'><strong>Incditum.</strong></span> 
     </span>
    </p>
   </div>
   <div class='ocr_carea' id='block_1_5' title="bbox 310 1497 1849 1596">
    <p class='ocr_par' dir='ltr' id='par_1_6' title="bbox 310 1497 1849 1596">
     <span class='ocr_line' id='line_1_23' title="bbox 310 1497 1849 1543; baseline 0.003 -13"><span class='ocrx_word' id='word_1_229' title='bbox 310 1497 455 1537; x_wconf 64' lang='lat' dir='ltr'><strong>Beffimer,</strong></span> <span class='ocrx_word' id='word_1_230' title='bbox 479 1498 554 1540; x_wconf 74' lang='lat' dir='ltr'><strong>Rey.</strong></span> <span class='ocrx_word' id='word_1_231' title='bbox 570 1498 683 1532; x_wconf 82' lang='lat' dir='ltr'><strong>Ludw.</strong></span> <span class='ocrx_word' id='word_1_232' title='bbox 700 1509 736 1540; x_wconf 81' lang='lat' dir='ltr'><strong>p.</strong></span> <span class='ocrx_word' id='word_1_233' title='bbox 752 1499 816 1531; x_wconf 77' lang='lat'><strong>269</strong></span> <span class='ocrx_word' id='word_1_234' title='bbox 827 1500 871 1540; x_wconf 73' lang='lat' dir='ltr'><strong>sq.</strong></span> <span class='ocrx_word' id='word_1_235' title='bbox 894 1509 944 1531; x_wconf 84' lang='lat' dir='ltr'><strong>nr.</strong></span> <span class='ocrx_word' id='word_1_236' title='bbox 959 1499 1046 1531; x_wconf 82' lang='lat'><strong><em>2616</em></strong></span> <span class='ocrx_word' id='word_1_237' title='bbox 1067 1501 1096 1531; x_wconf 81' lang='lat' dir='ltr'><strong>et</strong></span> <span class='ocrx_word' id='word_1_238' title='bbox 1111 1499 1196 1531; x_wconf 83' lang='lat'><em>2615</em></span> <span class='ocrx_word' id='word_1_239' title='bbox 1216 1499 1341 1540; x_wconf 78' lang='lat' dir='ltr'><strong>(Addit.</strong></span> <span class='ocrx_word' id='word_1_240' title='bbox 1355 1499 1409 1542; x_wconf 91' lang='lat' dir='ltr'><strong>II)</strong></span> <span class='ocrx_word' id='word_1_241' title='bbox 1432 1501 1491 1541; x_wconf 81' lang='lat' dir='ltr'><strong>(ad</strong></span> <span class='ocrx_word' id='word_1_242' title='bbox 1509 1501 1707 1542; x_wconf 71' lang='lat' dir='ltr'><strong>autoyrapha</strong></span> <span class='ocrx_word' id='word_1_243' title='bbox 1726 1505 1736 1533; x_wconf 90' lang='grc'>1</span> <span class='ocrx_word' id='word_1_244' title='bbox 1758 1504 1787 1533; x_wconf 77' lang='lat' dir='ltr'><strong>et</strong></span> <span class='ocrx_word' id='word_1_245' title='bbox 1804 1503 1849 1543; x_wconf 85' lang='lat'><strong>3).</strong></span> 
     </span>
     <span class='ocr_line' id='line_1_24' title="bbox 313 1554 1794 1596; baseline 0.003 -10"><span class='ocrx_word' id='word_1_246' title='bbox 313 1554 400 1595; x_wconf 74' lang='lat' dir='ltr'><strong>Quae</strong></span> <span class='ocrx_word' id='word_1_247' title='bbox 422 1555 612 1587; x_wconf 73' lang='lat' dir='ltr'><strong>concordant</strong></span> <span class='ocrx_word' id='word_1_248' title='bbox 634 1565 705 1587; x_wconf 83' lang='lat' dir='ltr'><strong>cum</strong></span> <span class='ocrx_word' id='word_1_249' title='bbox 727 1554 886 1587; x_wconf 76' lang='lat' dir='ltr'><strong>Mandata</strong></span> <span class='ocrx_word' id='word_1_250' title='bbox 908 1565 1009 1596; x_wconf 79' lang='lat' dir='ltr'><strong>supra</strong></span> <span class='ocrx_word' id='word_1_251' title='bbox 1030 1565 1080 1587; x_wconf 88' lang='lat' dir='ltr'><strong>nr.</strong></span> <span class='ocrx_word' id='word_1_252' title='bbox 1098 1555 1171 1594; x_wconf 86' lang='lat'><strong>163,</strong></span> <span class='ocrx_word' id='word_1_253' title='bbox 1194 1566 1231 1587; x_wconf 78' lang='lat' dir='ltr'><strong>ea</strong></span> <span class='ocrx_word' id='word_1_254' title='bbox 1254 1556 1338 1596; x_wconf 80' lang='lat' dir='ltr'><strong>typis</strong></span> <span class='ocrx_word' id='word_1_255' title='bbox 1359 1556 1533 1589; x_wconf 79' lang='lat' dir='ltr'><strong>minoribus</strong></span> <span class='ocrx_word' id='word_1_256' title='bbox 1555 1568 1688 1589; x_wconf 78' lang='lat' dir='ltr'><strong>excussa</strong></span> <span class='ocrx_word' id='word_1_257' title='bbox 1709 1560 1794 1590; x_wconf 80' lang='lat' dir='ltr'><strong>sunt.</strong></span> 
     </span>
    </p>
   </div>
   <div class='ocr_carea' id='block_1_6' title="bbox 158 1642 1852 2719">
    <p class='ocr_par' dir='ltr' id='par_1_7' title="bbox 310 1642 1851 1686">
     <span class='ocr_line' id='line_1_25' title="bbox 310 1642 1851 1686; baseline 0.002 -13"><span class='ocrx_word' id='word_1_258' title='bbox 310 1645 474 1683; x_wconf 79' lang='lat' dir='ltr'><strong>Ludowicus</strong></span> <span class='ocrx_word' id='word_1_259' title='bbox 500 1646 553 1674; x_wconf 87' lang='lat' dir='ltr'><strong>Dei</strong></span> <span class='ocrx_word' id='word_1_260' title='bbox 580 1645 678 1681; x_wconf 81' lang='lat' dir='ltr'><strong>gracia</strong></span> <span class='ocrx_word' id='word_1_261' title='bbox 699 1645 890 1674; x_wconf 80' lang='lat' dir='ltr'><strong>Romanorum</strong></span> <span class='ocrx_word' id='word_1_262' title='bbox 917 1654 966 1673; x_wconf 87' lang='lat' dir='ltr'><strong>rex</strong></span> <span class='ocrx_word' id='word_1_263' title='bbox 994 1654 1105 1681; x_wconf 85' lang='lat' dir='ltr'><strong>semper</strong></span> <span class='ocrx_word' id='word_1_264' title='bbox 1135 1648 1272 1681; x_wconf 70' lang='lat' dir='ltr'><strong>augustus</strong></span> <span class='ocrx_word' id='word_1_265' title='bbox 1375 1642 1558 1675; x_wconf 83' lang='lat' dir='ltr'><strong>nobilibus·</strong></span> <span class='ocrx_word' id='word_1_266' title='bbox 1586 1647 1620 1676; x_wconf 84' lang='lat' dir='ltr'><strong>et</strong></span> <span class='ocrx_word' id='word_1_267' title='bbox 1651 1644 1851 1686; x_wconf 75' lang='lat' dir='ltr'><strong>sapientibus</strong></span> 
     </span>
    </p>

    <p class='ocr_par' dir='ltr' id='par_1_8' title="bbox 158 1692 1850 1736">
     <span class='ocr_line' id='line_1_26' title="bbox 158 1692 1850 1736; baseline 0.002 -11"><span class='ocrx_word' id='word_1_268' title='bbox 158 1705 184 1726; x_wconf 67' lang='lat' dir='ltr'><strong>os</strong></span> <span class='ocrx_word' id='word_1_269' title='bbox 203 1697 270 1725; x_wconf 82' lang='lat' dir='ltr'><strong>viris</strong></span> <span class='ocrx_word' id='word_1_270' title='bbox 295 1718 301 1725; x_wconf 93' lang='lat'><em>.</em></span> <span class='ocrx_word' id='word_1_271' title='bbox 319 1717 327 1724; x_wconf 91' lang='lat'><em>.</em></span> <span class='ocrx_word' id='word_1_272' title='bbox 351 1692 505 1735; x_wconf 78' lang='lat' dir='ltr'><strong>scultetis,</strong></span> <span class='ocrx_word' id='word_1_273' title='bbox 528 1692 692 1735; x_wconf 77' lang='lat' dir='ltr'><strong>militibus,</strong></span> <span class='ocrx_word' id='word_1_274' title='bbox 716 1697 847 1730; x_wconf 73' lang='lat' dir='ltr'><strong>scabinis,</strong></span> <span class='ocrx_word' id='word_1_275' title='bbox 871 1692 1053 1724; x_wconf 74' lang='lat' dir='ltr'><strong>oonsulibus</strong></span> <span class='ocrx_word' id='word_1_276' title='bbox 1075 1699 1110 1725; x_wconf 86' lang='lat' dir='ltr'><strong>et</strong></span> <span class='ocrx_word' id='word_1_277' title='bbox 1131 1697 1365 1726; x_wconf 82' lang='lat' dir='ltr'><strong>universitatibus</strong></span> <span class='ocrx_word' id='word_1_278' title='bbox 1389 1699 1555 1734; x_wconf 84' lang='lat' dir='ltr'><strong>oppidorum</strong></span> <span class='ocrx_word' id='word_1_279' title='bbox 1576 1700 1797 1736; x_wconf 83' lang='lat' dir='ltr'><strong>Bopardiensis</strong></span> <span class='ocrx_word' id='word_1_280' title='bbox 1821 1703 1850 1728; x_wconf 82' lang='lat' dir='ltr'><strong>et</strong></span> 
     </span>
    </p>

    <p class='ocr_par' dir='ltr' id='par_1_9' title="bbox 203 1744 1852 1790">
     <span class='ocr_line' id='line_1_27' title="bbox 203 1744 1852 1790; baseline 0.002 -14"><span class='ocrx_word' id='word_1_281' title='bbox 203 1749 420 1778; x_wconf 76' lang='lat' dir='ltr'><strong>Wessaiiensis</strong></span> <span class='ocrx_word' id='word_1_282' title='bbox 446 1755 569 1776; x_wconf 86' lang='lat' dir='ltr'><strong>necnon</strong></span> <span class='ocrx_word' id='word_1_283' title='bbox 592 1744 737 1786; x_wconf 87' lang='lat' dir='ltr'><strong>vasallis,</strong></span> <span class='ocrx_word' id='word_1_284' title='bbox 769 1744 998 1784; x_wconf 82' lang='lat' dir='ltr'><strong>castrensibus,</strong></span> <span class='ocrx_word' id='word_1_285' title='bbox 1031 1744 1304 1785; x_wconf 84' lang='lat' dir='ltr'><strong>ministerialibus,</strong></span> <span class='ocrx_word' id='word_1_286' title='bbox 1333 1745 1494 1778; x_wconf 89' lang='lat' dir='ltr'><strong>nobilibus</strong></span> <span class='ocrx_word' id='word_1_287' title='bbox 1525 1751 1558 1779; x_wconf 91' lang='lat' dir='ltr'><strong>et</strong></span> <span class='ocrx_word' id='word_1_288' title='bbox 1587 1747 1782 1790; x_wconf 84' lang='lat' dir='ltr'><strong>ignobilibus</strong></span> <span class='ocrx_word' id='word_1_289' title='bbox 1812 1758 1852 1780; x_wconf 88' lang='lat' dir='ltr'><strong>ac</strong></span> 
     </span>
    </p>

    <p class='ocr_par' dir='ltr' id='par_1_10' title="bbox 203 1848 1851 1890">
     <span class='ocr_line' id='line_1_28' title="bbox 203 1848 1851 1890; baseline 0.002 -10"><span class='ocrx_word' id='word_1_290' title='bbox 203 1858 241 1881; x_wconf 89' lang='lat' dir='ltr'><strong>ac</strong></span> <span class='ocrx_word' id='word_1_291' title='bbox 264 1848 421 1881; x_wconf 85' lang='lat' dir='ltr'><strong>dictorum</strong></span> <span class='ocrx_word' id='word_1_292' title='bbox 445 1848 636 1890; x_wconf 88' lang='lat' dir='ltr'><strong>oppidorum</strong></span> <span class='ocrx_word' id='word_1_293' title='bbox 660 1852 693 1880; x_wconf 91' lang='lat' dir='ltr'><strong>et</strong></span> <span class='ocrx_word' id='word_1_294' title='bbox 715 1848 945 1880; x_wconf 89' lang='lat' dir='ltr'><strong>iurisdiccionis</strong></span> <span class='ocrx_word' id='word_1_295' title='bbox 968 1848 1148 1882; x_wconf 83' lang='lat' dir='ltr'><strong>attinenciis</strong></span> <span class='ocrx_word' id='word_1_296' title='bbox 1171 1852 1204 1880; x_wconf 92' lang='lat' dir='ltr'><strong>et</strong></span> <span class='ocrx_word' id='word_1_297' title='bbox 1226 1848 1422 1880; x_wconf 88' lang='lat' dir='ltr'><strong>districtibus</strong></span> <span class='ocrx_word' id='word_1_298' title='bbox 1445 1850 1600 1882; x_wconf 90' lang='lat' dir='ltr'><strong>universis</strong></span> <span class='ocrx_word' id='word_1_299' title='bbox 1623 1851 1851 1883; x_wconf 84' lang='lat' dir='ltr'><strong>commoranti-</strong></span> 
     </span>
    </p>

    <p class='ocr_par' dir='ltr' id='par_1_11' title="bbox 160 1899 1850 1986">
     <span class='ocr_line' id='line_1_29' title="bbox 202 1899 1850 1943; baseline 0.001 -11"><span class='ocrx_word' id='word_1_300' title='bbox 202 1899 276 1941; x_wconf 87' lang='lat' dir='ltr'><strong>bus,</strong></span> <span class='ocrx_word' id='word_1_301' title='bbox 306 1899 532 1943; x_wconf 85' lang='lat' dir='ltr'><strong>cuiuscumq&#39;ue</strong></span> <span class='ocrx_word' id='word_1_302' title='bbox 556 1903 658 1932; x_wconf 87' lang='lat' dir='ltr'><strong>status</strong></span> <span class='ocrx_word' id='word_1_303' title='bbox 687 1904 743 1932; x_wconf 88' lang='lat' dir='ltr'><strong>aut</strong></span> <span class='ocrx_word' id='word_1_304' title='bbox 765 1900 960 1932; x_wconf 88' lang='lat' dir='ltr'><strong>condicionis</strong></span> <span class='ocrx_word' id='word_1_305' title='bbox 984 1901 1159 1941; x_wconf 82' lang='lat' dir='ltr'><strong>existant·,</strong></span> <span class='ocrx_word' id='word_1_306' title='bbox 1189 1905 1318 1933; x_wconf 79' lang='lat' dir='ltr'><strong>fidelibus</strong></span> <span class='ocrx_word' id='word_1_307' title='bbox 1342 1905 1399 1933; x_wconf 80' lang='lat' dir='ltr'><strong>suis</strong></span> <span class='ocrx_word' id='word_1_308' title='bbox 1422 1906 1534 1933; x_wconf 76' lang='lat' dir='ltr'><strong>dilectis</strong></span> <span class='ocrx_word' id='word_1_309' title='bbox 1621 1907 1746 1942; x_wconf 70' lang='lat' dir='ltr'><strong>graciam</strong></span> <span class='ocrx_word' id='word_1_310' title='bbox 1770 1916 1850 1934; x_wconf 77' lang='lat' dir='ltr'><strong>suam</strong></span> 
     </span>
     <span class='ocr_line' id='line_1_30' title="bbox 160 1956 471 1986; baseline 0 -2"><span class='ocrx_word' id='word_1_311' title='bbox 160 1963 186 1984; x_wconf 77' lang='lat' dir='ltr'><strong>so</strong></span> <span class='ocrx_word' id='word_1_312' title='bbox 203 1958 233 1986; x_wconf 88' lang='lat' dir='ltr'><strong>et</strong></span> <span class='ocrx_word' id='word_1_313' title='bbox 254 1965 336 1985; x_wconf 88' lang='lat' dir='ltr'><strong>omne</strong></span> <span class='ocrx_word' id='word_1_314' title='bbox 357 1956 471 1985; x_wconf 88' lang='lat' dir='ltr'><strong>bonum.</strong></span> 
     </span>
    </p>

    <p class='ocr_par' dir='ltr' id='par_1_12' title="bbox 202 2004 1852 2199">
     <span class='ocr_line' id='line_1_31' title="bbox 309 2004 1852 2045; baseline 0.001 -9"><span class='ocrx_word' id='word_1_315' title='bbox 309 2008 378 2036; x_wconf 86' lang='lat' dir='ltr'><strong>Cum</strong></span> <span class='ocrx_word' id='word_1_316' title='bbox 412 2008 606 2036; x_wconf 85' lang='lat' dir='ltr'><strong>serenissimus</strong></span> <span class='ocrx_word' id='word_1_317' title='bbox 639 2008 768 2036; x_wconf 89' lang='lat' dir='ltr'><strong>dominus</strong></span> <span class='ocrx_word' id='word_1_318' title='bbox 803 2004 962 2036; x_wconf 75' lang='lat' dir='ltr'><strong>Henricusb</strong></span> <span class='ocrx_word' id='word_1_319' title='bbox 997 2008 1095 2043; x_wconf 75' lang='lat' dir='ltr'><strong>olyme</strong></span> <span class='ocrx_word' id='word_1_320' title='bbox 1128 2008 1318 2036; x_wconf 77' lang='lat' dir='ltr'><strong>Romanorum</strong></span> <span class='ocrx_word' id='word_1_321' title='bbox 1352 2008 1508 2044; x_wconf 84' lang='lat' dir='ltr'><strong>imperator</strong></span> <span class='ocrx_word' id='word_1_322' title='bbox 1540 2010 1721 2045; x_wconf 85' lang='lat' dir='ltr'><strong>predecessor</strong></span> <span class='ocrx_word' id='word_1_323' title='bbox 1754 2013 1852 2038; x_wconf 84' lang='lat' dir='ltr'><strong>noster</strong></span> 
     </span>
     <span class='ocr_line' id='line_1_32' title="bbox 202 2055 1849 2098; baseline 0.001 -9"><span class='ocrx_word' id='word_1_324' title='bbox 202 2069 253 2096; x_wconf 85' lang='lat' dir='ltr'><strong>pro</strong></span> <span class='ocrx_word' id='word_1_325' title='bbox 281 2061 359 2089; x_wconf 82' lang='lat' dir='ltr'><strong>certa</strong></span> <span class='ocrx_word' id='word_1_326' title='bbox 388 2070 497 2089; x_wconf 85' lang='lat' dir='ltr'><strong>summa</strong></span> <span class='ocrx_word' id='word_1_327' title='bbox 525 2061 643 2096; x_wconf 84' lang='lat' dir='ltr'><strong>pecunie</strong></span> <span class='ocrx_word' id='word_1_328' title='bbox 671 2061 776 2096; x_wconf 83' lang='lat' dir='ltr'><strong>oppida</strong></span> <span class='ocrx_word' id='word_1_329' title='bbox 798 2060 938 2096; x_wconf 83' lang='lat' dir='ltr'><strong>Bopardie</strong></span> <span class='ocrx_word' id='word_1_330' title='bbox 967 2062 997 2088; x_wconf 86' lang='lat' dir='ltr'><strong>et</strong></span> <span class='ocrx_word' id='word_1_331' title='bbox 1019 2060 1143 2088; x_wconf 79' lang='lat' dir='ltr'><strong>Wesalie</strong></span> <span class='ocrx_word' id='word_1_332' title='bbox 1166 2055 1315 2096; x_wconf 78' lang='lat' dir='ltr'><strong>predicta‘¹</strong></span> <span class='ocrx_word' id='word_1_333' title='bbox 1339 2070 1401 2088; x_wconf 86' lang='lat' dir='ltr'><strong>cum</strong></span> <span class='ocrx_word' id='word_1_334' title='bbox 1430 2061 1488 2088; x_wconf 80' lang='lat' dir='ltr'><strong>suis</strong></span> <span class='ocrx_word' id='word_1_335' title='bbox 1516 2062 1624 2089; x_wconf 87' lang='lat' dir='ltr'><strong>iuribus</strong></span> <span class='ocrx_word' id='word_1_336' title='bbox 1654 2065 1683 2090; x_wconf 82' lang='lat' dir='ltr'><strong>et</strong></span> <span class='ocrx_word' id='word_1_337' title='bbox 1706 2062 1849 2098; x_wconf 84' lang='lat' dir='ltr'><strong>pertinen·</strong></span> 
     </span>
     <span class='ocr_line' id='line_1_33' title="bbox 202 2111 1849 2148; baseline 0.002 -9"><span class='ocrx_word' id='word_1_338' title='bbox 202 2111 253 2139; x_wconf 78' lang='lat' dir='ltr'><strong>ciis</strong></span> <span class='ocrx_word' id='word_1_339' title='bbox 275 2111 445 2148; x_wconf 77' lang='lat' dir='ltr'><strong>obligaverit</strong></span> <span class='ocrx_word' id='word_1_340' title='bbox 467 2112 622 2140; x_wconf 84' lang='lat' dir='ltr'><strong>venerabili</strong></span> <span class='ocrx_word' id='word_1_341' title='bbox 644 2112 807 2140; x_wconf 85' lang='lat' dir='ltr'><strong>Baldevviuo</strong></span> <span class='ocrx_word' id='word_1_342' title='bbox 830 2112 996 2140; x_wconf 88' lang='lat' dir='ltr'><strong>Treverensi</strong></span> <span class='ocrx_word' id='word_1_343' title='bbox 1023 2111 1234 2147; x_wconf 86' lang='lat' dir='ltr'><strong>archiepiscopo</strong></span> <span class='ocrx_word' id='word_1_344' title='bbox 1258 2112 1380 2148; x_wconf 86' lang='lat' dir='ltr'><strong>principi</strong></span> <span class='ocrx_word' id='word_1_345' title='bbox 1410 2115 1508 2140; x_wconf 80' lang='lat' dir='ltr'><strong>nostro</strong></span> <span class='ocrx_word' id='word_1_346' title='bbox 1540 2113 1645 2141; x_wconf 79' lang='lat' dir='ltr'><strong>dilecto</strong></span> <span class='ocrx_word' id='word_1_347' title='bbox 1673 2116 1703 2141; x_wconf 86' lang='lat' dir='ltr'><strong>et</strong></span> <span class='ocrx_word' id='word_1_348' title='bbox 1731 2115 1849 2142; x_wconf 84' lang='lat' dir='ltr'><strong>ecclesie</strong></span> 
     </span>
     <span class='ocr_line' id='line_1_34' title="bbox 203 2163 1850 2199; baseline 0.001 -7"><span class='ocrx_word' id='word_1_349' title='bbox 203 2171 252 2191; x_wconf 72' lang='lat' dir='ltr'><strong>sue</strong></span> <span class='ocrx_word' id='word_1_350' title='bbox 279 2163 455 2198; x_wconf 85' lang='lat' dir='ltr'><strong>Treverensi‚</strong></span> <span class='ocrx_word' id='word_1_351' title='bbox 492 2173 577 2199; x_wconf 76' lang='lat' dir='ltr'><strong>quam</strong></span> <span class='ocrx_word' id='word_1_352' title='bbox 607 2163 814 2199; x_wconf 76' lang='lat' dir='ltr'><strong>obligacionem</strong></span> <span class='ocrx_word' id='word_1_353' title='bbox 843 2173 895 2192; x_wconf 88' lang='lat' dir='ltr'><strong>nos</strong></span> <span class='ocrx_word' id='word_1_354' title='bbox 922 2164 1148 2192; x_wconf 79' lang='lat' dir='ltr'><strong>confirmavimus</strong></span> <span class='ocrx_word' id='word_1_355' title='bbox 1181 2166 1210 2192; x_wconf 91' lang='lat' dir='ltr'><strong>et</strong></span> <span class='ocrx_word' id='word_1_356' title='bbox 1244 2164 1335 2192; x_wconf 90' lang='lat' dir='ltr'><strong>eidem</strong></span> <span class='ocrx_word' id='word_1_357' title='bbox 1368 2164 1527 2192; x_wconf 81' lang='lat' dir='ltr'><strong>addidimus</strong></span> <span class='ocrx_word' id='word_1_358' title='bbox 1556 2165 1782 2193; x_wconf 88' lang='lat' dir='ltr'><strong>iurisdiccionem</strong></span> <span class='ocrx_word' id='word_1_359' title='bbox 1815 2166 1850 2194; x_wconf 87' lang='lat' dir='ltr'><strong>de</strong></span> 
     </span>
    </p>

    <p class='ocr_par' dir='ltr' id='par_1_13' title="bbox 159 2214 1851 2719">
     <span class='ocr_line' id='line_1_35' title="bbox 159 2214 1848 2252; baseline 0.002 -9"><span class='ocrx_word' id='word_1_360' title='bbox 159 2222 184 2243; x_wconf 71' lang='grc' dir='ltr'><strong>ιο</strong></span> <span class='ocrx_word' id='word_1_361' title='bbox 202 2214 423 2251; x_wconf 74' lang='lat' dir='ltr'><strong>Galgenscheid</strong></span> <span class='ocrx_word' id='word_1_362' title='bbox 449 2225 537 2252; x_wconf 83' lang='lat' dir='ltr'><strong>prope</strong></span> <span class='ocrx_word' id='word_1_363' title='bbox 559 2216 731 2251; x_wconf 83' lang='lat' dir='ltr'><strong>Bopardiam</strong></span> <span class='ocrx_word' id='word_1_364' title='bbox 754 2225 816 2244; x_wconf 89' lang='lat' dir='ltr'><strong>cum</strong></span> <span class='ocrx_word' id='word_1_365' title='bbox 843 2216 902 2243; x_wconf 90' lang='lat' dir='ltr'><strong>suis</strong></span> <span class='ocrx_word' id='word_1_366' title='bbox 930 2215 1113 2251; x_wconf 81' lang='lat' dir='ltr'><strong>pertinenciis</strong></span> <span class='ocrx_word' id='word_1_367' title='bbox 1135 2215 1287 2249; x_wconf 87' lang='lat' dir='ltr'><strong>universis,</strong></span> <span class='ocrx_word' id='word_1_368' title='bbox 1317 2225 1427 2244; x_wconf 89' lang='lat' dir='ltr'><strong>necnon</strong></span> <span class='ocrx_word' id='word_1_369' title='bbox 1451 2216 1487 2244; x_wconf 89' lang='lat' dir='ltr'><strong>ob</strong></span> <span class='ocrx_word' id='word_1_370' title='bbox 1510 2217 1669 2244; x_wconf 80' lang='lat' dir='ltr'><strong>evidentem</strong></span> <span class='ocrx_word' id='word_1_371' title='bbox 1692 2218 1848 2246; x_wconf 81' lang='lat' dir='ltr'><strong>utilitatem</strong></span> 
     </span>
     <span class='ocr_line' id='line_1_36' title="bbox 202 2267 1851 2303; baseline 0.001 -8"><span class='ocrx_word' id='word_1_372' title='bbox 202 2269 329 2295; x_wconf 79' lang='lat' dir='ltr'><strong>nostram</strong></span> <span class='ocrx_word' id='word_1_373' title='bbox 356 2269 386 2295; x_wconf 81' lang='lat' dir='ltr'><strong>et</strong></span> <span class='ocrx_word' id='word_1_374' title='bbox 407 2268 519 2303; x_wconf 84' lang='lat' dir='ltr'><strong>imperii</strong></span> <span class='ocrx_word' id='word_1_375' title='bbox 541 2268 597 2303; x_wconf 87' lang='lat' dir='ltr'><strong>ipsi</strong></span> <span class='ocrx_word' id='word_1_376' title='bbox 619 2267 782 2296; x_wconf 81' lang='lat' dir='ltr'><strong>Baldevvino</strong></span> <span class='ocrx_word' id='word_1_377' title='bbox 812 2269 842 2295; x_wconf 89' lang='lat' dir='ltr'><strong>et</strong></span> <span class='ocrx_word' id='word_1_378' title='bbox 870 2268 987 2296; x_wconf 83' lang='lat' dir='ltr'><strong>ecclesie</strong></span> <span class='ocrx_word' id='word_1_379' title='bbox 1015 2277 1065 2295; x_wconf 84' lang='lat' dir='ltr'><strong>sue</strong></span> <span class='ocrx_word' id='word_1_380' title='bbox 1097 2267 1195 2295; x_wconf 87' lang='lat' dir='ltr'><strong>eadem</strong></span> <span class='ocrx_word' id='word_1_381' title='bbox 1224 2268 1329 2303; x_wconf 86' lang='lat' dir='ltr'><strong>oppida</strong></span> <span class='ocrx_word' id='word_1_382' title='bbox 1357 2277 1420 2295; x_wconf 87' lang='lat' dir='ltr'><strong>cum</strong></span> <span class='ocrx_word' id='word_1_383' title='bbox 1443 2268 1574 2296; x_wconf 83' lang='lat' dir='ltr'><strong>omnibus</strong></span> <span class='ocrx_word' id='word_1_384' title='bbox 1603 2269 1661 2296; x_wconf 87' lang='lat' dir='ltr'><strong>suis</strong></span> <span class='ocrx_word' id='word_1_385' title='bbox 1688 2269 1796 2297; x_wconf 86' lang='lat' dir='ltr'><strong>iuribus</strong></span> <span class='ocrx_word' id='word_1_386' title='bbox 1819 2273 1851 2298; x_wconf 87' lang='lat' dir='ltr'><strong>et</strong></span> 
     </span>
     <span class='ocr_line' id='line_1_37' title="bbox 171 2314 1849 2358; baseline 0.001 -11"><span class='ocrx_word' id='word_1_387' title='bbox 171 2320 173 2324; x_wconf 90' lang='grc'><strong>’</strong></span> <span class='ocrx_word' id='word_1_388' title='bbox 202 2318 385 2354; x_wconf 81' lang='lat' dir='ltr'><strong>pertinenciis</strong></span> <span class='ocrx_word' id='word_1_389' title='bbox 405 2328 456 2355; x_wconf 84' lang='lat' dir='ltr'><strong>pro</strong></span> <span class='ocrx_word' id='word_1_390' title='bbox 471 2320 572 2347; x_wconf 85' lang='lat' dir='ltr'><strong>maiori</strong></span> <span class='ocrx_word' id='word_1_391' title='bbox 588 2329 697 2347; x_wconf 78' lang='lat' dir='ltr'><strong>summa</strong></span> <span class='ocrx_word' id='word_1_392' title='bbox 713 2319 931 2355; x_wconf 74' lang='lat' dir='ltr'><strong>obligaverimus</strong></span> <span class='ocrx_word' id='word_1_393' title='bbox 955 2318 988 2347; x_wconf 90' lang='lat' dir='ltr'><strong>et</strong></span> <span class='ocrx_word' id='word_1_394' title='bbox 1010 2314 1117 2347; x_wconf 89' lang='lat' dir='ltr'><strong>eidem</strong></span> <span class='ocrx_word' id='word_1_395' title='bbox 1141 2314 1333 2358; x_wconf 84' lang='lat' dir='ltr'><strong>obligacioni</strong></span> <span class='ocrx_word' id='word_1_396' title='bbox 1358 2316 1464 2347; x_wconf 90' lang='lat' dir='ltr'><strong>omnia</strong></span> <span class='ocrx_word' id='word_1_397' title='bbox 1487 2316 1667 2348; x_wconf 83' lang='lat' dir='ltr'><strong>iuramenta</strong></span> <span class='ocrx_word' id='word_1_398' title='bbox 1691 2320 1724 2349; x_wconf 87' lang='lat' dir='ltr'><strong>et</strong></span> <span class='ocrx_word' id='word_1_399' title='bbox 1745 2317 1849 2349; x_wconf 86' lang='lat' dir='ltr'><strong>fideli-</strong></span> 
     </span>
     <span class='ocr_line' id='line_1_38' title="bbox 203 2366 1850 2410; baseline 0.001 -11"><span class='ocrx_word' id='word_1_400' title='bbox 203 2369 305 2398; x_wconf 74' lang='lat' dir='ltr'><strong>tatum</strong></span> <span class='ocrx_word' id='word_1_401' title='bbox 327 2368 546 2408; x_wconf 88' lang='lat' dir='ltr'><strong>prestaciones</strong></span> <span class='ocrx_word' id='word_1_402' title='bbox 567 2366 660 2399; x_wconf 91' lang='lat' dir='ltr'><strong>nobis</strong></span> <span class='ocrx_word' id='word_1_403' title='bbox 683 2371 716 2399; x_wconf 90' lang='lat' dir='ltr'><strong>et</strong></span> <span class='ocrx_word' id='word_1_404' title='bbox 738 2367 874 2409; x_wconf 90' lang='lat' dir='ltr'><strong>imperio</strong></span> <span class='ocrx_word' id='word_1_405' title='bbox 898 2366 1009 2399; x_wconf 88' lang='lat' dir='ltr'><strong>debita</strong></span> <span class='ocrx_word' id='word_1_406' title='bbox 1031 2378 1051 2399; x_wconf 83' lang='lat' dir='ltr'><strong>a</strong></span> <span class='ocrx_word' id='word_1_407' title='bbox 1073 2366 1166 2399; x_wconf 85' lang='lat' dir='ltr'><strong>vobis</strong></span> <span class='ocrx_word' id='word_1_408' title='bbox 1189 2367 1335 2399; x_wconf 88' lang='lat' dir='ltr'><strong>omnibus</strong></span> <span class='ocrx_word' id='word_1_409' title='bbox 1359 2371 1392 2399; x_wconf 92' lang='lat' dir='ltr'><strong>et</strong></span> <span class='ocrx_word' id='word_1_410' title='bbox 1413 2367 1546 2410; x_wconf 83' lang='lat' dir='ltr'><strong>singulis</strong></span> <span class='ocrx_word' id='word_1_411' title='bbox 1569 2367 1721 2410; x_wconf 89' lang='lat' dir='ltr'><strong>predictis</strong></span> <span class='ocrx_word' id='word_1_412' title='bbox 1740 2373 1850 2400; x_wconf 89' lang='lat' dir='ltr'><strong>nostro</strong></span> 
     </span>
     <span class='ocr_line' id='line_1_39' title="bbox 204 2418 1849 2461; baseline 0.001 -11"><span class='ocrx_word' id='word_1_413' title='bbox 204 2420 238 2449; x_wconf 83' lang='lat' dir='ltr'><strong>et</strong></span> <span class='ocrx_word' id='word_1_414' title='bbox 259 2427 478 2451; x_wconf 85' lang='lat' dir='ltr'><strong>successorum</strong></span> <span class='ocrx_word' id='word_1_415' title='bbox 499 2422 680 2451; x_wconf 87' lang='lat' dir='ltr'><strong>nostrorum</strong></span> <span class='ocrx_word' id='word_1_416' title='bbox 710 2429 823 2460; x_wconf 84' lang='lat' dir='ltr'><strong>regum</strong></span> <span class='ocrx_word' id='word_1_417' title='bbox 851 2422 884 2451; x_wconf 89' lang='lat' dir='ltr'><strong>et</strong></span> <span class='ocrx_word' id='word_1_418' title='bbox 910 2419 1140 2461; x_wconf 86' lang='lat' dir='ltr'><strong>imperatorum</strong></span> <span class='ocrx_word' id='word_1_419' title='bbox 1163 2418 1382 2451; x_wconf 86' lang='lat' dir='ltr'><strong>Romanorum</strong></span> <span class='ocrx_word' id='word_1_420' title='bbox 1406 2420 1534 2451; x_wconf 90' lang='lat' dir='ltr'><strong>nomine</strong></span> <span class='ocrx_word' id='word_1_421' title='bbox 1558 2420 1787 2452; x_wconf 89' lang='lat' dir='ltr'><strong>subiecerimus</strong></span> <span class='ocrx_word' id='word_1_422' title='bbox 1811 2432 1849 2453; x_wconf 86' lang='lat' dir='ltr'><strong>ac</strong></span> 
     </span>
     <span class='ocr_line' id='line_1_40' title="bbox 159 2469 1850 2514; baseline 0.001 -13"><span class='ocrx_word' id='word_1_423' title='bbox 159 2481 186 2501; x_wconf 70' lang='grc' dir='ltr'><strong>ιο</strong></span> <span class='ocrx_word' id='word_1_424' title='bbox 203 2477 242 2502; x_wconf 82' lang='lat' dir='ltr'><strong>ea</strong></span> <span class='ocrx_word' id='word_1_425' title='bbox 264 2469 417 2511; x_wconf 83' lang='lat' dir='ltr'><strong>predictis</strong></span> <span class='ocrx_word' id='word_1_426' title='bbox 440 2469 531 2502; x_wconf 88' lang='lat' dir='ltr'><strong>bonis</strong></span> <span class='ocrx_word' id='word_1_427' title='bbox 554 2474 587 2502; x_wconf 88' lang='lat' dir='ltr'><strong>et</strong></span> <span class='ocrx_word' id='word_1_428' title='bbox 608 2470 704 2503; x_wconf 89' lang='lat' dir='ltr'><strong>rebus</strong></span> <span class='ocrx_word' id='word_1_429' title='bbox 727 2471 877 2514; x_wconf 83' lang='lat' dir='ltr'><strong>obligatis</strong></span> <span class='ocrx_word' id='word_1_430' title='bbox 904 2481 946 2503; x_wconf 85' lang='lat' dir='ltr'><strong>ex</strong></span> <span class='ocrx_word' id='word_1_431' title='bbox 968 2473 1056 2503; x_wconf 90' lang='lat' dir='ltr'><strong>certa</strong></span> <span class='ocrx_word' id='word_1_432' title='bbox 1078 2471 1216 2502; x_wconf 86' lang='lat' dir='ltr'><strong>sciencia</strong></span> <span class='ocrx_word' id='word_1_433' title='bbox 1239 2470 1478 2503; x_wconf 84' lang='lat' dir='ltr'><strong>adiunxerimus</strong></span> <span class='ocrx_word' id='word_1_434' title='bbox 1502 2474 1535 2503; x_wconf 88' lang='lat' dir='ltr'><strong>et</strong></span> <span class='ocrx_word' id='word_1_435' title='bbox 1557 2473 1850 2504; x_wconf 87' lang='lat' dir='ltr'><strong>renunciaverimus</strong></span> 
     </span>
     <span class='ocr_line' id='line_1_41' title="bbox 203 2521 1850 2566; baseline 0.002 -14"><span class='ocrx_word' id='word_1_436' title='bbox 203 2530 356 2562; x_wconf 83' lang='lat' dir='ltr'><strong>expresse</strong></span> <span class='ocrx_word' id='word_1_437' title='bbox 387 2521 573 2553; x_wconf 88' lang='lat' dir='ltr'><strong>iuramentis</strong></span> <span class='ocrx_word' id='word_1_438' title='bbox 603 2525 636 2554; x_wconf 90' lang='lat' dir='ltr'><strong>et</strong></span> <span class='ocrx_word' id='word_1_439' title='bbox 661 2522 853 2554; x_wconf 82' lang='lat' dir='ltr'><strong>fidelitatum</strong></span> <span class='ocrx_word' id='word_1_440' title='bbox 880 2522 1134 2565; x_wconf 87' lang='lat' dir='ltr'><strong>prestacionibus</strong></span> <span class='ocrx_word' id='word_1_441' title='bbox 1160 2521 1253 2554; x_wconf 88' lang='lat' dir='ltr'><strong>nobis</strong></span> <span class='ocrx_word' id='word_1_442' title='bbox 1282 2522 1323 2554; x_wconf 88' lang='lat' dir='ltr'><strong>ab</strong></span> <span class='ocrx_word' id='word_1_443' title='bbox 1351 2522 1533 2555; x_wconf 91' lang='lat' dir='ltr'><strong>hominibus</strong></span> <span class='ocrx_word' id='word_1_444' title='bbox 1561 2527 1594 2554; x_wconf 92' lang='lat' dir='ltr'><strong>et</strong></span> <span class='ocrx_word' id='word_1_445' title='bbox 1621 2523 1790 2566; x_wconf 88' lang='lat' dir='ltr'><strong>oppidanis</strong></span> <span class='ocrx_word' id='word_1_446' title='bbox 1818 2525 1850 2555; x_wconf 88' lang='lat' dir='ltr'><strong>in</strong></span> 
     </span>
     <span class='ocr_line' id='line_1_42' title="bbox 204 2571 1849 2616; baseline 0.002 -13"><span class='ocrx_word' id='word_1_447' title='bbox 204 2571 330 2614; x_wconf 87' lang='lat' dir='ltr'><strong>oppidis</strong></span> <span class='ocrx_word' id='word_1_448' title='bbox 353 2574 386 2604; x_wconf 88' lang='lat' dir='ltr'><strong>et</strong></span> <span class='ocrx_word' id='word_1_449' title='bbox 400 2572 622 2605; x_wconf 86' lang='lat' dir='ltr'><strong>iurisdiccione</strong></span> <span class='ocrx_word' id='word_1_450' title='bbox 638 2573 791 2615; x_wconf 83' lang='lat' dir='ltr'><strong>predictis</strong></span> <span class='ocrx_word' id='word_1_451' title='bbox 814 2578 848 2606; x_wconf 90' lang='lat' dir='ltr'><strong>et</strong></span> <span class='ocrx_word' id='word_1_452' title='bbox 863 2573 1057 2606; x_wconf 86' lang='lat' dir='ltr'><strong>districtibus</strong></span> <span class='ocrx_word' id='word_1_453' title='bbox 1077 2574 1143 2606; x_wconf 87' lang='lat' dir='ltr'><strong>sive</strong></span> <span class='ocrx_word' id='word_1_454' title='bbox 1159 2574 1364 2616; x_wconf 85' lang='lat' dir='ltr'><strong>pertinenciis</strong></span> <span class='ocrx_word' id='word_1_455' title='bbox 1387 2574 1451 2605; x_wconf 87' lang='lat' dir='ltr'><strong>suis</strong></span> <span class='ocrx_word' id='word_1_456' title='bbox 1467 2575 1738 2607; x_wconf 85' lang='lat' dir='ltr'><strong>commorantibus</strong></span> <span class='ocrx_word' id='word_1_457' title='bbox 1756 2575 1849 2607; x_wconf 82' lang='lat' dir='ltr'><strong>factis</strong></span> 
     </span>
     <span class='ocr_line' id='line_1_43' title="bbox 203 2623 1846 2668; baseline 0.002 -13"><span class='ocrx_word' id='word_1_458' title='bbox 203 2633 240 2655; x_wconf 87' lang='lat' dir='ltr'><strong>ac</strong></span> <span class='ocrx_word' id='word_1_459' title='bbox 270 2633 310 2655; x_wconf 89' lang='lat' dir='ltr'><strong>ea</strong></span> <span class='ocrx_word' id='word_1_460' title='bbox 341 2623 375 2655; x_wconf 91' lang='lat' dir='ltr'><strong>in</strong></span> <span class='ocrx_word' id='word_1_461' title='bbox 407 2623 544 2656; x_wconf 87' lang='lat' dir='ltr'><strong>eundem</strong></span> <span class='ocrx_word' id='word_1_462' title='bbox 574 2625 865 2668; x_wconf 85' lang='lat' dir='ltr'><strong>archiepiscopum,</strong></span> <span class='ocrx_word' id='word_1_463' title='bbox 897 2636 1097 2658; x_wconf 89' lang='lat' dir='ltr'><strong>successores</strong></span> <span class='ocrx_word' id='word_1_464' title='bbox 1129 2636 1202 2657; x_wconf 91' lang='lat' dir='ltr'><strong>suos</strong></span> <span class='ocrx_word' id='word_1_465' title='bbox 1231 2629 1264 2657; x_wconf 84' lang='lat' dir='ltr'><strong>et</strong></span> <span class='ocrx_word' id='word_1_466' title='bbox 1295 2625 1466 2657; x_wconf 87' lang='lat' dir='ltr'><strong>ecclesiam</strong></span> <span class='ocrx_word' id='word_1_467' title='bbox 1495 2637 1587 2658; x_wconf 86' lang='lat' dir='ltr'><strong>suam</strong></span> <span class='ocrx_word' id='word_1_468' title='bbox 1615 2626 1846 2659; x_wconf 54' lang='lat' dir='ltr'><strong>Trou-erensem</strong></span> 
     </span>
     <span class='ocr_line' id='line_1_44' title="bbox 201 2673 1847 2719; baseline 0.001 -13"><span class='ocrx_word' id='word_1_469' title='bbox 201 2673 303 2706; x_wconf 88' lang='lat' dir='ltr'><strong>libere</strong></span> <span class='ocrx_word' id='word_1_470' title='bbox 327 2674 580 2708; x_wconf 86' lang='lat' dir='ltr'><strong>transtulerimus</strong></span> <span class='ocrx_word' id='word_1_471' title='bbox 603 2679 636 2708; x_wconf 92' lang='lat' dir='ltr'><strong>et</strong></span> <span class='ocrx_word' id='word_1_472' title='bbox 658 2676 756 2708; x_wconf 89' lang='lat' dir='ltr'><strong>nichil</strong></span> <span class='ocrx_word' id='word_1_473' title='bbox 779 2677 906 2709; x_wconf 88' lang='lat' dir='ltr'><strong>omnino</strong></span> <span class='ocrx_word' id='word_1_474' title='bbox 930 2677 1006 2709; x_wconf 88' lang='lat' dir='ltr'><strong>iuris</strong></span> <span class='ocrx_word' id='word_1_475' title='bbox 1029 2677 1120 2709; x_wconf 91' lang='lat' dir='ltr'><strong>nobis</strong></span> <span class='ocrx_word' id='word_1_476' title='bbox 1136 2677 1187 2708; x_wconf 90' lang='lat' dir='ltr'><strong>vel</strong></span> <span class='ocrx_word' id='word_1_477' title='bbox 1207 2676 1300 2708; x_wconf 86' lang='lat' dir='ltr'><strong>dictis</strong></span> <span class='ocrx_word' id='word_1_478' title='bbox 1320 2677 1555 2709; x_wconf 89' lang='lat' dir='ltr'><strong>successoribus</strong></span> <span class='ocrx_word' id='word_1_479' title='bbox 1579 2679 1694 2709; x_wconf 81' lang='lat' dir='ltr'><strong>nostris</strong></span> <span class='ocrx_word' id='word_1_480' title='bbox 1718 2678 1847 2719; x_wconf 76' lang='lat' dir='ltr'><strong>regibus</strong></span> 
     </span>
    </p>
   </div>
   <div class='ocr_carea' id='block_1_7' title="bbox 160 2758 1846 2879">
    <p class='ocr_par' dir='ltr' id='par_1_14' title="bbox 160 2758 1846 2879">
     <span class='ocr_line' id='line_1_45' title="bbox 160 2758 1846 2797; baseline 0.003 -11"><span class='ocrx_word' id='word_1_481' title='bbox 160 2760 187 2780; x_wconf 68' lang='lat'><strong>⁴⁸</strong></span> <span class='ocrx_word' id='word_1_482' title='bbox 307 2758 374 2788; x_wconf 75' lang='lat'><strong>281.</strong></span> <span class='ocrx_word' id='word_1_483' title='bbox 401 2760 423 2790; x_wconf 69' lang='lat' dir='ltr'><strong>*l</strong></span> <span class='ocrx_word' id='word_1_484' title='bbox 443 2762 498 2787; x_wconf 75' lang='lat' dir='ltr'><strong>Ioco</strong></span> <span class='ocrx_word' id='word_1_485' title='bbox 516 2762 806 2789; x_wconf 73' lang='lat' dir='ltr'><strong>nobilibus—existant</strong></span> <span class='ocrx_word' id='word_1_486' title='bbox 816 2760 840 2789; x_wconf 76' lang='lat'><strong>2.</strong></span> <span class='ocrx_word' id='word_1_487' title='bbox 854 2763 884 2789; x_wconf 84' lang='lat'><strong>3:</strong></span> <span class='ocrx_word' id='word_1_488' title='bbox 903 2764 1112 2797; x_wconf 82' lang='lat' dir='ltr'><strong>prudentibus</strong></span> <span class='ocrx_word' id='word_1_489' title='bbox 1128 2764 1206 2789; x_wconf 87' lang='lat' dir='ltr'><strong>viris</strong></span> <span class='ocrx_word' id='word_1_490' title='bbox 1224 2782 1231 2789; x_wconf 94' lang='lat'><strong>.</strong></span> <span class='ocrx_word' id='word_1_491' title='bbox 1244 2782 1251 2790; x_wconf 88' lang='lat'><strong><em>.</em></strong></span> <span class='ocrx_word' id='word_1_492' title='bbox 1269 2764 1409 2790; x_wconf 72' lang='lat' dir='ltr'><strong>sculteto</strong></span> <span class='ocrx_word' id='word_1_493' title='bbox 1428 2769 1444 2795; x_wconf 80' lang='lat'><strong>(.</strong></span> <span class='ocrx_word' id='word_1_494' title='bbox 1458 2784 1464 2790; x_wconf 95' lang='lat'>.</span> <span class='ocrx_word' id='word_1_495' title='bbox 1483 2764 1718 2795; x_wconf 70' lang='lat' dir='ltr'><strong>3)eonsu1ibu·</strong></span> <span class='ocrx_word' id='word_1_496' title='bbox 1736 2771 1765 2791; x_wconf 75' lang='lat' dir='ltr'><strong>et</strong></span> <span class='ocrx_word' id='word_1_497' title='bbox 1784 2766 1846 2791; x_wconf 89' lang='lat' dir='ltr'><strong>uni-</strong></span> 
     </span>
     <span class='ocr_line' id='line_1_46' title="bbox 172 2804 1845 2838; baseline 0.004 -10"><span class='ocrx_word' id='word_1_498' title='bbox 172 2804 173 2808; x_wconf 77' lang='grc'>’</span> <span class='ocrx_word' id='word_1_499' title='bbox 205 2804 308 2829; x_wconf 79' lang='lat' dir='ltr'><strong>versis</strong></span> <span class='ocrx_word' id='word_1_500' title='bbox 335 2804 463 2830; x_wconf 85' lang='lat' dir='ltr'><strong>civibus</strong></span> <span class='ocrx_word' id='word_1_501' title='bbox 490 2805 765 2838; x_wconf 74' lang='lat' dir='ltr'><strong>Bopnrdicnsibus</strong></span> <span class='ocrx_word' id='word_1_502' title='bbox 791 2807 1062 2838; x_wconf 75' lang='lat' dir='ltr'><strong>(Wesalisnsibus</strong></span> <span class='ocrx_word' id='word_1_503' title='bbox 1081 2806 1120 2837; x_wconf 85' lang='lat'><strong>3).</strong></span> <span class='ocrx_word' id='word_1_504' title='bbox 1246 2806 1270 2837; x_wconf 62' lang='grc' dir='ltr'><strong>ὓ)</strong></span> <span class='ocrx_word' id='word_1_505' title='bbox 1295 2807 1431 2832; x_wconf 81' lang='lat' dir='ltr'><strong>Heinricus</strong></span> <span class='ocrx_word' id='word_1_506' title='bbox 1457 2808 1481 2834; x_wconf 76' lang='lat'><strong>².</strong></span> <span class='ocrx_word' id='word_1_507' title='bbox 1503 2807 1527 2833; x_wconf 82' lang='lat'><strong>3.</strong></span> <span class='ocrx_word' id='word_1_508' title='bbox 1642 2810 1664 2838; x_wconf 74' lang='lat'><strong>⁰)</strong></span> <span class='ocrx_word' id='word_1_509' title='bbox 1692 2809 1751 2833; x_wconf 87' lang='lat' dir='ltr'><strong>olim</strong></span> <span class='ocrx_word' id='word_1_510' title='bbox 1774 2808 1798 2834; x_wconf 77' lang='lat'><strong>2.</strong></span> <span class='ocrx_word' id='word_1_511' title='bbox 1821 2809 1845 2834; x_wconf 79' lang='lat'><strong>8.</strong></span> 
     </span>
     <span class='ocr_line' id='line_1_47' title="bbox 205 2844 563 2879; baseline 0.006 -7"><span class='ocrx_word' id='word_1_512' title='bbox 205 2844 232 2878; x_wconf 63' lang='grc' dir='ltr'><strong>(Ι)</strong></span> <span class='ocrx_word' id='word_1_513' title='bbox 250 2847 393 2879; x_wconf 76' lang='lat' dir='ltr'><strong>predicta.</strong></span> <span class='ocrx_word' id='word_1_514' title='bbox 410 2846 477 2872; x_wconf 75' lang='lat' dir='ltr'><strong>dem</strong></span> <span class='ocrx_word' id='word_1_515' title='bbox 495 2846 519 2872; x_wconf 74' lang='lat'><strong>2.</strong></span> <span class='ocrx_word' id='word_1_516' title='bbox 538 2847 563 2874; x_wconf 80' lang='lat'><strong>3.</strong></span> 
     </span>
    </p>
   </div>
   <div class='ocr_carea' id='block_1_8' title="bbox 1591 2903 1639 2929">
    <p class='ocr_par' dir='ltr' id='par_1_15' title="bbox 1591 2903 1639 2929">
     <span class='ocr_line' id='line_1_48' title="bbox 1591 2903 1639 2929; baseline 0 -12"><span class='ocrx_word' id='word_1_517' title='bbox 1591 2903 1639 2929; x_wconf 75' lang='lat'><strong>26·</strong></span> 
     </span>
    </p>
   </div>
  </div>
 </body>
</html>
