2184 3126
464 199 560 228 ACTA
579 199 694 229 REGNI
714 199 899 228 LUDEWICI
918 199 964 227 IV.
984 199 1029 227 ΕΤ
1049 199 1235 228 FRlDERICI
1255 200 1302 228 111.
1341 200 1415 228 1324.
1453 199 1501 228 Nr.
1514 200 1574 228 928.
1785 204 1846 234 767

185 287 324 320 audituri
341 287 474 329 litteras,
491 287 643 319 mandata
658 290 691 319 et
707 297 875 330 processus
891 286 1083 319 sanctissimi
1099 286 1131 318 in
1148 285 1275 319 Christo
1292 286 1392 329 patris
1416 290 1450 318 et
1465 286 1586 318 domini
1603 288 1701 319 nostri
1725 286 1847 319 domini

183 338 335 371 Iohannis
351 339 457 371 divina
473 338 676 381 providentia
691 349 776 381 pape
791 338 901 371 XXII.
936 338 1020 370 Item
1044 341 1080 370 ut
1095 338 1242 371 similiter
1257 338 1391 379 diceret,
1415 339 1598 380 preciperet
1621 343 1654 371 et
1677 339 1847 371 mandaret

183 390 360 423 venerabili
389 391 457 423 viro
487 390 616 422 domino
641 389 813 423 Ohonrado
842 389 953 422 abbati
981 390 1167 422 monasterii
1195 390 1296 422 sancti
1320 389 1411 422 Petri
1433 389 1712 433 Salzburgen(sis),
1742 394 1778 422 ut
1804 390 1846 422 ad

184 441 296 474 horam
313 441 457 475 eiusdem
473 442 570 474 misse
586 442 619 473 in
635 441 721 474 dicta
737 442 874 474 eeclesia
890 442 960 484 ipse
984 451 1056 474 cum
1079 442 1223 474 monacis
1245 442 1293 473 sui
1316 445 1502 482 conventus,
1526 442 1580 484 qui
1604 446 1678 474 tunc
1701 452 1721 474 a
1738 441 1846 474 divino

149 504 162 524 ο
182 497 315 536 possent
337 493 451 526 abesse
479 493 603 534 officio,
633 493 675 525 ob
698 493 835 531 eandem
858 487 989 526 causam
1012 493 1226 535 personaliter
1249 498 1462 536 compareret.
1509 494 1591 526 Item
1614 493 1748 534 diceret,
1773 504 1845 535 prc-

183 545 306 586 ciperet
322 547 356 577 et
370 544 539 578 mandaret
555 536 693 577 disereti>
716 536 784 577 vire
801 545 930 577 domino
947 545 1050 577 Leoni
1073 545 1227 577 canonico
1243 544 1496 587 Salzburgen(si)
1519 548 1554 577 et
1575 545 1717 587 plebano
1733 555 1845 587 parro-

181 595 295 629 chialis
317 597 455 629 ecclesie
478 597 616 629 civitatis
639 595 920 638 Salzburgen(sis),
947 599 984 628 ut
1007 596 1162 639 populum
1186 597 1217 628 in
1241 596 1311 638 ipsa
1334 596 1527 638 parrochiali
1553 597 1692 629 ecelesia
1714 606 1847 629 concur-

181 650 307 680 rentem
335 651 495 689 moneret,
530 648 698 680 induceret
731 651 764 680 et
796 648 979 680 hortaretur
1008 648 1103 690 eique
1133 658 1174 680 ex
1203 651 1294 689 parte
1326 649 1426 690 ipsius
1451 647 1571 680 domini
1610 648 1845 690 archiepiscopi

183 699 366 742 preciperet
388 703 421 732 et
443 698 622 740 mandaret,
645 702 680 731 ut
703 699 782 732 hora
805 702 839 732 et
861 699 933 731 loeo
955 698 1110 741 predictis
1131 699 1339 731 convenirent
1361 699 1403 731 ob
1427 710 1557 732 causam
1581 699 1771 742 predictam.

135 760 166 781 -ιο
291 751 376 783 Acta
399 754 472 784 sunt
494 751 554 783 hec
583 750 670 792 loco,
699 762 796 792 anno,
827 750 880 783 die
904 749 1073 793 predictis,
1103 750 1307 792 presentibus
1330 751 1569 783 venerabilibus
1592 751 1667 783 viris
1690 751 1845 793 magistro

182 800 348 835 Friderico
363 802 404 834 de
420 802 586 835 Chotwico
602 803 806 835 decretorum
823 802 954 835 doctore
970 802 1124 834 canonico
1137 802 1359 843 Patavien(si),
1376 802 1593 835 Gundachoro
1609 803 1640 835 in
1656 802 1844 836 Mallentein

184 857 218 886 et
239 853 397 896 Pilgrimo
421 854 452 886 in
476 853 631 886 Guterich
655 853 903 897 parrochialium
927 853 1134 886 ecclesiarum
1159 853 1338 886 rectoribus
1363 853 1571 897 Salzburgen.
1594 854 1685 896 dyoc.
1709 854 1845 886 testibus

184 905 224 938 ad
248 905 310 938 hoc
333 906 455 937 vocatis
478 906 662 948 specialiter
684 910 716 938 et
739 906 869 948 rogatis.

290 956 339 997 (2)
362 955 487 989 Eodem
511 968 594 989 anno
621 962 654 989 et
678 957 745 997 die,
773 956 975 1000 presentibus
1002 957 1140 989 dominis
1163 956 1311 989 Ortliebo
1340 957 1380 988 de
1405 956 1619 997 Staufenekk,
1644 957 1778 990 Nicolao
1803 958 1843 990 ‹le

140 1015 165 1035 ιτ»
184 1007 315 1040 Stadaw
345 1011 378 1039 et
401 1007 588 1040 Hermanno
612 1008 653 1040 de
675 1007 848 1040 Perchaim
877 1008 1038 1040 canonicis
1060 1007 1374 1050 Salzburgen(sibus)
1398 1008 1534 1040 testibus
1563 1009 1606 1040 ad
1633 1008 1694 1041 hoc
1722 1011 1845 1041 vocatis

183 1059 330 1092 dominus
345 1059 517 1092 Heinricus
533 1060 676 1092 notarius
691 1059 836 1102 prefatus
858 1060 946 1091 venit
968 1059 1011 1091 ad
1034 1058 1215 1101 predictum
1231 1059 1395 1091 dominum
1414 1059 1620 1092 Chonradum
1644 1061 1843 1103 prepositum

122 1122 125 1124 ’
182 1110 477 1154 Salzburgen(sem)
501 1111 532 1143 in
556 1111 653 1143 domo
676 1111 884 1144 habitationis
906 1121 963 1142 sue
986 1110 1112 1152 sibique
1141 1109 1236 1151 dixit,
1268 1111 1415 1153 precepit
1438 1114 1473 1143 et
1495 1111 1662 1144 mandavit
1685 1122 1726 1144 ex
1749 1116 1841 1154 parte

182 1162 304 1195 domini
319 1163 553 1206 archiepiscopi
569 1162 754 1205 supradicti,
777 1166 813 1195 ut
828 1162 1003 1204 capitulum
1027 1166 1060 1194 et
1081 1162 1240 1204 reliquum
1263 1162 1386 1194 clerum
1410 1163 1547 1195 ecclesie
1570 1162 1842 1206 Salzburgen(sis)

183 1217 375 1247 convocaret
401 1219 435 1247 et
461 1218 673 1257 congregaret
701 1218 734 1247 et
759 1218 826 1247 tam
856 1214 924 1256 ipse
953 1223 1049 1256 quam
1077 1213 1122 1245 illi
1152 1213 1205 1245 die
1234 1215 1382 1256 sequenti
1410 1215 1618 1247 convenirent
1644 1216 1676 1246 in
1706 1215 1843 1248 ecclesia
1858 1220 1953 1243 Μῦθ-

140 1277 166 1298 2⁰
184 1266 459 1308 metropolitan(a)
484 1266 564 1298 hora
586 1266 682 1298 misse
706 1265 800 1298 beate
823 1265 942 1306 Marie,
965 1264 1105 1297 audituri
1132 1265 1271 1306 litteras,
1298 1265 1452 1298 mandata
1475 1270 1509 1299 et
1535 1276 1704 1308 processus
1726 1267 1843 1309 prefati

183 1316 305 1349 domini
334 1318 433 1349 nostri
461 1318 575 1349 summi
603 1317 771 1360 pontificis.
818 1317 910 1349 Idem
937 1320 1047 1349 autem
1076 1316 1224 1348 dominus
1250 1317 1433 1359 prepositus
1456 1317 1638 1360 respondit,
1668 1318 1754 1361 quod
1778 1323 1843 1350 tam

182 1368 321 1401 libenter
343 1379 439 1411 quam
463 1372 650 1402 reverenter
671 1368 858 1401 mandatum
882 1368 1003 1400 domini
1027 1367 1261 1410 archiepiscopi
1284 1368 1488 1411 adimpleret.

291 1420 339 1462 (3)
362 1419 487 1452 Eodem
510 1431 594 1452 anno
619 1423 652 1453 et
675 1421 737 1461 die,
761 1419 965 1462 presentibus
980 1419 1153 1452 Ohonrado
1177 1419 1341 1462 quondam
1358 1420 1520 1452 Ohonradi
1545 1421 1621 1453 dicti
1638 1420 1780 1454 Cholner
1802 1421 1843 1453 de

183 1470 326 1514 Erdinga
359 1471 475 1504 clerico
508 1471 687 1515 Frisingen.
712 1471 814 1514 dyoc.,
841 1471 996 1504 Helm-ico
1026 1471 1189 1514 quondam
1213 1471 1358 1504 Heinrici
1386 1472 1461 1504 dicti
1493 1472 1614 1505 Prezer
1641 1472 1682 1505 de
1707 1473 1842 1505 Patavia

139 1534 164 1553 κ
184 1525 217 1554 et
250 1523 432 1556 Walchuno
465 1524 628 1566 quondam
659 1523 833 1556 Walchuni
866 1523 908 1556 de
938 1523 1136 1556 Praittenaw
1173 1523 1340 1556 Patavien.
1369 1523 1461 1566 dyoc.
1489 1523 1638 1556 dominus
1671 1524 1843 1557 Heinricus

183 1575 326 1606 notarius
342 1575 487 1617 prefatus
509 1576 597 1607 venit
620 1575 662 1607 ad
684 1574 847 1617 prefatum
870 1575 1035 1607 dominum
1053 1574 1261 1607 Chonradum
1283 1575 1436 1607 abbatem
1459 1576 1492 1607 in
1516 1575 1612 1607 domo
1636 1575 1844 1607 habitationis

183 1636 240 1658 sue
263 1626 388 1669 sibique
405 1626 496 1669 dixit,
519 1628 666 1670 precepit
681 1630 715 1659 et
737 1626 902 1659 mandavit
923 1636 965 1658 ex
983 1629 1076 1668 parte
1099 1626 1276 1668 supradicti
1299 1626 1419 1659 domini
1443 1627 1677 1669 archiepiscopi
1699 1628 1843 1659 seriatim

182 1687 242 1719 per
264 1679 397 1719 ommia,
426 1682 461 1711 ut
483 1689 581 1721 supra
607 1679 639 1710 in
667 1679 838 1711 commisso
861 1682 1040 1720 receperat.
1089 1677 1139 1709 Ad
1163 1677 1249 1720 quod
1273 1678 1359 1710 idem
1383 1678 1531 1711 dominus
1553 1678 1655 1711 abbas
1678 1678 1844 1721 respondit

182 1729 340 1770 similiter,
363 1730 449 1772 quod
473 1734 606 1773 paratus
629 1733 716 1762 esset
738 1730 924 1762 mandatum
948 1729 1068 1761 domini
1092 1729 1325 1772 archiepiscopi
1349 1731 1469 1773 exequi
1492 1734 1686 1762 reverenter.

137 1791 163 1812 so
289 1782 338 1823 (4)
362 1781 486 1814 Eodem
514 1792 598 1814 anno
627 1785 661 1814 et
689 1781 757 1822 die,
786 1781 989 1823 presentibus
1017 1780 1147 1813 domino
1171 1781 1292 1813 Georio
1319 1782 1385 1814 filio
1413 1781 1524 1814 Georii
1552 1782 1593 1814 de
1616 1782 1841 1814 Michelsteten

181 1832 371 1875 presbytero
388 1833 555 1866 Patavien.
579 1833 671 1876 dyoc.
696 1833 783 1865 socio
807 1832 944 1875 predicti
969 1832 1089 1865 domini
1112 1832 1244 1875 plebani
1269 1837 1303 1866 et
1326 1833 1469 1866 Iohanne
1493 1833 1656 1876 quondam
1680 1834 1842 1876 Hartungi

181 1883 222 1916 de
245 1883 422 1927 Salzburga
446 1889 479 1917 et
501 1885 572 1917 aliis
594 1884 730 1917 testibus
752 1884 795 1916 ad
818 1884 879 1916 hoc
902 1885 1025 1916 vocatis
1048 1884 1135 1916 idem
1159 1884 1308 1916 dominus
1330 1884 1503 1917 Heinricus
1525 1886 1669 1917 notarius
1691 1886 1779 1918 venit
1800 1885 1842 1917 ad

180 1935 340 1977 prefatum
365 1935 529 1968 dominum
546 1937 690 1969 Leonem
714 1936 886 1978 plebanum
911 1936 993 1967 infra
1016 1939 1109 1978 septa
1132 1936 1261 1968 claustri
1286 1935 1487 1968 dominorum
1510 1937 1736 1969 canonicorum
1753 1936 1841 1969 Salz-

183 1986 417 2029 burgen(sium)
448 1989 479 2020 in
508 1992 578 2020 orto
609 1999 709 2032 prope
733 1988 957 2020 infirmariam
989 1987 1114 2029 sibique
1143 1987 1240 2027 dixit,
1269 1989 1415 2030 precepit
1438 1992 1471 2020 et
1493 1987 1658 2020 mandavit
1684 1999 1726 2021 ex
1750 1994 1840 2031 parte

135 2048 161 2070 ιο
180 2038 324 2071 eiusdem
341 2038 462 2071 domini
486 2039 720 2082 archiepiscopi
744 2039 888 2071 seriatim
912 2048 971 2081 per
995 2039 1112 2078 omnia,
1136 2041 1172 2070 ut
1194 2049 1292 2080 supra
1315 2043 1484 2082 receperat
1506 2040 1536 2071 in
1563 2040 1744 2072 commisso.
1780 2040 1843 2077 Qui

179 2089 326 2122 dominus
354 2090 512 2132 plebanus
540 2091 719 2133 respondit,
755 2090 841 2133 quod
869 2089 1058 2122 mandatum
1091 2089 1211 2122 domini
1241 2090 1476 2132 archiepiscopi
1505 2095 1722 2133 exequeretur
1752 2092 1839 2123 omni

178 2142 370 2182 reverentia,
393 2146 428 2175 ut
451 2142 602 2174 debebat.

285 2214 335 2256 (5)
358 2214 518 2248 Veniente
542 2216 650 2258 itaque
674 2215 820 2258 predicta
844 2215 896 2247 die
920 2214 1078 2257 sequenti,
1102 2214 1163 2246 hoc
1187 2214 1311 2259 estldie
1323 2214 1432 2247 XXX.
1449 2214 1594 2247 eiusdem
1617 2216 1737 2247 mensis
1753 2215 1840 2253 Maii,
1855 2226 1950 2248 uaso.

178 2264 210 2296 in
227 2265 364 2298 ecclesia
386 2267 661 2310 metropolitan(a)
678 2268 758 2299 hora
775 2268 872 2299 misse
897 2266 1053 2309 predicte,
1077 2266 1280 2307 presentibus
1303 2267 1437 2308 prefatis
1459 2266 1578 2299 abbate
1601 2277 1674 2299 cum
1697 2266 1841 2309 pluribus

137 2326 164 2346 ιο
182 2317 366 2349 monasterii
381 2318 430 2350 sui
445 2319 597 2359 monacis,
615 2319 790 2362 preposito,
806 2318 956 2360 plebano,
973 2317 1134 2350 canonicis
1150 2321 1184 2349 et
1199 2317 1270 2349 aliis
1283 2317 1406 2350 clericis
1418 2318 1555 2351 ecclesie
1568 2318 1838 2361 Salzburgenozis)

180 2376 303 2400 necnon
330 2370 497 2412 utriusque
527 2381 624 2403 sexus
650 2370 791 2403 fidelium
822 2370 1026 2402 multitudine
1057 2369 1189 2412 copiosa
1218 2369 1260 2401 ad
1283 2369 1344 2401 hcc
1373 2373 1409 2401 ut
1435 2370 1632 2412 premittitur
1653 2375 1839 2409 convocata,

178 2418 262 2451 lecto
278 2421 447 2462 evangelio
470 2425 532 2462 et·,
554 2422 652 2454 missa
674 2425 784 2454 sancte
800 2421 903 2454 Marie
926 2421 1047 2453 ibidem
1063 2420 1285 2462 sollempniter
1301 2419 1474 2453 decantata
1491 2421 1676 2464 indictoque
1700 2421 1838 2461 silentio,

178 2479 240 2512 ego
271 2470 460 2504 Ohonradus
489 2473 531 2507 de
560 2473 752 2506 Schennano
784 2473 956 2506 eanonicus
985 2472 1184 2504 Brixinensis
1216 2472 1358 2504 notarius
1391 2473 1612 2516 inb-ascriptus
1645 2473 1774 2516 publice
1807 2478 1839 2506 et

179 2521 327 2555 distincte
350 2522 415 2565 legi
438 2526 472 2556 et
494 2525 627 2556 recitavi
656 2524 697 2557 de
721 2524 820 2557 verbo
843 2524 885 2557 ad
908 2523 1043 2556 verbum
1071 2523 1151 2555 duas
1173 2523 1297 2555 litteras
1319 2524 1465 2557 eiusdem
1488 2525 1609 2557 domini
1631 2526 1731 2558 nostri
1754 2536 1839 2568 pape

135 2583 161 2603 45
181 2572 250 2605 eius
279 2583 355 2606 vera
384 2573 472 2607 bulla
498 2575 652 2617 plumbea
674 2576 814 2608 bullatas
844 2586 916 2607 cum
939 2575 993 2607 filo
1022 2575 1168 2616 canapis,
1198 2584 1278 2617 quas
1301 2574 1425 2607 litteras
1447 2575 1535 2608 idem
1564 2576 1710 2609 dominus
1734 2577 1838 2609 arehi-

180 2625 352 2668 episcopus
378 2636 413 2658 se
442 2627 604 2669 recepisse
633 2628 770 2660 asseruit
798 2637 856 2670 per
887 2637 1000 2659 manus
1023 2626 1152 2658 discreti
1175 2626 1234 2657 viri
1257 2626 1378 2659 domini
1396 2627 1618 2660 Bartholomei
1642 2629 1772 2671 plebani
1797 2629 1837 2660 de

180 2672 405 2709 Novacivitate
429 2676 636 2720 Salzburgen.
665 2678 756 2720 dyoc.
773 2678 853 2713 1111.
874 2677 1012 2710 Kalend.
1035 2677 1113 2710 Maii
1142 2678 1288 2720 proxime
1316 2678 1508 2722 preteritisd,
1538 2680 1738 2712 continentes
1763 2692 1836 2723 pro·
1854 2691 1950 2717 ,(ρηεε.

182 2737 306 2769 cessus,
333 2728 524 2761 monitiones
547 2733 580 2761 et
606 2730 782 2762 sententias
805 2730 908 2762 factos
931 2733 963 2761 et
987 2729 1088 2761 factas
1112 2739 1170 2771 per
1192 2739 1266 2761 eum
1289 2730 1449 2763 Avinione
1473 2730 1567 2763 VIII.
1593 2731 1668 2763 Idus
1692 2731 1841 2764 Octobris
1855 2731 1938 2777 „2³3³ss

287 2816 356 2845 928.
383 2818 406 2850 ⁰)
425 2819 596 2846 inferi-nariam
614 2829 653 2846 or.
741 2821 767 2855 ⁸¹)
785 2822 821 2849 sic
839 2831 877 2848 or.
965 2822 987 2854 θ)
1006 2822 1032 2847 ἰιι
1050 2821 1090 2848 ed.
