2184 3126
452 203 549 232 ACTA
567 202 680 232 amm
698 202 881 231 LUDEWICI
900 202 947 230 lv.
966 201 1013 230 ΕΤ
1032 201 1215 230 ῨΒΙΒΕΒΙΟΙ
1232 201 1281 229 111.
1319 201 1395 229 1324.
1430 201 1479 229 Nr.
1491 201 1552 230 ⁹48.
1569 202 1629 230 944.
1809 206 1873 236 779

220 290 421 333 prefulgens,
445 290 527 323 sicut
542 293 575 323 et
590 289 837 332 predecessores
853 290 951 322 nostri
967 289 1123 322 hactenus
1138 289 1277 321 clarius·
1291 292 1325 321 et
1342 288 1495 321 seriosius
1511 288 1731 322 recensebant.
1777 289 1874 332 Sane,

221 341 276 382 fili,
304 342 444 374 letamur
465 341 640 374 admodum
664 344 698 373 et
719 340 795 373 inde
818 340 910 373 nobis
933 351 1030 373 causa
1051 350 1168 382 magne
1195 339 1402 372 iocunditatis
1424 339 1566 381 accedit,
1596 340 1683 383 quod
1710 341 1875 374 civitatem

222 393 359 426 eandem
383 397 416 426 et
439 393 526 426 cives
546 393 646 435 ipsius
667 393 699 425 in
723 392 909 434 devotione,
935 392 1092 425 fidelitate
1120 395 1154 424 et
1180 391 1366 424 obedientia
1392 395 1572 424 memorate
1600 392 1737 425 ecclesie
1764 394 1875 426 matris

221 447 340 486 vestre,
363 447 534 487 postquam
556 443 678 477 ibidem
701 444 777 477 fidei
799 444 903 476 cultus
925 443 1081 476 catholice
1105 444 1215 486 viguit,
1238 444 1417 485 perstitisse
1440 446 1625 476 constanter
1646 454 1686 476 ac
1701 446 1874 486 persistere

191 508 203 528 s
221 496 305 530 velle
334 494 392 539 [et]
424 506 633 538 perseverare
667 496 698 527 in
733 495 811 537 illis,
841 495 1039 538 argumentis
1067 499 1100 527 et
1127 494 1303 527 rationibus
1332 494 1535 527 evidentibus
1561 495 1736 528 recolendo
1762 499 1875 529 matris

222 547 367 581 eiusdem
389 547 546 580 beneficia
570 547 744 589 prudenter
770 557 809 579 ac
831 546 964 589 provide
988 546 1215 589 descripsistis,
1245 556 1324 588 quas
1348 546 1479 589 quidem
1502 548 1534 579 in
1558 547 1775 590 publicatione
1799 560 1874 591 pro-

222 609 369 631 cessuum
402 608 461 640 per
493 609 552 631 nos
584 609 687 641 nuper
720 602 831 630 contra
864 597 1068 640 magnifieum
1102 597 1205 630 virum
1240 597 1451 630 Ludowieum
1485 598 1601 631 ducem
1635 599 1774 632 Bavarie
1809 600 1873 632 dis-

221 649 361 683 corditer
386 650 419 682 in
442 659 554 692 regem
577 650 797 683 Romanorum
820 649 960 681 electum
987 651 1120 691 propter
1146 658 1261 690 graves
1284 659 1436 681 excessus
1465 649 1507 682 ab
1534 650 1604 693 ipso
1634 655 1745 683 contra
1768 651 1874 685 Deum

221 705 254 734 et
276 701 413 734 eandem
444 701 614 734 ecclesiam
642 701 829 733 commissos
851 699 1035 732 habitorum
1057 700 1244 732 solemniter
1266 700 1352 733 facta
1373 700 1509 734 Colonie
1537 712 1575 734 ac
1598 702 1739 744 ipsorum
1763 703 1874 737 obser-

179 764 204 783 ιο
221 753 365 794 vatione,
390 752 532 795 parendo
555 753 682 794 scriptis
704 751 890 794 apostolicis
912 751 1003 783 vobis
1026 750 1155 784 directis
1182 761 1280 793 super
1306 751 1384 791 boe,
1415 754 1498 785 sicut
1521 753 1699 786 litterarum
1731 756 1874 798 ipsarum

220 806 313 846 grate
335 804 482 836 lectionis
505 803 649 836 habebat
671 803 784 844 series,
814 803 970 845 promptis
997 806 1031 835 et
1057 802 1182 835 devotis
1210 802 1362 844 operibus
1391 804 1585 837 ostendistis.
1631 805 1736 849 Super
1757 807 1875 850 quibus

221 855 456 898 providentiam
484 858 623 887 vestram
654 865 726 887 cum
755 855 930 897 gratiarum
960 853 1141 886 actionibus
1168 854 1340 896 plurimum
1373 855 1404 886 in
1432 855 1572 889 Domino
1599 859 1873 901 commendamus,

220 907 309 939 illam
338 910 490 950 rogantes
520 909 553 939 et
582 907 747 939 hortantes
773 906 941 948 attentius,
972 906 1122 948 quatinus
1148 906 1179 938 in
1207 907 1371 948 premissis
1400 908 1446 939 sic
1475 907 1682 941 laudabiliter
1707 911 1873 943 continua-

221 959 308 991 tione
341 958 446 990 solida
479 959 671 1001 persistatis,
710 957 798 1000 quod
831 957 976 990 eiusdem
1008 958 1136 998 matris,
1179 967 1242 999 que
1276 968 1333 990 vos
1364 958 1503 990 brachiis
1536 960 1660 992 sincere
1694 961 1875 995 dilectionis

179 1021 202 1041 is
221 1010 436 1052 amplectitur,
460 1010 648 1042 mereamini
670 1006 834 1051 tamquam
858 1008 1089 1041 benedictionis
1111 1008 1168 1040 filii
1187 1009 1331 1051 graciam
1351 1010 1552 1052 ampliorem.
1591 1010 1696 1054 Super
1710 1013 1873 1055 petitioni-

221 1061 281 1094 bus
297 1065 428 1106 autem,
458 1061 499 1094 de
529 1061 644 1104 quibus
668 1060 829 1094 faciebant
852 1060 998 1103 predicte
1021 1063 1126 1093 vestre
1153 1058 1262 1093 littere
1283 1062 1495 1102 mentionem,
1525 1062 1616 1095 vobis
1645 1063 1873 1107 favorabiliter,

222 1102 376 1155 quantum
400 1123 472 1145 cum
495 1112 568 1146 Deo
591 1113 778 1155 poterimus,
802 1112 943 1144 breviter
964 1111 1159 1144 intendimus
1181 1111 1387 1155 respondere.

329 1164 404 1197 Dat.
428 1165 614 1205 Avinion(e)
636 1163 746 1196 Nonas
769 1163 852 1204 Iulii,
875 1173 960 1195 anno
983 1166 1107 1196 octavo.

380 1373 454 1409 944.
491 1371 762 1410 IOHANNIS
785 1371 912 1409 XXII.
930 1371 1104 1408 PAPAE
1127 1371 1375 1417 QUARTUS
1398 1371 1707 1413 PROCESSUS

176 1437 203 1459 ὀ
655 1426 870 1466 CONTRA
893 1426 1222 1465 LUDEWICUM
1245 1426 1444 1465 REGEM.

902 1494 1010 1531 1324.
1051 1494 1119 1531 Iul.
1144 1495 1201 1531 11.

333 1585 511 1627 Oriqinalia
533 1588 658 1617 servata
679 1595 744 1618 non
765 1587 850 1617 sunt.
898 1585 1098 1618 Contulimus
1117 1596 1176 1619 nos
1197 1586 1261 1626 ἅμα·
1282 1587 1390 1627 copias
1412 1598 1494 1628 quae
1514 1592 1707 1629 sequuntur.-

331 1649 343 1678 1
372 1645 494 1686 copiam
516 1655 659 1678 coaevam
681 1645 875 1687 autoyrapho
897 1645 990 1684 infra
1011 1655 1062 1678 m·-
1078 1646 1141 1677 945
1162 1646 1315 1678 insertam
1321 1657 1333 1685 ,-

327 1703 347 1733 2
372 1700 574 1742 Reyestorum
592 1700 819 1734 Vaticanmm
835 1700 989 1733 tabularii
1007 1701 1157 1733 Vaticani
1171 1704 1243 1734 tom.
1256 1702 1320 1734 112
1337 1701 1396 1744 fol.
1408 1704 1482 1735 113⁴
1497 1714 1544 1744 ep.
1561 1706 1633 1744 478,
1656 1706 1712 1738 ubi
1726 1707 1874 1741 rubrum:

177 1766 202 1789 ιε,
221 1762 391 1795 processus
412 1753 600 1799 privationis
623 1748 733 1785 contra
755 1752 936 1792 Bavarum;
957 1762 1048 1793 quem
1064 1753 1188 1792 partim
1210 1755 1334 1785 tantum
1358 1754 1571 1794 immamus,-

328 1809 346 1841 3
370 1808 436 1840 cod.
454 1807 651 1840 bibliothecae
666 1806 856 1840 Dresdensis
878 1808 909 1840 A
925 1809 967 1839 70
981 1818 1061 1840 saec.
1078 1807 1174 1840 XIV.
1197 1818 1255 1848 esc„
1279 1809 1318 1840 de
1338 1819 1401 1849 quo
1415 1819 1443 1842 v.
1456 1820 1557 1850 supra
1572 1811 1617 1843 ad
1629 1822 1680 1844 nr.
1694 1813 1758 1844 792
1771 1815 1830 1847 sub
1844 1817 1873 1854 2,

214 1859 342 1902 fol.14,
365 1859 421 1892 ubi
442 1859 557 1892 rubra.-
585 1859 726 1897 Quartus
748 1869 916 1903 processus
939 1859 1126 1902 privationis
1147 1860 1226 1892 iuris
1253 1861 1279 1892 si
1303 1860 1390 1903 quod
1419 1860 1491 1894 duci
1514 1862 1652 1896 Bavarie
1682 1864 1873 1898 discorditer

218 1911 250 1943 in
273 1920 385 1954 regem
400 1910 621 1943 Romanorum
644 1911 749 1943 electo
773 1911 940 1953 competiit
961 1921 1020 1943 seu
1037 1910 1245 1953 competebat
1267 1911 1299 1944 in
1322 1922 1424 1955 regno
1441 1913 1558 1946 eodem
1574 1914 1708 1956 itemque
1723 1916 1872 1950 Privatus

218 1961 364 1994 Bavarus
387 1962 455 1995 iure
479 1963 570 2005 regni
594 1965 628 1994 et
649 1962 786 2004 imperii.

175 2039 201 2059 ω
329 2023 417 2064 Quae
438 2023 627 2055 conveniunt
649 2032 719 2055 cum
742 2021 944 2055 Preces-sibus
966 2022 1073 2063 primo
1101 2033 1202 2063 supra
1229 2034 1278 2056 nr.
1296 2024 1361 2056 792
1382 2027 1411 2056 et
1433 2025 1526 2058 tertio
1548 2036 1649 2067 supra
1670 2037 1721 2060 nr.
1737 2029 1811 2067 881,
1833 2039 1872 2061 ea

218 2074 302 2116 typis
323 2074 499 2107 minoribus
521 2074 705 2107 excudenda
727 2074 918 2106 curavimus.

325 2133 477 2172 Biihmer,
502 2134 577 2175 Rey.
600 2134 712 2167 Ludw.
731 2144 766 2174 p.
782 2134 848 2166 216
877 2134 994 2167 Pa'hste
1022 2143 1072 2166 nr.
1089 2136 1147 2173 31,·
1185 2134 1460 2178 Oberbayerisches
1488 2136 1607 2170 Archiv
1624 2138 1652 2177 1,
1674 2138 1718 2170 86
1745 2148 1795 2170 nr.
1813 2141 1872 2178 63,-

220 2183 313 2226 Lana
335 2185 428 2217 ‘Acta
450 2184 869 2226 Salaburqo-Aqailejensia‘
885 2185 915 2224 I,
930 2186 972 2217 79
993 2196 1044 2218 nr.
1061 2186 1137 2218 6212.

325 2265 506 2299 Iohannes·
529 2267 699 2310 episcopus
721 2278 831 2300 servus
853 2277 1018 2300 servorum
1041 2267 1135 2300 Dei·.
1223 2268 1275 2300 Ad
1299 2273 1490 2311 perpetuam
1515 2269 1561 2302 rei
1584 2271 1784 2304 memoriam.

177 2330 201 2350 ss
329 2319 356 2349 1.
390 2316 478 2350 Sicut
500 2318 542 2350 ad
566 2329 675 2351 curam
698 2319 794 2361 periti
816 2319 933 2351 medici
956 2320 1096 2361 pertinet
1119 2319 1275 2352 adhibere
1298 2319 1443 2352 fomenta
1465 2321 1576 2362 fortia,
1605 2331 1677 2354 cum
1700 2322 1785 2355 levia
1807 2334 1870 2355 non

220 2367 374 2408 prodesse
396 2370 574 2412 cognoscit,
604 2370 649 2402 sic
674 2370 820 2412 profecto
843 2370 1037 2413 presidentis
1059 2371 1165 2403 officio
1189 2371 1350 2414 congruit,
1378 2381 1451 2404 cum
1474 2371 1517 2404 ad
1540 2373 1772 2406 correctionem
1796 2385 1871 2416 per-

219 2428 383 2452 versorum
405 2420 541 2453 inflictas
555 2431 656 2464 penas
672 2432 735 2454 non
751 2422 898 2454 sufficere
915 2423 1062 2464 percipit,
1085 2425 1122 2454 ut
1136 2422 1255 2454 adiciat
1276 2423 1451 2464 graviores.
1496 2423 1582 2456 Hinc
1597 2435 1656 2467 per
1671 2425 1870 2467 psalmistam

218 2469 252 2502 in
274 2469 408 2502 chamo*
424 2475 457 2504 et
480 2472 570 2505 freno
593 2473 743 2505 maxillas
765 2473 851 2505 illius
867 2474 1106 2516 constringere¹
1123 2473 1281 2506 Dominus
1297 2474 1444 2517 precipit,
1468 2476 1523 2518 qni
1540 2475 1582 2508 ad
1598 2486 1691 2508 suum
1707 2476 1871 2518 presidem

219 2521 289 2553 eius
314 2531 378 2554 non
403 2522 585 2556 obediendo
612 2523 805 2557 salutaribus
833 2525 962 2557 monitis
990 2525 1271 2568 appropinquare¹
1295 2527 1502 2569 contempnit.
1552 2527 1624 2559 Hec
1651 2528 1762 2570 utique
1786 2529 1871 2560 circa

175 2584 201 2604 ιο
219 2583 390 2615 persenam
412 2574 471 2606 viri
493 2575 654 2617 magnifici
669 2575 825 2608 Ludovici
848 2576 937 2608 ducis
953 2576 1090 2608 Bavarie
1113 2578 1145 2608 in
1161 2576 1338 2609 discordia⁶
1354 2578 1386 2610 in
1410 2588 1521 2620 regem
1538 2578 1759 2612 Romanorum
1775 2579 1870 2611 electi

219 2634 278 2655 nos
299 2634 444 2657 servasse
468 2625 634 2658 declarant
656 2627 837 2659 evidentius
861 2637 924 2670 que
947 2630 1107 2660 secuntur.

321 2699 388 2729 m.
415 2701 440 2735 ⁸)
458 2702 545 2729 clame
562 2712 584 2730 e.

321 2750 388 2780 ⁹44.
414 2751 438 2786 Ι)
456 2754 584 2781 lohannes
595 2767 624 2773 -·
635 2755 684 2782 Dei
702 2756 754 2782 des.
773 2754 798 2782 2.
885 2755 911 2789 b)
928 2764 1000 2783 camo
1018 2756 1043 2783 2.
1130 2756 1154 2790 ςἓ)
1171 2758 1321 2784 discordiam
1342 2758 1365 2785 1.

322 2811 349 2843 1)
371 2809 411 2845 cf.
430 2810 475 2839 Pe.
493 2814 534 2846 31,
547 2815 570 2839 s.

1611 2868 1662 2895 98*
