2190 3172
310 257 374 287 266
497 253 594 281 ACTA
611 251 725 279 REGNI
745 249 928 278 LUDEWICI
946 249 993 276 IV.
1012 249 1058 276 ΕΤ
1077 247 1264 275 FRIDERICI
1282 246 1332 274 111.
1369 246 1444 274 1315.
1481 246 1530 273 Nr.
1542 246 1602 274 307.
1620 245 1680 273 308.
1699 245 1758 274 809.

309 350 370 372 son
393 340 419 370 si
441 337 503 370 'ech
525 337 715 370 uberheben
737 345 894 376 uszogens
916 334 956 366 uf
974 333 1027 365 die
1043 343 1104 365 von
1122 332 1380 374 Hailigbrunnen
1402 331 1470 364 und
1492 331 1546 364 die
1561 342 1625 363 von
1640 330 1749 372 Halle,
1773 331 1836 363 alle
1857 331 1966 364 diewil

312 391 340 422 si
362 390 464 422 wider
493 400 552 421 uns
583 388 654 419 niht
681 397 828 429 gesworn
855 386 943 417 hant.
1047 383 1122 415 Und
1151 394 1188 415 ze
1217 385 1323 415 ainem
1351 382 1500 415 urkunde
1527 382 1613 414 din-e
1642 382 1756 424 dinge,
1789 393 1825 414 so
1853 382 1967 415 hievor

314 441 507 484 geschriben
531 442 625 480 stant,
651 438 757 480 geben
780 438 837 469 wir
859 437 891 467 in
915 436 1006 467 disen
1028 435 1116 467 brief
1135 434 1274 476 besigelt
1296 435 1355 466 mit
1376 434 1506 466 unserm
1528 433 1654 476 insigel.

420 492 489 523 Der
511 494 591 522 wart
613 490 720 531 geben
742 499 777 520 ze
801 488 956 529 Mengen,
987 486 1028 518 do
1059 497 1133 518 man
1156 497 1219 518 von
1243 485 1325 517 Gotz
1352 485 1470 528 geburt
1498 485 1563 517 zalt
1586 484 1890 518 drl'izehenhundert
1914 485 1967 526 jar

312 543 437 575 darnah
460 543 491 574 in
520 542 593 573 dem
616 539 854 572 funfzehenden
879 540 946 580 jar,
977 549 1017 570 an
1048 537 1124 569 dem
1150 537 1287 569 niihsten
1310 538 1445 579 Zinstag
1474 536 1539 568 nah
1565 539 1638 568 sant
1659 536 1777 569 Peters
1803 536 1869 568 und
1895 539 1969 569 sant
1997 550 2010 570 s

311 595 411 627 Pauls
435 597 520 635 tage,
545 594 577 624 in
601 592 675 623 dem
700 594 805 623 ersten
825 591 879 631 jar
901 600 1012 622 unsers
1034 589 1150 620 riches.

671 722 757 758 308.
799 721 1025 767 Privileyium
1052 721 1093 756 cle
1119 731 1187 756 non
1214 722 1393 757 evocando.
1499 720 1568 756 Iul.
1587 722 1620 756 1.

424 796 585 837 Oriyinale
608 796 731 828 ibidem.
777 795 898 827 Pendet
924 794 1074 836 siyillum.
1099 813 1141 819 --·
1168 794 1232 826 Edi
1256 794 1277 827 l.
1293 805 1318 826 c.
1341 795 1374 834 I,
1397 795 1462 826 208
1483 805 1533 827 nr.
1549 795 1614 826 447
1635 805 1675 827 ex
1697 805 1743 827 or.
1787 794 1970 827 Editionem

310 850 488 890 repetimus.

421 903 569 940 Bolemer,
595 901 671 942 Req.
688 902 802 934 Dudw.
821 912 855 943 p.
873 903 938 933 167
960 901 1128 933 Friedrich
1151 911 1200 933 nr.
1216 901 1268 933 45.
1988 910 2013 930 ιο

420 993 488 1025 Nos
511 992 696 1024 Fridericus
711 991 775 1023 Dei
798 991 909 1033 gracia
924 991 1144 1023 Romanorum
1169 1002 1228 1023 rex
1250 1002 1380 1034 semper
1401 994 1556 1034 augustus
1579 991 1622 1023 ad
1644 993 1867 1023 universorum
1889 993 1971 1024 sacri

312 1045 453 1077 Romani
475 1044 602 1085 imperii
624 1043 779 1084 fidelium,
802 1053 884 1085 quos
900 1046 1093 1084 oportunum
1107 1053 1202 1074 nosse
1219 1042 1325 1084 fuerit,
1348 1044 1501 1075 noticiam
1517 1043 1664 1076 volumus
1680 1043 1860 1084 pervenire,
1883 1042 1972 1085 quod

313 1097 504 1128 affectantes
538 1106 579 1127 ex
608 1095 728 1126 intimis
758 1094 950 1126 dilectorum
983 1097 1166 1125 nostrorum
1199 1094 1343 1126 fidelium
1365 1119 1372 1127 .
1395 1119 1402 1127 .
1430 1095 1548 1127 civium
1575 1095 1616 1127 de
1638 1094 1811 1137 Ezzelinga
1838 1098 1973 1136 propter

313 1149 438 1179 sincere
463 1147 540 1178 fidei
573 1147 762 1188 puritatem,
798 1156 862 1188 qua.
890 1156 948 1177 nos
975 1155 1105 1187 semper
1132 1149 1164 1177 et
1186 1145 1371 1177 Romanum
1400 1150 1593 1178 venerantur
1621 1146 1807 1188 imperium,
1835 1145 1972 1178 ubilibet

314 1208 490 1241 precavere
509 1197 684 1239 dispendiis
700 1200 734 1229 et
749 1196 1034 1229 commoditatibus
1049 1196 1234 1238 providere,
1257 1197 1336 1239 ipsis
1358 1198 1441 1229 hanc
1457 1197 1498 1229 de
1514 1197 1708 1230 liberalitate
1722 1198 1814 1240 regia
1829 1198 1972 1239 graciam
1990 1207 2016 1228 ιι

313 1250 463 1281 duximus
487 1248 679 1290 faciendam,
704 1248 792 1290 quod
815 1258 874 1290 pro
898 1248 986 1279 nulla
1010 1258 1108 1279 causa
1130 1247 1173 1279 ad
1186 1248 1305 1290 regalis
1329 1249 1415 1280 curie
1438 1251 1547 1280 nostre
1562 1249 1616 1281 vel
1638 1248 1681 1281 ad
1696 1249 1819 1291 aliquot
1840 1249 1974 1281 alterius

313 1301 466 1333 secularis
490 1300 599 1331 iudicii
623 1310 762 1332 examen
785 1302 879 1331 extra
908 1300 1074 1331 civitatem
1094 1298 1354 1341 Ezzlingensem‚
1384 1299 1559 1332 dummodo
1583 1299 1826 1342 querelantibus
1847 1300 1974 1333 iusticia

312 1363 422 1384 coram
451 1351 536 1383 dicte
567 1351 705 1383 civitatis
735 1351 841 1383 iudice
872 1362 936 1382 non
965 1354 1116 1392 negetur,
1145 1351 1229 1382 trahi
1257 1350 1398 1383 debeant
1420 1354 1519 1393 atque
1542 1351 1675 1393 possint.
1762 1350 1973 1384 Presencium

313 1403 497 1436 testimonio
522 1403 702 1434 litterarum
724 1405 834 1434 nostre
857 1402 1037 1434 maiestatis
1060 1401 1155 1444 sigilli
1179 1402 1295 1434 robore
1318 1403 1527 1444 signatam.

421 1454 542 1486 Datum
565 1454 652 1495 apud
675 1454 826 1496 Mengen,
850 1453 1008 1485 Kalendis
1030 1453 1114 1494 Iulii,
1139 1464 1222 1485 anno
1245 1453 1377 1486 Domini
1399 1454 1571 1486 millesimo
1595 1454 1822 1486 trecentesimo
1845 1455 1972 1496 quinto·
1990 1466 2018 1487 s·

313 1506 452 1547 decimo,
476 1506 567 1547 regni
590 1516 666 1537 vero
689 1506 789 1537 nostri
812 1516 895 1537 anno
919 1506 1033 1547 primo.

337 1749 413 1785 309.
449 1747 727 1785 SCRIPTUM
750 1747 989 1785 EIUSDEM
1010 1747 1087 1784 AD
1112 1747 1412 1785 CIVITATEM
1436 1746 1950 1785 CONSTANTIENSEM.

1010 1815 1120 1852 1315.
1160 1816 1227 1852 Iul.
1249 1817 1283 1852 3.
1957 1827 1963 1833 ·

429 1915 590 1956 Oriyinale
612 1916 648 1947 in
671 1915 830 1948 tabulario
845 1915 1074 1947 Karlsruhano
1097 1914 1209 1947 ‘Select
1223 1915 1279 1946 der
1293 1914 1597 1947 Kaiserurkunden’
1616 1926 1667 1947 nr.
1684 1915 1757 1947 190.
1797 1915 1977 1956 Descripsi-

317 1978 389 1999 mus
411 1977 477 1999 nos.
523 1967 565 1998 In
587 1977 673 1999 verso
696 1966 861 2007 leguntur:
883 1966 1100 1999 Prudentibus
1115 1966 1192 1998 viris
1215 1991 1221 1997 .
1241 1990 1248 1998 .
1272 1965 1442 2008 advocato,
1465 1968 1620 2009 magist-ro
1641 1967 1769 2010 civium,
1793 1967 1976 2000 oonsulibus
1993 1979 2019 2000 as

316 2022 350 2050 et
373 2018 494 2050 civibus
518 2018 742 2051 Constantien.
764 2018 915 2051 fidelibus
943 2019 1060 2050 nostris
1087 2017 1223 2050 dilectis.
1269 2017 1378 2059 Siyilli
1404 2019 1516 2051 secreti
1541 2028 1630 2051 cerae
1655 2019 1769 2051 rubeae
1797 2019 1890 2052 dorso
1918 2019 1976 2051 im-

309 2070 417 2110 pressi
439 2070 570 2110 vestiyia
592 2072 757 2110 apparent.
781 2087 824 2092 —
846 2069 1018 2102 laeditum.

423 2163 606 2195 Fridericus
636 2163 700 2195 Dei
734 2164 844 2205 gracia
872 2163 1094 2195 Romanorum
1128 2174 1187 2195 rex
1213 2173 1343 2204 semper
1372 2167 1528 2206 augustus
1599 2163 1812 2207 prudentibus
1839 2165 1914 2197 viris
1938 2189 1945 2197 .
1967 2189 1976 2197 .

317 2214 490 2255 advocato,
516 2239 522 2246 .
547 2239 553 2246 .
586 2215 741 2256 magistro
776 2216 908 2256 civium,
944 2215 1128 2247 consulibus
1162 2218 1196 2248 et
1230 2214 1353 2247 civibus
1384 2215 1696 2257 Constantiensibus,
1730 2215 1881 2248 fidelibus
1910 2217 1976 2248 suis

318 2265 444 2297 dilectis
509 2267 652 2308 graciam
675 2277 766 2298 suam
790 2270 823 2298 et
846 2277 941 2298 omne
965 2267 1094 2298 bonum.
1995 2278 2021 2298 so

425 2317 580 2349 Fidelitas
607 2321 715 2349 vestra
749 2318 844 2358 sciat,
879 2318 966 2360 quod
995 2321 1110 2350 vocato
1147 2329 1244 2360 super
1274 2318 1461 2361 captivitate
1485 2343 1493 2350 .
1512 2342 1519 2350 .
1543 2319 1642 2350 vestri
1665 2319 1818 2360 concivis,
1847 2319 1889 2351 de
1913 2330 1976 2362 quo

319 2368 466 2400 dolemus
489 2369 674 2410 plurimum,
703 2373 855 2402 strennuo
878 2371 946 2402 viro
975 2370 1122 2402 Iohanne
1152 2370 1300 2412 dapifero
1331 2370 1371 2402 de
1387 2369 1563 2412 Waltburg
1589 2369 1632 2402 ad
1661 2373 1770 2403 nostre
1798 2371 1978 2403 maiestatis

320 2421 535 2462 presenciam,
570 2421 631 2452 sibi
661 2421 872 2453 seriosissime
900 2422 1134 2463 commisimus,
1166 2424 1203 2453 ut
1232 2421 1420 2454 liberacioni
1453 2431 1511 2453 sue
1538 2422 1722 2454 intenderet
1751 2433 1824 2454 cum
1849 2422 1976 2455 effectu.

320 2470 384 2507 Qui
408 2471 434 2502 si
457 2472 489 2502 in
512 2482 550 2503 eo
573 2472 741 2514 negligens
765 2472 863 2504 fuerit
885 2475 941 2504 aut
963 2474 1127 2514 remissus,
1151 2476 1303 2505 strennuo
1325 2473 1395 2504 viro
1417 2472 1643 2515 Marq(uardo)
1667 2473 1708 2505 de
1732 2473 1978 2516 Schellemberg

320 2521 478 2554 advocato
502 2526 609 2555 nostro
633 2524 822 2565 provinciali
846 2524 1025 2556 distr-iccius
1048 2524 1196 2555 dedimus
1219 2524 1251 2555 in
1274 2525 1453 2566 preceptis,
1482 2527 1531 2565 ut,
1559 2524 1603 2556 ad
1626 2525 1713 2567 quod
1735 2525 1823 2557 idem
1845 2528 1978 2568 paratus
1996 2534 2022 2555 ει

323 2575 382 2613 est,
405 2573 598 2616 ubicumque
622 2579 729 2607 vester
753 2575 887 2607 ducetur
910 2576 1050 2607 concivis
1073 2576 1220 2617 captivus
1243 2585 1285 2607 ex
1307 2576 1370 2607 ista
1392 2579 1485 2617 parte
1508 2575 1664 2617 Danubii,
1693 2587 1752 2619 per
1775 2576 1977 2610 obsidionem

321 2626 356 2655 et
377 2624 508 2656 modum
533 2636 660 2657 omnem
684 2637 722 2658 ac
745 2628 829 2658 viam
852 2627 895 2658 ad
918 2627 968 2658 sui
990 2627 1222 2659 liberacionem
1243 2626 1384 2659 fideliter
1406 2627 1564 2659 elaboret.

428 2675 503 2707 Dat.
528 2677 614 2718 apud
637 2677 859 2720 Ravensburg,
883 2678 923 2710 V.
940 2678 1023 2710 Non.
1040 2678 1124 2720 Iulii,
1147 2679 1240 2720 regni
1262 2679 1362 2710 nostri
1385 2689 1469 2710 anno
1492 2679 1605 2721 primo.
