2184 3126
353 208 450 237 ACTA
468 209 582 237 REGNI
599 208 783 237 LUDEWICI
803 209 851 237 lv.
869 209 917 237 ΕΤ
937 209 1119 238 FmDmucx
1139 210 1188 237 111.
1226 209 1300 238 1324.
1336 210 1385 238 Nr.
1398 210 1457 239 990.
1475 210 1535 239 991.
1553 211 1613 240 992.
1759 215 1820 246 827

165 293 209 327 Et
230 304 293 326 non
316 298 472 328 venerant
494 299 627 338 propter
648 296 720 337 hoc,
745 300 795 329 set
817 296 914 329 modo
937 299 1105 330 moventur
1125 298 1171 329 eis
1195 298 1283 338 talia,
1307 297 1347 330 de
1364 297 1489 340 quibus,
1513 309 1584 331 cum
1600 299 1662 342 ipsi
1678 309 1821 331 recesse-

165 349 240 378 runt
262 345 303 379 de
326 346 442 388 Ianua,
465 357 529 380 non
553 348 613 380 fuit
635 349 821 390 cogitatum.
866 349 1031 390 Intellexi,
1060 348 1147 391 quod
1169 348 1224 381 alii
1248 348 1357 381 devoti
1379 350 1478 382 vestri
1501 349 1643 382 scribunt
1665 350 1756 382 vobis
1779 351 1821 384 de

165 399 305 430 tractatu
327 397 472 440 predicto
495 399 631 431 multum
655 399 750 441 plene
774 403 808 432 et
829 400 983 443 perfecte,
1007 401 1062 443 qui
1085 400 1170 432 bene
1193 401 1297 433 sciunt
1319 403 1353 433 et
1375 405 1532 434 noverunt
1552 402 1733 434 veritatem.

273 449 320 492 (3)
337 448 471 492 Senyor,
488 450 570 483 bene
586 450 752 483 audivistis
768 451 809 484 de
825 451 1028 493 Alamannia,
1045 452 1184 495 qualiter
1198 451 1380 494 publicatur
1395 452 1440 484 ibi
1456 463 1542 495 papa
1556 457 1710 496 tanquam
1725 454 1820 486 here-

133 511 146 532 1
164 501 246 533 110110
269 504 302 533 et
325 501 374 533 vir
395 502 601 544 sanguinum,
625 506 659 535 et
680 503 782 536 multa
805 503 869 535 alia
892 504 1025 535 crimina
1049 507 1082 536 et
1105 503 1261 544 desectus,
1286 514 1348 546 que
1373 507 1578 547 opponuntur
1599 508 1710 537 contra
1733 515 1818 538 eum.

163 551 323 594 Religiosi
346 554 559 586 communiter
581 554 740 587 adherent
761 555 830 597 regi
845 555 1051 596 Alamannie,
1073 555 1214 588 maxime
1238 555 1354 588 fratres
1369 555 1511 588 Minores
1534 559 1568 589 et
1591 567 1688 599 quam
1711 557 1821 600 plures

163 604 326 646 principes
353 607 386 637 et
414 606 597 647 populares.
650 606 807 639 Civitates
830 616 906 639 vero
935 606 975 639 de
999 606 1110 639 Ytalia
1136 608 1292 639 miserunt
1321 618 1417 650 quam
1445 608 1555 650 plures
1582 608 1736 650 sindicus,
1765 610 1820 652 qui

164 655 367 688 adherebunt
389 656 582 698 apellacioni
606 658 690 690 facte
714 662 825 690 contra
848 668 976 701 papam.

273 705 322 749 (4)
343 706 461 740 Nuncii
483 708 569 750 regis
583 708 720 742 Francie
744 720 807 742 non
825 709 982 742 recedunt
1002 709 1043 742 de
1059 710 1157 742 curia.
1194 710 1338 743 Intendit
1359 712 1428 753 ipse
1452 722 1511 744 rex
1535 711 1602 744 ad
1593 713 1764 755 imperium
1787 716 1821 745 et

121 767 147 788 ιο
163 760 281 790 tractat
303 761 458 801 quantum
481 763 597 802 potest.
649 760 723 793 Rex
746 761 864 804 Anglie
891 761 976 794 male
1007 761 1152 794 defendit
1180 766 1297 794 terram
1330 773 1419 795 suam
1443 764 1475 795 in
1498 762 1675 805 Vasconia,
1697 764 1819 797 nullum

163 809 300 842 militem
323 810 411 842 misit
433 810 475 842 ad
498 795 739 844 defendendum
762 823 822 845 nec
845 813 942 845 etiam
965 814 1168 856 peccuniam,
1191 813 1251 845 nisi
1276 814 1351 856 quia
1374 814 1476 847 frater
1498 825 1573 847 suus
1596 826 1667 847 cum
1691 815 1754 847 illis
1777 815 1818 848 (10

164 863 251 894 terra
278 860 424 894 defendit
451 863 542 895 iuxta
568 874 672 905 posse.
719 863 838 897 Comes
865 864 906 897 de
929 865 1134 897 Armanacho
1166 868 1199 898 et
1220 865 1391 898 Nemaneu
1419 866 1460 898 de
1483 866 1625 899 Lebreto
1655 870 1692 899 ut
1718 867 1820 900 fertur

163 912 376 956 prodiderunt
399 924 483 946 eum.
530 915 782 958 Quadringenti·
805 916 931 959 equites
954 915 1150 949 Gallicorum
1175 916 1217 949 ad
1240 917 1401 960 stipendia
1416 917 1676 950 Florentinorum
1700 919 1822 952 vadunt

163 965 380 1006 Florenciam,
410 977 545 1008 quorum
573 970 622 999 est
652 967 757 1010 capud
785 967 932 1000 dominus
956 967 1099 1000 Thomas
1125 968 1166 1000 de
1193 968 1345 1008 Mar-cano
1374 979 1483 1001 0011100
1507 968 1679 1012 Squilagii,
1709 974 1821 1003 contra

121 1027 144 1047 u
163 1017 397 1050 Gastruchium.

270 1069 316 1112 (5)
333 1069 405 1102 Pax
421 1074 576 1103 tractatur
591 1071 675 1104 inter
690 1082 801 1114 regem
816 1072 1009 1105 Alamannia
1026 1075 1059 1104 et
1075 1072 1191 1105 ducem
1205 1073 1343 1105 Austrie.
1379 1072 1438 1105 Set
1452 1084 1515 1106 non
1532 1074 1691 1116 reperitur
1705 1074 1820 1106 modus

161 1122 258 1164 plene
281 1122 478 1164 securitatis,
502 1124 578 1164 quia
600 1134 658 1155 rex
680 1124 873 1156 Alamannie
903 1124 996 1157 timet
1018 1124 1058 1156 (10
1083 1123 1180 1165 (11100,
1211 1134 1281 1156 011111
1311 1128 1397 1157 00001
1420 1124 1589 1166 liberatus,
1618 1125 1705 1168 quod
1733 1136 1820 1169 papa

163 1174 348 1207 absolveret
370 1184 444 1206 eum
468 1184 487 1206 a
503 1174 682 1207 iuramento
699 1179 732 1208 01
747 1175 818 1207 aliis
835 1179 869 1208 et
883 1178 998 1219 postea
1015 1175 1139 1208 faceret
1154 1175 1214 1207 sibi
1234 1186 1384 1219 magnam
1401 1186 1551 1219 guerram
1568 1187 1640 1208 cum
1657 1178 1818 1220 potencia,

162 1237 259 1270 quam
281 1226 350 1269 ipse
374 1226 439 1258 iam
462 1237 520 1269 per
543 1237 578 1259 se
602 1226 710 1259 habet.
756 1227 915 1269 Creditur,
939 1227 1025 1269 quod
1041 1228 1101 1259 nisi
1125 1227 1182 1259 det
1195 1237 1348 1269 magnam
1371 1231 1492 1260 terram
1515 1238 1574 1270 pro
1590 1229 1763 1261 securitate
1786 1232 1820 1261 et

118 1278 312 1321 ntuycione
335 1289 403 1318 sua,
427 1289 491 1311 non
514 1278 554 1310 (10
578 1279 666 1310 facili
680 1279 879 1320 liberabitur,
902 1279 1043 1311 maxime
1060 1279 1136 1321 quia
1152 1279 1206 1311 ille
1221 1279 1413 1312 maledictus
1427 1279 1584 1322 Lipoldus
1599 1279 1709 1322 vellet,
1733 1280 1819 1323 quod

162 1329 263 1363 frater
285 1341 361 1362 suus
384 1334 471 1363 esset
492 1333 636 1362 mortuus
659 1331 691 1362 in
714 1331 882 1373 capcione,
912 1330 955 1362 ad
984 1330 1046 1362 hoc
1071 1333 1108 1362 ut
1134 1331 1204 1373 ipse
1228 1330 1448 1363 dominaretur
1475 1331 1624 1371 ducatus,
1660 1335 1693 1363 et
1720 1342 1817 1375 papa,

163 1382 219 1426 qui
248 1381 304 1414 dat
334 1382 412 1414 satis
435 1382 536 1414 verba
558 1382 712 1425 Lipoldo,
743 1385 779 1414 ut
807 1381 1007 1414 contradicat
1028 1383 1098 1424 regi
1120 1381 1357 1423 Romanorum,
1381 1385 1432 1414 set
1454 1383 1625 1425 pecuniam
1648 1394 1712 1415 non
1734 1384 1819 1415 mitit

163 1433 234 1476 sibi,
258 1444 355 1476 quam
379 1433 483 1466 dictus
505 1433 663 1476 Lipoldus
685 1444 704 1466 a
726 1444 812 1476 papa
834 1433 956 1477 pluries
978 1434 1085 1476 peciit.
1132 1433 1206 1466 Alia
1227 1444 1291 1466 non
1315 1437 1397 1465 sunt.

269 1484 396 1528 Scripta
418 1485 589 1527 Avinione,
612 1486 723 1529 vigilia
746 1486 848 1518 sancti
869 1485 1004 1518 Mathei.

116 1603 142 1626 2⁶
364 1592 452 1629 991.
492 1591 708 1628 Litterarum
735 1591 831 1627 Petri
857 1590 899 1625 de
924 1589 1078 1626 Abbacia
1097 1589 1344 1649 fragmentum.
1451 1591 1542 1637 Sept.
1561 1593 1622 1628 20.

273 1666 434 1708 Oriqinale
456 1665 533 1708 (or.)
560 1665 674 1698 ibidem
696 1665 716 1697 l.
733 1675 757 1697 c.
781 1665 844 1705 Ap.
864 1674 912 1696 nr.
930 1664 981 1696 59.
1027 1663 1132 1705 Siqilli
1154 1665 1284 1705 vestiyia
1307 1665 1435 1698 adsunt.
1463 1685 1505 1691 -—
1535 1665 1598 1698 Ed.
1622 1665 1642 1698 l.
1661 1677 1687 1699 c.
1711 1667 1738 1706 I,
1754 1667 1817 1699 411

159 1721 224 1752 not.
248 1718 292 1750 ad
312 1729 362 1751 nr.
379 1718 444 1750 272
465 1728 505 1750 ex
528 1728 572 1749 or.
618 1717 800 1749 Editionem
822 1716 1002 1756 repetimus.

268 1786 381 1819 Nova¹
407 1786 448 1819 de
478 1786 567 1818 curia
596 1785 638 1818 ad
665 1796 799 1828 presens
831 1795 896 1817 11011
931 1788 1004 1817 011111
1037 1785 1096 1816 nisi
1129 1784 1169 1817 de
1198 1785 1422 1828 appellacione
1453 1797 1512 1828 per
1539 1786 1655 1818 ducem
1678 1787 1817 1820 Bavarie

161 1839 247 1872 facta
274 1844 316 1871 a·
343 1837 547 1881 processibus
575 1837 695 1870 domini
721 1847 818 1880 pape.
864 1837 963 1869 euius
991 1836 1122 1879 quidem
1150 1837 1384 1879 appellacionis
1414 1838 1508 1880 copia
1537 1838 1589 1870 hic
1619 1849 1681 1870 non
1709 1843 1817 1881 potest

116 1902 142 1922 ιο
160 1892 304 1934 reperiri,
323 1894 378 1923 set
400 1891 484 1923 bene
509 1890 635 1931 dicitur,
658 1889 744 1932 quod
768 1889 915 1921 dominus
938 1899 1023 1931 papa
1047 1899 1119 1920 eam
1142 1888 1243 1920 habet
1273 1889 1328 1921 diu
1357 1892 1414 1922 est.
1465 1889 1583 1922 Fertur
1614 1890 1700 1932 quod
1730 1890 1816 1923 dicta

159 1943 341 1986 appellacio
365 1943 397 1974 in
420 1941 538 1974 effectu
561 1941 623 1973 tria
646 1942 802 1982 continet,
829 1940 934 1983 primo
957 1943 1060 1972 totum
1083 1950 1269 1983 processum
1292 1951 1394 1983 pape,
1425 1940 1566 1974 secundo
1589 1952 1649 1984 per
1670 1942 1816 1974 raciones

159 1995 271 2027 nititur
294 1993 466 2026 ostendere
490 1993 670 2035 predictum
693 2002 880 2035 processum
902 2002 966 2024 non
989 1995 1100 2024 tenere
1124 1991 1164 2024 de
1187 1993 1270 2034 iure,
1299 1993 1399 2025 tercio
1427 1994 1534 2036 arguit
1557 1996 1590 2025 et
1611 1994 1761 2036 impingit
1783 1995 1815 2025 in

158 2055 331 2089 personam
354 2045 476 2083 domini
498 2055 583 2087 pape
606 2044 715 2087 aliqua
738 2043 919 2086 nephanda.
964 2043 1007 2075 Et
1029 2053 1126 2085 super
1141 2043 1202 2075 hiis
1219 2043 1322 2076 dictus
1337 2043 1403 2076 dux
1426 2045 1508 2086 petit
1522 2045 1630 2077 vocari
1646 2045 1817 2077 concilium

159 2097 313 2140 generale
335 2097 368 2129 in
390 2096 471 2129 urbe
493 2096 610 2128 Roma.
654 2095 781 2128 Dicitur
804 2096 916 2137 etiam,
945 2094 1032 2138 quod
1059 2095 1163 2127 dictus
1191 2095 1256 2127 dux
1287 2095 1469 2128 huiusmodi
1497 2096 1755 2138 appellacionem
1784 2097 1816 2128 in

117 2160 142 2181 ιι
159 2152 228 2182 1010
263 2149 409 2181 districtu
442 2159 500 2180 suo
528 2147 722 2179 Alamannie
753 2147 831 2179 facit
859 2147 988 2189 publice
1017 2146 1176 2189 predicari
1204 2151 1270 2179 tam
1298 2158 1358 2189 per
1389 2148 1532 2190 prelatos
1562 2158 1659 2190 quam
1687 2148 1815 2180 ordines

159 2201 430 2241 mendicandum,
454 2201 508 2243 qui
530 2211 589 2242 pro
612 2200 727 2232 maiori
749 2203 841 2242 parte
865 2209 986 2239 omnes,
1010 2202 1046 2231 ut
1067 2199 1169 2231 fertur
1191 2209 1250 2241 per-
1272 2199 1413 2241 aliquos,
1441 2199 1500 2231 sibi
1529 2199 1695 2232 adherent.
1745 2199 1815 2231 Nisi

163 2252 343 2286 Altissimus
365 2252 537 2295 provideat
560 2251 601 2283 (10
625 2254 783 2293 oportuno
806 2250 961 2291 remedio,
985 2250 1195 2282 dubitandum
1220 2253 1270 2282 001
1293 2250 1333 2283 de
1358 2250 1511 2283 scandalo
1536 2275 1542 2282 .
1562 2276 1568 2283 .

267 2303 342 2336 Dat.
359 2303 528 2344 Avinione,
552 2302 662 2346 vigilia
686 2303 773 2335 beati
795 2302 928 2334 Mathei.

161 2408 248 2446 992.
285 2408 500 2446 Litterarum
526 2410 675 2446 eiusdem
702 2409 751 2445 ad
777 2409 1002 2445 Bernardmn
1029 2409 1071 2444 de
1097 2408 1269 2444 Aversone
1294 2408 1536 2453 fraqmentum.
1642 2408 1733 2455 Sept.
1754 2411 1814 2445 20.

116 2493 143 2511 (ο
273 2481 433 2524 Originae
455 2482 532 2525 (or.)
555 2483 756 2515 chartaceum
779 2482 894 2514 ibidem
920 2481 939 2514 l.
956 2492 982 2514 c.
1012 2492 1061 2514 nr.
1077 2482 1173 2514 4122.
1226 2480 1334 2522 sigilli
1356 2483 1487 2523 vestiqia
1508 2482 1639 2515 adsunt.
1674 2501 1715 2506 —
1750 2483 1813 2515 Ed.

160 2533 180 2566 l.
196 2544 222 2567 c.
245 2533 274 2573 1,
295 2535 358 2566 410
379 2544 430 2566 nr.
445 2535 511 2566 272
532 2544 570 2566 ex
590 2545 635 2567 or.
680 2534 861 2566 Blitiomm
883 2533 1061 2574 repetimus.

268 2603 402 2652 Fertur¹
420 2603 507 2645 quod
523 2603 588 2635 dux
603 2603 742 2635 Bavarie
759 2602 912 2645 apellavit
934 2613 954 2634 a
970 2601 1100 2634 domino
1117 2613 1203 2645 papa
1223 2606 1256 2635 et
1272 2614 1291 2635 a
1307 2603 1511 2645 processibus
1526 2615 1585 2646 per
1599 2605 1703 2645 ipsum
1722 2604 1814 2636 factis

160 2658 271 2687 contra
304 2665 378 2687 eum
409 2658 443 2687 et
475 2655 507 2687 in
542 2654 737 2697 apellatione
765 2655 856 2696 ponit
884 2653 986 2686 multa
1016 2658 1050 2686 et
1077 2654 1218 2686 diver-ssa
1252 2655 1385 2687 crimina
1419 2655 1548 2688 domino
1583 2659 1691 2688 nostro
1719 2667 1814 2698 pape,

263 2731 330 2758 99⁰.
358 2732 382 2763 Ι)
400 2733 607 2765 Quandringenti
626 2741 664 2758 or.

114 2786 141 2806 ⁴⁵
262 2778 328 2806 991.
355 2779 380 2811 ⁸)
397 2783 425 2805 at
442 2779 481 2805 ed.

263 2834 291 2868 1)
310 2833 353 2861 De
370 2833 408 2860 eis
424 2841 494 2867 quae
508 2833 677 2867 praecedunt
694 2834 730 2867 cf.
750 2834 839 2862 Finke
857 2834 873 2862 1.
886 2842 906 2861 c.
926 2837 1023 2861 notam.

1539 2889 1605 2916 104‘
