2184 3126
134 808 159 829 2⁰

132 1322 160 1342 20

448 245 543 275 ACTA
563 234 677 274 REGNI
695 245 879 274 LUDEWICI
899 245 946 273 IV.
966 245 1012 273 m·
1032 245 1218 274 FRIDERICI
1236 246 1286 274 111.
1324 246 1398 274 1824.
1435 246 1484 274 Nr.
1496 246 1556 275 881.
1769 251 1832 280 (595

176 338 314 367 fecimus
336 347 394 366 seu
417 338 504 373 affigi,
527 346 582 372 que
606 346 767 373 processum
790 336 882 372 ipsum
906 345 957 365 suo
980 337 1062 372 quasi
1078 345 1180 365 sonoro
1196 337 1330 373 preconio
1346 339 1377 365 et
1391 337 1491 372 patulo
1507 337 1609 365 inditio
1625 337 1832 372 publicarent,

177 391 210 418 ut
238 385 343 418 dionis
372 386 495 418 electus
517 391 547 417 ct
575 389 624 416 alii
655 397 727 424 quos
754 383 841 416 idem
875 388 1100 424 contingebat&
1133 397 1281 424 processus
1314 389 1422 416 nullam
1455 391 1587 424 possent
1620 389 1832 416 excusationem

176 442 355 477 pretendere,
381 442 458 477 quod
481 441 516 469 ad
539 450 587 470 eos
610 449 667 469 non
690 440 894 476 pervenisset
917 440 960 468 vel
984 440 1060 475 quod
1083 440 1286 476 ignorassent
1309 441 1442 474 eundem,
1470 450 1533 468 cum
1560 449 1618 468 uon
1647 443 1739 468 esset
1762 440 1831 468 veri-

176 494 269 522 simile
303 494 397 529 quoad
425 493 502 529 ipsos
536 501 682 521 remanere
721 492 897 528 incognitum
935 492 979 520 vel
1013 492 1169 525 occultum,
1212 492 1288 527 quod
1325 490 1412 520 esset
1442 494 1501 520 tam
1535 494 1669 527 patenter
1702 492 1832 519 omnibus

176 546 370 581 publicatum.

285 594 314 625 3.
338 592 419 624 Post
434 591 515 624 hec¹²
532 595 640 623 autem
658 590 769 623 dilecti
792 591 849 623 filii
865 591 1019 623 Albertus
1042 590 1083 623 de
1099 590 1339 623 Swartzburch¹
1354 601 1491 633 magnus
1506 590 1696 633 preceptork
1713 590 1833 623 ordinis

176 643 346 686 hospitalis
376 643 484 675 Sancti
511 642 664 674 Iohannis
691 642 940 674 Ierosolimitani
972 652 1030 685 per
1059 642 1264 674 Alamaniam
1299 642 1445 674 necnon¹⁸
1469 643 1628 685 magistri¹
1650 642 1833 675 Ernestusss‘

176 694 218 727 de
241 694 369 727 Sebech
392 693 637 726 archidiaconus
660 693 908 736 Herbipolensis
931 697 964 726 et
986 693 1165 726 Henricus¹¹
1181 693 1222 725 de
1245 693 1376 726 Throno
1400 694 1572 727 canonicus
1594 693 1769 736 Pragensis
1791 694 1833 726 ad

175 745 288 778 sedem
322 745 534 788 apostolicam
569 745 782 787 personaliter
810 740 976 778 venientes
1005 755 1044 777 ac
1078 755 1186 778 coram
1215 745 1307 777 nobis
1341 754 1374 777 et
1401 746 1524 778 eisdem
1553 746 1724 778 fratribus⁰
1751 745 1834 778 infra

179 797 301 831 dictum
317 798 490 829 terminum
506 796 660 830 videlicet
674 797 752 829 1111.
767 796 849 830 Non.
866 797 986 830 mensis
1001 796 1163 829 Ianuarii¹²
1178 797 1328 839 proximo
1351 797 1497 839 preteriti
1520 797 1665 830 eiusdem
1681 797 1838 829 Ludovici

175 849 403 891 procuratorio
436 849 566 881 nomine
595 852 821 891 comparentes
851 859 949 891 super
978 847 1160 880 huiusmodi
1195 849 1444 891 procuratione⁴¹
1476 849 1638 891 quandam
1669 853 1835 891 patentem

130 935 136 937 ,
174 900 316 932 litteram
349 899 493 932 eiusdem
521 900 695 932 Ludovicir
722 903 757 932 ut
784 899 972 932 asserebant
1001 899 1106 942 sigillo
1136 909 1211 932 cere
1239 899 1312 931 albe
1340 900 1531 942 sigillatam,
1560 901 1591 932 in
1619 901 1709 932 cuius
1738 900 1835 943 sigilli

175 950 446 984 circumferentiis
469 955 540 983 erat
562 952 716 993 scriptum
732 951 927 984 ‘Ludovicus
942 951 1005 984 Dei
1028 952 1132 994 gratia
1147 951 1367 984 Romanorum
1391 962 1449 984 rex
1473 962 1602 994 semper
1618 952 1784 994 augustus'
1799 963 1836 985 ac

174 1003 207 1035 in
239 1002 356 1035 eodem
385 1003 490 1045 sigillo
521 1006 592 1035 erat
619 1004 744 1046 sculpta
772 1003 912 1046 quedam
939 1013 1057 1046 ymago
1084 1004 1176 1046 regia
1206 1003 1323 1036 sedens
1350 1004 1383 1035 in
1413 1004 1494 1036 solio
1521 1004 1626 1045 regio,
1662 1007 1776 1036 tenens
1803 1004 1835 1035 in

177 1065 276 1087 manu
299 1055 438 1087 dextera
460 1059 622 1097 sceptrum
650 1055 778 1098 regale,
806 1056 839 1087 in
862 1056 951 1087 cuius
973 1055 1159 1087 summitate
1189 1059 1262 1087 erat
1287 1066 1351 1087 una
1377 1065 1456 1087 crux
1478 1058 1513 1088 et
1533 1056 1565 1087 in
1588 1065 1686 1087 manu
1709 1055 1836 1086 sinistra

175 1117 273 1139 unum
305 1117 453 1149 pomum,
485 1107 516 1138 in
546 1117 611 1149 quo
640 1106 787 1139 similiter
810 1110 880 1139 erat
903 1106 1044 1149 desuper
1067 1107 1225 1149 quedam·
1249 1117 1342 1148 crux,
1367 1106 1522 1139 exhibere
1545 1107 1718 1139 curarunt‘.
1764 1106 1835 1143 Que

175 1157 307 1200 quidem
334 1158 444 1190 littera
467 1159 499 1190 in
523 1159 628 1200 prima
651 1158 737 1190 linea
765 1158 810 1190 sic
838 1158 965 1200 incipit:
993 1157 1073 1190 ‘Nos
1098 1157 1283 1190 Ludovicus
1304 1158 1368 1191 Dei
1397 1159 1502 1200 gratia
1529 1158 1750 1190 Romanorum
1777 1168 1835 1190 rex

175 1220 305 1252 semper
336 1213 493 1252 augustus
529 1209 569 1242 ad
602 1210 823 1242 universorum
860 1220 996 1252 quorum
1029 1210 1163 1242 interest
1195 1210 1359 1242 notitiam·
1396 1211 1544 1242 volumus
1574 1209 1775 1251 pervenire‘¹
1803 1213 1837 1241 et

176 1262 380 1294 continuatur
399 1262 430 1293 in
447 1261 607 1294 secunda:
631 1260 728 1304 'quod
744 1262 913 1304 religiosos
929 1265 963 1294 et
977 1261 1184 1294 honorabiles
1200 1262 1333 1295 fratrem
1349 1262 1520 1294 Albertum
1536 1261 1578 1294 de
1594 1261 1837 1294 Swartzburch¹¹

178 1323 332 1355 magnum
363 1317 588 1356 preceptorem
612 1313 732 1346 ordinis
761 1313 932 1356 hospitalis
955 1313 1063 1346 Sancti
1086 1313 1239 1346 Iohannis
1262 1313 1589 1346 lerosolimitani‘··².
1641 1313 1735 1345 Nona
1758 1323 1835 1346 vero

178 1364 264 1397 linea
281 1365 428 1398 eiusdem
444 1365 552 1398 littere
568 1365 680 1407 incipit
691 1361 854 1398 ‘summi'⁸
871 1369 905 1398 et
919 1365 1009 1398 XV.'
1025 1363 1148 1398 ‘tatem'
1158 1366 1171 1385 ⁴
1195 1369 1228 1398 et
1250 1366 1282 1397 in
1297 1365 1388 1398 XVI.
1405 1365 1518 1407 incipit
1530 1364 1814 1397 ‘Nuremberoh’'·
1824 1366 1837 1385 ⁸

177 1419 212 1448 et
249 1416 320 1448 finit
356 1416 500 1449 ‘nostri²⁸
548 1420 582 1448 et
614 1417 646 1448 in
683 1417 796 1449 ultima
834 1417 920 1450 linea
961 1421 1034 1449 sunt
1072 1417 1134 1450 due
1173 1417 1329 1449 dictiones
1366 1420 1505 1458 tantum,
1551 1415 1704 1448 videlicet
1739 1415 1835 1448 ‘anno

176 1467 332 1500 nono'¹·⁸.
415 1467 658 1511 Subsequenter
673 1478 750 1501 vero
773 1469 896 1511 pridiey
918 1468 1071 1501 videlicet
1092 1468 1176 1501 Non.
1199 1469 1318 1501 mensis
1341 1469 1486 1501 eiusdem
1510 1468 1588 1500 dicti
1610 1472 1836 1510 procuratores

176 1529 285 1551 coram
309 1519 404 1552 nobis
427 1523 461 1552 et
483 1519 606 1552 eisdem
629 1519 781 1552 fratribus
809 1520 1026 1552 exhibuerunt
1052 1521 1084 1551 in
1108 1521 1296 1552 consistorio
1323 1520 1485 1562 quandam
1513 1519 1780 1562 supplicationem
1803 1521 1836 1551 in

177 1571 304 1613 scriptis
327 1571 513 1613 specialiter
528 1572 756 1612 continentem,
780 1582 839 1614 per
854 1583 913 1604 nos
929 1582 1039 1604 eorum
1057 1571 1187 1606 domino
1203 1572 1346 1614 aliquem
1363 1575 1603 1614 competentem
1619 1575 1652 1603 et
1667 1570 1837 1604 decentem

177 1623 369 1655 terminum·
385 1623 545 1666 indulgeri
555 1623 578 1655 ⁷.
617 1623 689 1660 Qua
705 1623 939 1666 supplicatione
956 1623 1142 1665 diligentius
1158 1623 1322 1656 intellecta
1338 1623 1380 1655 de
1396 1624 1539 1666 ipsorum
1553 1622 1688 1655 fratrum
1705 1622 1838 1654 consilio

175 1673 327 1706 duximus
353 1674 494 1707 breviter
517 1674 788 1717 respondendum,
812 1674 898 1718 quod
922 1685 994 1707 cum
1018 1674 1123 1707 dictus
1144 1685 1313 1717 processus
1328 1677 1437 1707 noster
1453 1677 1563 1706 contra
1583 1673 1703 1706 dictum
1720 1673 1836 1706 ducem

176 1736 214 1758 ac
239 1727 379 1758 electum
404 1727 464 1759 rite
489 1730 523 1759 et
545 1737 642 1769 super
664 1727 790 1759 notorio
811 1730 897 1760 esset
912 1727 1017 1759 factus
1032 1731 1336 1769 competentemque
1353 1727 1525 1758 terminum
1539 1726 1730 1767 contineret,
1753 1725 1835 1757 infra

177 1788 274 1820 quem
299 1777 341 1810 ad
365 1778 511 1810 eiusdem
542 1778 631 1810 ducis
654 1788 711 1810 seu
736 1778 842 1820 electi,
872 1779 932 1810 nisi
956 1789 1015 1820 per
1037 1788 1111 1810 eum
1134 1779 1286 1819 stetisset,
1310 1778 1425 1810 deduci
1449 1778 1600 1809 noticiam
1623 1777 1782 1819 potuisset
1803 1780 1835 1809 et

180 1830 249 1871 ipse
272 1840 293 1861 a
316 1825 440 1862 temere
462 1831 658 1872 presumptis
680 1840 740 1872 per
762 1841 837 1862 eum
860 1830 983 1862 resilire
1006 1831 1142 1872 ipsaque
1158 1833 1312 1872 quantum
1337 1833 1408 1862 erat
1429 1829 1490 1861 sibi
1512 1828 1664 1871 possibile
1687 1832 1838 1871 potuerat

177 1890 349 1922 revocare,
382 1892 446 1913 non
469 1881 717 1914 intendebamus
740 1881 859 1914 dictum
883 1891 1070 1924 processum
1096 1881 1210 1914 tollere
1234 1881 1285 1913 vel
1309 1881 1505 1923 suspendere
1528 1880 1580 1912 vel
1602 1880 1709 1923 quoad
1732 1880 1835 1922 impe—

157 1931 330 1975 ⁴diendum
355 1933 508 1966 effectum
532 1933 764 1965 sententiarum
793 1933 824 1964 in
855 1943 894 1965 eo
922 1933 1060 1965 latarum
1089 1933 1259 1965 terminum
1283 1942 1471 1975 prorogare,
1499 1937 1626 1974 ymmo·
1648 1931 1837 1964 volebamus

178 1993 252 2016 eum
277 1984 384 2026 quoad
409 1985 517 2016 omnia
540 1988 692 2017 contenta
715 1986 746 2016 in
770 1985 840 2027 ipso
864 1989 897 2017 et
912 1986 1055 2027 ipsorum
1080 1984 1230 2017 effectum
1246 1986 1279 2016 in
1294 1995 1352 2016 suo
1368 1984 1464 2026 pleno
1478 1984 1589 2026 vigore
1606 1987 1704 2026 atque
1720 1983 1836 2016 robore

176 2045 378 2078 permanere.
424 2035 498 2068 Hoc
515 2040 623 2069 tamen
639 2037 729 2069 salvo
747 2036 834 2079 quod
850 2037 1098 2069 intendebamus
1112 2047 1215 2079 usque
1231 2036 1272 2068 ad
1289 2036 1370 2067 duos
1386 2045 1515 2068 menses
1529 2045 1550 2067 a
1565 2034 1642 2067 data
1657 2035 1837 2068 litterarum

178 2090 360 2120 nostrarum
389 2088 609 2120 confectarum
641 2099 738 2130 super
766 2088 852 2120 hocb
880 2088 1113 2131 computandos
1143 2099 1163 2120 a
1192 2087 1409 2130 publicatione
1438 2097 1608 2129 penarum,
1641 2097 1720 2129 quas
1748 2086 1836 2119 idem

176 2138 301 2171 electus
324 2143 458 2181 propter
490 2150 642 2172 excessus
672 2140 835 2182 predictos
862 2141 1040 2172 incurrerat
1067 2143 1100 2172 et
1129 2139 1171 2172 ab
1194 2140 1427 2182 aggravatione
1455 2148 1625 2180 processus
1654 2138 1836 2170 huiusmodi

176 2189 339 2224 abstinere
348 2192 370 2232 ⁸,
394 2194 489 2233 prout
511 2192 543 2223 in
567 2191 682 2225 litteris
704 2193 821 2224 nostris
844 2191 919 2223 inde
943 2192 1107 2233 confectis,
1130 2202 1210 2234 quas
1231 2196 1267 2223 ut
1289 2201 1457 2234 processus
1479 2193 1648 2222 contentus
1669 2191 1702 2221 in
1725 2191 1772 2222 eis
1794 2190 1836 2222 ad

176 2241 277 2282 ipsius
299 2241 395 2274 electi
420 2245 454 2274 et
476 2242 618 2274 omnium
635 2252 838 2274 communem
862 2242 1014 2274 noticiam
1037 2242 1214 2282 deveniret,
1237 2242 1269 2274 in
1293 2242 1437 2274 eiusdem
1454 2242 1680 2274 Avinionensis
1700 2242 1836 2274 ecclesie

176 2291 291 2324 hostiis
314 2293 458 2335 appendi
481 2293 629 2326 similiter
651 2294 787 2325 fecimus
803 2297 837 2326 et
852 2293 952 2336 affigi,
975 2294 1101 2335 plenius
1117 2294 1328 2326 continetur’.
1375 2293 1480 2331 Quam
1501 2292 1632 2335 quidem
1648 2293 1836 2326 dilationem

177 2342 255 2375 dicti
278 2347 508 2386 procuratores
530 2355 600 2377 cum
625 2346 802 2388 gratiarum
824 2345 1004 2377 actionibus
1027 2349 1246 2387 acceptarunt.

287 2397 317 2427 4.
342 2395 428 2428 Sane
451 2397 599 2438 quamvis
621 2396 741 2439 prefati
767 2397 863 2429 electi
886 2398 918 2428 in
941 2407 1004 2429 non
1028 2396 1194 2439 parendo⁰
1217 2397 1369 2438 predictis
1395 2397 1512 2429 nostris
1540 2395 1770 2429 monitionibus
1803 2400 1836 2428 et

175 2445 335 2478 mandatis
376 2446 596 2480 inobedientia
630 2449 780 2490 pertinax
808 2458 868 2480 nec
896 2448 978 2481 infra
1012 2448 1188 2480 secundum
1222 2449 1392 2480 terminum
1427 2448 1487 2480 sibi
1521 2458 1619 2490 super
1652 2448 1838 2480 huiusmodi

281 2543 350 2572 881.
379 2547 406 2575 fl)
424 2547 574 2580 contigebat
591 2546 616 2572 3.
706 2546 733 2579 h)
752 2548 801 2573 hoc
820 2546 844 2573 3.
932 2546 951 2579 ¹)
970 2548 1142 2573 Sirartiburch
1163 2547 1190 2577 l.-
1208 2549 1371 2574 Sintxbrueh
1388 2547 1414 2574 2.
1505 2547 1531 2579 Κ)
1550 2552 1722 2582 preceptor—
1733 2556 1833 2573 necnon

180 2586 272 2613 denunt
290 2586 314 2614 l.
389 2587 409 2620 ¹)
428 2589 551 2623 magister
570 2589 592 2615 l.
606 2589 630 2615 2.
709 2590 742 2623 ¹²¹)
762 2591 903 2624 Ernesturp
923 2590 946 2616 l.
958 2590 988 2619 2,·
1007 2591 1148 2616 Ernesturb
1166 2590 1192 2616 8.
1270 2591 1295 2623 Ιἱ)
1314 2592 1453 2617 Eeinricus
1469 2590 1494 2617 3.
1572 2590 1598 2623 ⁰)
1615 2590 1709 2616 nostris
1726 2590 1790 2616 add.
1808 2590 1833 2616 2.

176 2629 202 2662 Ρ)
222 2630 325 2656 Ianuar.
346 2629 373 2656 2.
387 2630 412 2657 3.
512 2631 537 2664 ⁸1)
556 2638 574 2665 p
592 2633 655 2659 add.
675 2632 698 2659 1.
797 2633 819 2664 r)
837 2634 1054 2667 procuratorio—
1066 2633 1213 2660 huiusmodi
1231 2632 1290 2667 (lin.
1303 2633 1344 2667 11)
1361 2642 1430 2667 sequ.
1449 2634 1486 2660 bi·
1502 2634 1634 2667 scrupeum,
1652 2633 1698 2659 sed
1715 2633 1788 2659 delet.
1810 2634 1831 2658 1.

176 2671 198 2704 ¹)
216 2672 285 2698 dcent
303 2672 334 2709 1..
407 2673 427 2706 ὓ)
449 2679 620 2707 procurarunt
637 2675 661 2701 1.
749 2676 774 2709 υ)
793 2676 960 2702 Sirarcburch
983 2675 1010 2705 1,·
1027 2676 1194 2702 stratzburoh
1212 2675 1243 2706 2,·
1261 2677 1425 2711 Swaruburg
1442 2676 1467 2703 3.
1555 2676 1580 2710 v)
1599 2677 1788 2710 quintadecima
1807 2675 1831 2701 2.

176 2716 207 2746 W)
227 2713 387 2750 Nuremberg
404 2715 429 2743 8.
515 2717 540 2750 ¹)
559 2718 602 2743 lx.
622 2717 645 2744 l.
727 2718 752 2750 y)
771 2719 804 2744 11.
822 2717 846 2744 2.
859 2717 883 2744 3.
966 2719 989 2749 ¹)
1008 2723 1080 2744 term.
1098 2723 1124 2745 et
1141 2719 1195 2745 deo.
1213 2718 1239 2745 2.
1320 2719 1345 2751 ⁸)
1364 2720 1441 2746 immo
1459 2718 1495 2751 2,·
1513 2720 1585 2746 lnmo
1603 2719 1628 2745 3.
1708 2718 1735 2751 1))
1754 2727 1831 2752 super

176 2758 224 2783 hoc
242 2759 310 2784 conf.
329 2758 353 2785 3.
441 2759 464 2791 ο)
483 2761 589 2793 parendi
606 2760 631 2787 3.

286 2821 313 2855 l)
333 2821 426 2855 Supra
440 2830 502 2857 paq.
515 2825 564 2850 63⁶
582 2822 631 2850 lin.
642 2826 676 2851 35
685 2831 720 2857 sq.
817 2823 846 2853 2)
864 2823 936 2851 Ibid.
955 2824 1001 2851 lin.
1013 2827 1092 2859 360⁹.
1193 2825 1220 2858 3)
1240 2825 1309 2861 Paq.
1324 2829 1376 2853 ⁶37
1391 2826 1440 2853 lin.
1455 2830 1493 2853 10.
1593 2826 1621 2859 4)
1641 2825 1711 2852 Ibid.
1730 2825 1780 2852 lin.
1795 2829 1837 2852 18.

136 2870 162 2890 so
183 2863 212 2897 5)
233 2862 300 2891 md.
319 2863 367 2891 lin.
379 2868 422 2893 20.
509 2865 536 2899 8)
554 2863 625 2893 md.
643 2865 691 2893 lin.
704 2869 744 2893 21.
833 2867 860 2901 7)
879 2866 970 2901 Supra
987 2875 1030 2894 m:
1043 2871 1103 2895 834.
1191 2868 1219 2902 8)
1237 2868 1289 2896 ΝΤ.
1303 2871 1352 2896 835
1369 2877 1426 2903 cap.
1439 2873 1463 2896 4.
1550 2869 1578 2901 9)
1597 2868 1648 2895 Nr.
1661 2871 1718 2895 ⁸39.

1852 806 1897 827 lan.
1908 809 1927 828 2.

1851 1480 1895 1502 lun.
1905 1483 1925 1502 ι.
