2190 3172
453 197 550 226 ACTA
567 197 684 225 amm
703 196 886 225 1201)waOE
905 195 952 224 lv.
970 196 1018 224 ΕΤ
1038 196 1222 224 FRlDERICI
1242 196 1290 224 111.
1327 196 1402 224 1315.
1439 196 1488 223 Nr.
1501 197 1559 224 269.
1578 197 1638 224 270.
1809 200 1871 231 233

490 345 1111 393 269—271.MANDATA
1140 344 1478 392 LUDEWICI
1506 345 1599 391 AD

250 409 851 459 ARCHIEPISCOPUM
885 408 1347 457 MOGUNTINUM
1387 409 1837 457 SPECTANTIA.

845 486 953 523 1315.
994 486 1079 523 Mai.
1099 486 1252 523 6..—25

680 616 767 653 269.
809 616 1022 652 Mandatum
1041 615 1207 662 primum.
1310 615 1400 651 Mai.
1421 618 1454 651 6.

183 701 195 720 ι
324 688 485 730 Oriyinale
513 689 549 721 in
575 689 734 722 tabulario
762 689 903 731 qenerali
934 690 1024 730 reym’
1052 689 1220 722 Bawarici
1248 689 1339 722 KLS
1362 700 1412 722 nr.
1434 691 1478 721 46
1514 700 1554 722 ex
1583 689 1710 721 archivo
1736 689 1873 729 capituli

213 741 359 774 ecclesiae
385 740 576 774 cathedralis
597 741 809 782 Moyuntinae
834 742 1028 781 proveniens.
1087 741 1326 782 Descripsimus
1356 751 1421 773 nos.
1475 740 1580 782 Siqilli
1609 741 1700 773 dorso
1728 740 1873 780 impressi

210 793 344 834 vestiyia
361 792 467 834 parva
489 792 620 825 adsunt.

321 851 482 892 Scriptum
503 853 549 884 est
570 851 677 884 eadem
699 862 798 885 manu
819 863 857 885 ac
878 863 979 893 supra
1000 863 1050 885 nr.
1068 854 1140 885 141.

320 911 468 951 Bo‘hmer,
491 911 567 953 Ray.
583 912 696 944 Dudw.
713 923 749 953 p.
767 914 788 944 6
808 923 858 945 nr.
876 914 927 945 98.

173 981 199 1002 ιο
328 971 376 1012 Of.
399 982 500 1012 supra
521 982 572 1005 nr.
587 972 663 1005 203.

321 1066 515 1100 Ludowicus
529 1066 593 1099 Dei
615 1066 726 1109 gracia
740 1066 961 1099 Romanorum
984 1077 1044 1099 rex
1066 1077 1196 1109 semper
1218 1069 1374 1109 augustus
1440 1067 1566 1099 dilectis
1590 1067 1650 1099 sibi
1674 1091 1682 1100 .
1700 1093 1707 1100 .
1730 1067 1872 1101 Holder-

213 1118 358 1152 homerio
382 1122 416 1150 et
431 1118 580 1151 Conrado
595 1118 750 1160 Dyemari
766 1118 889 1150 civibus
900 1118 1227 1159 Wormacien(sibus)
1294 1119 1437 1160 graciam
1457 1129 1549 1151 suam
1573 1123 1606 1151 et
1629 1130 1724 1151 omne
1741 1120 1871 1152 bonum.

320 1169 528 1203 Fidelitatem
552 1173 692 1202 vestram
714 1169 862 1202 volumus
885 1181 948 1202 non
971 1170 1089 1211 latere,
1120 1169 1207 1212 quod
1232 1174 1366 1212 propter
1387 1174 1482 1212 grata
1509 1170 1666 1213 obsequia
1694 1171 1786 1203 nobis
1812 1183 1872 1214 per

214 1222 434 1255 venerabilem
449 1221 584 1254 Petrum
607 1221 886 1264 archiepiscopum
902 1221 1126 1264 Moguntinum
1149 1221 1371 1264 multipliciter
1391 1222 1535 1254 exhibita
1559 1233 1596 1254 ac
1620 1224 1652 1254 in
1675 1223 1872 1256 refusionem

170 1285 194 1305 ιο
214 1284 428 1316 expensarum
451 1273 612 1316 gravium,
637 1283 717 1316 quas
739 1284 798 1316 pro
821 1276 931 1305 nostra
953 1273 1092 1305 utilitate
1116 1283 1153 1304 ac
1176 1274 1384 1315 promocione
1408 1274 1571 1316 sustinuit,
1594 1274 1655 1306 sibi
1679 1278 1712 1307 et
1735 1275 1872 1308 ecclesie

212 1324 400 1369 Moguntine
424 1330 564 1358 castrum
586 1329 731 1357 nostrum
753 1326 785 1357 in
807 1325 1027 1367 Rychenstein
1050 1324 1241 1357 tradidimus
1264 1328 1298 1358 et
1324 1325 1514 1357 donavimus
1538 1326 1640 1367 tytulo
1664 1327 1872 1368 proprietatis

213 1387 272 1420 per
286 1377 391 1420 ipsum
415 1380 448 1409 et
471 1377 641 1410 ecclesiam
656 1376 878 1419 Mogontinam
896 1380 1053 1419 perpetuo
1070 1376 1300 1419 possidendum
1310 1377 1333 1409 ¹.
1367 1378 1475 1415 Quare
1491 1377 1584 1409 vobis
1601 1377 1715 1410 damus
1737 1378 1873 1410 firmiter

213 1429 245 1460 in
268 1428 429 1461 mandatis
452 1431 486 1460 et
507 1427 567 1461 sub
591 1428 701 1461 debito
724 1428 899 1469 fidelitatis,
923 1439 986 1471 quo
1010 1427 1103 1460 nobis
1125 1428 1348 1471 astringimini,
1372 1428 1464 1460 vobis
1487 1429 1716 1461 committimus
1739 1430 1871 1471 seriose,

214 1482 250 1512 ut
271 1480 433 1523 prefatum
455 1483 595 1512 castrum
617 1483 777 1520 nostrum,
805 1483 976 1522 postquam
999 1491 1019 1512 a
1042 1479 1133 1511 vobis
1155 1479 1339 1512 absolutum
1363 1480 1474 1522 fuerit,
1503 1480 1565 1512 sibi
1594 1484 1627 1512 et
1654 1480 1792 1512 ecclesie
1815 1491 1873 1513 sue

170 1540 197 1561 πο
214 1531 403 1574 Moguntine
426 1532 478 1564 vel
511 1531 580 1564 eius
608 1533 794 1570 successori,
825 1533 851 1563 si
880 1532 964 1564 forte
989 1531 1075 1574 quod
1103 1531 1199 1573 absit,
1228 1534 1402 1574 antequam
1434 1543 1454 1564 a
1476 1531 1567 1564 vobis
1597 1533 1702 1574 ipsum
1732 1535 1873 1565 castrum

214 1583 447 1623 absolveretur,
472 1593 546 1615 eum
569 1583 730 1616 decedere
754 1584 956 1626 contingeret
979 1583 1020 1615 ab
1043 1583 1104 1615 hac
1127 1584 1210 1623 luce,
1234 1594 1308 1615 cum
1331 1594 1390 1625 per
1411 1584 1512 1625 ipsius
1534 1583 1587 1615 vel
1609 1585 1802 1615 successoris
1825 1585 1874 1616 sui

214 1638 271 1666 aut
293 1635 425 1677 capituli
447 1635 628 1677 Moguntini
652 1635 776 1668 litteras
799 1639 855 1667 aut
877 1639 982 1667 certos
1004 1636 1137 1667 nuncios
1159 1635 1305 1677 requisiti
1328 1634 1468 1674 fueritis,
1497 1634 1632 1666 tradatis
1655 1636 1723 1666 sine
1747 1639 1873 1668 contra-

215 1685 360 1718 diccione
384 1686 530 1728 qualibet
553 1690 587 1718 et
609 1687 792 1729 assignetis,
820 1687 908 1729 ipsos
935 1687 966 1718 in
996 1687 1199 1728 corporalem
1222 1687 1463 1728 possessionem
1489 1686 1635 1718 eiusdem
1659 1688 1756 1718 castri
1779 1687 1873 1719 indu-

215 1737 327 1770 cendo.
372 1737 415 1770 Et
437 1738 478 1770 de
501 1738 561 1770 hoc
584 1739 693 1770 statim
717 1739 791 1770 visis
814 1738 1017 1780 presentibus
1041 1737 1102 1769 sibi
1126 1739 1313 1770 caucionem
1337 1738 1551 1770 sufficientem
1575 1738 1716 1778 faciatis,
1746 1738 1786 1770 de
1810 1749 1874 1781 qua

172 1798 197 1819 ιε
216 1788 299 1821 bene
322 1788 436 1822 valeat
453 1791 642 1822 contentari.

321 1848 396 1882 Dat.
412 1849 550 1892 Monaci,
574 1861 657 1883 anno
680 1851 812 1883 Domini
834 1851 1006 1883 millesimo
1030 1851 1256 1883 trecentesimo
1280 1849 1531 1892 quintodecimo,
1556 1849 1661 1892 pridie
1684 1850 1766 1882 Non.
1783 1850 1873 1891 Maii,

216 1901 308 1943 regni
331 1910 407 1933 vero
430 1903 530 1934 nostri
553 1913 637 1935 anno
660 1903 775 1945 primo.

638 2033 725 2071 270.
766 2035 980 2071 Mandatum
1007 2035 1203 2071 secundum.
1308 2033 1401 2069 Mai.
1421 2034 1454 2069 6.

326 2106 488 2147 Originale
509 2107 714 2148 deperditum.
763 2109 862 2149 Copia
885 2110 940 2150 (c.)
967 2110 1003 2141 in
1026 2108 1142 2141 Rotulo
1169 2106 1323 2140 tabularia·
1349 2107 1461 2139 secreti
1488 2105 1599 2138 domus
1623 2105 1726 2146 reyiae
1749 2105 1871 2137 Bama-

172 2166 199 2187 ιο
216 2159 309 2191 ricae.
343 2177 385 2183 -
419 2159 480 2192 Ed.
511 2159 736 2193 Winkelmann
762 2161 856 2193 ‘Acta
884 2161 1011 2201 imperii
1037 2159 1172 2192 inedita’
1200 2159 1253 2199 ΙΙ,
1279 2159 1344 2190 290
1371 2169 1421 2190 nr.
1446 2158 1509 2189 460
1537 2168 1576 2189 ea:
1608 2167 1634 2189 c.
1691 2157 1874 2189 Editionem

216 2209 394 2251 repetimus.

322 2297 514 2330 Ludewicus
536 2298 600 2330 Dei
627 2299 732 2340 gratia
755 2298 975 2330 Romanorum
1006 2308 1065 2330 rex
1092 2307 1222 2339 semper
1249 2299 1403 2338 augustus
1481 2295 1624 2327 Henrico
1649 2295 1689 2327 de
1706 2295 1873 2327 Winther-

214 2348 302 2380 heim
327 2348 420 2380 militi
444 2353 477 2381 et
500 2348 521 2392 [.
546 2349 567 2392 .]
592 2349 678 2382 dicto
701 2349 915 2392 Breytscheyt
937 2350 1109 2392 armigero,
1132 2348 1281 2381 fidelibus
1303 2348 1369 2379 suis
1440 2347 1583 2389 graciam
1606 2357 1697 2378 suam
1722 2350 1756 2379 et
1778 2358 1873 2379 omne

219 2398 346 2432 bonum.

173 2461 198 2482 ιι
323 2450 532 2484 Fidelitatem
555 2455 695 2484 vestram
718 2452 864 2484 volumus
886 2463 950 2484 non
973 2452 1090 2492 latere,
1120 2451 1206 2494 quod
1236 2455 1369 2493 propter
1393 2456 1487 2492 grata
1511 2450 1667 2491 obsequia
1695 2450 1787 2481 nobis
1815 2461 1874 2492 per

216 2502 434 2535 venerabilem
450 2503 585 2536 Petrum
608 2504 886 2546 archiepiscopum
903 2503 1125 2545 Moguntinum
1150 2502 1298 2534 exhibita
1320 2512 1357 2534 ac
1381 2502 1413 2533 in
1436 2502 1632 2534 refusionem
1657 2511 1871 2543 expensarum

216 2554 376 2595 gravium,
406 2565 486 2597 quas
511 2565 571 2597 pro
593 2559 703 2588 nostra
724 2555 865 2587 utilitate
887 2565 926 2587 ac
948 2555 1156 2597 promocione
1179 2554 1341 2594 sustinuit,
1371 2553 1432 2585 sibi
1460 2556 1494 2585 et
1521 2552 1660 2584 ecclesie
1684 2553 1872 2594 Moguntine

214 2607 353 2638 eastum
373 2609 519 2638 nostrum
539 2606 737 2639 Riohensten
760 2606 950 2639 tradidimus
979 2611 1013 2638 et
1041 2606 1231 2638 donavimus
1259 2605 1352 2637 titulo
1380 2605 1588 2647 proprietatis
1618 2614 1677 2645 per
1701 2605 1805 2646 ipsum
1834 2608 1868 2635 et

215 2656 386 2694 ecclesiam
400 2657 622 2700 Moguntinam
645 2662 803 2701 perpetuo
819 2658 1079 2700 possidendum1.
1118 2658 1226 2694 Quare
1243 2656 1334 2688 vobis
1357 2656 1471 2688 damus
1496 2655 1631 2687 firmiter
1653 2657 1686 2686 in
1709 2654 1870 2687 mandatis

172 2723 200 2743 ω
217 2710 251 2739 et
267 2707 334 2753 *sub
361 2707 472 2741 debito
494 2709 659 2742 fidelitatis
681 2710 772 2742 vobis
795 2710 1023 2742 committimus
1051 2710 1187 2747 seriose,
1217 2713 1253 2741 ut
1283 2708 1443 2750 prefatum
1477 2711 1630 2745 castrum,
1662 2708 1744 2738 sicut
1775 2706 1871 2746 idem,

323 2803 348 2835 1)
370 2801 411 2835 Cr.
429 2810 516 2836 supra
533 2811 575 2830 mx
591 2806 626 2830 58
644 2811 702 2836 cap.
717 2807 741 2830 3.

320 2871 359 2890 u..
376 2871 590 2890 constitu-nonas
608 2872 633 2891 v.
1632 2859 1667 2886 30
