2184 3126
244 384 293 405 cap.
305 381 334 400 io.

355 182 415 212 754
625 175 721 204 ACTA
739 174 852 202 REGNI
872 173 1054 201 LUDEWICI
1073 173 1120 200 IV.
1138 172 1185 199 ET
1204 171 1389 199 FRIDERICI
1408 171 1457 198 111.
1494 170 1569 198 1324.
1605 171 1654 198 Νι.
1667 171 1726 199 944.

353 278 382 297 se
406 270 613 303 representare
636 264 784 294 curarent
806 265 981 293 satisfacturi
1003 265 1037 291 de
1053 263 1197 299 premissis
1212 263 1294 290 iuxta
1308 262 1474 289 mandatum
1490 261 1609 289 Romani
1625 262 1776 298 pontificis,
1799 262 1829 290 in
1844 263 2001 298 predictam

354 319 652 348 excommunicationis
675 317 846 345 sententiam
869 310 1052 343 reciderent
1074 315 1136 349 ipso
1158 314 1244 341 facto.

463 376 510 406 10.
544 378 581 405 Et
610 380 642 405 ut
673 372 789 414 prefati
822 381 990 413 processus
1018 370 1118 401 nostri
1145 374 1181 400 ad
1208 373 1334 401 eiusdem
1363 373 1445 400 electi
1477 374 1507 400 et
1534 373 1658 401 aliorum
1687 382 1807 408 quorum
1838 374 2001 402 intererat

353 439 527 458 communem
542 429 679 456 noticiam
701 423 897 462 devenirent,
921 427 1014 453 cartas
1037 425 1096 452 sive
1119 424 1297 452 membranas
1320 432 1476 459 processus
1499 424 1679 452 continentes
1699 425 1823 453 eosdem
1846 423 2001 464 tempori-

350 478 409 509 bus
438 476 551 518 quibus
578 476 654 506 facti
677 474 805 506 fuerunt
827 478 876 504 in*
898 474 1125 510 Avinionen(sis)
1149 476 1284 503 ecclesiae
1309 470 1409 503 ostiis‘
1430 476 1554 510 appendi
1576 476 1723 504 fecimus
1746 485 1805 504 seu
1827 477 1914 512 affigi,
1946 487 2002 512 que

348 529 435 569 ipsos
457 540 607 566 processus
630 539 680 557 suo
703 529 783 564 quasi
807 537 909 556 sonoro
931 528 1065 563 preconio
1090 530 1120 555 et
1142 528 1241 562 patulo
1264 527 1369 554 indicio
1392 527 1622 562 predicarent⁸‚
1638 525 1671 554 ut
1686 528 1830 563 predictus
1846 529 1952 557 electus
1973 531 2003 557 et

349 583 407 616 alii,
431 592 500 617 quos
516 591 662 617 processus
678 581 740 615 ipsi
757 580 922 615 tangebant,
946 580 1054 607 nullam
1069 581 1205 614 possent
1227 578 1442 606 excusacionem
1462 579 1639 613 pretendere,
1662 579 1739 614 quod
1754 579 1791 606 ad
1806 588 1854 607 eos
1869 576 2002 608 minime

349 633 573 667 pervenissent
599 632 642 659 vel
668 631 742 665 quod
765 631 973 666 ignorassent
996 630 1133 662 eosdem,
1163 638 1226 656 cum
1249 637 1302 656 non
1329 630 1426 656 esset
1454 628 1606 656 verisimile
1637 629 1730 663 quoad
1754 629 1830 664 ipsos
1859 639 2002 659 remanere

350 685 525 720 incognitum
556 685 600 711 vel
631 684 784 716 occultum,
814 683 890 718 quod
919 685 978 710 tam
1006 684 1139 717 patenter
1166 680 1251 710 esset
1280 681 1410 709 omnibus
1438 681 1643 716 publicatum.
1699 676 1843 710 Eosdem
1871 687 2001 720 quoque

349 731 495 763 faciendo
518 741 687 772 processus
710 735 881 762 auctoritate
904 734 1062 769 apostolica
1085 733 1298 766 decrevimus,
1322 733 1398 767 quod
1413 741 1561 767 processus
1577 733 1643 768 ipsi
1666 734 1808 768 prefatum
1831 734 1951 762 electum
1968 736 1999 762 et

348 787 419 814 alios
443 787 619 822 supradictos
643 786 917 821 apprehenderent
940 787 970 813 et
993 787 1173 818 artarent,
1201 785 1259 812 acsi
1283 784 1389 812 eisdem
1411 784 1600 819 personaliter
1622 785 1772 820 publicati
1796 787 1825 813 et
1852 785 2000 813 insinuati

349 839 504 866 solenniter
519 838 728 871 extitissent,
753 838 957 865 constitutione
973 845 1140 871 quacunque
1164 831 1342 874 apostolica
1364 836 1394 863 in
1411 836 1585 863 contrarium
1605 836 1683 864 edita
1697 845 1755 864 non
1772 837 1913 870 obstante,
1937 846 2000 865 cum

348 890 383 916 ad
405 890 529 917 eiusdem
552 889 636 917 electi
665 889 838 924 presentiam
865 898 915 923 pro
938 884 1016 926 ipsis
1038 888 1233 922 processibus
1257 887 1447 922 publicandis
1479 889 1508 915 et
1535 888 1722 916 insinuandis
1755 883 1861 916 eidem
1885 897 1999 917 securus

348 950 405 967 non
428 942 561 975 pateret
583 949 712 968 accessus
735 949 787 968 nec
810 941 955 974 possent
979 939 1094 966 comode
1118 939 1295 973 singulorum
1318 947 1388 973 quos
1412 939 1599 975 tangebant
1621 939 1737 967 auribus
1759 940 1906 968 inculcari.

458 999 506 1027 11.
531 995 674 1027 Verum¹¹
691 996 766 1037 quia
781 995 864 1027 infra
884 996 1046 1037 prefatum
1063 995 1158 1027 trium
1182 995 1340 1027 mensium
1364 995 1509 1036 spacium
1533 994 1641 1027 eidem
1655 995 1823 1027 Ludovico
1839 995 1881 1027 ad
1897 995 1998 1038 depo-

348 1047 487 1079 nendum
510 1047 637 1078 titulum
660 1048 784 1089 regium
801 1050 835 1078 et
849 1046 891 1078 ab
907 1047 1184 1078 administratione
1207 1046 1298 1088 regni
1315 1050 1348 1078 et
1371 1046 1511 1078 fautoris
1534 1046 1750 1079 hereticorum
1773 1050 1807 1080 et
1828 1047 2000 1080 rebellium

346 1099 563 1140 predictorum
592 1099 719 1140 penitus
742 1098 965 1130 abstinendum
989 1108 1113 1130 necnon
1141 1097 1272 1130 realiter
1300 1101 1333 1129 et
1355 1108 1428 1129 cum
1452 1097 1587 1140 effectu,
1617 1108 1808 1140 quecunque
1837 1098 1879 1130 de
1902 1098 2001 1139 facto,

347 1160 419 1181 cum
442 1161 504 1181 non
526 1150 684 1191 potuisset
707 1149 747 1181 de
764 1150 843 1190 iure,
868 1153 1021 1191 tanquam
1044 1159 1102 1181 rex
1117 1149 1338 1181 Romanorum
1361 1152 1516 1191 gesserat,
1541 1153 1696 1191 quantum
1713 1149 1774 1182 sibi
1797 1149 1882 1182 foret
1895 1151 1999 1192 possi-

346 1201 412 1233 bile
435 1201 650 1233 revocandum
673 1201 829 1243 nobisque
853 1206 886 1233 et
909 1201 1045 1233 ecclesie
1068 1200 1329 1233 satisfaciendum
1353 1200 1394 1232 de
1410 1201 1543 1242 iniuriis,
1567 1200 1697 1233 offensis
1713 1205 1745 1233 et
1760 1201 2000 1243 gravaminibus

347 1263 404 1294 per
426 1253 581 1294 premissa
604 1252 697 1283 nobis
720 1255 753 1284 et
781 1252 887 1284 eidem
911 1253 1048 1284 ecclesie
1073 1255 1196 1284 temere
1221 1252 1370 1294 irrogatis
1392 1262 1431 1284 ac
1455 1252 1496 1284 de
1520 1252 1684 1294 premissis
1711 1262 1771 1294 per
1796 1252 1999 1286 authenticas

346 1304 469 1335 litteras
491 1304 543 1336 vel
565 1304 776 1335 instrumenta
799 1304 942 1345 publicai
966 1315 1024 1335 nos
1047 1304 1201 1336 certiores
1224 1303 1426 1335 reddendum
1453 1306 1487 1336 et
1509 1303 1592 1336 hec*
1615 1304 1675 1336 sub
1703 1315 1787 1346 pena
1809 1305 1999 1347 privationis

346 1355 448 1387 omnis
471 1356 556 1396 iuris,
581 1356 607 1386 si
630 1355 716 1397 quod
740 1356 769 1387 ei
794 1366 835 1387 ex
858 1366 915 1387 sua
938 1356 1096 1387 electione
1119 1355 1266 1397 predicta
1295 1355 1337 1387 ad
1361 1355 1448 1388 dicta
1476 1366 1612 1398 regnum
1641 1356 1692 1389 et¹
1714 1357 1888 1398 imperium
1910 1367 1998 1389 com-

345 1407 478 1448 petebat
514 1418 571 1439 seu
609 1407 834 1448 competierat,
872 1407 982 1449 quam¹
1014 1408 1073 1438 nisi
1112 1407 1275 1449 premissis
1313 1411 1445 1449 pareret
1479 1408 1669 1449 efficaciter,
1705 1418 1780 1439 eum
1811 1409 1882 1450 ipso
1910 1408 1997 1441 facto

2018 745 2043 766 10

344 1458 505 1490 incurrere
520 1458 688 1498 voluimus,
712 1461 808 1500 prout
830 1459 976 1500 superius
997 1458 1122 1500 plenius
1145 1459 1362 1499 concinatam,
1386 1469 1510 1490 necnon
1533 1462 1567 1491 et
1589 1469 1687 1502 super
1701 1459 1795 1491 dictis
1811 1459 1998 1492 excessibus
2014 1465 2022 1468 “

346 1512 378 1540 et
400 1510 522 1541 iniuriis
545 1520 582 1541 ac
609 1520 706 1552 super
728 1521 812 1551 pena
835 1511 1022 1551 privationis
1048 1510 1194 1552 predicta
1223 1510 1418 1542 declaranda
1452 1521 1511 1543 seu
1537 1510 1706 1543 inferenda
1735 1514 1768 1543 et
1794 1512 1887 1553 penis
1915 1511 1997 1553 aliis,

345 1561 459 1602 quibus
490 1572 640 1593 excessus
663 1564 696 1593 et
725 1557 945 1594 inobedientia
972 1573 1009 1594 ac
1039 1565 1243 1604 contemptus
1277 1561 1415 1604 predicti
1443 1561 1619 1594 obnoxium
1651 1572 1726 1594 eum
1757 1562 1998 1604 reddiderant¹¹‚

345 1612 545 1644 diffinitivam
568 1614 759 1645 sententiam
784 1616 817 1645 et
839 1616 982 1645 nostrum
1007 1613 1245 1655 beneplacitum
1268 1613 1476 1655 audiendum,
1501 1616 1656 1655 quantum
1671 1616 1814 1646 nostrum
1830 1617 2000 1656 pateretur

345 1664 493 1704 officium,
518 1675 576 1706 per
599 1676 656 1696 nos
679 1666 898 1707 peremptorie
921 1666 1133 1707 assignatum,
1157 1665 1243 1698 idem
1267 1665 1452 1697 Ludovicus
1474 1675 1535 1697 nec
1558 1675 1617 1707 per
1638 1676 1674 1697 se
1697 1666 1916 1708 comparuerit
1937 1676 1998 1698 nec

344 1716 424 1747 alius
447 1726 504 1757 pro
527 1716 643 1747 eodem
666 1727 726 1748 nec
750 1716 879 1758 quidem
904 1716 1050 1758 predicta
1073 1716 1256 1758 impleverit
1278 1716 1361 1748 infra
1384 1717 1565 1759 predictum
1588 1717 1770 1758 terminum,
1793 1727 1866 1749 cum
1882 1727 1942 1750 nec
1957 1726 1998 1750 ea

344 1768 501 1799 curaverit
523 1767 711 1809 adimplere,
735 1769 793 1800 sed
816 1768 896 1799 illis⁰
912 1769 1024 1810 pocius
1046 1768 1158 1810 peiora
1181 1767 1340 1800 studuerit
1363 1769 1537 1809 cumulare,
1561 1774 1641 1801 nec¹²
1655 1779 1715 1801 nos
1737 1779 1796 1811 per
1818 1768 1998 1801 autenticas

343 1818 465 1849 litteras
487 1819 539 1850 vel
562 1820 772 1851 instrumenta
794 1819 924 1861 publica
947 1819 1124 1852 reddiderit
1147 1820 1311 1860 certiores,
1334 1820 1411 1852 licet
1433 1824 1508 1852 tunc
1524 1821 1640 1852 merito
1655 1821 1871 1863 potuissemus
1886 1823 1999 1853 contra

342 1869 447 1910 ipsum
471 1870 645 1910 procedere
663 1871 731 1902 eius
747 1875 898 1912 proterva
914 1871 1116 1903 contumacia
1133 1872 1296 1913 exigente,
1321 1871 1361 1904 de
1378 1872 1577 1914 benignitate
1594 1875 1702 1904 tamen
1719 1871 1805 1904 sedis
1819 1873 1998 1915 apostolice

343 1930 380 1952 ac
405 1920 444 1952 de
472 1921 606 1952 fratrum
634 1922 851 1963 predictorum
882 1923 1014 1954 consilio
1047 1923 1153 1965 ipsum
1179 1934 1282 1965 usque
1310 1923 1353 1955 ad
1383 1923 1469 1956 diem
1498 1928 1682 1966 presentem
1711 1924 1791 1956 hora
1819 1925 1999 1957 consistorii

343 1972 491 2003 duximus
514 1973 762 2014 expectandum.
807 1974 888 2006 Cum
913 1975 1021 2017 itaque
1045 1985 1104 2007 nec
1120 1975 1268 2006 interim⁰
1285 1975 1503 2017 comparuerit
1518 1986 1578 2008 nec
1601 1975 1707 2008 adhuc
1722 1976 1792 2017 ipse
1809 1980 1998 2018 compareat

342 2034 400 2054 nec
424 2024 538 2065 aliquis
561 2025 642 2056 alius
666 2036 723 2066 pro
740 2025 865 2064 eodem,
889 2026 929 2058 de
946 2027 1080 2058 fratrum
1097 2027 1285 2059 eorumdem
1303 2027 1436 2059 consilio
1453 2027 1615 2069 prefatum
1631 2027 1772 2059 electum
1787 2031 1997 2069 reputamus·¹

342 2078 374 2106 et
397 2075 597 2107 declaramus
619 2077 734 2108 merito
759 2080 980 2110 contumacem
1004 2078 1137 2120 eiusque
1154 2079 1390 2110 contumaciam
1414 2081 1480 2110 tam
1502 2079 1554 2110 in⁰
1569 2089 1634 2110 non
1657 2078 1874 2120 compar-endo
1898 2089 1996 2121 quam

342 2126 373 2156 in
400 2132 482 2158 non‘
505 2128 738 2169 acquiescendo
765 2130 881 2160 nostris
909 2130 1055 2171 superius
1086 2130 1282 2171 expressatis
1309 2130 1503 2162 salutaribus
1526 2130 1656 2162 monitis
1678 2133 1712 2162 et
1734 2130 1897 2162 mandatis
1919 2141 1996 2163 con-

342 2177 497 2209 tinuatam
525 2182 734 2221 auctamque⁸
765 2180 1005 2213 considerantes
1034 2184 1172 2222 attente,
1208 2191 1249 2213 ne
1279 2181 1434 2224 deinceps
1460 2181 1569 2223 plures
1601 2181 1710 2213 trahat
1737 2182 1769 2213 in
1801 2183 1849 2214 sui
1879 2183 1997 2215 erroris

343 2228 480 2269 devium,
504 2229 545 2261 ad
568 2230 653 2272 quod
676 2242 733 2263 sua
749 2234 817 2263 tota
841 2232 917 2264 ferri
937 2232 1064 2265 videtur
1086 2233 1231 2274 intentio,
1256 2236 1290 2265 et
1312 2243 1353 2265 ne
1377 2233 1418 2265 de
1443 2236 1532 2265 tanta
1555 2234 1757 2265 contumacia
1780 2233 1946 2276 glorietur,
1970 2235 1997 2266 si

342 2279 461 2311 iustitia
483 2281 614 2313 ulterius
638 2282 803 2315 differatur
826 2285 966 2325 omnino,
988 2295 1046 2316 nos
1060 2287 1127 2316 tam
1150 2285 1331 2317 temerariis
1354 2285 1495 2326 ausibus,
1518 2287 1585 2317 tam
1607 2285 1796 2327 periculosis
1812 2285 1997 2318 excessibus

343 2334 473 2372 tamque
503 2332 661 2365 obstinate
689 2334 811 2367 malitie
840 2335 936 2367 electi
964 2336 1102 2378 prefati‘
1124 2337 1213 2368 ocius
1249 2337 1417 2378 cupientes
1446 2346 1631 2376 occurrere,
1661 2347 1703 2368 ne
1733 2346 1805 2368 sero
1833 2337 1995 2369 medicina

342 2383 420 2423 ipsis
442 2384 687 2423 procedentibus
710 2386 843 2418 ulterius
866 2391 1086 2430 preparetur¹³‚
1110 2388 1316 2420 attendentes
1344 2388 1431 2430 quod
1458 2388 1500 2420 ad
1528 2398 1680 2420 excessus
1708 2387 1892 2420 huiusmodi
1919 2399 1994 2430 per-

343 2433 515 2474 petrandos
537 2435 640 2475 gloria
663 2438 746 2468 tituli
768 2439 860 2479 regii,
890 2450 987 2481 quem
1010 2440 1072 2471 sibi
1094 2443 1218 2472 temere
1241 2439 1422 2482 usurpavit,
1445 2440 1640 2472 incentivum
1669 2439 1730 2472 sibi
1758 2440 1870 2472 tribuit
1896 2450 1935 2472 ao
1961 2441 1994 2472 in

343 2485 420 2525 ipsis
442 2487 667 2526 perseverandi
691 2489 867 2522 fomentum
896 2491 1076 2532 periculose
1099 2492 1232 2523 nimium
1256 2491 1490 2532 subministrat,
1518 2491 1601 2523 hanc
1630 2491 1673 2524 ad
1695 2491 1759 2523 Dei
1781 2491 1937 2524 honorem
1961 2495 1995 2524 et

344 2539 452 2568 sancte
476 2536 620 2570 Romane
645 2540 780 2572 ecclesie
803 2552 840 2573 ac
863 2543 962 2574 totius
985 2543 1135 2574 catholici
1157 2543 1270 2585 populi
1294 2543 1438 2585 quietem
1462 2546 1495 2575 et
1517 2553 1632 2585 pacem
1656 2543 1868 2585 eiusdemque
1898 2543 1996 2576 electi

446 2646 511 2674 944·
538 2648 557 2680 ¹)
576 2658 642 2675 corr.
662 2659 692 2676 ωε
710 2652 798 2678 hostiis
817 2654 839 2679 1.
927 2654 952 2686 s)
971 2655 1133 2687 publicarent
1151 2655 1175 2681 3.
1264 2654 1290 2688 h)
1307 2664 1365 2681 cum
1383 2656 1469 2681 lacera
1489 2656 1585 2682 iniciati
1601 2655 1625 2681 3.
1709 2654 1728 2687 ¹)
1747 2656 1881 2689 publicum
1899 2656 1995 2682 instru-

344 2694 456 2715 mentum
475 2690 498 2716 3.
585 2690 610 2723 ¹¹)
629 2693 677 2718 hoc
696 2693 719 2720 3.
815 2695 834 2727 1)
853 2701 1007 2730 et—-quam
1026 2698 1053 2723 in
1071 2699 1126 2724 loco
1144 2707 1206 2724 raso
1225 2698 1308 2724 artius
1325 2698 1423 2731 scripta
1441 2699 1465 2725 1.
1562 2699 1595 2731 ¹¹²)
1612 2699 1681 2732 plen.
1699 2700 1795 2725 contin.
1813 2699 1841 2725 in
1859 2699 1915 2724 loco
1932 2707 1995 2724 nuo

343 2733 425 2757 artius
442 2733 563 2766 scriptam
583 2734 605 2760 1.
699 2737 724 2768 n)
742 2738 906 2764 reddiderunt
923 2738 947 2766 3.
1043 2740 1067 2772 ⁰)
1086 2741 1155 2767 deest
1172 2740 1196 2767 3.
1292 2741 1317 2774 Ρ)
1334 2742 1403 2768 deest
1422 2741 1498 2768 1—3.
1595 2741 1621 2776 ⁴1)
1639 2751 1706 2769 corr.
1725 2751 1756 2769 a:
1773 2742 1952 2776 reputavimus
1971 2742 1996 2768 l·

342 2774 363 2806 lf)
382 2783 433 2800 non
452 2776 479 2800 in
497 2775 521 2802 3.
608 2777 629 2809 ¹³)
649 2780 691 2803 effa
708 2780 736 2804 in
754 2781 808 2806 loco
826 2790 887 2807 raso
907 2782 929 2808 1.
1016 2783 1036 2815 t)
1055 2784 1168 2816 sequitur
1186 2792 1284 2810 rasura
1302 2784 1325 2810 1.
1413 2783 1440 2818 ¹¹)
1459 2788 1522 2819 ᾕρει
1540 2786 1568 2811 in
1587 2786 1642 2811 loco
1660 2794 1723 2812 raso
1741 2787 1766 2812 1.
