2184 3126
358 183 454 212 ACTA
473 182 586 211 REGNI
605 182 788 211 LUDEWICI
808 182 855 211 1v.
874 182 919 210 ΕΤ
939 181 1124 210 FRIDERICI
1143 183 1193 210 111.
1230 183 1305 211 1823.
1341 183 1391 212 Nr.
1404 184 1462 212 789.
1482 184 1540 213 790.
1559 184 1618 212 791.
1751 187 1814 217 615

267 272 297 302 6.
321 269 393 302 Hec
416 270 521 302 scribo
544 270 634 313 regie
657 270 840 312 magontini,
869 272 906 302 ut
927 270 1044 311 sciatis,
1068 280 1132 313 que
1155 270 1207 302 hic
1230 270 1388 303 dicuntur.
1434 269 1476 303 Et
1499 271 1712 303 communiter
1735 271 1814 303 dici-

159 323 225 362 tur,
259 320 345 364 quod
374 322 434 354 nisi
462 332 557 364 reges
585 321 782 354 concordent
808 321 850 354 ad
873 322 1010 354 invicem
1037 321 1080 354 ad
1102 322 1325 355 infrenandum
1354 322 1469 355 furiam
1494 323 1598 363 istius,
1628 323 1715 365 quod
1743 323 1814 365 ipse

159 372 303 405 turbabit
324 373 510 406 medullitus
533 383 662 406 omnem
685 376 814 405 statum.
859 373 940 405 Mite
963 373 1052 415 regie
1075 374 1246 416 magestati
1277 374 1318 407 de
1341 374 1495 406 mandato
1518 375 1614 406 amici
1637 374 1815 417 peticiones

158 424 191 455 in
215 423 352 465 Gallico,
376 435 438 466 que
462 424 592 457 suerunt
614 424 723 457 oblate
747 434 831 467 pape
855 434 897 457 ex
919 427 1010 467 parte
1034 425 1221 457 nunciorum
1244 425 1330 467 regis
1352 424 1509 458 Francie¹
1527 450 1533 457 .
1552 450 1558 457 .
1577 449 1584 457 .

127 496 140 516 ι
265 478 341 511 Dat.
365 480 534 522 Avinione,
558 479 636 512 1111.
660 480 712 513 die
735 480 854 512 mensis
877 479 1037 513 Octobris.

399 600 486 637 790.
527 601 683 637 Litterae
709 602 898 638 Christiani
924 601 1092 648 Spinulae
1119 603 1167 638 ad
1192 603 1346 638 eundem.
1451 603 1526 640 Oct.
1546 606 1580 640 4.

269 666 430 708 originale
458 667 530 708 (or.)
554 666 668 699 ibidem
694 667 788 700 CRD
808 678 860 700 nr.
874 668 989 699 12782.
1035 667 1116 700 Item
1139 667 1239 709 siyilli
1260 668 1390 710 vestiyia
1412 669 1541 702 adsunt.
1567 688 1606 694 —
1630 670 1693 703 Ed.
1710 671 1816 704 Finke

160 717 181 751 l.
197 728 224 752 c.
247 718 276 757 I,
299 719 364 750 396
385 728 436 751 nr.
451 718 517 750 263
538 728 577 750 ex
599 729 644 751 or.
690 718 874 752 Editicmem
895 720 1074 760 repetimus.

269 777 319 817 Cf.
342 778 433 817 infra
454 788 504 812 nr.
521 779 702 811 793—804.

116 869 142 890 ιο
266 855 425 888 Dominus
447 866 533 898 papa
556 855 625 888 heri
656 856 708 888 die
731 856 824 888 Lune
856 856 933 888 fecit
964 857 1203 897 consistorium,
1231 857 1263 888 in
1291 867 1354 899 quo
1378 859 1623 899 pronunciatum
1651 859 1726 900 suit,
1756 860 1814 892 do·
1829 870 1909 893 cem.

158 907 279 939 minum
291 917 403 950 regem
415 906 636 940 Romanorum
649 908 996 940 excommunicacionis
1007 909 1173 941 sentencie
1186 908 1354 941 subiacere
1367 909 1470 941 tribus
1482 920 1524 942 ex
1537 912 1653 943 causis:
1705 912 1815 944 Prima

158 961 209 991 est
231 958 307 1001 quia
330 958 422 991 dedit
444 959 600 991 auxilium
623 959 696 991 filiis
720 959 883 1002 quondam
898 959 1019 992 domini
1034 959 1212 992 Mediolani
1234 959 1387 992 hereticis
1410 963 1444 993 et
1468 961 1645 995 rebellibus
1667 963 1814 996 ecclesie.

158 1009 308 1043 Secunda
331 1009 419 1053 quod
443 1009 519 1042 dum
542 1010 690 1043 dominus
713 1011 840 1053 legatus
863 1012 895 1043 in
918 1011 1116 1044 Lombardia
1138 1013 1328 1044 constitutus
1350 1012 1491 1045 misisset
1518 1013 1559 1046 ad
1582 1014 1688 1057 ipsum
1711 1015 1815 1048 domi-

157 1071 234 1094 num
257 1072 370 1104 regem
393 1072 468 1094 suos
491 1063 633 1104 nuncios,
656 1064 725 1105 ipse
749 1073 808 1095 rex
831 1063 913 1095 dixit
935 1063 1068 1106 eisdem,
1091 1063 1179 1106 quod
1201 1074 1241 1096 eo
1265 1063 1351 1107 quod
1374 1065 1444 1106 ipse
1466 1065 1594 1107 legatus
1617 1066 1817 1108 procedebat

117 1125 142 1146 u
160 1123 224 1146 non
247 1112 288 1146 de
311 1114 380 1146 iure
397 1117 508 1146 contra
531 1125 606 1147 suos
622 1115 744 1147 amicos
766 1115 798 1147 in
813 1115 1021 1156 Lombardis,
1043 1116 1113 1158 ipse
1136 1126 1194 1148 rex
1210 1116 1267 1148 eo‘s
1282 1115 1452 1149 adiuvaret
1473 1127 1546 1149 cum
1562 1118 1670 1152 armis.
1700 1118 1815 1151 Tereia

91 1183 93 1187 ν
158 1164 234 1208 quia
256 1165 326 1207 ipse
349 1175 407 1197 rex
430 1165 604 1208 prohibuit,
627 1177 668 1198 ne
684 1166 778 1199 Iudei
802 1167 980 1199 existentes
1002 1167 1034 1199 in
1050 1167 1222 1200 Alamania
1244 1167 1407 1200 solverent
1422 1168 1735 1211 condempnaciones
1758 1180 1817 1212 per

158 1217 264 1259 ipsum
291 1216 457 1249 dominum
488 1228 606 1260 papam
634 1217 736 1250 factas
767 1222 878 1251 contra
908 1229 964 1251 eos
987 1219 1155 1252 occasione
1178 1229 1357 1259 usurarum,
1381 1230 1462 1263 quas
1485 1223 1666 1263 exegerunt
1688 1231 1708 1252 a
1731 1221 1815 1253 chri-

158 1268 279 1301 stianis.
324 1267 366 1301 Et
389 1268 566 1301 secundum
590 1269 676 1311 quod
699 1269 832 1302 rellator
846 1270 1064 1312 predictorum
1081 1270 1178 1303 michi
1198 1272 1345 1311 asseruit,
1368 1270 1456 1303 dicta
1479 1273 1643 1305 sentencia
1659 1272 1815 1318 publicari

158 1319 259 1352 debet
280 1319 432 1352 Mercurii
460 1322 608 1353 crastina.
653 1321 790 1364 Insuper
818 1325 930 1354 noscat
952 1322 1108 1354 serenitas
1130 1325 1248 1364 vestra,
1279 1322 1366 1365 quod
1388 1327 1559 1366 postquam
1584 1323 1906 1361 ambaxatoresms.

115 1382 142 1403 so
158 1372 404 1404 intrinsecorum
431 1372 473 1404 de
503 1373 605 1405 Ianua
636 1373 766 1405 fuerunt
791 1374 823 1405 in
851 1374 952 1416 curia,
987 1373 1124 1417 [i]vimus
1152 1384 1225 1406 curn
1255 1375 1302 1407 eis
1330 1373 1372 1406 ad
1402 1374 1603 1407 tractandum
1627 1374 1680 1408 die
1703 1375 1816 1408 Martis

157 1423 298 1456 XXVII.
316 1423 517 1466 Septembris
540 1427 573 1456 et
595 1425 648 1457 die
671 1424 822 1457 Mercurii
844 1426 994 1468 sequenti
1015 1435 1114 1468 super
1135 1425 1244 1458 arduis
1268 1427 1393 1468 punctis
1416 1450 1424 1458 .
1442 1452 1448 1458 .
1468 1450 1475 1458 .
1828 1435 1972 1462 Sept-nas.

263 1475 340 1508 Dat.
363 1476 534 1517 Avinione‚
559 1476 611 1509 die
634 1476 712 1508 1111.
729 1476 890 1510 Octubris.

283 1695 357 1731 791.
393 1693 772 1732 TESTIMONIUM
795 1694 967 1732 SUPER
990 1694 1245 1732 HOMAGIO
1270 1695 1307 1731 A
1331 1693 1689 1733 COMMUNIBUS

765 1750 994 1788 IMPERII
1020 1750 1207 1789 FACTO.

115 1837 141 1857 ns
845 1818 954 1856 1323.
997 1818 1076 1856 Oct.
1098 1820 1132 1855 7.

271 1909 432 1950 Oriyinale
460 1910 536 1953 (or.)
560 1910 596 1942 in
618 1909 778 1942 tabulario
803 1909 1008 1943 Obwaldensi.
1039 1928 1082 1934 —
1113 1910 1175 1942 Ed.
1199 1911 1294 1951 Kopp
1316 1910 1380 1943 loeo
1402 1920 1501 1952 supra
1524 1910 1569 1943 ad
1589 1921 1638 1943 nr.
1656 1912 1698 1942 76
1720 1911 1816 1943 ce'tato

152 1971 189 2002 p.
206 1961 271 1993 13⁷
293 1972 342 1993 nr.
359 1963 400 1993 68
422 1972 461 1994 ex
484 1972 530 1994 or.
574 1961 756 1994 Editionem
778 1962 958 2002 repetimus.

267 2021 414 2060 Bt'ikmer,
438 2022 515 2063 Rey.
539 2022 654 2054 Ludw.
671 2032 708 2062 p.
724 2022 789 2053 338
812 2021 1046 2054 Reichssachen
1067 2032 1117 2053 nr.
1134 2022 1198 2053 380
1221 2022 1348 2062 (Addit.
1365 2021 1432 2063 ΙΙ).

270 2081 320 2123 Cf.
344 2091 444 2122 supra
466 2091 517 2114 nr.
534 2082 598 2113 355
621 2084 651 2114 et
673 2082 766 2124 infra
787 2082 832 2114 ad
852 2092 883 2113 a.
902 2082 996 2114 1324.
1020 2082 1104 2114 Mai.
1123 2083 1152 2114 5.

115 2171 141 2191 so
268 2157 341 2190 Wir
369 2158 445 2201 graf
463 2159 616 2199 Jo(hans)
644 2170 707 2191 von
730 2158 859 2201 Arberg
882 2159 977 2191 herre
1005 2169 1042 2191 ze
1065 2158 1228 2191 vallensis
1250 2159 1315 2191 und
1339 2159 1484 2203 lantvogt
1506 2170 1542 2192 ze
1565 2159 1815 2198 Underwslden,

158 2219 196 2242 ze
219 2208 316 2242 switz
339 2210 404 2242 und
427 2220 464 2242 ze
487 2210 576 2243 Uren
599 2209 656 2242 tun
683 2210 765 2242 kunt
792 2210 877 2242 allen
906 2210 981 2243 dien
1009 2210 1061 2242 die
1089 2209 1197 2242 dissen
1222 2210 1309 2243 brief
1332 2211 1446 2244 sehent
1475 2211 1556 2244 oder
1578 2212 1694 2244 herent
1716 2211 1815 2251 lesen,

159 2259 218 2293 das
241 2260 294 2293 die
318 2261 546 2304 vorgescriben
561 2261 752 2295 Waltstette
775 2273 836 2294 unz
859 2273 900 2294 an
924 2272 1037 2294 unserz
1060 2261 1287 2294 hoherbornen
1310 2262 1426 2295 herren
1448 2263 1550 2306 kunig
1567 2262 1731 2306 Ludviges
1753 2266 1817 2295 stat

160 2311 334 2354 gumeilich
357 2313 459 2346 huldu
481 2313 560 2346 hant
583 2317 682 2356 getan
705 2313 770 2345 und
792 2324 940 2356 gesworn
963 2323 1000 2346 ze
1025 2313 1082 2345 des
1106 2313 1210 2346 riches
1233 2313 1361 2346 handen
1384 2315 1443 2347 mit
1465 2314 1540 2347 dien
1561 2314 1723 2358 geding‘en
1751 2314 1816 2347 und

158 2363 219 2395 mit
237 2362 311 2396 dem
328 2364 451 2406 rechte,
474 2364 524 2397 alz
547 2365 574 2397 si
597 2365 628 2397 ie
652 2365 694 2397 da
717 2365 776 2397 her
798 2365 930 2408 kungen
953 2364 1018 2397 und
1041 2365 1170 2397 keisern
1194 2364 1272 2397 hant
1293 2369 1392 2408 getan
1415 2365 1572 2398 ieklicher
1593 2366 1626 2398 in
1649 2365 1725 2398 dien
1748 2365 1816 2398 len-

115 2429 141 2449 as
161 2414 240 2447 dern
262 2415 346 2447 nach
362 2416 465 2448 sinem
488 2419 586 2449 recte.
625 2416 700 2449 Und
723 2417 783 2449 mit
804 2417 948 2450 solichen
971 2417 1134 2459 gedingen
1158 2417 1221 2449 han
1244 2418 1302 2450 wir
1324 2417 1388 2450 den
1410 2419 1456 2451 eit
1470 2428 1533 2451 von
1554 2419 1628 2451 inen
1643 2428 1815 2461 genomen,

160 2465 218 2498 das
240 2467 268 2498 si
290 2476 387 2499 unser
410 2467 504 2500 herre
528 2467 588 2501 der
610 2468 711 2510 kunig
734 2469 809 2501 dem
832 2468 974 2511 heiligen
998 2468 1085 2501 riche
1102 2468 1251 2502 behaben
1274 2469 1323 2502 sol
1338 2469 1422 2502 noch
1437 2480 1500 2503 von
1519 2469 1592 2503 dem
1609 2470 1698 2503 riche
1714 2471 1817 2502 nimer

159 2516 208 2548 sol
231 2516 415 2550 denkein'en
439 2529 512 2562 weg
534 2519 692 2552 verlazen.
729 2519 811 2552 Wer
834 2520 923 2560 aber,
948 2519 1006 2552 des
1029 2520 1087 2551 wir
1101 2519 1200 2552 Gotte
1216 2520 1305 2553 nicht
1323 2524 1501 2564 getruwen,
1524 2521 1582 2554 das
1603 2522 1630 2554 si
1653 2521 1814 2554 dekeinen

158 2578 231 2610 weg
261 2578 323 2601 von
354 2568 429 2601 dem
456 2570 545 2602 riche
568 2570 700 2603 werden
723 2571 897 2612 verlassen,
930 2571 989 2603 das
1018 2571 1065 2603 sol
1095 2571 1170 2603 dien
1201 2572 1469 2614 vorgescribenen
1485 2573 1697 2606 Waltstetten
1724 2584 1765 2605 an
1790 2575 1816 2605 ir

159 2619 204 2650 eit
226 2619 273 2651 nit
295 2630 359 2662 gan
382 2620 464 2653 noch
488 2620 583 2653 rflren
598 2621 717 2655 keinen
742 2633 822 2665 weg.
862 2622 935 2654 Wir
951 2622 1115 2664 vergehen
1131 2623 1224 2663 ouch,
1248 2623 1306 2656 das
1328 2624 1355 2656 si
1370 2625 1429 2656 mit
1444 2624 1520 2657 dien
1536 2625 1699 2667 godingen
1715 2625 1816 2657 huldu

115 2684 142 2705 ιο
160 2669 239 2702 hant
261 2675 369 2713 getan,
393 2671 451 2705 das
473 2672 500 2704 si
523 2682 586 2705 von
609 2673 636 2705 ir
658 2673 792 2706 lendern
816 2674 944 2706 nieman
968 2674 1016 2705 sol
1039 2684 1097 2706 vur
1112 2674 1309 2718 tegedingen
1331 2686 1372 2708 an
1395 2675 1514 2709 keinen
1529 2676 1653 2718 lanttng
1669 2677 1751 2709 noch
1775 2687 1815 2708 au

160 2720 238 2753 kein
260 2722 406 2764 gerichtc
437 2733 475 2755 uz
506 2724 533 2755 ir
559 2724 694 2757 lendern
724 2724 806 2757 noch
830 2725 990 2758 enkeinen
1022 2724 1141 2757 richtcr
1170 2725 1250 2759 uber
1278 2727 1305 2758 si
1327 2730 1436 2760 setzen
1459 2738 1531 2760 wan
1555 2729 1649 2760 einen
1673 2728 1816 2760 lantman

269 2808 295 2841 1)
316 2807 357 2840 Cf.
372 2815 435 2842 paq.
450 2811 499 2837 ⁶13
516 2812 572 2836 not.
586 2813 607 2836 1.
