2184 3126
282 386 301 401 Β.

278 900 296 914 υ,
309 895 338 915 17.

313 383 342 401 16.

276 1674 294 1687 c.
308 1670 338 1689 18.

282 2439 302 2454 c.

293 2193 297 2197 .
311 2180 342 2199 19.

314 2436 346 2455 20.

356 188 418 215 750
624 179 723 207 ACTA
742 178 855 205 REGNI
874 177 1058 205 LUDEWICI
1078 177 1125 205 IV.
1146 177 1193 203 ΕΤ
1213 175 1392 203 FRIDERICI
1411 175 1460 203 111.
1497 175 1572 202 1324.
1608 174 1658 202 Nr.
1670 175 1730 203 910.

355 272 445 300 mocio
465 271 555 299 tocius
573 269 723 305 provincie,
743 270 849 302 quanta
867 269 962 294 autem
979 266 1107 294 turbacio
1125 267 1170 293 tot
1182 268 1211 293 et
1224 267 1368 292 tantarum
1382 266 1412 292 et
1423 264 1525 292 talium
1539 263 1688 291 civitatum
1702 266 1732 292 et
1745 265 1790 292 tot
1803 266 1833 292 et
1846 266 2009 293 tantorum

355 323 490 350 nobilium
509 321 600 349 talisW
619 323 648 348 et
665 322 748 347 tanta
766 318 957 353 calumpniosa
974 318 1126 352 oppressio.
1145 317 1267 351 quilibet
1285 325 1354 344 sane
1373 316 1476 343 mentis
1495 315 1626 343 advertit.

460 374 499 401 16.
527 373 547 401 C
574 373 645 399 Item
662 371 722 406 ipse
739 379 793 397 non
811 378 929 403 sequens
949 368 1048 402 [eius]¹
1067 367 1150 399 viam,
1169 367 1248 394 cuius
1266 375 1295 394 se
1315 366 1387 394 dicit
1405 366 1550 399 vicarium,
1575 369 1619 394 set
1638 367 1736 402 pocius
1755 368 1896 395 contraria
1922 377 2009 403 agens

357 427 472 453 barones
491 426 520 451 et
538 424 660 458 prelatos
678 422 776 456 regniy
790 419 936 447 Alamanie
950 419 1071 446 vasallos
1090 418 1201 454 imperii
1220 420 1249 445 et
1266 419 1376 445 nostros
1396 420 1426 445 et
1444 418 1538 452 plures
1558 418 1701 454 principes
1719 419 1749 446 et
1762 419 1884 447 vasallos
1895 418 2009 455 imperii

356 479 385 504 et
403 478 510 503 nostros
529 475 563 502 de
575 474 670 501 Ytalie
689 473 817 508 partibus
835 472 958 499 excitare
976 470 1056 497 nixus
1075 472 1119 498 est
1140 472 1168 497 et
1187 470 1319 497 inducere
1332 478 1383 503 per
1395 469 1507 496 litteras
1520 471 1607 504 atque
1619 469 1736 498 nuncios
1747 471 1915 506 frequentes,
1933 473 2008 507 quod
2038 483 2052 503 s

357 528 435 555 uobis
447 530 476 555 et
488 526 603 560 imperio
621 525 758 552 rebellent
776 526 805 551 et
816 523 1019 550 rebellantibus
1032 522 1112 549 nobis
1124 522 1303 552 adhereantz,
1322 521 1478 548 inducendo
1491 521 1567 555 ipsos
1581 530 1631 556 per
1643 522 1696 549 hoc
1708 522 1746 549 ad
1757 522 2007 557 transgressionem

356 580 573 606 iuramentorum
591 579 620 603 et
637 575 701 602 fidei
718 577 748 603 et
766 574 926 602 effusionem
944 583 999 602 non
1018 575 1155 602 modicam
1174 583 1257 608 quem
1275 576 1307 601 ut
1320 573 1440 601 crudelis
1453 573 1605 601 emdeliter
1616 573 1679 602 sitit
1692 574 1838 610 sanguinis
1850 575 2008 609 christiani,

356 632 428 657 sicut
445 629 524 656 nobis
543 630 653 655 constat
671 630 699 654 et
717 626 781 654 aliis
800 629 925 654 constare
943 628 1038 662 potest
1056 628 1085 653 et
1103 626 1247 654 constabit
1265 634 1314 653 suo
1333 625 1395 653 loco
1413 627 1443 652 et
1455 627 1582 660 tempore
1594 634 1644 660 per
1657 625 1746 660 ipsius
1760 626 1886 654 bullatas
1898 626 2010 655 litteras

355 684 384 709 et
402 690 451 716 per
469 680 626 707 delaciones
644 679 763 711 illorum,
782 678 883 711 quibus
896 677 968 704 talia
980 678 1112 705 conmisit
1130 680 1216 712 atque
1230 677 1382 708 conmittit,
1401 677 1450 711 qui
1463 677 1536 704 sicut
1550 677 1602 704 viri
1616 677 1696 712 probi
1709 679 1794 712 atque
1803 684 1817 698 ⁸
1829 678 1926 707 fideles
1937 679 2010 707 sacri

354 732 465 767 imperii
483 733 568 765 atque
586 730 674 758 nostri
693 730 765 757 tales
784 730 988 757 commissiones
1006 729 1224 757 abhominantur
1242 732 1271 756 et
1289 729 1411 756 horrent.
1439 728 1505 756 Non
1522 731 1590 756 sunt
1606 729 1659 756 hec
1677 729 1819 764 pontificis
1839 738 1934 765 opera,
1952 739 2008 758 non
2028 739 2054 760 ιο

354 783 452 810 vicarii
470 786 502 811 ut
518 792 547 811 se
565 782 691 809 nominat
705 781 786 808 ihesu
799 781 912 814 Christi,
931 781 998 809 sedb
1017 781 1136 808 crudelis
1154 782 1184 807 et
1202 780 1256 807 diri
1274 779 1405 811 tirannio.
1424 779 1473 813 qui
1491 780 1521 807 in
1539 779 1708 815 profundum
1728 781 1866 809 malorum
1883 782 2009 810 noscitur

353 834 525 862 descendisse
544 836 573 862 et
590 834 625 861 ad
644 833 839 861 exterminium
858 832 928 860 sacri
942 832 1053 868 imperii
1073 835 1102 860 et
1120 836 1245 859 nostrum
1264 831 1377 859 tendere
1395 832 1456 858 toto
1475 831 1565 859 corde.

458 887 498 913 17.
526 885 547 913 C
571 885 615 912 Ad
633 885 708 912 hocd
726 886 820 912 autem
841 893 977 912 venenum
995 884 1105 919 plenius
1125 884 1308 911 evomendum
1327 884 1355 910 in
1376 883 1501 918 predicto
1521 891 1651 918 processu
1669 883 1728 911 sive
1750 892 1863 911 excessu
1877 885 2010 913 mandare

354 937 458 964 dicitur
476 936 595 963 subditis
613 935 714 962 nostris
737 935 935 962 ecclesiasticis
958 937 986 963 et
1010 934 1157 962 mundanis
1182 936 1212 961 et
1237 933 1423 966 secularibus,
1442 934 1632 969 cuiuscunque
1655 936 1747 963 status
1768 935 1814 975 vel
1839 935 2010 964 condicionis

353 987 484 1019 existant,
509 987 621 1014 eciamsi
643 986 733 1021 regali
751 987 795 1014 vel
819 987 877 1013 alia
898 995 1064 1020 quacunque
1085 985 1306 1021 prefulgea[n]t0
1324 985 1474 1020 dignitate,
1499 986 1551 1013 sub
1574 986 1654 1021 penis
1675 986 1810 1022 gravibus
1834 987 1950 1016 inflictis
1974 997 2008 1016 nc
2027 997 2054 1017 ιι

354 1038 442 1066 eciam
455 1038 639 1069 comminatis,
658 1046 691 1065 ne
704 1037 783 1064 nobis
795 1037 947 1071 tanquamf
967 1038 1026 1073 regi
1046 1037 1090 1064 vel
1109 1037 1138 1064 in
1150 1045 1247 1072 regem
1260 1037 1447 1064 Romanorum
1464 1037 1556 1065 electo
1573 1040 1694 1073 pareant
1712 1039 1757 1066 vel
1770 1038 1920 1067 intendant
1938 1027 2009 1068 nere

353 1090 432 1117 nobis
451 1091 576 1125 prestent
594 1089 736 1120 auxilium,
761 1088 907 1115 consilium
930 1090 960 1116 et
981 1089 1112 1116 favorem.
1149 1088 1228 1121 Quod
1253 1090 1368 1116 constat
1394 1094 1476 1116 essee
1499 1089 1728 1118 manifestissime
1750 1090 1958 1126 iniquissimum
1980 1094 2011 1120 et

355 1142 465 1169 omuino
483 1142 616 1168 iniustum
635 1142 663 1168 et
682 1140 789 1175 inpium
809 1142 837 1167 et
856 1141 891 1167 ad
911 1140 1072 1168 effusionem
1090 1149 1205 1175 gravem
1225 1140 1367 1176 pertinere
1388 1140 1535 1176 sanguinis
1553 1141 1702 1169 christiani
1720 1143 1751 1169 et
1769 1143 1867 1170 contra.
1885 1145 2010 1171 nostram

354 1193 532 1220 manifestam
551 1192 691 1219 iusticiam
709 1194 794 1226 atque
812 1191 881 1224 iura,
900 1195 932 1220 ut
951 1201 983 1219 ex
1002 1192 1137 1227 predictis
1155 1195 1284 1228 apparet,
1299 1195 1328 1220 et
1347 1195 1446 1221 contra
1464 1193 1628 1222 libertatem
1646 1195 1676 1221 et
1695 1193 1868 1230 dignitatem
1885 1197 1915 1222 et
1932 1194 2022 1224 utili-.

354 1245 442 1270 tatem
461 1243 532 1270 sacri
551 1243 659 1277 imperii
679 1245 708 1270 et
726 1242 885 1277 principum
903 1243 1015 1278 imperii
1033 1244 1185 1271 electorum
1203 1246 1233 1271 et
1250 1244 1369 1271 aliorum
1389 1244 1547 1279 principum
1566 1247 1596 1272 et
1614 1244 1738 1272 omnium
1766 1245 1879 1281 imperii
1901 1246 2009 1275 subiec—
2027 1254 2056 1275 w

354 1297 444 1322 torum
463 1296 492 1322 et
509 1296 607 1322 contra
624 1294 837 1322 consuetudines
855 1294 966 1329 imperii
984 1295 1157 1330 approbatas
1175 1295 1326 1330 predictas,
1344 1304 1399 1330 que
1416 1305 1468 1331 pro
1486 1296 1550 1332 lege
1567 1298 1716 1325 servantur
1727 1298 1757 1325 et
1769 1299 1881 1325 servate
1893 1300 1960 1326 sunt
1971 1298 2008 1326 ab

355 1346 478 1380 antiquo,
497 1346 629 1380 precipue
642 1348 739 1373 contra
751 1346 830 1373 illam
843 1346 1070 1374 consuetudinem
1084 1347 1272 1382 approbatam
1285 1349 1372 1381 atque
1384 1349 1527 1375 servatam
1539 1348 1576 1375 ab
1589 1356 1623 1376 eo
1636 1350 1772 1383 tempore.
1784 1348 1864 1376 cuins
1877 1349 2012 1378 memoria

356 1398 488 1426 contrarii
506 1407 559 1425 non
578 1398 682 1430 existit,
701 1407 757 1432 qua
776 1400 898 1430 cavetur,
917 1399 990 1433 quod
1009 1398 1033 1425 si
1052 1394 1119 1426 vota
1137 1399 1304 1434 principum,
1324 1399 1361 1426 ad
1379 1408 1448 1434 quos
1466 1401 1578 1434 spectat
1591 1399 1705 1435 eligere,
1723 1400 1760 1428 sd
1773 1399 1934 1436 eligendum
1947 1409 2012 1430 con·

356 1450 528 1478 veniencium
546 1450 709 1477 dividantur
726 1450 754 1477 in
773 1451 866 1485 plures
885 1453 913 1478 et
931 1451 985 1478 duo
1004 1452 1033 1478 et
1051 1451 1079 1478 iu
1097 1451 1238 1478 discordia
1255 1451 1406 1486 eligantur,
1423 1451 1498 1479 alter
1514 1452 1675 1484 electorum,
1693 1451 1744 1486 qui
1754 1452 1902 1487 potencior
1928 1452 2012 1480 fuerit

357 1504 385 1529 et
403 1502 581 1536 prevaluerit,
600 1502 702 1529 debeat
718 1502 873 1530 obtinereh.
909 1502 989 1529 Sicut
1007 1502 1154 1530 victoriam
1173 1502 1254 1530 nobis
1271 1502 1396 1530 contulit
1411 1503 1525 1537 plenam
1543 1505 1630 1537 atque
1648 1502 1840 1538 plenissimam
1854 1504 2010 1533 misericors
2028 1513 2055 1535 ιο

356 1554 496 1586 Dominus,
515 1562 532 1581 a
549 1562 604 1587 quo
622 1555 665 1580 est
682 1554 818 1580 bellorum
837 1554 963 1586 victoria,
982 1556 1014 1581 ut
1033 1554 1107 1581 victo
1126 1554 1208 1582 hoste
1230 1556 1259 1582 et
1278 1554 1438 1582 adversario
1457 1554 1622 1582 conculcato
1640 1555 1830 1590 potenciorem
1849 1558 1935 1590 atque
1955 1555 2011 1584 vic-

356 1607 444 1632 torem
461 1614 511 1632 nos
529 1605 616 1632 feciti
635 1614 684 1639 per
702 1604 919 1632 misericordiam
939 1615 1025 1633 suam.

459 1657 498 1683 18.
527 1657 546 1684 C
574 1656 653 1683 Licet
671 1656 771 1683 electio
790 1656 912 1684 eiusdem
931 1657 1084 1684 adversarii
1097 1658 1175 1685 nulla
1187 1657 1273 1685 fuerit
1293 1659 1322 1685 et
1334 1657 1389 1684 sibi
1402 1658 1509 1685 nullum
1523 1657 1567 1685 ius
1579 1658 1702 1686 tribuere
1716 1659 1842 1694 potuerit
1853 1668 1905 1687 nec
1917 1661 2014 1688 nostre

356 1708 385 1734 in
404 1707 498 1741 aliquo
517 1708 656 1742 derogare,
675 1708 742 1742 quia
759 1717 777 1735 a
794 1708 895 1735 minori
919 1711 1000 1743 parte
1018 1709 1177 1744 principum
1195 1709 1251 1736 ruit
1269 1709 1384 1742 electus,
1404 1709 1538 1737 videlicet
1555 1719 1573 1737 a
1592 1710 1714 1744 duobus,
1733 1713 1763 1738 et
1781 1711 1848 1745 quia
1866 1711 1945 1739 facta
1957 1711 2014 1740 fuit

357 1768 389 1786 ex
407 1759 555 1786 intervallo
568 1762 632 1793 post
644 1760 762 1794 primam
775 1760 941 1787 electionem
959 1762 1083 1788 nostram
1102 1763 1130 1788 et
1149 1761 1212 1788 ideo
1230 1761 1308 1788 nulla
1327 1761 1436 1788 nullum
1455 1761 1498 1788 ius
1516 1761 1571 1788 sibi
1589 1761 1714 1790 tribuere
1732 1763 1828 1797 potuit
1846 1771 1897 1791 nec
1915 1756 2010 1791 noeire
2028 1771 2056 1791 ω

358 1810 386 1836 in
404 1809 498 1844 aliquo
511 1811 651 1845 derogare.
686 1811 701 1830 k
712 1812 782 1838 Item
801 1812 867 1846 quia
885 1813 986 1840 electio
1005 1822 1056 1840 sua
1070 1813 1147 1840 facta
1165 1813 1220 1840 fuit
1238 1822 1292 1840 non
1311 1813 1340 1840 in
1360 1813 1422 1841 loco
1441 1814 1538 1842 debito
1557 1814 1592 1841 de
1606 1814 1810 1842 Frankenfurt¹
1827 1817 1858 1842 et
1874 1814 1915 1842 sic
1933 1814 2012 1843 nulla

357 1862 390 1888 de
410 1862 468 1889 iure
487 1864 515 1889 et
527 1871 576 1896 per
589 1863 799 1891 consuetudines
811 1864 923 1899 imperii
936 1865 1108 1899 approbatas
1122 1865 1270 1899 predictas.
1306 1865 1322 1884 k
1333 1866 1403 1892 Item
1421 1865 1489 1900 quia
1509 1866 1585 1893 facta
1603 1866 1658 1893 fnit
1676 1875 1732 1894 non
1744 1866 1773 1893 in
1786 1866 1906 1894 termino
1919 1868 1950 1894 et
1963 1865 2010 1894 dic

357 1913 459 1947 prefixo
472 1912 508 1940 ad
522 1913 679 1948 eligendum
692 1923 742 1948 per
754 1924 827 1947 eum,
847 1915 883 1942 ad
901 1924 983 1950 quem
996 1917 1107 1951 spectat
1126 1917 1268 1952 prefigere,
1287 1918 1316 1944 et
1334 1917 1375 1944 sic
1393 1917 1472 1944 nulla
1485 1926 1536 1952 per
1550 1917 1612 1945 iura
1621 1918 1780 1945 communia
1793 1920 1823 1946 et
1837 1926 1887 1953 per
1899 1926 2012 1946 consue-

357 1964 466 1991 tudines
492 1964 602 2000 imperii
625 1966 808 2000 approbatas,
836 1976 889 2000 que
917 1977 967 2002 pro
990 1968 1049 1995 iure
1071 1970 1225 1996 servantur.
1270 1969 1367 1997 kItem
1390 1969 1458 2004 quia
1480 1971 1629 1997 coronatus
1656 1970 1712 1997 fuit
1740 1972 1770 1998 et
1797 1970 1957 1998 inunctus¹¹¹
1981 1970 2012 1997 in

356 2025 449 2050 regem
467 2025 521 2043 non
544 2016 572 2043 in
597 2017 658 2044 loco
680 2018 716 2044 ad
739 2018 791 2045 hoc
813 2018 972 2053 antiquitus
996 2019 1145 2054 deputato,
1169 2020 1303 2047 videlicet
1321 2021 1500 2056 Aquisgrani.
1537 2021 1573 2048 Et
1595 2030 1629 2048 ex
1653 2021 1781 2056 pluribus
1803 2022 1869 2049 aliis
1891 2021 2011 2050 racioni-
2029 2028 2057 2050 25

357 2067 408 2094 bus
426 2067 601 2095 evidentibus
623 2070 708 2102 atque
732 2070 835 2102 causis,
858 2080 928 2105 quas
950 2080 1094 2099 numerare
1113 2074 1142 2099 et
1164 2073 1319 2106 exprimere
1342 2081 1395 2100 non
1421 2072 1538 2107 expedit
1556 2073 1656 2100 velut¹³
1679 2073 1803 2100 notorias
1825 2075 1856 2100 et
1883 2073 2013 2101 omnibus

358 2119 527 2146 manifestas.

460 2171 499 2197 19.
530 2170 551 2198 G
577 2171 729 2199 Diffusiuso
747 2175 841 2200 autem
860 2176 957 2208 patere
976 2174 1081 2201 dicitur
1099 2175 1198 2202 veneni
1218 2175 1338 2209 predicti
1350 2175 1447 2202 effusio
1465 2175 1496 2202 in
1518 2184 1632 2204 excessu
1645 2175 1756 2211 prefato
1767 2175 1897 2203 totaliter
1910 2175 2014 2210 iniqui-

359 2221 467 2247 tatibus
485 2223 514 2248 et
531 2222 682 2250 iniusticiis
699 2224 791 2258 pleno,
809 2224 874 2251 dum
893 2234 1033 2253 reservare
1051 2226 1106 2254 sibi
1125 2226 1238 2259 dicitur,
1257 2227 1332 2261 quod
1351 2227 1440 2262 possit
1458 2227 1597 2255 dilacione
1610 2227 1750 2262 pendente
1768 2228 1868 2254 contra
1887 2235 1938 2254 nos
1950 2235 2012 2262 pro-

359 2272 462 2304 cedere,
479 2275 562 2306 prout
574 2273 627 2300 sibi
641 2274 782 2302 videbitur
795 2276 933 2310 expedire.
970 2277 1032 2304 kEx
1051 2286 1106 2311 quo
1124 2278 1351 2306 manifestissime
1370 2281 1452 2314 patet
1469 2279 1565 2307 odium
1582 2278 1732 2309 notorium.
1751 2278 1826 2312 quod
1844 2278 1881 2305 ad
1895 2276 2009 2306 'sacrum
2028 2287 2056 2307 ω

360 2322 505 2356 imperium
525 2326 553 2351 et
570 2333 618 2351 nos
636 2326 716 2360 gerit,
736 2328 765 2354 et
777 2336 828 2354 sua
850 2327 976 2363 maligna
999 2329 1122 2357 intencio
1145 2332 1174 2357 et
1198 2330 1348 2358 manifesta
1371 2331 1508 2366 iniquitas
1533 2333 1562 2359 et
1583 2330 1729 2358 iniusticia
1753 2329 1906 2358 iudicantis
1931 2332 1961 2358 et
1980 2338 2014 2358 ex

360 2374 452 2400 animo
471 2376 500 2401 et
518 2383 550 2401 ex
569 2376 664 2404 ordine
683 2380 711 2404 et
729 2387 762 2405 ex
781 2387 872 2406 causa.

463 2426 503 2453 20.
531 2427 551 2454 C
578 2427 646 2454 Item
666 2429 890 2458 manifestissime
909 2433 997 2465 patet,
1016 2432 1090 2466 quod
1112 2441 1140 2459 se
1159 2441 1238 2460 sacro
1260 2433 1378 2468 imperio
1396 2436 1426 2462 et
1438 2434 1520 2462 nobis
1537 2434 1616 2469 prius
1628 2433 1774 2461 inimicum
1791 2440 1844 2461 sel>
1863 2433 2014 2461 constituit

360 2475 519 2509 capitalem,
546 2487 594 2504 uos
613 2481 641 2505 et
659 2479 773 2508 devotos
791 2482 862 2508 sacri
881 2482 990 2516 imperii
1008 2483 1131 2511 ubilibet
1150 2485 1374 2518 persequendos*
1393 2486 1423 2512 et
1439 2485 1559 2513 rebelles
1584 2487 1615 2513 et
1631 2485 1727 2513 hostes
1753 2484 1867 2520 imperii
1888 2483 2012 2512 ubilibet

360 2526 482 2553 locorum
500 2528 612 2562 publice
632 2531 661 2556 et
678 2532 785 2558 notorie
804 2533 982 2566 confovendo,
1001 2534 1176 2562 inimicorum
1188 2537 1346 2563 nostrorum
1359 2538 1389 2564 et
1401 2537 1474 2564 sacri
1487 2536 1597 2572 imperii
1611 2536 1742 2564 continue
1759 2536 1864 2564 utendo
1877 2535 2010 2568 consiliis,
2029 2543 2056 2564 4³

361 2577 444 2603 immo
462 2587 490 2605 se
509 2578 599 2613 ipsum
618 2583 646 2607 et
664 2584 743 2609 actus
762 2592 824 2610 suos
842 2585 871 2611 et
889 2593 974 2619 opera.
992 2585 1136 2620 dirigendo
1155 2587 1184 2613 in
1203 2587 1332 2614 omnibus
1351 2589 1380 2615 et
1393 2597 1443 2622 per
1459 2588 1554 2616 omnia
1566 2587 1692 2616 consiliis
1704 2588 1862 2616 eorundem.
1898 2586 1936 2614 Et
1948 2588 2014 2622 post

463 2667 528 2695 910.
553 2670 577 2701 v)
596 2674 723 2697 tantarum
741 2676 765 2699 2.
835 2676 866 2707 w)
885 2676 969 2701 muter
988 2680 1011 2702 2.
1081 2677 1107 2710 x)
1126 2679 1219 2704 excidit
1238 2678 1261 2705 1.
1274 2678 1299 2705 2.
1369 2679 1394 2713 y)
1413 2680 1478 2713 reug
1496 2679 1521 2706 2.
1592 2680 1616 2713 ε)
1632 2680 1788 2706 obediant
1805 2677 1830 2704 2.
1902 2678 1927 2711 ⁸)
1945 2682 1972 2704 et
1988 2677 2013 2704 2·

361 2708 385 2741 b)
404 2715 442 2736 set
460 2710 484 2737 2.
564 2711 587 2746 ⁰)
605 2717 706 2747 tyranni
724 2715 748 2741 2.
826 2717 851 2750 (¹)
870 2719 917 2744 hec
935 2719 959 2745 2.
1039 2720 1062 2752 e)
1081 2722 1227 2755 prefulgeat
1247 2722 1270 2749 1.
1283 2721 1307 2748 2.
1394 2722 1414 2755 f)
1433 2727 1512 2756 amq.
1530 2721 1555 2749 2·
1637 2723 1663 2755 8)
1681 2723 1750 2748 ‘102⁸‘
1767 2721 1793 2749 2·
1870 2721 1898 2755 ιι)
1916 2722 1934 2748 b
1946 2730 2014 2747 ωη-

361 2761 438 2785 super
455 2763 471 2787 p
490 2753 514 2780 2.
618 2755 636 2788 i)
654 2758 689 2783 sic
708 2758 730 2784 l.
749 2758 773 2784 2.
877 2760 902 2792 k)
919 2762 1018 2795 azynum
1036 2765 1205 2797 paragraphi
1228 2765 1256 2791 in
1274 2765 1299 2792 2.
1404 2764 1424 2798 ¹)
1442 2767 1638 2792 Franckenford
1655 2765 1680 2792 2.
1786 2764 1971 2798 ¹²²)*iniml0mfl
1988 2763 2014 2791 2·

360 2795 385 2827 ¹¹)
404 2796 481 2822 velud
499 2796 523 2822 2.
611 2799 635 2832 0)
655 2801 694 2826 ius
713 2810 778 2827 corr.
798 2811 827 2827 ea:
845 2813 876 2829 us
894 2804 918 2830 2.
1005 2806 1030 2838 P)
1049 2807 1083 2839 cf.
1101 2817 1142 2833 nr.
1156 2810 1214 2834 909.
1302 2808 1343 2841 1³*)
1362 2810 1514 2842 psequendo
1534 2809 1557 2835 1.
1570 2809 1594 2836 2.
2033 2809 2061 2830 ⁸⁰
