2190 3172
338 180 402 210 248
616 177 712 204 ACTA
731 177 844 204 REGNI
863 176 1046 204 LUDEWICI
1065 177 1111 204 IV.
1130 177 1176 204 ΕΤ
1195 176 1381 204 FRIDERICI
1399 177 1448 204 ΙΙΙ.
1485 177 1560 204 1315.
1595 177 1644 204 Nr.
1657 177 1716 204 289.

340 265 463 296 decano
495 267 528 296 et
559 264 698 306 capitulo
730 264 864 295 ecclesie
881 264 1159 305 Valentin(ensis),
1189 264 1314 296 dilectis
1343 266 1376 295 et
1404 263 1553 296 fidelibus
1579 265 1695 295 nostris
1789 264 1924 296 salutem
1955 267 1988 296 et

340 317 443 358 gratie
466 319 573 347 nostre
597 326 634 347 ac
658 315 838 347 dilectionis
860 319 1079 356 augmentum.

451 368 496 408 (1)
519 367 667 399 Honores
690 370 815 398 nostros
838 377 935 409 agere
960 377 996 398 ac
1019 367 1291 409 magnificentiam
1313 368 1437 409 regiam
1460 367 1619 400 credimus
1641 367 1811 407 honorare,
1835 367 1861 398 si
1883 367 1987 409 gratie

340 422 447 451 nostre
476 420 621 460 personis
649 418 857 460 quibuslibet,
887 418 944 450 sed
968 419 1138 460 presertim
1169 420 1298 460 generis
1330 419 1498 451 nobilitate
1526 419 1705 461 conspicuis
1733 422 1766 451 et
1791 420 1824 450 in
1852 418 1989 451 ecclesia

341 471 404 502 Dei
420 471 649 512 precellentem
672 470 776 502 locum
801 470 993 502 habentibus
1017 473 1050 502 et
1073 471 1152 502 alias
1167 471 1361 512 specialibus
1377 472 1492 502 nostris
1516 471 1626 503 amicis
1641 470 1859 502 munificentia
1880 474 1989 502 nostra

341 533 501 563 concesse,
524 527 559 553 ut
583 522 693 553 debita
708 523 933 563 prosecutione
956 533 1019 553 non
1036 526 1175 564 careant,
1199 523 1256 555 sed
1279 523 1408 564 plenum
1434 526 1467 554 et
1486 523 1628 554 debitum
1646 522 1797 554 effectum
1813 522 1988 563 obtineant,

341 573 537 605 celsitudinis
559 577 666 605 nostre
691 578 798 615 partes
822 575 1011 615 apponimus
1042 578 1075 606 et
1098 575 1323 606 executionem
1345 575 1486 616 ipsarum
1509 574 1622 606 utilem
1645 574 1714 605 fieri
1735 575 1827 606 iuxta
1850 574 1989 616 petentis

341 630 373 657 et
390 625 594 656 concedentis
617 626 741 656 animos
763 626 853 666 regia
869 626 1060 657 auctoritate
1084 627 1239 659 iubemus.
1278 626 1408 658 Dudum
1430 627 1539 668 itaque
1559 626 1758 668 significante
1780 625 1873 657 nobis
1896 636 1988 658 reve-

340 676 440 708 rendo
465 680 556 718 patre
580 676 709 708 domino
726 676 824 708 Petro
850 677 890 708 de
907 677 1086 719 Columpna
1102 681 1211 710 sancte
1227 678 1374 710 Romane
1393 678 1527 710 ecclesie
1545 678 1680 709 diacono
1697 677 1861 718 cardinali,
1885 678 1988 709 amico

340 732 448 759 nostro
472 728 651 769 karissimo,
676 728 762 770 quod
785 739 841 760 vos
864 728 1034 760 credentes
1057 734 1122 761 tam
1138 733 1245 762 vestra
1261 740 1357 771 quam
1375 729 1511 761 ecclesie
1527 733 1634 761 vestre
1651 729 1849 762 conditiones
1873 732 1906 761 et
1919 730 1989 762 iura

340 781 370 811 in
400 779 618 821 spiritualibus
646 782 679 811 et
706 780 937 822 temporalibus
960 781 1067 813 facere
1090 781 1225 813 meliora
1258 783 1290 812 et
1314 781 1400 822 quod
1430 792 1488 823 per
1517 782 1621 823 ipsum
1657 781 1772 813 eadem
1796 781 1933 813 ecclesia
1957 783 1991 812 et

341 831 409 862 eius
430 832 500 862 iura
522 832 554 862 in
571 831 787 873 spiritualibus
811 835 843 864 et
858 832 1090 874 temporalibus
1105 832 1326 874 multipliciter
1341 834 1542 875 augmentari
1558 837 1708 875 poterunt
1731 843 1768 865 ac
1792 833 1890 864 etiam
1914 843 1989 864 con-

341 884 475 924 servari,
504 883 637 915 dedistis
664 884 724 915 sibi
752 894 789 916 ac
812 884 987 916 heredibus
1011 889 1044 916 et
1067 885 1304 916 successoribus
1332 886 1401 916 eius
1424 885 1658 916 universalibus
1681 884 1733 917 vel
1754 885 1787 916 in
1810 895 1879 916 rem
1903 888 1935 916 et
1957 885 1990 916 in

341 934 473 966 feudum
503 934 646 967 francum
675 938 707 967 et
734 935 871 967 liberum
894 937 1094 968 concessistis
1122 936 1295 968 donatione
1322 947 1416 978 pura,
1447 937 1584 979 simplici
1613 939 1645 968 et
1671 936 1878 968 inrevocabili
1907 937 1991 968 inter

341 988 440 1029 vivos,
463 988 591 1019 nomine
614 991 720 1019 vestro
745 991 778 1019 et
801 988 885 1020 dicte
914 988 1049 1020 ecclesie
1068 988 1333 1030 Valentin(ensis)
1357 999 1395 1020 ac
1418 991 1595 1020 vestrorum
1619 988 1651 1019 in
1675 998 1714 1020 ea
1737 991 1894 1030 perpetuo
1918 997 1989 1019 suc-

342 1049 517 1079 cessorum,
551 1039 711 1071 bastidam
741 1040 782 1071 de
813 1039 994 1071 Gonfluenti
1029 1039 1069 1071 ab
1104 1040 1259 1071 hactenus
1291 1039 1399 1071 eidem
1435 1040 1572 1071 ecclesie
1607 1039 1709 1082 regali
1742 1050 1800 1071 seu
1831 1039 1991 1081 imperiali

341 1090 511 1131 largitione
543 1090 694 1122 donatam
723 1101 794 1122 cum
824 1092 923 1133 ipsius
950 1091 1084 1132 iuribus,
1118 1092 1318 1133 pertinentiis
1348 1094 1380 1123 et
1407 1091 1602 1132 appenditiis
1632 1091 1802 1131 universis,
1836 1091 1877 1123 ab
1900 1092 1992 1123 annis

341 1142 472 1183 triginta
496 1145 528 1173 et
551 1142 630 1173 citra
647 1142 817 1183 desertam,
843 1143 969 1174 omnino
986 1142 1199 1174 inhabitatam
1223 1146 1255 1175 et
1270 1142 1414 1174 sterilem
1430 1143 1524 1174 sitam
1548 1143 1580 1174 in
1596 1143 1756 1174 territorio
1773 1143 1840 1174 sive
1856 1142 1990 1174 manda-

341 1197 450 1225 mento
466 1193 617 1226 Valentie
644 1205 745 1236 prope
779 1195 892 1225 fluvios
914 1194 1041 1226 Rodani
1072 1199 1104 1226 et
1126 1194 1230 1235 Isare,
1265 1195 1354 1226 cuius
1382 1193 1509 1226 bastide
1537 1193 1759 1226 rehedificatio
1791 1204 1854 1226 non
1888 1194 1990 1226 solum

340 1245 589 1287 Valentin(ensi)
613 1246 748 1277 ecclesie
772 1246 965 1287 supradicte,
990 1246 1047 1278 sed
1071 1247 1129 1278 toti
1153 1247 1377 1288 circumposita
1400 1246 1525 1288 regioni
1540 1255 1698 1287 perquam
1713 1246 1800 1277 utilis
1824 1249 1857 1278 et
1878 1256 1991 1277 neces-

341 1298 424 1328 saria
446 1297 515 1328 fore
540 1297 737 1339 dignoscitur
758 1307 883 1329 necnon
905 1297 947 1329 ad
970 1298 1116 1338 tutelam,
1140 1298 1346 1330 securitatem
1370 1300 1404 1329 et
1426 1297 1608 1329 custodiam
1623 1297 1792 1329 fluviorum
1807 1297 1937 1329 Rodani
1960 1301 1994 1330 et

340 1348 430 1380 Isare
454 1349 538 1380 circa
553 1349 626 1380 loca
641 1349 786 1391 predicta
809 1353 842 1381 et
865 1351 1006 1381 omnium
1022 1350 1238 1382 itinerantium
1262 1361 1319 1382 seu
1334 1350 1554 1392 navigantium
1578 1359 1616 1380 ac
1633 1350 1842 1381 mercimonia
1866 1359 1993 1391 queque

342 1400 568 1432 deducentium
592 1401 625 1432 in
646 1401 725 1432 locis
747 1401 910 1443 predictis,
935 1401 1091 1433 directum
1106 1402 1198 1433 vobis
1222 1405 1255 1433 et
1270 1401 1507 1433 successoribus
1527 1401 1641 1433 vestris
1664 1411 1702 1432 ac
1726 1400 1833 1433 eidem
1856 1401 1992 1434 ecclesie

342 1452 427 1483 dicte
444 1452 570 1484 bastide
589 1452 765 1484 dominium
781 1454 968 1493 retinentes,
991 1464 1029 1485 ac
1044 1454 1250 1486 investivistis
1272 1465 1329 1486 vos
1345 1454 1498 1496 episcope
1523 1455 1555 1485 et
1579 1463 1687 1485 comes
1703 1452 1865 1495 prefatum
1889 1453 1993 1485 cardi-

341 1503 448 1535 nalem
464 1504 702 1545 presentialiter
718 1504 758 1536 de
776 1505 908 1546 eisdem,
926 1509 1020 1547 prout
1034 1506 1066 1537 in
1082 1506 1299 1538 instrumentis
1315 1505 1453 1547 publicis
1468 1505 1543 1537 inde
1560 1505 1713 1537 confectis
1729 1505 1806 1536 dicti
1823 1505 1993 1537 cardinalis

342 1565 379 1586 ac
395 1556 509 1586 vestris
526 1555 638 1597 sigillis
654 1557 804 1587 munitis1
827 1557 953 1598 plenius
976 1558 1132 1599 premissa
1149 1558 1254 1588 omnia
1275 1557 1468 1598 detinentur,
1492 1561 1525 1589 et
1542 1558 1698 1588 instanter
1713 1567 1770 1588 nos
1786 1556 1872 1588 dicto
1889 1556 1992 1588 cardi-

341 1607 407 1638 nali
430 1610 576 1648 rogante,
598 1610 634 1639 ut
657 1607 864 1640 donationem
889 1612 922 1640 et
937 1610 1178 1641 concessionem
1192 1613 1315 1641 vestras
1331 1609 1514 1641 huiusmodi
1530 1612 1617 1641 ratas
1640 1611 1673 1640 et
1692 1612 1801 1650 gratas
1816 1608 1938 1640 habere
1954 1618 1992 1640 ac

342 1659 533 1690 anctoritate
549 1659 639 1700 regia
662 1659 849 1691 confirmare
874 1663 907 1692 et
926 1661 1057 1702 insuper
1071 1660 1231 1692 bastidam
1254 1661 1357 1702 ipsam
1381 1660 1441 1692 sibi
1465 1664 1498 1692 et
1520 1660 1613 1691 dictis
1629 1659 1802 1691 heredibus
1818 1662 1851 1691 et
1866 1669 1991 1691 succes-

342 1710 466 1741 soribus
490 1711 553 1741 suis
570 1710 609 1742 de
626 1721 709 1742 novo
727 1711 846 1743 donare
863 1722 901 1743 ac
923 1713 955 1743 in
980 1723 1052 1744 eum
1078 1715 1110 1744 et
1125 1713 1198 1744 illos
1213 1712 1308 1754 plene
1325 1712 1498 1744 transferre
1515 1712 1707 1743 auctoritate
1724 1711 1839 1742 eadem
1854 1710 1991 1743 debere-

343 1773 422 1803 mus,
495 1773 554 1794 nos
566 1763 700 1804 provida
713 1763 969 1796 consideratione
983 1767 1155 1806 pensantes
1168 1765 1408 1806 persecutiones
1424 1763 1627 1805 multiplices,
1644 1766 1789 1805 sumptus
1805 1766 1839 1795 et
1852 1763 1993 1807 dampna

343 1814 541 1855 gravissima,
566 1825 628 1856 que
651 1814 739 1846 idem
763 1815 934 1847 cardinalis
957 1819 990 1848 et
1013 1817 1061 1848 sui
1083 1817 1244 1858 preteritis
1268 1816 1468 1857 temporibus
1491 1815 1735 1847 adversantibus
1759 1815 1805 1847 eis
1826 1816 1992 1857 potissime

342 1869 475 1907 propter
490 1866 644 1908 obsequia
667 1867 950 1908 predecessoribus
966 1869 1081 1899 nostris
1097 1868 1316 1900 Romanorum
1333 1867 1463 1909 regibus
1487 1871 1520 1899 et
1542 1867 1791 1909 imperatoribus
1806 1878 1866 1908 per
1888 1866 1991 1898 cardi-

343 1918 450 1949 nalem
465 1919 570 1959 ipsum
594 1925 627 1949 et
642 1929 716 1950 suos
731 1929 769 1950 ac
785 1920 1007 1960 progenitores
1024 1929 1135 1951 eorum
1151 1920 1183 1951 in
1198 1919 1373 1951 honoribus
1389 1923 1422 1950 et
1437 1918 1558 1950 iuribus
1573 1919 1701 1960 imperii
1717 1918 1943 1950 conservandis
1960 1921 1993 1950 et

343 1969 587 2001 manutenendis
610 1969 831 2011 multipliciter
854 1974 887 2002 et
910 1971 1125 2003 diversimode
1149 1974 1222 2003 sunt
1244 1971 1406 2013 perpessi,
1434 1970 1475 2002 ad
1499 1981 1634 2012 quorum
1658 1971 1911 2002 satisfactionem
1934 1981 1993 2002 nos

344 2025 377 2052 et
404 2022 574 2063 imperium
603 2022 724 2053 eisdem
747 2023 1005 2064 recognoscimus
1028 2023 1204 2065 obligatos,
1236 2026 1269 2055 et
1298 2026 1431 2064 propter
1453 2022 1514 2054 hec
1537 2022 1693 2054 habentes
1717 2022 1758 2053 ad
1780 2022 1868 2064 ipsos
1890 2022 1991 2054 multe

343 2073 573 2113 compassionis
596 2073 746 2104 affectum
770 2084 808 2105 ac
830 2075 975 2106 volentes
1003 2076 1048 2106 eis
1071 2076 1298 2116 premissorum
1327 2075 1461 2107 obtentu
1489 2074 1529 2106 de
1554 2074 1687 2106 alicuius
1710 2074 1936 2106 satisfactionis
1960 2077 1993 2106 et

343 2123 491 2165 aliqualis
507 2125 749 2156 restaurationis
771 2126 801 2156 in
827 2125 983 2158 dictorum
1000 2127 1209 2168 dampnorum
1228 2128 1522 2169 compensationem
1539 2126 1708 2168 providere
1731 2126 1894 2167 remediis,
1918 2136 1992 2168 spe—

344 2179 452 2206 rantes
476 2176 583 2216 etiam,
608 2177 695 2217 quod
719 2181 837 2218 quanto
860 2178 1038 2219 potioribus
1060 2179 1147 2220 ipsos
1170 2179 1332 2210 favoribus
1348 2189 1581 2220 prosequemur
1604 2181 1637 2210 et
1659 2178 1780 2220 gratiis,
1803 2181 1892 2209 tanto
1916 2189 1992 2210 con-

345 2228 512 2258 stituemus
541 2229 627 2269 ipsos
657 2239 698 2260 ex
721 2229 831 2260 debito
856 2230 898 2261 ad
920 2230 1059 2262 honores
1082 2235 1207 2263 nostros
1231 2234 1263 2262 et
1285 2231 1412 2272 imperii
1435 2231 1664 2273 promptiores,
1694 2229 1839 2261 volentes
1862 2231 1994 2272 insuper

344 2282 477 2320 propter
498 2279 559 2311 hec
583 2279 702 2312 dictum
727 2280 932 2319 cardinalem,
957 2286 1022 2314 tam
1039 2283 1175 2314 sublime
1195 2283 1376 2314 membrum
1392 2282 1528 2314 ecclesie
1546 2281 1618 2323 Dei,
1642 2282 1837 2323 peculiarem
1854 2282 1992 2314 reddere

345 2330 437 2362 nobis
460 2331 492 2362 in
515 2332 630 2362 nostris
653 2335 686 2363 et
707 2333 834 2374 imperii
856 2333 978 2365 iuribus
1001 2334 1226 2366 conservandis
1249 2335 1402 2375 amicum,
1432 2334 1701 2376 postulationibus
1729 2334 1796 2365 eius
1824 2335 1992 2366 annuimus

347 2386 379 2413 et
408 2382 585 2424 prelibatas
615 2383 822 2416 donationem
857 2389 890 2416 et
912 2387 1151 2418 concessionem
1182 2390 1305 2418 vestras
1337 2387 1378 2418 de
1413 2386 1500 2418 dicta
1529 2386 1656 2417 bastida
1686 2386 1768 2417 sicut
1797 2386 1992 2427 premittitur

346 2434 448 2465 factas
479 2437 565 2466 ratas
600 2439 633 2466 et
665 2439 772 2477 gratas
806 2437 980 2478 habentes,
1014 2448 1077 2469 non
1111 2438 1310 2470 obstantibus
1344 2438 1506 2480 quibusvis
1537 2438 1694 2469 dictorum
1727 2437 1991 2479 predecessorum

346 2489 526 2517 nostrorum
549 2487 724 2529 privilegiis
747 2498 804 2519 seu
827 2489 986 2520 mandatis
1009 2490 1143 2522 fortasse
1168 2491 1350 2531 contrariis,
1379 2493 1411 2522 et
1442 2490 1587 2522 volentes
1614 2489 1734 2521 habere
1767 2489 1855 2530 ipsas
1882 2492 1916 2521 et
1937 2489 1992 2522 illa

346 2538 495 2579 perpetui
522 2537 646 2569 roboris
672 2539 872 2580 firmitatem,
904 2551 959 2572 eas
989 2544 1022 2572 et
1049 2551 1088 2573 ea
1115 2542 1306 2574 auctoritate
1335 2542 1425 2584 regia
1449 2542 1704 2573 confirmavimus
1734 2541 1841 2583 quoad
1868 2541 1932 2573 alia
1960 2545 1993 2574 et

349 2594 459 2620 tenore
487 2591 683 2630 presentium
713 2591 934 2623 confirmamus
957 2593 1124 2635 ipsamque
1147 2593 1307 2625 bastidam
1331 2604 1403 2625 cum
1425 2594 1560 2634 iuribus,
1590 2593 1790 2635 pertinentiis
1813 2595 1847 2624 et
1869 2602 1992 2635 appen-

349 2640 434 2671 ditiis
450 2641 616 2682 prelibatis
640 2653 709 2673 cum
735 2642 893 2684 libertate,
917 2645 1119 2678 immunitate
1143 2649 1175 2678 et
1190 2647 1406 2687 exemptione,
1429 2656 1519 2678 mero
1537 2656 1665 2688 quoque
1690 2649 1723 2678 et
1741 2646 1842 2677 mixto
1858 2646 1992 2687 imperio

347 2702 384 2723 ac
407 2691 606 2724 iurisditione
630 2694 721 2725 totali
744 2698 922 2728 memorato
939 2697 1093 2729 cardinali
1116 2708 1153 2730 ac
1176 2697 1349 2729 heredibus
1373 2701 1405 2729 et
1421 2697 1656 2729 successoribus
1679 2698 1747 2729 eius
1762 2696 1994 2729 universalibus

453 2803 478 2837 1)
497 2803 608 2830 Servata
626 2812 681 2830 non
699 2808 770 2832 sunt.

2009 738 2034 758 lo

2010 1001 2034 1020 15

2010 1256 2036 1278 20

2010 1773 2037 1794 ³⁰

2010 2031 2036 2051 85

2009 2293 2037 2312 4⁰

2010 2557 2036 2577 4⁵
