2184 3126
127 782 153 802 10

128 1038 152 1058 15

127 2568 153 2587 45

127 2783 154 2803 50

449 215 547 244 ACTA
564 214 678 243 REGNI
697 214 831 243 LUDEW
833 215 881 244 101
902 214 948 243 lv.
966 214 1013 242 ET
1032 213 1216 242 PRIDERICI
1236 214 1283 241 111.
1322 214 1396 242 1324.
1433 213 1482 240 Nr.
1494 213 1555 242 90⁹.
1765 215 1826 246 737

174 306 206 336 in
233 304 367 347 speciali
395 307 430 337 et
459 304 561 336 eciam
589 304 620 335 in
648 302 827 342 communi,
857 313 929 335 cum
959 301 1063 334 nullus
1093 301 1247 343 unquam¹
1276 311 1353 333 sane
1383 301 1500 332 mentis
1529 300 1710 341 negaverit,
1741 301 1829 342 ipsos

173 355 324 389 habuisse
346 355 528 389 necessaria
549 355 631 395 vite,
661 357 712 387 set
733 355 765 386 in
793 353 1072 397 predicacionibus
1103 356 1136 385 et
1165 351 1366 385 sermonibus
1394 352 1532 384 asseruit
1561 351 1707 392 firmiter,
1741 350 1828 394 quod

172 409 233 451 ipsi
262 407 444 441 habuerunt
473 406 535 439 eok
563 406 661 439 modo
691 406 767 450 quo'
797 406 918 438 habent
946 408 1055 438 cetera
1084 403 1238 446 collegia,
1266 414 1329 446 que
1361 403 1448 436 bona
1476 402 1696 445 temporalium
1724 403 1827 444 possi-

173 460 309 493 derunt¹¹
331 460 363 491 in
387 459 558 491 communi.
607 458 721 490 ⁰Luce
744 458 842 500 igitur
864 457 980 490 clarius
1002 459 1108 499 patet,
1132 455 1218 498 quod
1242 454 1380 487 diffinire
1408 455 1510 487 voluit
1538 457 1572 486 et
1599 453 1735 486 intendit
1759 454 1827 486 fore

170 512 349 544 hereticum
372 510 492 551 dicere,
515 509 677 543 Christum
701 513 734 542 et
755 509 920 551 apostolos
942 507 1040 540 nichil
1062 506 1267 550 possedisse»
1289 507 1321 539 in
1344 507 1505 539 communi
1521 506 1658 538 civiliter
1680 510 1713 538 et
1736 516 1827 538 mun-

171 563 270 605 dane,
305 565 340 595 et
371 562 454 594 sicut
487 565 650 594 ostensum
684 564 734 593 est
765 571 878 603 supra,
910 561 993 592 sicut
1023 559 1182 602 inpudens
1213 557 1376 590 hereticus
1404 558 1524 591 Christi
1551 557 1765 600 ewangelium
1795 561 1829 589 et

170 618 298 648 sanctos
327 612 523 656 apostolosv·
547 616 580 645 et
607 612 756 645 doctores
782 613 932 655 antiquos
961 622 1051 644 sacre
1081 612 1238 653 scripture
1270 613 1303 642 et
1332 610 1566 642 diffiniciones‘·
1595 609 1828 652 predictorumr

170 670 385 699 summorum·
408 665 594 707 pontificum
623 667 660 696 ut
686 664 894 707 plasphemus
919 666 953 696 et
974 662 1150 705 sacrilegus
1177 662 1293 694 salsum
1323 661 1488 693 continere
1516 665 1550 693 et
1577 661 1705 693 mentiri
1727 659 1829 692 ⁰dicit

172 720 294 761 aperte.
351 716 446 754 Quod
481 716 584 749 eciam
616 726 686 748 esse
722 716 900 748 hereticum
934 719 968 748 et
1001 725 1169 756 vesanum,
1204 715 1395 747 universitas
1433 714 1568 747 fratrum
1602 714 1762 746 Minorum
1796 714 1828 745 in

171 769 317 813 generali
339 767 516 802 eorundem
540 767 680 810 capitulo
704 771 901 810 congregato
924 767 1065 800 Perusii‘
1088 770 1201 810 aperte
1225 767 1323 798 sensit
1352 769 1385 798 et
1413 767 1643 798 sentenciavit¹
1674 775 1829 808 expresse

170 819 355 862 asserendo,
379 819 466 862 quod
489 819 596 851 dicere
613 818 775 851 Christum
798 823 833 852 et
854 819 1019 862 apostolos
1041 818 1159 850 nichilu
1175 817 1327 850 habuisse
1350 818 1382 849 in
1406 819 1566 849 communi
1590 828 1653 850 non
1677 820 1747 849 erat
1770 827 1829 849 nec

170 875 219 905 est
234 872 425 912 hereticum,
448 874 498 903 set
519 881 644 912 sanum,
667 870 867 903 katholicum
890 874 924 903 et
945 870 1042 903 fidele
1065 873 1118 902 et*r
1133 879 1193 912 per
1207 873 1335 901 sanctos
1350 873 1459 911 patres
1475 874 1644 901 summos*
1661 869 1829 911 pontifices

170 928 326 966 tanquam
348 923 548 955 katholicnm
573 922 744 955 diffinitum
768 927 802 955 et
824 923 1017 955 contrarium
1040 921 1249 964 reprobatum
1273 924 1307 953 et
1329 924 1482 962 tanquam
1507 920 1680 962 reprobum
1697 930 1828 952 excom-

170 975 400 1008 municacionis
423 978 457 1007 et
479 974 694 1007 anathematis
717 974 903 1006 sentencia¹
917 973 1116 1006 innodatum.
1155 972 1218 1004 Ety
1234 972 1314 1004 ordo
1337 971 1502 1014 predictus
1516 972 1652 1004 fratrum
1668 972 1828 1004 Minoi-um

171 1028 217 1060 sic
232 1028 327 1060 istam
343 1027 514 1059 veritatem
531 1026 677 1067 asseruit,
701 1025 787 1068 quod
802 1025 977 1058 universis*
993 1024 1111 1057 Christi
1126 1023 1275 1057 fidelibus
1290 1025 1393 1066 ipsam
1410 1023 1584 1055 tenendam
1600 1022 1830 1055 inviolabiliter

170 1083 325 1122 tanquam
347 1078 476 1110 omnino
500 1077 698 1109 katholicam
720 1076 896 1119 publicavit
918 1079 951 1108 et
973 1076 1136 1108 nunciavit
1158 1078 1191 1108 et
1214 1076 1338 1108 eciam·
1361 1075 1578 1107 ministrorum
1601 1078 1634 1106 et
1656 1075 1828 1117 magistro-

170 1141 242 1163 rum
265 1130 316 1162 inb
339 1129 518 1172 theologia,
549 1130 603 1171 qui
627 1128 712 1160 dicto
736 1127 877 1170 capitulo
900 1130 1065 1170 preerant,
1088 1126 1202 1170 sigillis
1224 1127 1360 1159 munivit
1381 1126 1424 1159 ad
1446 1127 1603 1159 maiorem
1626 1128 1673 1159 rei
1696 1126 1828 1158 certitu-

170 1183 293 1223 dinem,
323 1183 436 1224 prout⁰
459 1181 490 1212 in
519 1190 630 1212 eorum
653 1180 762 1212 littera
790 1190 849 1222 per
876 1178 1031 1211 mundum
1060 1178 1263 1211 universum¹¹
1288 1178 1433 1220 dispersa
1463 1178 1589 1220 plenius
1617 1182 1651 1210 et
1677 1178 1829 1210 seriosius

171 1234 362 1267 continetur.
401 1232 495 1270 Quod
519 1233 603 1264 enim
626 1242 686 1274 per
700 1231 823 1264 clavem
847 1231 985 1263 sciencie
1002 1241 1062 1273 per
1075 1229 1241 1262 Romanos
1257 1230 1443 1272 pontifices·
1459 1230 1562 1262 semel
1579 1230 1829 1262 determinatum

173 1289 222 1318 est
243 1286 276 1317 in
292 1284 356 1317 fide
379 1284 428 1316 et‘
442 1283 585 1316 moribus
600 1286 710 1316 recteff
726 1283 802 1322 vite,
825 1286 876 1315 est
896 1282 1117 1323 inmutabile¹²‚
1133 1292 1173 1314 eo
1197 1282 1283 1324 quod
1308 1282 1445 1314 ecelesia
1465 1281 1612 1314 Romana
1635 1284 1685 1313 est
1707 1281 1829 1313 inerra-

173 1336 256 1369 bilis¹
285 1337 317 1368 in
347 1335 427 1368 fide‘
449 1335 502 1368 et¹¹
524 1335 660 1367 veritate
682 1345 743 1367 neo
765 1338 874 1377 potest
896 1334 974 1367 dare
997 1334 1143 1376 regulam
1168 1334 1283 1366 falsam
1307 1333 1359 1366 vel
1381 1333 1501 1365 malam
1524 1333 1556 1365 in
1580 1336 1667 1365 recte
1691 1332 1829 1365 vivendo

172 1399 231 1421 nec
258 1389 290 1420 in
313 1388 458 1420 veritatis
485 1386 604 1419 iudicio
631 1386 770 1418 ecclesia
799 1385 948 1418 Romana
974 1388 1084 1427 potest
1112 1385 1189 1417 sibi¹
1213 1395 1284 1416 esse
1311 1385 1481 1416 contraria.
1527 1383 1561 1415 Si
1591 1385 1676 1416 enim
1706 1385 1738 1415 in
1766 1394 1830 1422 uno
1861 1411 1865 1414 .

173 1443 259 1473 esset
277 1439 358 1471 falsa
373 1438 426 1471 vel
441 1438 502 1470 sibi
518 1439 687 1479 contraria,
711 1438 743 1469 in
759 1437 907 1470 omnibus
922 1437 1123 1469 vacillaretm.
1162 1436 1205 1468 Et
1219 1446 1317 1479 super
1331 1436 1412 1467 hoen
1429 1435 1660 1467 fundament0⁰
1675 1436 1830 1478 generale

173 1491 348 1534 capitulum
371 1500 406 1522 se
429 1491 462 1522 in
484 1489 630 1532 predicta
652 1490 760 1522 littera
783 1489 946 1522 stabilivit.
1002 1488 1112 1521 »Nam
1140 1487 1227 1530 quod
1256 1487 1358 1520 semel
1386 1497 1446 1529 per
1472 1497 1615 1519 summos
1641 1487 1832 1529 pontifices‘¹

172 1543 236 1576 Dei
265 1543 402 1575 vicarios
428 1552 488 1584 per
514 1541 639 1574 clavem
666 1541 804 1574 sciencie
833 1543 883 1573 est
912 1540 1083 1572 diffinitum
1111 1550 1183 1572 esse
1211 1539 1252 1571 de
1275 1539 1352 1571 fidei
1375 1539 1526 1578 veritate,
1556 1549 1619 1571 non
1642 1542 1751 1581 potest
1773 1549 1833 1581 per

173 1604 391 1627 successorem
414 1594 557 1636 aliquem
579 1594 611 1625 in
634 1592 767 1625 dubium
789 1592 933 1625 revocari
956 1592 1007 1624 vel
1036 1593 1105 1624 eius
1132 1590 1218 1634 quod
1242 1590 1413 1622 diffinitum
1437 1594 1504 1622 est'
1527 1591 1720 1622 contrarium
1743 1590 1831 1622 affir-

173 1646 264 1687 mari,
288 1646 364 1688 quin
387 1645 447 1677 hoc
471 1655 572 1687 agens
587 1643 758 1676 manifeste
781 1643 943 1676 hereticus
958 1645 1000 1675 sit
1014 1643 1202 1676 censendus.
1248 1642 1367 1675 l‘Cuius
1384 1643 1528 1675 veritatis
1551 1643 1637 1674 racio
1661 1645 1695 1674 et
1717 1643 1832 1675 funda-

172 1700 318 1730 mentum
342 1700 406 1736 est,
437 1697 512 1739 quia
535 1695 616 1728 fides
637 1695 803 1728 katholico.
826 1698 876 1728 est
898 1695 940 1728 de
964 1705 1040 1727 vero
1064 1698 1222 1737 perpetuo
1246 1698 1280 1727 et
1302 1693 1483 1726 inmutabili
1506 1704 1646 1736 prorsus.
1692 1694 1734 1726 Et
1756 1694 1831 1726 ideo

173 1748 260 1792 quod
283 1748 385 1782 semel
408 1751 473 1781 est·
489 1747 678 1780 diffinitum·
692 1757 804 1780 verum
828 1757 899 1780 esse
923 1748 955 1779 in
978 1748 1048 1789 ipsa
1070 1746 1135 1778 fide
1152 1746 1227 1778 vel¹²
1242 1745 1395 1786 moribus,
1419 1746 1452 1777 in
1467 1749 1615 1778 eternum
1633 1756 1742 1778 verum
1763 1751 1831 1778 est*

173 1803 206 1833 et
238 1799 435 1832 inmutabile·
458 1810 518 1841 per
547 1809 780 1841 quemcunque.
831 1798 931 1831 Secus
961 1801 1097 1830 autcm'
1129 1798 1160 1830 in
1188 1798 1263 1838 hiis,
1298 1808 1361 1840 que
1392 1800 1595 1829 statuuntur*
1618 1807 1678 1839 per
1707 1798 1831 1830 clavem

173 1852 323 1895 potencie
332 1857 355 1884 7.
402 1850 514 1883 ”Nam
537 1860 616 1893 sepe
632 1850 720 1893 quod
743 1861 806 1882 uno
830 1853 978 1892 tempore
1002 1849 1136 1892 expedit
1158 1850 1239 1889 fieri,
1261 1849 1326 1881 alio
1342 1852 1490 1891 tempore
1507 1848 1642 1891 expedit
1657 1849 1831 1890 prohiberi.

174 1903 309 1936 Constat
331 1906 440 1936 autem
464 1902 628 1945 predictos
643 1901 811 1944 pontifices
835 1905 868 1934 et
890 1902 1056 1944 generalia
1079 1901 1215 1933 concilia
1237 1901 1414 1933 secundum
1437 1901 1579 1932 clavem¹¹
1595 1901 1740 1933 sciencie'
1754 1912 1831 1933 eon-

172 1955 304 1987 trarium
328 1955 530 1997 apertissime
553 1953 730 1986 diffinisse·
746 1957 780 1986 et
801 1953 947 1986 libellum
971 1956 1004 1985 et
1026 1952 1113 1985 dicta
1136 1954 1361 1995 magistrorum
1385 1952 1441 1985 etb
1460 1953 1687 1992 asserencium,
1711 1952 1830 1985 dictam

172 2010 398 2049 paupertatem
421 2009 455 2038 et
477 2006 576 2038 vitam
598 2016 663 2037 non
686 2015 757 2038 esse
781 2008 1007 2047 paupertatem
1030 2005 1263 2047 ewangelicam
1287 2009 1321 2036 et
1343 2003 1566 2046 apostolicam,
1590 2004 1833 2037 sentencialiter

172 2058 438 2101 dampnaverunt,
461 2063 545 2100 ”per
564 2057 688 2090 litteras
711 2056 907 2099 apostolicas
930 2056 1104 2089 districtius
1126 2055 1319 2095 inhibentes,
1343 2065 1383 2087 ne
1407 2055 1577 2097 quisquam
1601 2055 1758 2097 premissa
1780 2056 1831 2087 vel

172 2109 303 2152 aliquod
347 2110 575 2152 premissorum
619 2109 825 2151 pertinaciter
868 2107 1036 2140 astruered
1074 2107 1125 2140 vel
1164 2106 1410 2150 quomodolibet
1447 2106 1618 2138 defensare
1656 2111 1831 2148 presumat.

172 2160 358 2194 statuentes
386 2161 474 2204 quod
501 2162 703 2203 quicunque⁹
730 2160 962 2202 presumpserit
988 2159 1210 2202 adtemptare,
1240 2162 1393 2201 tanquam
1425 2162 1599 2189 contumax
1629 2161 1662 2189 ct
1694 2158 1831 2190 ecclesie

274 2262 342 2290 909.
373 2263 391 2296 ¹)
407 2272 540 2297 nunquam
558 2263 583 2288 A
599 2262 626 2294 12
651 2263 719 2289 decet
738 2263 762 2288 A
774 2263 799 2290 4.
812 2264 836 2289 5.
952 2262 978 2296 k)
1001 2263 1088 2290 eodem
1107 2263 1132 2288 A
1147 2263 1170 2289 1·.
1182 2262 1207 2289 4.
1220 2263 1245 2288 5.
1353 2261 1372 2294 ¹)
1390 2270 1444 2294 qua
1462 2261 1487 2286 B
1498 2259 1523 2287 2.
1631 2260 1664 2293 ΙΙΙ)
1683 2261 1751 2288 dem
1770 2262 1794 2287 A
1806 2262 1831 2288 4.

171 2306 198 2338 ιι)
215 2306 346 2341 possident
363 2307 388 2332 A
400 2305 426 2333 3.
535 2306 560 2339 ⁰)
578 2307 679 2340 siquam
692 2306 860 2340 paraqmplii
878 2307 905 2332 in
923 2306 949 2331 B
960 2306 985 2332 2.
1098 2306 1124 2337 1»)
1142 2306 1278 2339 possidisse
1297 2305 1322 2330 A
1337 2305 1359 2330 1.
1379 2304 1404 2329 B
1415 2303 1440 2330 2.
1557 2303 1594 2336 P')
1612 2305 1748 2338 prophetas
1767 2305 1791 2330 A
1805 2305 1829 2331 4.

174 2348 199 2381 q)
217 2349 368 2376 diffinitores
385 2349 411 2375 A
422 2348 448 2375 2.
536 2349 558 2383 ¹)
576 2350 598 2376 si
615 2350 742 2376 dictorum
761 2350 785 2375 A
799 2349 823 2375 3.
912 2349 934 2381 ⁸)
952 2358 1044 2376 summ.
1062 2349 1131 2382 pred.
1151 2349 1176 2374 B
1187 2348 1212 2374 2.
1299 2347 1319 2380 ²)
1336 2347 1438 2374 Parusii
1459 2347 1482 2372 A
1495 2346 1524 2377 ὃς
1547 2347 1665 2381 Perusigi
1683 2347 1709 2372 B
1720 2346 1750 2378 2;
1773 2349 1830 2374 Per.

172 2399 259 2426 congr.
273 2391 332 2419 A4.
342 2391 368 2419 5.
431 2391 460 2426 11)
477 2393 564 2419 taliter
575 2393 639 2419 add.
652 2392 676 2418 A
685 2392 711 2419 4.
720 2393 746 2419 ὀ.
786 2408 789 2413 s
816 2393 842 2426 v)
861 2393 931 2419 deut
942 2392 967 2418 B
976 2391 1000 2418 2.
1071 2394 1102 2424 w)
1120 2400 1180 2418 suos
1195 2392 1218 2416 B
1230 2391 1250 2416 1.
1317 2391 1343 2422 ¹)
1361 2390 1499 2416 seuaenciis
1512 2390 1536 2415 A
1546 2388 1571 2415 3.
1624 2390 1649 2422 1)
1668 2391 1757 2416 ficiam
1771 2391 1795 2415 A
1805 2390 1830 2417 4.

173 2434 196 2466 ¹)
214 2435 329 2462 cuverni·
346 2434 371 2460 A
383 2433 408 2461 8.
500 2436 525 2467 δ)
544 2435 612 2462 decet
630 2435 654 2461 A
667 2434 692 2462 4.
705 2435 730 2462 5.
823 2435 848 2468 b)
866 2444 942 2462 sacra
959 2435 1022 2461 aad.
1042 2436 1066 2460 A
1078 2434 1104 2461 4.
1117 2434 1141 2461 5.
1230 2434 1254 2466 ὓ)
1273 2435 1349 2460 etiam
1368 2433 1431 2460 add.
1451 2434 1475 2458 A
1486 2433 1512 2460 4.
1600 2432 1627 2466 δ)
1644 2434 1714 2460 dom
1731 2434 1756 2460 B
1770 2434 1792 2461 1.
1805 2434 1830 2460 2.

173 2476 197 2510 ο)
215 2478 358 2504 Romanum
376 2478 522 2511 pontificem
541 2478 566 2504 A
578 2477 608 2509 4;
636 2479 707 2504 Rom.
728 2487 844 2505 summus
862 2479 996 2512 pontifices
1019 2478 1042 2503 Α
1055 2478 1080 2504 5.
1204 2476 1224 2509 s)
1246 2482 1272 2504 st
1289 2477 1405 2503 moribus
1421 2490 1454 2495 —
1471 2477 1497 2503 in
1520 2477 1570 2503 nde
1592 2477 1742 2503 adderam
1766 2478 1791 2503 A
1807 2478 1831 2504 l.

173 2519 198 2553 Β)
218 2521 280 2546 u&
298 2519 359 2546 32.
446 2519 472 2553 ιι)
489 2521 640 2548 inmotabile
658 2519 718 2547 132.
806 2521 825 2554 ¹)
843 2522 1026 2547 inenarrabilis
1046 2521 1071 2546 B
1085 2521 1107 2547 1.
1119 2520 1144 2547 2.
1236 2519 1263 2551 Β)
1281 2521 1307 2546 iu
1326 2519 1389 2546 aad.
1408 2519 1432 2544 A
1447 2519 1471 2546 1.
1489 2519 1515 2545 B
1526 2518 1551 2546 2.
1638 2518 1659 2552 ¹)
1677 2520 1746 2547 deut
1764 2520 1830 2550 B‘2:

172 2563 221 2588 sibi
241 2566 324 2596 potest
340 2562 366 2588 A
377 2561 403 2589 4.
499 2563 533 2595 Ν)
550 2564 713 2590 svaccillaret
731 2563 756 2589 A
771 2563 798 2595 1;
823 2573 903 2597 vace„
927 2573 945 2589 v
962 2573 1031 2590 corr.
1049 2572 1080 2590 ex
1099 2565 1111 2589 t·
1127 2564 1150 2589 A
1163 2563 1189 2590 2.
1276 2563 1301 2595 1δ)
1320 2563 1388 2589 docet
1406 2562 1432 2588 B
1446 2562 1468 2588 1.
1481 2561 1506 2588 2.
1594 2562 1619 2595 ⁰)
1637 2563 1747 2589 fundato
1766 2564 1829 2594 A,l.

171 2605 196 2637 1¹)
215 2605 315 2638 eiqnum
328 2605 495 2639 paragraphi
512 2606 540 2632 in
557 2605 583 2631 B
594 2605 619 2632 2.
714 2606 740 2640 ’1)
759 2611 828 2641 pont.
847 2615 892 2641 per
909 2615 1023 2633 summos
1041 2606 1066 2632 B
1077 2606 1101 2632 2.
1196 2605 1219 2640 ¹)
1237 2606 1305 2632 decet
1323 2605 1348 2631 Β
1358 2605 1385 2632 2.
1477 2605 1500 2637 ⁸)
1518 2605 1586 2632 dom
1604 2606 1628 2631 A
1640 2605 1666 2631 4.
1754 2607 1773 2638 ¹)
1792 2613 1831 2632 est

171 2648 234 2674 aad.
252 2648 278 2674 A
289 2648 316 2674 ὃ.
402 2648 429 2680 ¹¹)
447 2652 474 2675 et
491 2648 516 2674 A
527 2647 553 2675 4.
563 2648 588 2675 5.
675 2649 700 2681 v)
718 2654 758 2676 est
775 2658 864 2676 verum
884 2649 909 2675 A
923 2649 946 2676 1.
958 2649 984 2675 2.
996 2648 1021 2675 3.
1034 2649 1058 2676 4.
1072 2649 1098 2675 5.
1180 2649 1211 2683 V)
1229 2654 1269 2676 est
1285 2649 1348 2675 aad.
1369 2649 1393 2674 A
1405 2647 1431 2675 4.
1443 2649 1469 2675 ὃ.
1556 2649 1582 2681 ¹)
1601 2654 1748 2676 statuerunt
1768 2648 1829 2675 32.

170 2691 196 2722 1)
214 2691 348 2724 potestatis
366 2691 391 2716 A
403 2690 429 2718 4.
441 2691 464 2718 5.
579 2690 602 2725 Ι)
625 2692 712 2718 claves
730 2692 754 2717 A
768 2692 792 2719 1.
804 2691 830 2718 2.
841 2692 866 2718 3.
878 2692 904 2719 4.
917 2693 942 2719 5.
1057 2692 1081 2725 Ι)
1099 2693 1211 2719 diffinire
1229 2693 1253 2718 A
1266 2692 1296 2723 43
1324 2692 1478 2718 diffinivisse
1496 2692 1521 2717 A
1533 2692 1559 2718 5.
1665 2692 1690 2723 b)
1714 2698 1740 2718 et
1762 2693 1831 2718 deese

173 2734 197 2758 A
212 2733 234 2760 1.
247 2733 271 2760 2.
285 2733 309 2760 4.
322 2734 347 2760 5.
443 2734 467 2767 ο)
485 2735 586 2768 mum
598 2735 767 2768 paragraphi
788 2735 816 2761 in
833 2736 858 2760 Β
870 2735 895 2761 2.
987 2734 1014 2768 d)
1032 2736 1188 2762 constituere
1207 2736 1230 2760 A
1245 2736 1273 2767 1;
1299 2739 1489 2762 contr-struere
1508 2735 1531 2759 A
1544 2734 1570 2761 2.
1671 2735 1694 2767 ο)
1713 2744 1830 2769 assump-

172 2777 233 2803 serit
251 2777 292 2802 vel
310 2777 372 2803 add.
392 2776 415 2801 A
432 2776 459 2808 15
477 2777 526 2803 hoo
544 2777 606 2804 aaa.
626 2777 650 2803 A
663 2777 688 2804 4.
701 2778 726 2805 5.

276 2837 302 2870 1)
321 2836 356 2863 A.
370 2838 441 2864 1322.
459 2836 523 2863 Iun.
537 2841 561 2864 4.

276 2895 315 2915 n..
328 2895 554 2915 cossi-unricus
567 2896 592 2916 v.
1582 2888 1620 2915 93
