2184 3126
417 249 515 278 ACTA
533 247 648 276 REGNI
666 246 853 276 LUDEWICI
873 245 920 274 lv.
939 245 984 273 ΕΤ
1004 243 1192 273 FRIDERICI
1212 243 1261 270 111.
1298 243 1374 271 lssM.
1409 241 1459 269 Nr.
1473 241 1533 269 881.
1551 242 1611 269 882.
1778 243 1842 274 699

183 338 376 372 satisfacturi
410 337 451 370 de
483 336 646 380 premissis
674 336 763 368 iuxta
791 334 979 367 mandatum
1006 332 1145 365 Romani
1176 330 1350 374 pontificis,
1387 330 1456 372 ipso
1485 329 1570 361 facto
1600 329 1631 360 in
1663 328 1842 371 predictam

183 389 522 424 excommunicationis
544 388 737 421 sententiam
760 386 955 419 relabantur.

274 445 322 475 10.
346 441 389 474 Et
410 444 446 473 ut
461 450 594 483 presens
617 449 786 482 processus
801 438 843 471 ad
859 437 1005 470 eiusdem
1023 436 1118 468 electi
1135 438 1169 467 et
1183 435 1320 467 aliorum
1337 444 1474 476 quorum
1490 434 1624 465 interest
1640 443 1843 464 communem

184 495 335 527 noticiam
359 492 549 533 deducatur,
581 494 686 523 cartas
708 491 776 522 sive
799 489 1005 522 membranas
1035 497 1221 530 processum
1245 487 1446 518 continentes
1473 484 1612 517 eundem
1643 485 1673 516 in
1697 484 1845 517 ciusdem

153 552 165 572 ὓ
186 545 412 578 Avinionensis
439 543 577 576 ecclesie
611 541 753 585 appendi
781 541 833 574 vel
861 540 950 583 affigi
981 539 1107 572 hostiis¹
1137 538 1307 579 faciemus,
1337 536 1405 580 que'
1434 547 1620 580 processum
1648 537 1752 579 ipsum
1787 547 1845 568 suo

186 597 278 640 quasi
308 606 424 629 sonoro
454 596 607 638 preconio
637 598 669 626 et
696 593 808 636 patulo
831 593 944 625 inditio
971 591 1192 634 publicabunt,
1220 593 1255 622 ut
1278 590 1442 632 predictus
1469 590 1593 621 electus
1621 593 1654 621 et
1676 589 1741 629 alii,
1766 599 1846 631 quos

186 647 356 691 processus
377 648 447 689 ipse
471 646 638 688 contingit,
660 645 782 677 nullam
805 645 929 687 possint
951 643 1192 676 excusationem
1215 641 1420 684 pretendere,
1444 640 1530 684 quod
1546 641 1589 673 ad
1613 651 1670 673 eos
1685 651 1748 672 non
1772 651 1845 683 per-

187 700 340 733 venerit¹¹¹
367 699 418 731 vel
450 697 537 741 quod
567 697 747 739 ignorarint
770 696 922 737 eundem,
957 705 1030 727 cum
1058 705 1122 727 non
1153 695 1194 726 sit
1222 693 1396 726 verisimile
1424 703 1594 725 remanere
1623 692 1732 735 quoad
1758 692 1846 734 ipsos

185 751 383 794 incognitum
406 750 458 782 vel
482 749 653 790 occultum,
677 748 763 791 quod
787 750 853 780 tam
877 750 1046 790 patenter¹¹
1063 745 1210 778 omnibus
1233 745 1423 788 publicatur.
1470 744 1622 777 Ceterum
1646 745 1794 776 volumus
1814 748 1848 776 et

144 813 170 833 ιο
189 803 383 835 auctoritate
406 801 584 844 apostolica
608 801 820 841 decernimus,
845 799 931 842 quod
947 798 1051 831 dictus
1066 808 1237 840 processus
1252 796 1415 840 prefatum
1432 797 1571 829 electum
1588 800 1622 829 et
1637 796 1718 828 alios
1734 806 1847 838 supra-

189 854 294 887 dictos
315 852 541 896 apprehendat
563 855 596 885 et
619 855 733 894 artet0,
757 862 795 884 ac
811 853 837 883 si
854 851 977 884 eisdem
998 849 1213 893 personaliter
1231 849 1414 892 publicatus
1431 852 1465 881 et
1479 849 1658 880 insinuatus
1673 848 1849 880 solenniter

189 906 367 947 extitisset,
406 905 633 937 constitutione
668 913 860 946 quacunque
894 913 954 946 per
986 901 1233 945 predecessores
1266 904 1392 933 nostros
1425 901 1591 933 Romanos
1620 900 1788 943 pontifices
1816 900 1848 931 in

189 958 384 990 contrarium
413 957 502 989 edita
525 967 588 988 non
613 956 772 997 obstante,
800 966 872 988 cum
898 954 941 987 ad
964 954 1108 987 eiusdem
1133 954 1230 986 electi
1252 953 1449 996 presentiam
1473 963 1531 995 pro
1555 952 1672 985 eodem
1696 962 1848 994 processu

189 1008 387 1052 publicando
417 1012 450 1041 et
477 1008 668 1040 insinuando
698 1018 828 1040 securus
851 1016 999 1039 accessus
1021 1016 1083 1038 non
1107 1009 1220 1048 pateat
1241 1015 1300 1038 nec
1323 1007 1435 1047 posset
1457 1004 1628 1037 commode
1651 1003 1849 1046 singulorum

146 1071 171 1091 ιι
190 1071 271 1104 quos
293 1061 397 1103 tangit
419 1060 550 1092 auribus
572 1059 734 1092 inculcari.

186 1109 192 1113 ’
298 1113 436 1144 ΒαωιῐιΡ
459 1112 630 1152 Avinione,
653 1111 695 1144 X.
715 1110 854 1143 Kalen.‘¹
876 1110 998 1152 Aprilis
1008 1115 1029 1151 ¹,
1052 1109 1257 1152 pontificatus
1279 1110 1397 1141 nostri·
1420 1119 1504 1140 anno
1527 1111 1666 1141 octavo‘.

391 1325 467 1362 882.
501 1323 764 1362 LITTERAE
786 1323 863 1360 AD
887 1322 1242 1360 BERNARDUM
1270 1322 1342 1359 DE
1365 1322 1651 1361 AVERSONE

614 1379 786 1418 SUPER
808 1377 1085 1417 PROCESSU
1108 1378 1429 1417 PONTIFICIS.

854 1447 962 1484 1324.
1003 1447 1110 1484 Mart.
1131 1447 1191 1484 924.

150 1566 177 1588 ,ο
305 1549 505 1582 Litterarum
527 1548 619 1582 Petri
641 1549 679 1581 de
700 1548 844 1582 Abbacia
866 1548 1089 1590 procuratoris
1115 1547 1269 1589 oriyinale
1295 1549 1369 1590 (or.)
1401 1548 1602 1581 chartaceum
1631 1550 1665 1581 in
1693 1548 1853 1582 tabulario

193 1602 278 1643 reyio
300 1601 536 1633 Barcinonensi
563 1600 654 1635 ORD
675 1611 725 1633 nr.
742 1601 837 1633 4261.
883 1600 990 1641 Siyilli
1011 1600 1143 1641 vestigia
1165 1600 1296 1632 adsunt.
1327 1607 1369 1623 '—
1400 1600 1463 1633 Ed.
1486 1600 1592 1632 Finke
1615 1602 1708 1633 ‘Acta
1730 1601 1853 1642 Arayo-

193 1653 320 1686 nevasia’
342 1652 372 1692 I,
396 1653 461 1685 407
482 1663 532 1686 nr.
549 1654 614 1686 270
637 1663 676 1685 ex
698 1663 743 1685 or.
790 1652 973 1686 Editionem
996 1653 1175 1692 repetimus.

303 1739 481 1772 Karissime
504 1739 643 1772 domine.
740 1738 867 1772 Tenore
891 1739 1094 1782 presencium
1118 1738 1211 1771 vobis
1234 1738 1389 1781 significo,
1414 1738 1501 1781 quod
1517 1739 1666 1772 dominus
1681 1749 1767 1783 papa
1782 1740 1851 1772 heri
1867 1749 1974 1770 nanu.

195 1792 297 1824 tenuit
319 1791 484 1834 publicum
509 1791 746 1832 consistorium,
776 1791 808 1822 in
831 1801 895 1833 quo
917 1801 976 1833 per
998 1800 1168 1833 processus
1191 1801 1266 1822 suos
1289 1790 1495 1823 denunciavit
1522 1790 1663 1824 electum
1686 1792 1717 1823 in
1741 1802 1853 1834 regem

151 1849 175 1869 ’ὁ
193 1843 414 1876 Romanorum
436 1843 469 1875 in
492 1842 838 1876 excommunicacionis
853 1843 1051 1875 sentenciam
1074 1845 1186 1875 contra
1210 1852 1284 1874 eum
1300 1853 1359 1884 per
1381 1842 1462 1875 alios
1479 1853 1554 1874 suos
1569 1853 1738 1885 processus
1754 1844 1853 1876 latam

194 1894 355 1927 incidisse.
400 1894 485 1927 Item
508 1895 645 1938 privavit
667 1895 772 1937 ipsum
795 1895 874 1936 iure,
898 1895 925 1926 si
948 1894 1035 1936 quod
1050 1894 1111 1926 sibi
1127 1905 1167 1927 ex
1184 1893 1368 1926 huiusmodi
1384 1905 1442 1926 sua
1458 1894 1618 1927 electione
1634 1895 1853 1937 competebat,

194 1947 254 1979 nisi
278 1947 361 1980 infra
383 1950 449 1979 tres
478 1957 605 1980 menses
632 1947 833 1979 revocaverit
859 1957 898 1978 ea
922 1956 985 1989 que
1008 1946 1162 1978 alienavit
1186 1949 1338 1988 tanquam
1362 1947 1540 1988 imperator
1562 1950 1596 1979 et
1624 1947 1712 1989 quod
1735 1947 1854 1981 amodo

194 2009 258 2031 non
280 1998 425 2031 nominet
447 2009 482 2031 se
505 2008 617 2041 regem
634 1998 826 2030 Alamannis
843 2008 902 2030 nec
917 1998 1158 2040 imperatorem,
1181 1998 1240 2029 nisi
1257 1997 1388 2030 demum
1411 1999 1437 2029 si
1453 1998 1647 2041 contingerit
1662 1998 1854 2032 electionem

195 2060 286 2082 suam
310 2061 368 2092 per
391 2049 503 2082 sedem
527 2050 738 2092 apostolicam
762 2049 923 2092 aprobari.
975 2049 1018 2081 Et
1047 2060 1188 2081 rurssum
1220 2060 1279 2092 per
1307 2050 1389 2081 alios
1413 2060 1488 2082 suos
1511 2060 1683 2092 processus
1706 2051 1855 2084 dominus

153 2112 178 2132 ιο
195 2113 282 2144 papa
311 2103 343 2134 in
373 2101 489 2135 eodem
519 2103 724 2135 conssistorio
754 2101 957 2146 [publicabit
987 2102 1161 2134 cruciatam
1194 2104 1306 2133 contra
1335 2101 1519 2134 Galeatium
1554 2105 1587 2134 et
1613 2101 1781 2134 Mai-chum
1812 2102 1854 2135 de

195 2153 450 2186 Vicecomitibus
471 2153 649 2186 Mediolani
678 2157 711 2186 et
739 2153 820 2186 alios
843 2154 959 2186 fratres
982 2164 1057 2185 suos
1081 2151 1143 2196 [ac]
1167 2164 1279 2185 omnes
1302 2152 1446 2185 fautores
1476 2157 1509 2185 et
1532 2153 1720 2186 defensores
1743 2165 1853 2186 eorum

196 2209 350 2248 tanquam
371 2209 482 2238 contra
502 2205 662 2238 hereticos
686 2209 719 2238 et
742 2205 878 2238 ecclesie
899 2205 1046 2238 Romane
1070 2205 1209 2237 rebelles
1219 2206 1239 2238 ².
1286 2204 1339 2237 Sic
1356 2204 1443 2247 quod
1460 2206 1643 2248 quicunque
1659 2205 1856 2238 laboraverit

198 2266 257 2300 per
279 2267 398 2290 annum
421 2258 604 2290 continuum
629 2257 795 2300 sequendo
819 2257 974 2290 vexillum
999 2256 1135 2289 ecclesie
1159 2257 1211 2289 vel
1234 2257 1317 2288 infra
1333 2257 1414 2288 duos
1430 2267 1530 2288 annos
1546 2267 1606 2299 per
1621 2267 1719 2289 unum
1735 2267 1854 2290 annum

199 2309 366 2341 sex-viverit
387 2319 446 2342 seu
467 2306 665 2342 laboraverit
687 2310 825 2352 propriis
848 2308 1029 2351 sumptibus
1052 2308 1104 2341 vel
1120 2308 1244 2340 miserit
1259 2307 1515 2351 stipendiarium,
1539 2313 1605 2341 tam
1625 2309 1742 2341 mitens
1758 2319 1855 2351 quam

155 2370 179 2390 ευ
198 2359 424 2403 stipendiarius
447 2361 517 2403 ipse
540 2361 683 2394 habeant
705 2361 793 2393 illam
818 2361 948 2403 plenam
971 2361 1219 2403 indulgenciam,
1244 2371 1341 2403 quam
1365 2360 1504 2393 ecclesia
1518 2361 1667 2393 Romana
1689 2361 1858 2393 consuevit

200 2411 278 2445 dare
304 2411 624 2457 tra[n]sfrettantibus
653 2413 738 2446 ultra
768 2423 868 2445 mare.
919 2412 981 2450 Qui
1011 2423 1088 2444 vero
1122 2423 1184 2443 non
1219 2423 1278 2454 per
1305 2422 1425 2444 annum
1459 2413 1643 2444 continuum
1678 2413 1856 2448 serviverit,

200 2463 375 2496 secundum
402 2464 615 2506 quantitatem
645 2464 823 2498 lucrabitur
855 2464 1095 2507 indulgenciam
1131 2467 1164 2496 et
1193 2465 1247 2506 qui
1276 2464 1376 2496 etiam
1403 2463 1530 2496 dederit
1558 2465 1769 2496 elemosinam
1800 2475 1856 2496 seu

199 2514 287 2547 aliud
302 2514 505 2557 subssidium,
529 2516 705 2549 secundum
722 2517 936 2559 quantitatem
953 2516 1094 2548 muneris
1110 2515 1286 2547 lucrabitur
1301 2515 1551 2557 indulgenciam,
1568 2520 1663 2558 prout
1679 2517 1740 2548 ista
1756 2516 1858 2548 lacius

201 2567 402 2599 continentur
424 2567 456 2599 in
478 2567 683 2610 processibus
705 2568 780 2601 inde
804 2568 918 2601 factis²
942 2592 948 2599 .
966 2591 975 2600 .
992 2592 999 2599 .

155 2627 183 2647 ιο
308 2618 383 2651 Dat.
409 2619 577 2661 Avinione,
599 2619 710 2663 vigilia
733 2621 987 2652 annunciationis
1010 2619 1106 2652 beate
1129 2619 1242 2651 Mario.

306 2772 370 2801 ⁸81.
397 2772 416 2807 ¹)
434 2774 503 2800 clem
520 2771 546 2800 2.
616 2772 649 2806 ¹¹¹)
666 2775 828 2807 pervenerint
844 2774 872 2804 1,·
890 2775 1000 2808 ρυωοτίι
1018 2775 1085 2800 male
1103 2773 1128 2800 2.
1197 2774 1223 2805 ιι)
1243 2777 1359 2807 patentes
1379 2774 1402 2800 1.
1473 2774 1498 2805 ι1)
1518 2780 1599 2800 arctet
1618 2774 1642 2801 2.
1715 2776 1740 2801 ν)
1760 2777 1818 2801 Dat.
1832 2774 1855 2800 2.

201 2818 226 2845 ¹¹>
245 2818 302 2842 Kal.
324 2816 346 2843 l.
359 2816 383 2843 9..
475 2816 496 2848 ¹’)
515 2817 596 2850 April.
613 2816 638 2843 3.
726 2817 748 2849 ¹)
766 2818 930 2851 pontificatus
949 2818 1029 2843 nostri
1047 2818 1100 2843 dee.
1122 2817 1144 2843 1.
1156 2816 1182 2843 2.
1271 2817 1291 2847 ²)
1311 2818 1371 2843 vlu
1390 2816 1415 2843 2.

306 2876 331 2907 1)
351 2875 392 2908 Os.
414 2875 512 2902 Monac
532 2875 648 2904 ‘Laurea
665 2878 822 2903 cornmwws'
842 2884 881 2904 nr.
897 2880 992 2905 20362,
1081 2879 1108 2911 2)
1127 2876 1170 2910 Cf.
1190 2876 1278 2904 Finkae
1295 2877 1312 2904 l.
1326 2885 1348 2904 c.
1361 2877 1387 2910 I,
1402 2881 1454 2905 408
1473 2880 1527 2904 not.
1543 2882 1562 2903 1.

1601 2930 1650 2954 as*
