<?xml version="1.0" encoding="UTF-8"?>
<!DOCTYPE html PUBLIC "-//W3C//DTD XHTML 1.0 Transitional//EN"
    "http://www.w3.org/TR/xhtml1/DTD/xhtml1-transitional.dtd">
<html xmlns="http://www.w3.org/1999/xhtml" xml:lang="en" lang="en">
 <head>
  <title>
</title>
<meta http-equiv="Content-Type" content="text/html;charset=utf-8" />
  <meta name='ocr-system' content='tesseract 3.04.00' />
  <meta name='ocr-capabilities' content='ocr_page ocr_carea ocr_par ocr_line ocrx_word'/>
</head>
<body>
  <div class='ocr_page' id='page_1' title='image "./monumentagerma05geseuoft_0200.png"; bbox 0 0 2190 3172; ppageno 0'>
   <div class='ocr_carea' id='block_1_1' title="bbox 328 188 1740 226">
    <p class='ocr_par' dir='ltr' id='par_1_1' title="bbox 328 188 1740 226">
     <span class='ocr_line' id='line_1_1' title="bbox 328 188 1740 226; baseline -0.004 -6"><span class='ocrx_word' id='word_1_1' title='bbox 328 196 388 226; x_wconf 82' lang='lat'>160</span> <span class='ocrx_word' id='word_1_2' title='bbox 561 192 658 219; x_wconf 82' lang='lat' dir='ltr'>ACTA</span> <span class='ocrx_word' id='word_1_3' title='bbox 676 191 788 218; x_wconf 82' lang='lat' dir='ltr'><strong>REGNI</strong></span> <span class='ocrx_word' id='word_1_4' title='bbox 808 190 993 217; x_wconf 84' lang='lat' dir='ltr'><strong>LUDEWICI</strong></span> <span class='ocrx_word' id='word_1_5' title='bbox 1011 190 1058 217; x_wconf 87' lang='lat' dir='ltr'>IV.</span> <span class='ocrx_word' id='word_1_6' title='bbox 1076 189 1123 216; x_wconf 89' lang='grc' dir='ltr'>ΕΤ</span> <span class='ocrx_word' id='word_1_7' title='bbox 1142 188 1327 216; x_wconf 84' lang='lat' dir='ltr'><strong>FRIDERICI</strong></span> <span class='ocrx_word' id='word_1_8' title='bbox 1346 189 1395 216; x_wconf 89' lang='lat'>111.</span> <span class='ocrx_word' id='word_1_9' title='bbox 1432 188 1506 216; x_wconf 84' lang='lat'>1314.</span> <span class='ocrx_word' id='word_1_10' title='bbox 1542 188 1591 216; x_wconf 84' lang='lat' dir='ltr'>Nr.</span> <span class='ocrx_word' id='word_1_11' title='bbox 1604 189 1662 216; x_wconf 85' lang='lat'>167.</span> <span class='ocrx_word' id='word_1_12' title='bbox 1683 188 1740 215; x_wconf 85' lang='lat'>168.</span> 
     </span>
    </p>
   </div>
   <div class='ocr_carea' id='block_1_2' title="bbox 358 319 1949 428">
    <p class='ocr_par' dir='ltr' id='par_1_2' title="bbox 358 319 1949 428">
     <span class='ocr_line' id='line_1_2' title="bbox 358 319 1949 365; baseline -0.006 -2"><span class='ocrx_word' id='word_1_13' title='bbox 358 328 431 363; x_wconf 83' lang='lat'><strong>167.</strong></span> <span class='ocrx_word' id='word_1_14' title='bbox 465 324 783 363; x_wconf 88' lang='lat' dir='ltr'>MANDATUM</span> <span class='ocrx_word' id='word_1_15' title='bbox 810 322 1096 360; x_wconf 85' lang='lat' dir='ltr'><strong>LUDEWICI</strong></span> <span class='ocrx_word' id='word_1_16' title='bbox 1122 323 1293 360; x_wconf 87' lang='lat' dir='ltr'>SUPER</span> <span class='ocrx_word' id='word_1_17' title='bbox 1320 320 1664 360; x_wconf 86' lang='lat' dir='ltr'>SCULTETATU</span> <span class='ocrx_word' id='word_1_18' title='bbox 1686 319 1872 365; x_wconf 86' lang='lat' dir='ltr'><strong>AQUEN</strong></span> <span class='ocrx_word' id='word_1_19' title='bbox 1878 319 1949 356; x_wconf 89' lang='lat' dir='ltr'><strong>SI..</strong></span> 
     </span>
     <span class='ocr_line' id='line_1_3' title="bbox 1000 391 1305 428; baseline 0.003 -1"><span class='ocrx_word' id='word_1_20' title='bbox 1000 392 1108 428; x_wconf 82' lang='lat'>1314.</span> <span class='ocrx_word' id='word_1_21' title='bbox 1163 392 1248 428; x_wconf 88' lang='lat' dir='ltr'>Dec.</span> <span class='ocrx_word' id='word_1_22' title='bbox 1271 391 1305 428; x_wconf 71' lang='lat'>2.</span> 
     </span>
    </p>
   </div>
   <div class='ocr_carea' id='block_1_3' title="bbox 326 479 1975 573">
    <p class='ocr_par' dir='ltr' id='par_1_3' title="bbox 326 479 1975 573">
     <span class='ocr_line' id='line_1_4' title="bbox 437 479 1975 526; baseline -0.003 -9"><span class='ocrx_word' id='word_1_23' title='bbox 437 485 596 526; x_wconf 73' lang='lat' dir='ltr'>Oriqimle</span> <span class='ocrx_word' id='word_1_24' title='bbox 612 483 689 526; x_wconf 91' lang='lat' dir='ltr'>(or.)</span> <span class='ocrx_word' id='word_1_25' title='bbox 704 484 740 515; x_wconf 78' lang='lat' dir='ltr'>in</span> <span class='ocrx_word' id='word_1_26' title='bbox 763 483 921 515; x_wconf 70' lang='lat' dir='ltr'>tabulario</span> <span class='ocrx_word' id='word_1_27' title='bbox 942 483 1026 523; x_wconf 65' lang='lat' dir='ltr'>regio</span> <span class='ocrx_word' id='word_1_28' title='bbox 1041 482 1326 524; x_wconf 75' lang='lat' dir='ltr'>Dusseldorpiensi.</span> <span class='ocrx_word' id='word_1_29' title='bbox 1364 482 1484 514; x_wconf 74' lang='lat' dir='ltr'>Pendet</span> <span class='ocrx_word' id='word_1_30' title='bbox 1497 481 1636 522; x_wconf 75' lang='lat' dir='ltr'>siyillmu</span> <span class='ocrx_word' id='word_1_31' title='bbox 1651 481 1772 513; x_wconf 79' lang='lat' dir='ltr'>laesum</span> <span class='ocrx_word' id='word_1_32' title='bbox 1794 479 1859 512; x_wconf 87' lang='lat' dir='ltr'>loro</span> <span class='ocrx_word' id='word_1_33' title='bbox 1881 491 1975 512; x_wconf 85' lang='lat' dir='ltr'>mem-</span> 
     </span>
     <span class='ocr_line' id='line_1_5' title="bbox 326 532 1974 573; baseline -0.003 -4"><span class='ocrx_word' id='word_1_34' title='bbox 326 539 489 570; x_wconf 78' lang='lat' dir='ltr'>branaceo.</span> <span class='ocrx_word' id='word_1_35' title='bbox 511 555 554 559; x_wconf 93' lang='lat'>—</span> <span class='ocrx_word' id='word_1_36' title='bbox 576 536 639 567; x_wconf 77' lang='lat' dir='ltr'>Ed.</span> <span class='ocrx_word' id='word_1_37' title='bbox 656 535 834 567; x_wconf 79' lang='lat' dir='ltr'>Lacomblet</span> <span class='ocrx_word' id='word_1_38' title='bbox 849 535 1126 568; x_wconf 77' lang='lat' dir='ltr'>‘Urkundenbuch’</span> <span class='ocrx_word' id='word_1_39' title='bbox 1142 535 1211 573; x_wconf 87' lang='grc' dir='ltr'><em>ΙΙΙ,</em></span> <span class='ocrx_word' id='word_1_40' title='bbox 1229 535 1292 566; x_wconf 89' lang='grc'>105</span> <span class='ocrx_word' id='word_1_41' title='bbox 1314 545 1364 566; x_wconf 81' lang='lat' dir='ltr'>nr.</span> <span class='ocrx_word' id='word_1_42' title='bbox 1379 535 1441 565; x_wconf 79' lang='lat'>140</span> <span class='ocrx_word' id='word_1_43' title='bbox 1461 545 1500 566; x_wconf 73' lang='lat' dir='ltr'>ex</span> <span class='ocrx_word' id='word_1_44' title='bbox 1516 545 1560 566; x_wconf 91' lang='lat' dir='ltr'>or.</span> <span class='ocrx_word' id='word_1_45' title='bbox 1598 534 1781 565; x_wconf 79' lang='lat' dir='ltr'>Editionem</span> <span class='ocrx_word' id='word_1_46' title='bbox 1796 532 1974 572; x_wconf 78' lang='lat' dir='ltr'>repetimus.</span> 
     </span>
    </p>
   </div>
   <div class='ocr_carea' id='block_1_4' title="bbox 433 591 2025 691">
    <p class='ocr_par' dir='ltr' id='par_1_4' title="bbox 433 591 2025 691">
     <span class='ocr_line' id='line_1_6' title="bbox 433 591 2025 633; baseline -0.001 -9"><span class='ocrx_word' id='word_1_47' title='bbox 433 593 578 630; x_wconf 66' lang='lat' dir='ltr'>Biihmer,</span> <span class='ocrx_word' id='word_1_48' title='bbox 602 592 678 632; x_wconf 76' lang='lat' dir='ltr'>Rey.</span> <span class='ocrx_word' id='word_1_49' title='bbox 694 591 806 623; x_wconf 81' lang='lat' dir='ltr'><strong><em>Ludw.</em></strong></span> <span class='ocrx_word' id='word_1_50' title='bbox 825 601 860 631; x_wconf 76' lang='lat' dir='ltr'>p.</span> <span class='ocrx_word' id='word_1_51' title='bbox 875 592 940 623; x_wconf 79' lang='lat'>269</span> <span class='ocrx_word' id='word_1_52' title='bbox 962 602 1011 623; x_wconf 80' lang='lat' dir='ltr'>nr.</span> <span class='ocrx_word' id='word_1_53' title='bbox 1027 592 1113 623; x_wconf 77' lang='lat'><em>2604</em></span> <span class='ocrx_word' id='word_1_54' title='bbox 1136 591 1263 632; x_wconf 74' lang='lat' dir='ltr'>(Addit.</span> <span class='ocrx_word' id='word_1_55' title='bbox 1279 591 1323 633; x_wconf 77' lang='lat'>1).</span> <span class='ocrx_word' id='word_1_56' title='bbox 2005 605 2025 625; x_wconf 69' lang='lat' dir='ltr'>s-</span> 
     </span>
     <span class='ocr_line' id='line_1_7' title="bbox 439 648 881 691; baseline -0.007 -10"><span class='ocrx_word' id='word_1_57' title='bbox 439 648 489 691; x_wconf 74' lang='lat' dir='ltr'>Gf.</span> <span class='ocrx_word' id='word_1_58' title='bbox 511 659 612 688; x_wconf 78' lang='lat' dir='ltr'>supra</span> <span class='ocrx_word' id='word_1_59' title='bbox 633 658 683 679; x_wconf 75' lang='lat' dir='ltr'>nr.</span> <span class='ocrx_word' id='word_1_60' title='bbox 701 649 742 679; x_wconf 81' lang='lat'>64</span> <span class='ocrx_word' id='word_1_61' title='bbox 765 658 834 687; x_wconf 80' lang='lat' dir='ltr'>cap.</span> <span class='ocrx_word' id='word_1_62' title='bbox 851 648 881 678; x_wconf 87' lang='lat'>3.</span> 
     </span>
    </p>
   </div>
   <div class='ocr_carea' id='block_1_5' title="bbox 327 724 1976 871">
    <p class='ocr_par' dir='ltr' id='par_1_5' title="bbox 327 724 1976 871">
     <span class='ocr_line' id='line_1_8' title="bbox 434 724 1974 767; baseline -0.002 -10"><span class='ocrx_word' id='word_1_63' title='bbox 434 726 627 758; x_wconf 87' lang='lat' dir='ltr'>Ludewicus</span> <span class='ocrx_word' id='word_1_64' title='bbox 649 725 712 757; x_wconf 88' lang='lat' dir='ltr'>Dei</span> <span class='ocrx_word' id='word_1_65' title='bbox 738 725 842 767; x_wconf 87' lang='lat' dir='ltr'>gratia</span> <span class='ocrx_word' id='word_1_66' title='bbox 865 725 1085 757; x_wconf 85' lang='lat' dir='ltr'>Romanorum</span> <span class='ocrx_word' id='word_1_67' title='bbox 1112 736 1171 757; x_wconf 90' lang='lat' dir='ltr'>rex</span> <span class='ocrx_word' id='word_1_68' title='bbox 1198 735 1328 767; x_wconf 81' lang='lat' dir='ltr'>semper</span> <span class='ocrx_word' id='word_1_69' title='bbox 1357 728 1510 767; x_wconf 84' lang='lat' dir='ltr'>augustus</span> <span class='ocrx_word' id='word_1_70' title='bbox 1601 724 1813 767; x_wconf 80' lang='lat' dir='ltr'>prudentibus</span> <span class='ocrx_word' id='word_1_71' title='bbox 1837 724 1912 754; x_wconf 88' lang='lat' dir='ltr'>viris</span> <span class='ocrx_word' id='word_1_72' title='bbox 1935 747 1942 754; x_wconf 93' lang='lat'>.</span> <span class='ocrx_word' id='word_1_73' title='bbox 1968 748 1974 755; x_wconf 94' lang='lat'>.</span> 
     </span>
     <span class='ocr_line' id='line_1_9' title="bbox 327 775 1976 820; baseline -0.002 -11"><span class='ocrx_word' id='word_1_74' title='bbox 327 779 479 819; x_wconf 76' lang='lat' dir='ltr'>scabinis,</span> <span class='ocrx_word' id='word_1_75' title='bbox 514 777 710 819; x_wconf 88' lang='lat' dir='ltr'>consulibus,</span> <span class='ocrx_word' id='word_1_76' title='bbox 745 778 907 819; x_wconf 82' lang='lat' dir='ltr'>magistris</span> <span class='ocrx_word' id='word_1_77' title='bbox 930 778 1047 809; x_wconf 89' lang='lat' dir='ltr'>civium</span> <span class='ocrx_word' id='word_1_78' title='bbox 1074 779 1254 820; x_wconf 88' lang='lat' dir='ltr'>ceterisque</span> <span class='ocrx_word' id='word_1_79' title='bbox 1289 777 1410 809; x_wconf 84' lang='lat' dir='ltr'>civibus</span> <span class='ocrx_word' id='word_1_80' title='bbox 1432 777 1652 819; x_wconf 89' lang='lat' dir='ltr'>Aquensibus,</span> <span class='ocrx_word' id='word_1_81' title='bbox 1688 775 1837 808; x_wconf 89' lang='lat' dir='ltr'>fidelibus</span> <span class='ocrx_word' id='word_1_82' title='bbox 1860 776 1976 807; x_wconf 86' lang='lat' dir='ltr'>nostris</span> 
     </span>
     <span class='ocr_line' id='line_1_10' title="bbox 327 829 1119 871; baseline 0 -9"><span class='ocrx_word' id='word_1_83' title='bbox 327 831 452 862; x_wconf 86' lang='lat' dir='ltr'>dilectis</span> <span class='ocrx_word' id='word_1_84' title='bbox 540 830 676 871; x_wconf 76' lang='lat' dir='ltr'>gratiam</span> <span class='ocrx_word' id='word_1_85' title='bbox 700 839 790 860; x_wconf 89' lang='lat' dir='ltr'>suam</span> <span class='ocrx_word' id='word_1_86' title='bbox 815 832 848 860; x_wconf 89' lang='lat' dir='ltr'>et</span> <span class='ocrx_word' id='word_1_87' title='bbox 871 840 965 861; x_wconf 89' lang='lat' dir='ltr'>omne</span> <span class='ocrx_word' id='word_1_88' title='bbox 989 829 1119 862; x_wconf 89' lang='lat' dir='ltr'>bonum.</span> 
     </span>
    </p>
   </div>
   <div class='ocr_carea' id='block_1_6' title="bbox 326 879 2033 1441">
    <p class='ocr_par' dir='ltr' id='par_1_6' title="bbox 326 879 2032 1336">
     <span class='ocr_line' id='line_1_11' title="bbox 434 879 2030 924; baseline 0 -11"><span class='ocrx_word' id='word_1_89' title='bbox 434 881 515 913; x_wconf 82' lang='lat' dir='ltr'>Cum</span> <span class='ocrx_word' id='word_1_90' title='bbox 544 891 602 912; x_wconf 93' lang='lat' dir='ltr'>nos</span> <span class='ocrx_word' id='word_1_91' title='bbox 629 880 770 912; x_wconf 83' lang='lat' dir='ltr'>officium</span> <span class='ocrx_word' id='word_1_92' title='bbox 798 880 987 912; x_wconf 86' lang='lat' dir='ltr'>scultetatus</span> <span class='ocrx_word' id='word_1_93' title='bbox 1009 882 1171 924; x_wconf 84' lang='lat' dir='ltr'>Aquensis</span> <span class='ocrx_word' id='word_1_94' title='bbox 1197 881 1297 913; x_wconf 91' lang='lat' dir='ltr'>nobili</span> <span class='ocrx_word' id='word_1_95' title='bbox 1328 882 1396 913; x_wconf 85' lang='lat' dir='ltr'>viro</span> <span class='ocrx_word' id='word_1_96' title='bbox 1419 880 1589 923; x_wconf 86' lang='lat' dir='ltr'>Reynaldo</span> <span class='ocrx_word' id='word_1_97' title='bbox 1617 881 1746 913; x_wconf 89' lang='lat' dir='ltr'>domino</span> <span class='ocrx_word' id='word_1_98' title='bbox 1771 880 1811 912; x_wconf 89' lang='lat' dir='ltr'>de</span> <span class='ocrx_word' id='word_1_99' title='bbox 1834 879 1976 911; x_wconf 86' lang='lat' dir='ltr'>Falken-</span> <span class='ocrx_word' id='word_1_100' title='bbox 1995 892 2030 913; x_wconf 72' lang='grc' dir='ltr'>ιο-</span> 
     </span>
     <span class='ocr_line' id='line_1_12' title="bbox 327 931 1976 975; baseline -0.001 -12"><span class='ocrx_word' id='word_1_101' title='bbox 327 933 410 975; x_wconf 86' lang='lat' dir='ltr'>burg</span> <span class='ocrx_word' id='word_1_102' title='bbox 439 933 532 964; x_wconf 88' lang='lat' dir='ltr'>titulo</span> <span class='ocrx_word' id='word_1_103' title='bbox 561 933 704 974; x_wconf 85' lang='lat' dir='ltr'>pignoris</span> <span class='ocrx_word' id='word_1_104' title='bbox 733 932 911 974; x_wconf 88' lang='lat' dir='ltr'>obligatum</span> <span class='ocrx_word' id='word_1_105' title='bbox 942 932 1110 974; x_wconf 82' lang='lat' dir='ltr'>spectabili</span> <span class='ocrx_word' id='word_1_106' title='bbox 1136 934 1205 964; x_wconf 84' lang='lat' dir='ltr'>viro</span> <span class='ocrx_word' id='word_1_107' title='bbox 1234 932 1381 964; x_wconf 82' lang='lat' dir='ltr'>Gerardo</span> <span class='ocrx_word' id='word_1_108' title='bbox 1412 934 1520 965; x_wconf 86' lang='lat' dir='ltr'>comiti</span> <span class='ocrx_word' id='word_1_109' title='bbox 1550 932 1722 964; x_wconf 90' lang='lat' dir='ltr'>Iuliacensi</span> <span class='ocrx_word' id='word_1_110' title='bbox 1750 931 1839 964; x_wconf 91' lang='lat' dir='ltr'>fideli</span> <span class='ocrx_word' id='word_1_111' title='bbox 1868 934 1976 963; x_wconf 85' lang='lat' dir='ltr'>nostro</span> 
     </span>
     <span class='ocr_line' id='line_1_13' title="bbox 328 984 1977 1026; baseline -0.001 -11"><span class='ocrx_word' id='word_1_112' title='bbox 328 984 446 1016; x_wconf 84' lang='lat' dir='ltr'>dilecto</span> <span class='ocrx_word' id='word_1_113' title='bbox 476 995 517 1016; x_wconf 86' lang='lat' dir='ltr'>ex</span> <span class='ocrx_word' id='word_1_114' title='bbox 544 984 676 1026; x_wconf 85' lang='lat' dir='ltr'>speciali</span> <span class='ocrx_word' id='word_1_115' title='bbox 706 984 817 1016; x_wconf 86' lang='lat' dir='ltr'>favore</span> <span class='ocrx_word' id='word_1_116' title='bbox 849 986 1101 1017; x_wconf 83' lang='lat' dir='ltr'>concesserimus</span> <span class='ocrx_word' id='word_1_117' title='bbox 1133 988 1166 1017; x_wconf 84' lang='lat' dir='ltr'>et</span> <span class='ocrx_word' id='word_1_118' title='bbox 1193 985 1446 1016; x_wconf 81' lang='lat' dir='ltr'>commiserimus</span> <span class='ocrx_word' id='word_1_119' title='bbox 1469 984 1707 1024; x_wconf 87' lang='lat' dir='ltr'>redimendum,</span> <span class='ocrx_word' id='word_1_120' title='bbox 1737 984 1829 1016; x_wconf 88' lang='lat' dir='ltr'>vobis</span> <span class='ocrx_word' id='word_1_121' title='bbox 1851 984 1977 1026; x_wconf 89' lang='lat' dir='ltr'>precise</span> 
     </span>
     <span class='ocr_line' id='line_1_14' title="bbox 327 1035 1978 1078; baseline -0.001 -11"><span class='ocrx_word' id='word_1_122' title='bbox 327 1037 495 1068; x_wconf 84' lang='lat' dir='ltr'>scribimus</span> <span class='ocrx_word' id='word_1_123' title='bbox 525 1039 558 1068; x_wconf 89' lang='lat' dir='ltr'>et</span> <span class='ocrx_word' id='word_1_124' title='bbox 583 1035 789 1077; x_wconf 82' lang='lat' dir='ltr'>mandamus,</span> <span class='ocrx_word' id='word_1_125' title='bbox 821 1037 968 1078; x_wconf 80' lang='lat' dir='ltr'>quatinus</span> <span class='ocrx_word' id='word_1_126' title='bbox 991 1037 1061 1078; x_wconf 88' lang='lat' dir='ltr'>ipso</span> <span class='ocrx_word' id='word_1_127' title='bbox 1086 1037 1193 1068; x_wconf 89' lang='lat' dir='ltr'>comiti</span> <span class='ocrx_word' id='word_1_128' title='bbox 1221 1038 1253 1067; x_wconf 93' lang='lat' dir='ltr'>in</span> <span class='ocrx_word' id='word_1_129' title='bbox 1281 1036 1367 1068; x_wconf 88' lang='lat' dir='ltr'>dicto</span> <span class='ocrx_word' id='word_1_130' title='bbox 1398 1036 1504 1068; x_wconf 81' lang='lat' dir='ltr'>officio</span> <span class='ocrx_word' id='word_1_131' title='bbox 1534 1037 1580 1068; x_wconf 89' lang='lat' dir='ltr'>sic</span> <span class='ocrx_word' id='word_1_132' title='bbox 1606 1036 1777 1078; x_wconf 89' lang='lat' dir='ltr'>redempto</span> <span class='ocrx_word' id='word_1_133' title='bbox 1807 1038 1915 1067; x_wconf 83' lang='lat' dir='ltr'>nostro</span> <span class='ocrx_word' id='word_1_134' title='bbox 1945 1038 1978 1067; x_wconf 89' lang='lat' dir='ltr'>et</span> 
     </span>
     <span class='ocr_line' id='line_1_15' title="bbox 326 1086 1977 1131; baseline -0.001 -11"><span class='ocrx_word' id='word_1_135' title='bbox 326 1089 454 1131; x_wconf 88' lang='lat' dir='ltr'>imperii</span> <span class='ocrx_word' id='word_1_136' title='bbox 483 1089 610 1120; x_wconf 87' lang='lat' dir='ltr'>nomine</span> <span class='ocrx_word' id='word_1_137' title='bbox 640 1088 796 1120; x_wconf 81' lang='lat' dir='ltr'>assistatis</span> <span class='ocrx_word' id='word_1_138' title='bbox 819 1092 854 1120; x_wconf 92' lang='lat' dir='ltr'>ut</span> <span class='ocrx_word' id='word_1_139' title='bbox 876 1089 1030 1120; x_wconf 90' lang='lat' dir='ltr'>tenemini</span> <span class='ocrx_word' id='word_1_140' title='bbox 1054 1091 1087 1120; x_wconf 89' lang='lat' dir='ltr'>et</span> <span class='ocrx_word' id='word_1_141' title='bbox 1111 1088 1270 1120; x_wconf 84' lang='lat' dir='ltr'>obediatis</span> <span class='ocrx_word' id='word_1_142' title='bbox 1293 1089 1324 1119; x_wconf 89' lang='lat' dir='ltr'>in</span> <span class='ocrx_word' id='word_1_143' title='bbox 1349 1088 1496 1120; x_wconf 87' lang='lat' dir='ltr'>omnibus</span> <span class='ocrx_word' id='word_1_144' title='bbox 1518 1091 1714 1119; x_wconf 84' lang='lat' dir='ltr'>reverenter.</span> <span class='ocrx_word' id='word_1_145' title='bbox 1760 1087 1823 1124; x_wconf 85' lang='lat' dir='ltr'>Qui</span> <span class='ocrx_word' id='word_1_146' title='bbox 1846 1086 1977 1128; x_wconf 91' lang='lat' dir='ltr'>quidem</span> 
     </span>
     <span class='ocr_line' id='line_1_16' title="bbox 327 1138 2032 1181; baseline 0 -9"><span class='ocrx_word' id='word_1_147' title='bbox 327 1140 475 1172; x_wconf 89' lang='lat' dir='ltr'>dominus</span> <span class='ocrx_word' id='word_1_148' title='bbox 499 1140 538 1172; x_wconf 89' lang='lat' dir='ltr'>de</span> <span class='ocrx_word' id='word_1_149' title='bbox 562 1140 772 1181; x_wconf 84' lang='lat' dir='ltr'>Falkenburg</span> <span class='ocrx_word' id='word_1_150' title='bbox 795 1141 820 1170; x_wconf 86' lang='lat' dir='ltr'>si</span> <span class='ocrx_word' id='word_1_151' title='bbox 843 1141 875 1171; x_wconf 91' lang='lat' dir='ltr'>in</span> <span class='ocrx_word' id='word_1_152' title='bbox 898 1140 958 1171; x_wconf 89' lang='lat' dir='ltr'>hiis</span> <span class='ocrx_word' id='word_1_153' title='bbox 982 1140 1205 1171; x_wconf 85' lang='lat' dir='ltr'>difficultatem</span> <span class='ocrx_word' id='word_1_154' title='bbox 1228 1140 1410 1181; x_wconf 83' lang='lat' dir='ltr'>ingesserit,</span> <span class='ocrx_word' id='word_1_155' title='bbox 1433 1140 1581 1171; x_wconf 87' lang='lat' dir='ltr'>volumus</span> <span class='ocrx_word' id='word_1_156' title='bbox 1605 1140 1744 1178; x_wconf 78' lang='lat' dir='ltr'>omnino,</span> <span class='ocrx_word' id='word_1_157' title='bbox 1767 1141 1803 1170; x_wconf 88' lang='lat' dir='ltr'>ut</span> <span class='ocrx_word' id='word_1_158' title='bbox 1825 1138 1912 1170; x_wconf 88' lang='lat' dir='ltr'>dicto</span> <span class='ocrx_word' id='word_1_159' title='bbox 1936 1163 1943 1170; x_wconf 92' lang='lat'><strong><em>.</em></strong></span> <span class='ocrx_word' id='word_1_160' title='bbox 1969 1162 1975 1170; x_wconf 91' lang='lat'>.</span> <span class='ocrx_word' id='word_1_161' title='bbox 1996 1151 2032 1172; x_wconf 68' lang='lat'>1⁵-</span> 
     </span>
     <span class='ocr_line' id='line_1_17' title="bbox 327 1191 1980 1233; baseline -0.001 -10"><span class='ocrx_word' id='word_1_162' title='bbox 327 1193 437 1224; x_wconf 84' lang='lat' dir='ltr'>eomiti</span> <span class='ocrx_word' id='word_1_163' title='bbox 458 1192 631 1223; x_wconf 84' lang='lat' dir='ltr'>Iuliacensi</span> <span class='ocrx_word' id='word_1_164' title='bbox 661 1192 749 1223; x_wconf 92' lang='lat' dir='ltr'>fideli</span> <span class='ocrx_word' id='word_1_165' title='bbox 778 1195 886 1223; x_wconf 89' lang='lat' dir='ltr'>nostro</span> <span class='ocrx_word' id='word_1_166' title='bbox 915 1193 947 1223; x_wconf 91' lang='lat' dir='ltr'>in</span> <span class='ocrx_word' id='word_1_167' title='bbox 970 1191 1191 1233; x_wconf 88' lang='lat' dir='ltr'>recuperando</span> <span class='ocrx_word' id='word_1_168' title='bbox 1215 1191 1336 1223; x_wconf 87' lang='lat' dir='ltr'>dictum</span> <span class='ocrx_word' id='word_1_169' title='bbox 1361 1191 1502 1222; x_wconf 88' lang='lat' dir='ltr'>officium</span> <span class='ocrx_word' id='word_1_170' title='bbox 1525 1191 1568 1222; x_wconf 88' lang='lat' dir='ltr'>ad</span> <span class='ocrx_word' id='word_1_171' title='bbox 1590 1201 1704 1222; x_wconf 88' lang='lat' dir='ltr'>manus</span> <span class='ocrx_word' id='word_1_172' title='bbox 1727 1194 1760 1222; x_wconf 85' lang='lat' dir='ltr'>et</span> <span class='ocrx_word' id='word_1_173' title='bbox 1783 1200 1863 1232; x_wconf 87' lang='lat' dir='ltr'>opus</span> <span class='ocrx_word' id='word_1_174' title='bbox 1886 1198 1980 1221; x_wconf 88' lang='lat' dir='ltr'>suum</span> 
     </span>
     <span class='ocr_line' id='line_1_18' title="bbox 326 1240 1981 1285; baseline -0.002 -10"><span class='ocrx_word' id='word_1_175' title='bbox 326 1247 434 1275; x_wconf 87' lang='lat' dir='ltr'>nostro</span> <span class='ocrx_word' id='word_1_176' title='bbox 466 1246 499 1275; x_wconf 89' lang='lat' dir='ltr'>et</span> <span class='ocrx_word' id='word_1_177' title='bbox 526 1243 654 1285; x_wconf 91' lang='lat' dir='ltr'>imperii</span> <span class='ocrx_word' id='word_1_178' title='bbox 683 1244 811 1274; x_wconf 89' lang='lat' dir='ltr'>nomine</span> <span class='ocrx_word' id='word_1_179' title='bbox 839 1246 989 1285; x_wconf 86' lang='lat' dir='ltr'>potenter</span> <span class='ocrx_word' id='word_1_180' title='bbox 1019 1247 1052 1274; x_wconf 89' lang='lat' dir='ltr'>et</span> <span class='ocrx_word' id='word_1_181' title='bbox 1074 1242 1179 1274; x_wconf 89' lang='lat' dir='ltr'>modis</span> <span class='ocrx_word' id='word_1_182' title='bbox 1207 1242 1322 1284; x_wconf 89' lang='lat' dir='ltr'>quibus</span> <span class='ocrx_word' id='word_1_183' title='bbox 1345 1242 1481 1284; x_wconf 85' lang='lat' dir='ltr'>expedit</span> <span class='ocrx_word' id='word_1_184' title='bbox 1504 1243 1670 1273; x_wconf 81' lang='lat' dir='ltr'>assistatis.</span> <span class='ocrx_word' id='word_1_185' title='bbox 1759 1241 1797 1272; x_wconf 93' lang='lat' dir='ltr'>In</span> <span class='ocrx_word' id='word_1_186' title='bbox 1821 1241 1910 1273; x_wconf 88' lang='lat' dir='ltr'>cuius</span> <span class='ocrx_word' id='word_1_187' title='bbox 1931 1240 1981 1272; x_wconf 88' lang='lat' dir='ltr'>rei</span> 
     </span>
     <span class='ocr_line' id='line_1_19' title="bbox 327 1294 1739 1336; baseline -0.001 -9"><span class='ocrx_word' id='word_1_188' title='bbox 327 1295 545 1328; x_wconf 86' lang='lat' dir='ltr'>testimonium</span> <span class='ocrx_word' id='word_1_189' title='bbox 569 1298 737 1336; x_wconf 87' lang='lat' dir='ltr'>presentes</span> <span class='ocrx_word' id='word_1_190' title='bbox 759 1295 883 1326; x_wconf 86' lang='lat' dir='ltr'>litteras</span> <span class='ocrx_word' id='word_1_191' title='bbox 906 1295 1085 1326; x_wconf 88' lang='lat' dir='ltr'>maiestatis</span> <span class='ocrx_word' id='word_1_192' title='bbox 1107 1297 1215 1326; x_wconf 87' lang='lat' dir='ltr'>nostre</span> <span class='ocrx_word' id='word_1_193' title='bbox 1239 1294 1344 1336; x_wconf 89' lang='lat' dir='ltr'>sigillo</span> <span class='ocrx_word' id='word_1_194' title='bbox 1368 1295 1517 1326; x_wconf 89' lang='lat' dir='ltr'>iussimus</span> <span class='ocrx_word' id='word_1_195' title='bbox 1540 1294 1739 1326; x_wconf 86' lang='lat' dir='ltr'>communiri.</span> 
     </span>
    </p>

    <p class='ocr_par' dir='ltr' id='par_1_7' title="bbox 326 1344 2033 1441">
     <span class='ocr_line' id='line_1_20' title="bbox 433 1344 1980 1387; baseline -0.001 -10"><span class='ocrx_word' id='word_1_196' title='bbox 433 1347 555 1378; x_wconf 86' lang='lat' dir='ltr'>Datum</span> <span class='ocrx_word' id='word_1_197' title='bbox 579 1345 724 1385; x_wconf 80' lang='lat' dir='ltr'>Colonie,</span> <span class='ocrx_word' id='word_1_198' title='bbox 747 1346 827 1377; x_wconf 88' lang='lat' dir='ltr'><strong>IIII.</strong></span> <span class='ocrx_word' id='word_1_199' title='bbox 844 1346 926 1377; x_wconf 86' lang='lat' dir='ltr'>Non.</span> <span class='ocrx_word' id='word_1_200' title='bbox 943 1345 1143 1387; x_wconf 81' lang='lat' dir='ltr'>Decembris,</span> <span class='ocrx_word' id='word_1_201' title='bbox 1167 1357 1250 1377; x_wconf 86' lang='lat' dir='ltr'>anno</span> <span class='ocrx_word' id='word_1_202' title='bbox 1273 1346 1404 1377; x_wconf 89' lang='lat' dir='ltr'>Domini</span> <span class='ocrx_word' id='word_1_203' title='bbox 1427 1345 1598 1377; x_wconf 86' lang='lat' dir='ltr'>millesimo</span> <span class='ocrx_word' id='word_1_204' title='bbox 1620 1344 1701 1377; x_wconf 90' lang='grc'>000</span> <span class='ocrx_word' id='word_1_205' title='bbox 1726 1344 1980 1387; x_wconf 85' lang='lat' dir='ltr'>quartodecimo,</span> 
     </span>
     <span class='ocr_line' id='line_1_21' title="bbox 326 1398 2033 1441; baseline -0.001 -11"><span class='ocrx_word' id='word_1_206' title='bbox 326 1400 417 1441; x_wconf 89' lang='lat' dir='ltr'>regni</span> <span class='ocrx_word' id='word_1_207' title='bbox 440 1409 517 1430; x_wconf 85' lang='lat' dir='ltr'>vero</span> <span class='ocrx_word' id='word_1_208' title='bbox 539 1398 639 1429; x_wconf 87' lang='lat' dir='ltr'>nostri</span> <span class='ocrx_word' id='word_1_209' title='bbox 662 1408 745 1429; x_wconf 84' lang='lat' dir='ltr'>anno</span> <span class='ocrx_word' id='word_1_210' title='bbox 769 1398 883 1439; x_wconf 91' lang='lat' dir='ltr'>primo.</span> <span class='ocrx_word' id='word_1_211' title='bbox 1995 1408 2033 1428; x_wconf 73' lang='lat'>20-</span> 
     </span>
    </p>
   </div>
   <div class='ocr_carea' id='block_1_7' title="bbox 637 1585 1667 1692">
    <p class='ocr_par' dir='ltr' id='par_1_8' title="bbox 637 1585 1667 1692">
     <span class='ocr_line' id='line_1_22' title="bbox 637 1585 1667 1624; baseline -0.001 -2"><span class='ocrx_word' id='word_1_212' title='bbox 637 1587 710 1623; x_wconf 87' lang='lat'><strong>168.</strong></span> <span class='ocrx_word' id='word_1_213' title='bbox 745 1586 969 1624; x_wconf 86' lang='lat' dir='ltr'><strong>ELECTIO</strong></span> <span class='ocrx_word' id='word_1_214' title='bbox 999 1586 1222 1624; x_wconf 88' lang='lat' dir='ltr'><strong>VICARII</strong></span> <span class='ocrx_word' id='word_1_215' title='bbox 1254 1586 1306 1624; x_wconf 84' lang='lat' dir='ltr'>IN</span> <span class='ocrx_word' id='word_1_216' title='bbox 1337 1585 1667 1623; x_wconf 85' lang='lat' dir='ltr'><strong>LUNIGIANA.</strong></span> 
     </span>
     <span class='ocr_line' id='line_1_23' title="bbox 1003 1655 1307 1692; baseline 0 -1"><span class='ocrx_word' id='word_1_217' title='bbox 1003 1656 1111 1692; x_wconf 81' lang='lat'><strong>1314.</strong></span> <span class='ocrx_word' id='word_1_218' title='bbox 1165 1656 1252 1692; x_wconf 89' lang='lat' dir='ltr'>Dec.</span> <span class='ocrx_word' id='word_1_219' title='bbox 1273 1655 1307 1692; x_wconf 88' lang='lat'>5.</span> 
     </span>
    </p>
   </div>
   <div class='ocr_carea' id='block_1_8' title="bbox 321 1745 2033 1996">
    <p class='ocr_par' dir='ltr' id='par_1_9' title="bbox 321 1745 2033 1996">
     <span class='ocr_line' id='line_1_24' title="bbox 438 1745 1978 1792; baseline -0.003 -11"><span class='ocrx_word' id='word_1_220' title='bbox 438 1749 537 1789; x_wconf 73' lang='lat' dir='ltr'>Copia</span> <span class='ocrx_word' id='word_1_221' title='bbox 550 1749 606 1792; x_wconf 89' lang='lat' dir='ltr'>(e.)</span> <span class='ocrx_word' id='word_1_222' title='bbox 622 1750 657 1781; x_wconf 79' lang='lat' dir='ltr'>in</span> <span class='ocrx_word' id='word_1_223' title='bbox 667 1749 815 1789; x_wconf 79' lang='lat' dir='ltr'>Copiario</span> <span class='ocrx_word' id='word_1_224' title='bbox 832 1749 993 1780; x_wconf 76' lang='lat' dir='ltr'>‘Armario</span> <span class='ocrx_word' id='word_1_225' title='bbox 1005 1748 1068 1780; x_wconf 91' lang='lat' dir='ltr'>III</span> <span class='ocrx_word' id='word_1_226' title='bbox 1078 1758 1128 1780; x_wconf 81' lang='lat' dir='ltr'>nr.</span> <span class='ocrx_word' id='word_1_227' title='bbox 1141 1748 1198 1779; x_wconf 85' lang='lat'>81’</span> <span class='ocrx_word' id='word_1_228' title='bbox 1213 1758 1292 1780; x_wconf 83' lang='lat' dir='ltr'>saec.</span> <span class='ocrx_word' id='word_1_229' title='bbox 1306 1747 1403 1779; x_wconf 87' lang='lat' dir='ltr'><strong><em>XIV.</em></strong></span> <span class='ocrx_word' id='word_1_230' title='bbox 1420 1748 1507 1787; x_wconf 70' lang='lat' dir='ltr'>(Atti</span> <span class='ocrx_word' id='word_1_231' title='bbox 1521 1747 1556 1778; x_wconf 79' lang='lat' dir='ltr'>di</span> <span class='ocrx_word' id='word_1_232' title='bbox 1570 1746 1751 1779; x_wconf 77' lang='lat' dir='ltr'>Castruccio</span> <span class='ocrx_word' id='word_1_233' title='bbox 1766 1756 1827 1785; x_wconf 69' lang='lat' dir='ltr'>req.</span> <span class='ocrx_word' id='word_1_234' title='bbox 1840 1745 1876 1787; x_wconf 88' lang='lat'>1)</span> <span class='ocrx_word' id='word_1_235' title='bbox 1890 1745 1945 1786; x_wconf 85' lang='lat' dir='ltr'>fol.</span> <span class='ocrx_word' id='word_1_236' title='bbox 1958 1747 1978 1777; x_wconf 90' lang='lat'><em>9</em></span> 
     </span>
     <span class='ocr_line' id='line_1_25' title="bbox 326 1797 1978 1841; baseline -0.002 -9"><span class='ocrx_word' id='word_1_237' title='bbox 326 1800 480 1833; x_wconf 79' lang='lat' dir='ltr'>tabularii</span> <span class='ocrx_word' id='word_1_238' title='bbox 502 1801 580 1841; x_wconf 78' lang='lat' dir='ltr'>reyii</span> <span class='ocrx_word' id='word_1_239' title='bbox 595 1801 732 1832; x_wconf 73' lang='lat' dir='ltr'>Lucani.</span> <span class='ocrx_word' id='word_1_240' title='bbox 774 1799 971 1832; x_wconf 76' lang='lat' dir='ltr'>Contulimus</span> <span class='ocrx_word' id='word_1_241' title='bbox 986 1810 1052 1832; x_wconf 81' lang='lat' dir='ltr'>nos.</span> <span class='ocrx_word' id='word_1_242' title='bbox 1070 1819 1111 1823; x_wconf 96' lang='lat'><strong>—</strong></span> <span class='ocrx_word' id='word_1_243' title='bbox 1133 1799 1196 1831; x_wconf 78' lang='lat' dir='ltr'>Ed.</span> <span class='ocrx_word' id='word_1_244' title='bbox 1213 1798 1369 1831; x_wconf 62' lang='lat' dir='ltr'>Mamas-ci</span> <span class='ocrx_word' id='word_1_245' title='bbox 1390 1797 1445 1829; x_wconf 80' lang='lat' dir='ltr'>‘Le</span> <span class='ocrx_word' id='word_1_246' title='bbox 1459 1798 1576 1830; x_wconf 74' lang='lat' dir='ltr'>Aziom&#39;</span> <span class='ocrx_word' id='word_1_247' title='bbox 1595 1797 1630 1829; x_wconf 81' lang='lat' dir='ltr'>di</span> <span class='ocrx_word' id='word_1_248' title='bbox 1648 1798 1830 1830; x_wconf 80' lang='lat' dir='ltr'>Castruccio</span> <span class='ocrx_word' id='word_1_249' title='bbox 1849 1798 1978 1830; x_wconf 74' lang='lat' dir='ltr'>Castra—</span> 
     </span>
     <span class='ocr_line' id='line_1_26' title="bbox 327 1849 2033 1893; baseline -0.001 -9"><span class='ocrx_word' id='word_1_250' title='bbox 327 1863 413 1884; x_wconf 79' lang='lat' dir='ltr'>cane.</span> <span class='ocrx_word' id='word_1_251' title='bbox 461 1853 559 1885; x_wconf 58' lang='lat' dir='ltr'>Terea</span> <span class='ocrx_word' id='word_1_252' title='bbox 581 1853 747 1884; x_wconf 72' lang='lat' dir='ltr'>Edizione’</span> <span class='ocrx_word' id='word_1_253' title='bbox 772 1852 893 1893; x_wconf 69' lang='lat' dir='ltr'>(bucca</span> <span class='ocrx_word' id='word_1_254' title='bbox 918 1852 1018 1889; x_wconf 75' lang='grc'><em>1843)</em></span> <span class='ocrx_word' id='word_1_255' title='bbox 1039 1862 1075 1891; x_wconf 77' lang='lat' dir='ltr'>p.</span> <span class='ocrx_word' id='word_1_256' title='bbox 1092 1853 1155 1882; x_wconf 89' lang='grc'>188</span> <span class='ocrx_word' id='word_1_257' title='bbox 1181 1862 1231 1883; x_wconf 80' lang='lat' dir='ltr'>nr.</span> <span class='ocrx_word' id='word_1_258' title='bbox 1247 1853 1269 1883; x_wconf 84' lang='lat'><em>2</em></span> <span class='ocrx_word' id='word_1_259' title='bbox 1295 1861 1334 1882; x_wconf 75' lang='lat' dir='ltr'>ex</span> <span class='ocrx_word' id='word_1_260' title='bbox 1356 1861 1402 1889; x_wconf 83' lang='lat' dir='ltr'>c.,·</span> <span class='ocrx_word' id='word_1_261' title='bbox 1432 1849 1520 1882; x_wconf 68' lang='lat' dir='ltr'>Giov.</span> <span class='ocrx_word' id='word_1_262' title='bbox 1545 1850 1659 1890; x_wconf 68' lang='lat' dir='ltr'>Sforza</span> <span class='ocrx_word' id='word_1_263' title='bbox 1681 1850 1763 1881; x_wconf 78' lang='lat' dir='ltr'>‘Atti</span> <span class='ocrx_word' id='word_1_264' title='bbox 1788 1860 1804 1881; x_wconf 85' lang='lat' dir='ltr'>e</span> <span class='ocrx_word' id='word_1_265' title='bbox 1825 1849 1978 1882; x_wconf 53' lang='lat' dir='ltr'>Memoffie</span> <span class='ocrx_word' id='word_1_266' title='bbox 1997 1863 2033 1883; x_wconf 49' lang='lat'>2⁵«</span> 
     </span>
     <span class='ocr_line' id='line_1_27' title="bbox 328 1901 1978 1945; baseline -0.002 -9"><span class='ocrx_word' id='word_1_267' title='bbox 328 1904 403 1936; x_wconf 82' lang='lat' dir='ltr'>delle</span> <span class='ocrx_word' id='word_1_268' title='bbox 426 1904 500 1938; x_wconf 83' lang='lat' dir='ltr'>RR.</span> <span class='ocrx_word' id='word_1_269' title='bbox 525 1904 739 1945; x_wconf 67' lang='lat' dir='ltr'>Deputazioni</span> <span class='ocrx_word' id='word_1_270' title='bbox 761 1905 796 1936; x_wconf 78' lang='lat' dir='ltr'>di</span> <span class='ocrx_word' id='word_1_271' title='bbox 815 1904 922 1936; x_wconf 83' lang='lat' dir='ltr'>Storia</span> <span class='ocrx_word' id='word_1_272' title='bbox 939 1904 1054 1944; x_wconf 73' lang='lat' dir='ltr'>patria</span> <span class='ocrx_word' id='word_1_273' title='bbox 1071 1914 1131 1945; x_wconf 81' lang='lat' dir='ltr'>per</span> <span class='ocrx_word' id='word_1_274' title='bbox 1152 1903 1179 1935; x_wconf 82' lang='lat' dir='ltr'>le</span> <span class='ocrx_word' id='word_1_275' title='bbox 1198 1903 1358 1943; x_wconf 79' lang='lat' dir='ltr'>provincie</span> <span class='ocrx_word' id='word_1_276' title='bbox 1384 1902 1550 1934; x_wconf 75' lang='lat' dir='ltr'>Modenesz·</span> <span class='ocrx_word' id='word_1_277' title='bbox 1571 1913 1587 1934; x_wconf 84' lang='lat' dir='ltr'>e</span> <span class='ocrx_word' id='word_1_278' title='bbox 1609 1901 1791 1933; x_wconf 79' lang='lat' dir='ltr'>Parmensi&#39;</span> <span class='ocrx_word' id='word_1_279' title='bbox 1814 1901 1846 1933; x_wconf 87' lang='lat' dir='ltr'><strong><em>V</em></strong></span> <span class='ocrx_word' id='word_1_280' title='bbox 1863 1902 1978 1943; x_wconf 87' lang='lat'><em>(1870)</em></span> 
     </span>
     <span class='ocr_line' id='line_1_28' title="bbox 321 1957 656 1996; baseline 0.003 -9"><span class='ocrx_word' id='word_1_281' title='bbox 321 1967 357 1996; x_wconf 77' lang='lat' dir='ltr'>p.</span> <span class='ocrx_word' id='word_1_282' title='bbox 374 1957 437 1987; x_wconf 76' lang='lat'>344</span> <span class='ocrx_word' id='word_1_283' title='bbox 460 1967 508 1988; x_wconf 81' lang='lat' dir='ltr'>nr.</span> <span class='ocrx_word' id='word_1_284' title='bbox 528 1957 545 1987; x_wconf 88' lang='lat'><strong><em>1</em></strong></span> <span class='ocrx_word' id='word_1_285' title='bbox 570 1967 608 1988; x_wconf 63' lang='grc' dir='ltr'>εκ</span> <span class='ocrx_word' id='word_1_286' title='bbox 630 1967 656 1988; x_wconf 92' lang='lat' dir='ltr'>c.</span> 
     </span>
    </p>
   </div>
   <div class='ocr_carea' id='block_1_9' title="bbox 438 2012 998 2052">
    <p class='ocr_par' dir='ltr' id='par_1_10' title="bbox 438 2012 998 2052">
     <span class='ocr_line' id='line_1_29' title="bbox 438 2012 998 2052; baseline -0.005 -7"><span class='ocrx_word' id='word_1_287' title='bbox 438 2013 486 2052; x_wconf 80' lang='lat' dir='ltr'>Cf.</span> <span class='ocrx_word' id='word_1_288' title='bbox 506 2013 663 2044; x_wconf 77' lang='lat' dir='ltr'>Manucci</span> <span class='ocrx_word' id='word_1_289' title='bbox 685 2012 704 2044; x_wconf 87' lang='grc' dir='ltr'>Ζ.</span> <span class='ocrx_word' id='word_1_290' title='bbox 721 2023 745 2044; x_wconf 83' lang='lat' dir='ltr'>c.</span> <span class='ocrx_word' id='word_1_291' title='bbox 767 2023 799 2052; x_wconf 83' lang='lat' dir='ltr'>p.</span> <span class='ocrx_word' id='word_1_292' title='bbox 817 2013 881 2043; x_wconf 91' lang='lat'>187</span> <span class='ocrx_word' id='word_1_293' title='bbox 902 2023 951 2043; x_wconf 79' lang='lat' dir='ltr'>nr.</span> <span class='ocrx_word' id='word_1_294' title='bbox 970 2013 998 2042; x_wconf 91' lang='lat'>1.</span> 
     </span>
    </p>
   </div>
   <div class='ocr_carea' id='block_1_10' title="bbox 227 2091 2037 2855">
    <p class='ocr_par' dir='ltr' id='par_1_11' title="bbox 436 2091 841 2122">
     <span class='ocr_line' id='line_1_30' title="bbox 436 2091 841 2122; baseline 0 0"><span class='ocrx_word' id='word_1_295' title='bbox 436 2091 474 2121; x_wconf 92' lang='lat' dir='ltr'>In</span> <span class='ocrx_word' id='word_1_296' title='bbox 497 2091 560 2122; x_wconf 93' lang='lat' dir='ltr'>Dei</span> <span class='ocrx_word' id='word_1_297' title='bbox 583 2091 713 2122; x_wconf 88' lang='lat' dir='ltr'>nomine</span> <span class='ocrx_word' id='word_1_298' title='bbox 737 2101 841 2122; x_wconf 86' lang='lat' dir='ltr'>amen.</span> 
     </span>
    </p>

    <p class='ocr_par' dir='ltr' id='par_1_12' title="bbox 330 2138 2036 2286">
     <span class='ocr_line' id='line_1_31' title="bbox 436 2138 2036 2181; baseline 0 -8"><span class='ocrx_word' id='word_1_299' title='bbox 436 2142 529 2173; x_wconf 86' lang='lat' dir='ltr'>Anno</span> <span class='ocrx_word' id='word_1_300' title='bbox 558 2142 688 2173; x_wconf 89' lang='lat' dir='ltr'>Domini</span> <span class='ocrx_word' id='word_1_301' title='bbox 723 2153 742 2173; x_wconf 89' lang='lat' dir='ltr'>a</span> <span class='ocrx_word' id='word_1_302' title='bbox 777 2142 944 2174; x_wconf 82' lang='lat' dir='ltr'>nativitate</span> <span class='ocrx_word' id='word_1_303' title='bbox 974 2142 1043 2173; x_wconf 88' lang='lat' dir='ltr'>eius</span> <span class='ocrx_word' id='word_1_304' title='bbox 1073 2139 1308 2181; x_wconf 84' lang='lat' dir='ltr'>MOOOXIHI,</span> <span class='ocrx_word' id='word_1_305' title='bbox 1343 2138 1408 2171; x_wconf 87' lang='lat' dir='ltr'>ind.</span> <span class='ocrx_word' id='word_1_306' title='bbox 1437 2139 1520 2180; x_wconf 88' lang='lat' dir='ltr'>XII,</span> <span class='ocrx_word' id='word_1_307' title='bbox 1556 2138 1608 2171; x_wconf 88' lang='lat' dir='ltr'>die</span> <span class='ocrx_word' id='word_1_308' title='bbox 1639 2140 1750 2181; x_wconf 91' lang='lat' dir='ltr'>quinto</span> <span class='ocrx_word' id='word_1_309' title='bbox 1778 2138 1978 2171; x_wconf 88' lang='lat' dir='ltr'>Decembris.</span> <span class='ocrx_word' id='word_1_310' title='bbox 1998 2152 2036 2173; x_wconf 74' lang='grc' dir='ltr'>ω-</span> 
     </span>
     <span class='ocr_line' id='line_1_32' title="bbox 330 2190 1981 2236; baseline -0.001 -12"><span class='ocrx_word' id='word_1_311' title='bbox 330 2194 453 2235; x_wconf 82' lang='lat' dir='ltr'>Pagine</span> <span class='ocrx_word' id='word_1_312' title='bbox 477 2194 570 2225; x_wconf 87' lang='lat' dir='ltr'>huius</span> <span class='ocrx_word' id='word_1_313' title='bbox 593 2195 675 2226; x_wconf 89' lang='lat' dir='ltr'>serie</span> <span class='ocrx_word' id='word_1_314' title='bbox 699 2197 810 2236; x_wconf 88' lang='lat' dir='ltr'>pateat</span> <span class='ocrx_word' id='word_1_315' title='bbox 833 2193 981 2225; x_wconf 89' lang='lat' dir='ltr'>omnibus</span> <span class='ocrx_word' id='word_1_316' title='bbox 1003 2192 1141 2234; x_wconf 85' lang='lat' dir='ltr'>publice,</span> <span class='ocrx_word' id='word_1_317' title='bbox 1166 2191 1252 2234; x_wconf 91' lang='lat' dir='ltr'>quod</span> <span class='ocrx_word' id='word_1_318' title='bbox 1275 2202 1348 2223; x_wconf 91' lang='lat' dir='ltr'>cum</span> <span class='ocrx_word' id='word_1_319' title='bbox 1372 2190 1413 2223; x_wconf 90' lang='lat' dir='ltr'>ad</span> <span class='ocrx_word' id='word_1_320' title='bbox 1437 2201 1531 2223; x_wconf 87' lang='lat' dir='ltr'>aures</span> <span class='ocrx_word' id='word_1_321' title='bbox 1555 2194 1588 2222; x_wconf 90' lang='lat' dir='ltr'>et</span> <span class='ocrx_word' id='word_1_322' title='bbox 1610 2191 1756 2222; x_wconf 87' lang='lat' dir='ltr'>notitiam</span> <span class='ocrx_word' id='word_1_323' title='bbox 1780 2192 1924 2222; x_wconf 91' lang='lat' dir='ltr'>comunis</span> <span class='ocrx_word' id='word_1_324' title='bbox 1947 2194 1981 2223; x_wconf 89' lang='lat' dir='ltr'>et</span> 
     </span>
     <span class='ocr_line' id='line_1_33' title="bbox 330 2242 1981 2286; baseline -0.001 -11"><span class='ocrx_word' id='word_1_325' title='bbox 330 2245 494 2276; x_wconf 91' lang='lat' dir='ltr'>hominum</span> <span class='ocrx_word' id='word_1_326' title='bbox 530 2245 570 2277; x_wconf 90' lang='lat' dir='ltr'>de</span> <span class='ocrx_word' id='word_1_327' title='bbox 599 2245 760 2277; x_wconf 85' lang='lat' dir='ltr'>Sarezana</span> <span class='ocrx_word' id='word_1_328' title='bbox 792 2248 825 2277; x_wconf 89' lang='lat' dir='ltr'>et</span> <span class='ocrx_word' id='word_1_329' title='bbox 848 2244 953 2277; x_wconf 87' lang='lat' dir='ltr'>Castri</span> <span class='ocrx_word' id='word_1_330' title='bbox 986 2254 1088 2286; x_wconf 89' lang='lat' dir='ltr'>nuper</span> <span class='ocrx_word' id='word_1_331' title='bbox 1122 2244 1305 2285; x_wconf 85' lang='lat' dir='ltr'>pervenerit</span> <span class='ocrx_word' id='word_1_332' title='bbox 1333 2253 1446 2284; x_wconf 88' lang='lat' dir='ltr'>regem</span> <span class='ocrx_word' id='word_1_333' title='bbox 1473 2242 1693 2274; x_wconf 83' lang='lat' dir='ltr'>Romanorum</span> <span class='ocrx_word' id='word_1_334' title='bbox 1723 2243 1786 2274; x_wconf 93' lang='lat' dir='ltr'>Dei</span> <span class='ocrx_word' id='word_1_335' title='bbox 1813 2243 1918 2285; x_wconf 87' lang='lat' dir='ltr'>gratia</span> <span class='ocrx_word' id='word_1_336' title='bbox 1947 2244 1981 2274; x_wconf 90' lang='lat' dir='ltr'>in</span> 
     </span>
    </p>

    <p class='ocr_par' dir='ltr' id='par_1_13' title="bbox 227 2294 2037 2855">
     <span class='ocr_line' id='line_1_34' title="bbox 227 2294 1982 2339; baseline 0.001 -14"><span class='ocrx_word' id='word_1_337' title='bbox 227 2304 284 2325; x_wconf 81' lang='lat' dir='ltr'>Nov.</span> <span class='ocrx_word' id='word_1_338' title='bbox 297 2308 315 2325; x_wconf 78' lang='lat'>1.</span> <span class='ocrx_word' id='word_1_339' title='bbox 331 2296 505 2328; x_wconf 87' lang='lat' dir='ltr'>festivitate</span> <span class='ocrx_word' id='word_1_340' title='bbox 523 2298 673 2329; x_wconf 88' lang='lat' dir='ltr'>Omnium</span> <span class='ocrx_word' id='word_1_341' title='bbox 697 2301 879 2329; x_wconf 84' lang='lat' dir='ltr'>sanctorum</span> <span class='ocrx_word' id='word_1_342' title='bbox 903 2297 1049 2339; x_wconf 82' lang='lat' dir='ltr'>proxime</span> <span class='ocrx_word' id='word_1_343' title='bbox 1072 2296 1228 2338; x_wconf 87' lang='lat' dir='ltr'>preterita</span> <span class='ocrx_word' id='word_1_344' title='bbox 1245 2295 1343 2326; x_wconf 86' lang='lat' dir='ltr'>fuisse</span> <span class='ocrx_word' id='word_1_345' title='bbox 1358 2295 1485 2327; x_wconf 84' lang='lat' dir='ltr'>noviter</span> <span class='ocrx_word' id='word_1_346' title='bbox 1500 2295 1650 2335; x_wconf 88' lang='lat' dir='ltr'>electum,</span> <span class='ocrx_word' id='word_1_347' title='bbox 1675 2305 1714 2326; x_wconf 90' lang='lat' dir='ltr'>ea</span> <span class='ocrx_word' id='word_1_348' title='bbox 1729 2295 1828 2336; x_wconf 83' lang='lat' dir='ltr'>igitur</span> <span class='ocrx_word' id='word_1_349' title='bbox 1843 2294 1982 2337; x_wconf 87' lang='lat' dir='ltr'>collegia</span> 
     </span>
     <span class='ocr_line' id='line_1_35' title="bbox 329 2346 1979 2391; baseline -0.001 -12"><span class='ocrx_word' id='word_1_350' title='bbox 329 2348 447 2379; x_wconf 91' lang='lat' dir='ltr'><strong>XVIII</strong></span> <span class='ocrx_word' id='word_1_351' title='bbox 471 2352 504 2379; x_wconf 88' lang='lat' dir='ltr'>et</span> <span class='ocrx_word' id='word_1_352' title='bbox 526 2360 640 2380; x_wconf 87' lang='lat' dir='ltr'>novem</span> <span class='ocrx_word' id='word_1_353' title='bbox 664 2350 844 2391; x_wconf 89' lang='lat' dir='ltr'>sapientum</span> <span class='ocrx_word' id='word_1_354' title='bbox 867 2349 1008 2380; x_wconf 88' lang='lat' dir='ltr'>virorum</span> <span class='ocrx_word' id='word_1_355' title='bbox 1031 2348 1072 2380; x_wconf 89' lang='lat' dir='ltr'>ad</span> <span class='ocrx_word' id='word_1_356' title='bbox 1096 2348 1172 2380; x_wconf 86' lang='lat' dir='ltr'>dicti</span> <span class='ocrx_word' id='word_1_357' title='bbox 1196 2348 1339 2379; x_wconf 89' lang='lat' dir='ltr'>comunis</span> <span class='ocrx_word' id='word_1_358' title='bbox 1362 2347 1493 2389; x_wconf 88' lang='lat' dir='ltr'>negotia</span> <span class='ocrx_word' id='word_1_359' title='bbox 1509 2346 1664 2388; x_wconf 87' lang='lat' dir='ltr'>deputata</span> <span class='ocrx_word' id='word_1_360' title='bbox 1681 2357 1722 2378; x_wconf 85' lang='lat' dir='ltr'>ex</span> <span class='ocrx_word' id='word_1_361' title='bbox 1738 2346 1825 2378; x_wconf 85' lang='lat' dir='ltr'>balia</span> <span class='ocrx_word' id='word_1_362' title='bbox 1841 2347 1979 2378; x_wconf 85' lang='lat' dir='ltr'>auctori-</span> 
     </span>
     <span class='ocr_line' id='line_1_36' title="bbox 331 2398 2022 2443; baseline 0.001 -13"><span class='ocrx_word' id='word_1_363' title='bbox 331 2403 398 2431; x_wconf 80' lang='lat' dir='ltr'>tate</span> <span class='ocrx_word' id='word_1_364' title='bbox 426 2403 523 2442; x_wconf 86' lang='lat' dir='ltr'>atque</span> <span class='ocrx_word' id='word_1_365' title='bbox 555 2400 683 2432; x_wconf 89' lang='lat' dir='ltr'>licentia</span> <span class='ocrx_word' id='word_1_366' title='bbox 711 2402 757 2433; x_wconf 90' lang='lat' dir='ltr'>eis</span> <span class='ocrx_word' id='word_1_367' title='bbox 784 2412 842 2443; x_wconf 90' lang='lat' dir='ltr'>per</span> <span class='ocrx_word' id='word_1_368' title='bbox 869 2401 1034 2433; x_wconf 89' lang='lat' dir='ltr'>consilium</span> <span class='ocrx_word' id='word_1_369' title='bbox 1059 2399 1211 2442; x_wconf 86' lang='lat' dir='ltr'>generale</span> <span class='ocrx_word' id='word_1_370' title='bbox 1236 2403 1269 2431; x_wconf 90' lang='lat' dir='ltr'>et</span> <span class='ocrx_word' id='word_1_371' title='bbox 1291 2399 1408 2431; x_wconf 88' lang='lat' dir='ltr'>artium</span> <span class='ocrx_word' id='word_1_372' title='bbox 1433 2402 1466 2430; x_wconf 88' lang='lat' dir='ltr'>et</span> <span class='ocrx_word' id='word_1_373' title='bbox 1488 2398 1712 2430; x_wconf 85' lang='lat' dir='ltr'>adiunctorum</span> <span class='ocrx_word' id='word_1_374' title='bbox 1735 2398 1812 2430; x_wconf 87' lang='lat' dir='ltr'>dicti</span> <span class='ocrx_word' id='word_1_375' title='bbox 1835 2399 1979 2430; x_wconf 89' lang='lat' dir='ltr'>comunis</span> <span class='ocrx_word' id='word_1_376' title='bbox 1997 2411 2022 2431; x_wconf 67' lang='grc' dir='ltr'>οε.</span> 
     </span>
     <span class='ocr_line' id='line_1_37' title="bbox 332 2450 1982 2494; baseline 0 -12"><span class='ocrx_word' id='word_1_377' title='bbox 332 2451 490 2483; x_wconf 85' lang='lat' dir='ltr'>Sarezane</span> <span class='ocrx_word' id='word_1_378' title='bbox 515 2455 547 2483; x_wconf 84' lang='lat' dir='ltr'>et</span> <span class='ocrx_word' id='word_1_379' title='bbox 571 2451 675 2483; x_wconf 85' lang='lat' dir='ltr'>Castri</span> <span class='ocrx_word' id='word_1_380' title='bbox 698 2453 739 2484; x_wconf 89' lang='lat' dir='ltr'>ad</span> <span class='ocrx_word' id='word_1_381' title='bbox 766 2453 969 2494; x_wconf 82' lang='lat' dir='ltr'>infrascripta</span> <span class='ocrx_word' id='word_1_382' title='bbox 993 2452 1141 2484; x_wconf 87' lang='lat' dir='ltr'>facienda</span> <span class='ocrx_word' id='word_1_383' title='bbox 1165 2451 1349 2493; x_wconf 83' lang='lat' dir='ltr'>specialiter</span> <span class='ocrx_word' id='word_1_384' title='bbox 1372 2450 1543 2490; x_wconf 83' lang='lat' dir='ltr'>attributa,</span> <span class='ocrx_word' id='word_1_385' title='bbox 1573 2451 1723 2482; x_wconf 88' lang='lat' dir='ltr'>timentes</span> <span class='ocrx_word' id='word_1_386' title='bbox 1746 2461 1787 2481; x_wconf 90' lang='lat' dir='ltr'>ne</span> <span class='ocrx_word' id='word_1_387' title='bbox 1811 2451 1982 2492; x_wconf 85' lang='lat' dir='ltr'>quisquam</span> 
     </span>
     <span class='ocr_line' id='line_1_38' title="bbox 332 2500 1986 2545; baseline 0 -12"><span class='ocrx_word' id='word_1_388' title='bbox 332 2506 483 2544; x_wconf 86' lang='lat' dir='ltr'>tyrannus</span> <span class='ocrx_word' id='word_1_389' title='bbox 506 2503 642 2535; x_wconf 78' lang='lat' dir='ltr'>infidelis</span> <span class='ocrx_word' id='word_1_390' title='bbox 666 2504 716 2536; x_wconf 85' lang='lat' dir='ltr'>vel</span> <span class='ocrx_word' id='word_1_391' title='bbox 740 2505 871 2536; x_wconf 89' lang='lat' dir='ltr'>rebellis</span> <span class='ocrx_word' id='word_1_392' title='bbox 893 2504 1032 2536; x_wconf 83' lang='lat' dir='ltr'>Romani</span> <span class='ocrx_word' id='word_1_393' title='bbox 1055 2504 1182 2545; x_wconf 88' lang='lat' dir='ltr'>imperii</span> <span class='ocrx_word' id='word_1_394' title='bbox 1206 2503 1324 2534; x_wconf 86' lang='lat' dir='ltr'>dictam</span> <span class='ocrx_word' id='word_1_395' title='bbox 1348 2506 1467 2534; x_wconf 80' lang='lat' dir='ltr'>terram</span> <span class='ocrx_word' id='word_1_396' title='bbox 1492 2506 1526 2533; x_wconf 86' lang='lat' dir='ltr'>et</span> <span class='ocrx_word' id='word_1_397' title='bbox 1549 2503 1617 2534; x_wconf 88' lang='lat' dir='ltr'>eius</span> <span class='ocrx_word' id='word_1_398' title='bbox 1647 2502 1718 2533; x_wconf 87' lang='lat' dir='ltr'>iura</span> <span class='ocrx_word' id='word_1_399' title='bbox 1741 2504 1916 2543; x_wconf 85' lang='lat' dir='ltr'>occuparet</span> <span class='ocrx_word' id='word_1_400' title='bbox 1940 2500 1986 2533; x_wconf 67' lang='lat' dir='ltr'>de</span> 
     </span>
     <span class='ocr_line' id='line_1_39' title="bbox 330 2553 1982 2598; baseline -0.001 -13"><span class='ocrx_word' id='word_1_401' title='bbox 330 2554 415 2586; x_wconf 89' lang='lat' dir='ltr'>facto</span> <span class='ocrx_word' id='word_1_402' title='bbox 446 2555 613 2596; x_wconf 88' lang='lat' dir='ltr'>ipsamque</span> <span class='ocrx_word' id='word_1_403' title='bbox 644 2559 762 2587; x_wconf 82' lang='lat' dir='ltr'>terram</span> <span class='ocrx_word' id='word_1_404' title='bbox 789 2559 942 2598; x_wconf 87' lang='lat' dir='ltr'>tanquam</span> <span class='ocrx_word' id='word_1_405' title='bbox 971 2566 1132 2587; x_wconf 88' lang='lat' dir='ltr'>cameram</span> <span class='ocrx_word' id='word_1_406' title='bbox 1160 2554 1299 2586; x_wconf 85' lang='lat' dir='ltr'>Romani</span> <span class='ocrx_word' id='word_1_407' title='bbox 1326 2555 1453 2596; x_wconf 85' lang='lat' dir='ltr'>imperii</span> <span class='ocrx_word' id='word_1_408' title='bbox 1483 2554 1589 2586; x_wconf 86' lang='lat' dir='ltr'>futuro</span> <span class='ocrx_word' id='word_1_409' title='bbox 1619 2554 1807 2595; x_wconf 87' lang='lat' dir='ltr'>imperatori</span> <span class='ocrx_word' id='word_1_410' title='bbox 1835 2553 1982 2585; x_wconf 84' lang='lat' dir='ltr'>volentes</span> 
     </span>
     <span class='ocr_line' id='line_1_40' title="bbox 330 2605 1981 2648; baseline 0 -12"><span class='ocrx_word' id='word_1_411' title='bbox 330 2610 366 2636; x_wconf 88' lang='lat' dir='ltr'>ut</span> <span class='ocrx_word' id='word_1_412' title='bbox 388 2606 496 2637; x_wconf 90' lang='lat' dir='ltr'>devoti</span> <span class='ocrx_word' id='word_1_413' title='bbox 519 2606 632 2637; x_wconf 88' lang='lat' dir='ltr'>fideles</span> <span class='ocrx_word' id='word_1_414' title='bbox 655 2607 779 2638; x_wconf 86' lang='lat' dir='ltr'>illesam</span> <span class='ocrx_word' id='word_1_415' title='bbox 802 2618 1003 2648; x_wconf 83' lang='lat' dir='ltr'>conservare,</span> <span class='ocrx_word' id='word_1_416' title='bbox 1027 2606 1230 2638; x_wconf 87' lang='lat' dir='ltr'>considerata</span> <span class='ocrx_word' id='word_1_417' title='bbox 1253 2607 1398 2648; x_wconf 86' lang='lat' dir='ltr'>potentia</span> <span class='ocrx_word' id='word_1_418' title='bbox 1422 2609 1455 2637; x_wconf 92' lang='lat' dir='ltr'>et</span> <span class='ocrx_word' id='word_1_419' title='bbox 1470 2606 1586 2638; x_wconf 87' lang='lat' dir='ltr'>virtute</span> <span class='ocrx_word' id='word_1_420' title='bbox 1603 2606 1727 2648; x_wconf 87' lang='lat' dir='ltr'>egregii</span> <span class='ocrx_word' id='word_1_421' title='bbox 1742 2606 1801 2637; x_wconf 85' lang='lat' dir='ltr'>viri</span> <span class='ocrx_word' id='word_1_422' title='bbox 1818 2605 1981 2637; x_wconf 79' lang='lat' dir='ltr'>Casti-uoci</span> 
     </span>
     <span class='ocr_line' id='line_1_41' title="bbox 331 2657 2037 2700; baseline 0.002 -13"><span class='ocrx_word' id='word_1_423' title='bbox 331 2657 467 2688; x_wconf 86' lang='lat' dir='ltr'>condam</span> <span class='ocrx_word' id='word_1_424' title='bbox 497 2657 587 2688; x_wconf 81' lang='lat' dir='ltr'>Gerii</span> <span class='ocrx_word' id='word_1_425' title='bbox 614 2658 654 2689; x_wconf 89' lang='lat' dir='ltr'>de</span> <span class='ocrx_word' id='word_1_426' title='bbox 678 2659 915 2690; x_wconf 86' lang='lat' dir='ltr'>Antelminellis</span> <span class='ocrx_word' id='word_1_427' title='bbox 949 2659 989 2691; x_wconf 89' lang='lat' dir='ltr'>de</span> <span class='ocrx_word' id='word_1_428' title='bbox 1017 2659 1105 2690; x_wconf 84' lang='lat' dir='ltr'>Luca</span> <span class='ocrx_word' id='word_1_429' title='bbox 1140 2661 1174 2690; x_wconf 89' lang='lat' dir='ltr'>et</span> <span class='ocrx_word' id='word_1_430' title='bbox 1201 2658 1293 2689; x_wconf 89' lang='lat' dir='ltr'>bonis</span> <span class='ocrx_word' id='word_1_431' title='bbox 1323 2658 1490 2700; x_wconf 86' lang='lat' dir='ltr'>operibus,</span> <span class='ocrx_word' id='word_1_432' title='bbox 1527 2668 1589 2699; x_wconf 89' lang='lat' dir='ltr'>que</span> <span class='ocrx_word' id='word_1_433' title='bbox 1617 2658 1731 2689; x_wconf 81' lang='lat' dir='ltr'>habuit</span> <span class='ocrx_word' id='word_1_434' title='bbox 1762 2660 1795 2689; x_wconf 85' lang='lat' dir='ltr'>et</span> <span class='ocrx_word' id='word_1_435' title='bbox 1821 2657 1922 2689; x_wconf 79' lang='lat' dir='ltr'>habet</span> <span class='ocrx_word' id='word_1_436' title='bbox 1949 2660 1982 2689; x_wconf 83' lang='lat' dir='ltr'>et</span> <span class='ocrx_word' id='word_1_437' title='bbox 1999 2671 2037 2690; x_wconf 54' lang='grc' dir='ltr'>ιοἼ</span> 
     </span>
     <span class='ocr_line' id='line_1_42' title="bbox 331 2709 1981 2752; baseline 0 -12"><span class='ocrx_word' id='word_1_438' title='bbox 331 2710 478 2740; x_wconf 83' lang='lat' dir='ltr'>exercuit</span> <span class='ocrx_word' id='word_1_439' title='bbox 500 2709 541 2740; x_wconf 88' lang='lat' dir='ltr'>ad</span> <span class='ocrx_word' id='word_1_440' title='bbox 565 2710 796 2742; x_wconf 83' lang='lat' dir='ltr'>exaltationem</span> <span class='ocrx_word' id='word_1_441' title='bbox 811 2711 950 2742; x_wconf 86' lang='lat' dir='ltr'>Romani</span> <span class='ocrx_word' id='word_1_442' title='bbox 972 2711 1108 2752; x_wconf 84' lang='lat' dir='ltr'>imperii,</span> <span class='ocrx_word' id='word_1_443' title='bbox 1133 2714 1165 2742; x_wconf 89' lang='lat' dir='ltr'>et</span> <span class='ocrx_word' id='word_1_444' title='bbox 1189 2721 1318 2742; x_wconf 87' lang='lat' dir='ltr'>suorum</span> <span class='ocrx_word' id='word_1_445' title='bbox 1335 2709 1488 2751; x_wconf 83' lang='lat' dir='ltr'>fidelium,</span> <span class='ocrx_word' id='word_1_446' title='bbox 1511 2710 1574 2742; x_wconf 91' lang='lat' dir='ltr'>Dei</span> <span class='ocrx_word' id='word_1_447' title='bbox 1590 2710 1819 2751; x_wconf 86' lang='lat' dir='ltr'>omnipotentis</span> <span class='ocrx_word' id='word_1_448' title='bbox 1836 2713 1869 2741; x_wconf 89' lang='lat' dir='ltr'>et</span> <span class='ocrx_word' id='word_1_449' title='bbox 1883 2709 1981 2740; x_wconf 82' lang='lat' dir='ltr'>beate</span> 
     </span>
     <span class='ocr_line' id='line_1_43' title="bbox 333 2759 1981 2803; baseline -0.001 -11"><span class='ocrx_word' id='word_1_450' title='bbox 333 2760 434 2792; x_wconf 85' lang='lat' dir='ltr'>Marie</span> <span class='ocrx_word' id='word_1_451' title='bbox 458 2761 589 2803; x_wconf 83' lang='lat' dir='ltr'>virginis</span> <span class='ocrx_word' id='word_1_452' title='bbox 616 2763 744 2793; x_wconf 90' lang='lat' dir='ltr'>nomine</span> <span class='ocrx_word' id='word_1_453' title='bbox 768 2763 925 2803; x_wconf 83' lang='lat' dir='ltr'>invocato,</span> <span class='ocrx_word' id='word_1_454' title='bbox 958 2762 1085 2793; x_wconf 89' lang='lat' dir='ltr'>nemine</span> <span class='ocrx_word' id='word_1_455' title='bbox 1111 2761 1325 2802; x_wconf 86' lang='lat' dir='ltr'>discordante,</span> <span class='ocrx_word' id='word_1_456' title='bbox 1350 2761 1425 2792; x_wconf 85' lang='lat' dir='ltr'>dato</span> <span class='ocrx_word' id='word_1_457' title='bbox 1449 2762 1533 2792; x_wconf 90' lang='lat' dir='ltr'>inter</span> <span class='ocrx_word' id='word_1_458' title='bbox 1557 2771 1613 2792; x_wconf 90' lang='lat' dir='ltr'>eos</span> <span class='ocrx_word' id='word_1_459' title='bbox 1636 2761 1754 2802; x_wconf 85' lang='lat' dir='ltr'>partito</span> <span class='ocrx_word' id='word_1_460' title='bbox 1779 2760 1821 2792; x_wconf 89' lang='lat' dir='ltr'>ad</span> <span class='ocrx_word' id='word_1_461' title='bbox 1844 2759 1981 2802; x_wconf 87' lang='lat' dir='ltr'>pissides</span> 
     </span>
     <span class='ocr_line' id='line_1_44' title="bbox 333 2812 1982 2855; baseline -0.001 -11"><span class='ocrx_word' id='word_1_462' title='bbox 333 2816 366 2844; x_wconf 90' lang='lat' dir='ltr'>et</span> <span class='ocrx_word' id='word_1_463' title='bbox 387 2813 553 2855; x_wconf 82' lang='lat' dir='ltr'>passoctas,</span> <span class='ocrx_word' id='word_1_464' title='bbox 584 2813 703 2845; x_wconf 88' lang='lat' dir='ltr'>dictum</span> <span class='ocrx_word' id='word_1_465' title='bbox 728 2814 946 2846; x_wconf 84' lang='lat' dir='ltr'>Castruccium</span> <span class='ocrx_word' id='word_1_466' title='bbox 978 2814 1052 2846; x_wconf 88' lang='lat' dir='ltr'>hinc</span> <span class='ocrx_word' id='word_1_467' title='bbox 1086 2814 1128 2846; x_wconf 89' lang='lat' dir='ltr'>ad</span> <span class='ocrx_word' id='word_1_468' title='bbox 1163 2817 1313 2846; x_wconf 88' lang='lat' dir='ltr'>eventum</span> <span class='ocrx_word' id='word_1_469' title='bbox 1347 2813 1445 2844; x_wconf 85' lang='lat' dir='ltr'>futuri</span> <span class='ocrx_word' id='word_1_470' title='bbox 1477 2813 1562 2855; x_wconf 88' lang='lat' dir='ltr'>regis</span> <span class='ocrx_word' id='word_1_471' title='bbox 1591 2813 1812 2844; x_wconf 83' lang='lat' dir='ltr'>Romanorum</span> <span class='ocrx_word' id='word_1_472' title='bbox 1847 2812 1899 2844; x_wconf 90' lang='lat' dir='ltr'>vel</span> <span class='ocrx_word' id='word_1_473' title='bbox 1932 2812 1982 2843; x_wconf 88' lang='lat' dir='ltr'>sui</span> 
     </span>
    </p>
   </div>
  </div>
 </body>
</html>
