2184 3126
305 222 365 252 830
501 217 596 244 ACTA
614 215 726 242 REGNI
746 213 928 241 LUDEWICI
947 212 993 239 IV.
1012 211 1058 238 ET
1077 210 1262 238 FRIDERICI
1281 210 1330 237 111.
1366 208 1442 236 1324.
1478 207 1527 234 Nr.
1539 207 1599 234 995.
1617 206 1677 234 996.
1696 206 1755 234 997.

305 306 361 337 daz
385 306 411 336 si
426 304 575 336 beleiben
592 302 693 333 sullen
717 302 749 332 in
772 301 852 332 aller
867 299 980 339 chraft,
1004 299 1051 330 als
1075 299 1100 329 si
1152 297 1211 328 daz
1234 296 1261 327 si
1280 295 1431 327 beleiben
1447 294 1552 326 sullen
1574 294 1606 325 in
1629 292 1710 325 aller
1725 290 1840 333 cliraft,
1861 293 1909 325 als
1928 294 1955 326 si

304 356 508 388 verschriben
531 355 602 386 sint.
647 353 721 384 Und
745 352 802 383 daz
826 352 894 382 dise
918 350 1014 382 sache
1038 360 1100 381 von
1152 347 1343 390 geschriben
1359 347 1431 378 sint.
1466 345 1541 377 Und
1561 345 1620 376 daz
1642 344 1734 376 diseu
1753 343 1878 386 taiding
1892 355 1956 377 von

303 419 362 440 uns
391 410 454 438 stet
480 406 545 437 und
571 403 793 436 unzebrochen
821 402 962 441 be1eibe,
993 400 1100 442 geben
1151 410 1211 431 uns
1227 401 1290 430 stet
1309 398 1375 429 und
1390 395 1616 429 unzebrochen
1632 395 1794 436 beleiben,
1817 395 1881 438 geb
1898 396 1956 428 wir

303 460 361 491 wir
379 459 451 490 dem
467 459 684 498 vorgenanten
700 456 778 486 hern
788 453 1003 495 Fridrfiehen)
1016 455 1097 483 ertz-
1151 451 1225 482 dem
1236 452 1456 491 vorgenanten
1464 458 1594 480 unserm
1601 447 1719 479 herren
1731 446 1956 480 ertzbischolfo

304 506 706 541 bischolfvonSaltzburch
716 504 1099 545 disenbriefversigelten
1151 501 1362 534 Fridreichen
1385 500 1475 531 disen
1498 498 1582 531 brife
1597 498 1794 541 versigelten
1816 499 1875 531 mit
1896 509 1956 531 un·-
1986 513 2001 534 ι

304 562 362 593 mit
383 571 499 592 unsern
521 559 666 600 insigeln.
1153 563 1237 585 serm
1260 551 1404 594 insigelb.

368 612 436 643 Der
458 612 499 642 ist
514 610 618 652 geben
635 620 670 640 ze
686 609 787 648 Hans,
812 608 853 639 do
869 617 944 639 man
959 606 1023 638 zalt
1037 616 1101 637 von
1218 604 1287 635 Der
1309 603 1376 634 brif
1394 603 1436 634 ist
1451 601 1558 645 geben
1573 612 1609 634 ze
1625 601 1761 634 Brukke
1777 602 1810 633 in
1824 602 1958 645 Argow,

305 664 446 695 Christes
461 661 605 703 geburde
622 659 959 691 dreutzehenhundert
971 658 1024 698 jar
1038 656 1104 688 und
1156 656 1197 687 da
1220 665 1294 686 man
1322 654 1386 686 zalt
1413 665 1476 686 von
1500 654 1643 686 Christes
1669 653 1815 696 gebfirde
1847 653 1958 687 dreut-

305 715 362 745 dar
384 713 464 744 nach
488 714 520 743 in
541 712 613 744 dem
638 710 1021 751 vierundzwaintzigisten
1042 709 1103 749 jar,
1154 706 1397 739 zehenhundert
1413 707 1466 747 jar
1485 705 1551 737 und
1571 705 1630 737 dar
1649 705 1733 737 nach
1752 706 1786 737 in
1802 705 1878 738 dem
1893 706 1957 737 vir-

304 776 343 797 an
367 768 436 796 sant
452 764 601 796 Matheus
623 767 688 804 tag.
1155 757 1472 799 undzwaintzigisten
1488 758 1551 799 jar,
1574 767 1616 789 an
1629 757 1709 789 saud
1720 757 1827 789 Lucas
1848 757 1956 790 obent.
1976 769 2006 790 ιο

327 922 400 958 996.
435 919 706 958 LUDEWICI
730 918 1002 956 SCRIPTUM
1025 917 1196 954 SUPER
1219 914 1571 952 PRINCIPATU
1593 916 1936 954 ANHALTINO.

960 986 1067 1022 1324.
1110 986 1210 1030 sept.
1233 984 1293 1021 26.

416 1073 513 1112 Copia
536 1072 591 1114 (c.)
614 1072 650 1102 «in
670 1071 815 1111 Copiario
837 1069 1003 1101 Marchico
1025 1079 1075 1102 nr.
1090 1071 1112 1100 3
1134 1068 1188 1108 sol.
1205 1069 1248 1099 21
1272 1068 1426 1100 tabularii
1447 1068 1527 1109 reyii
1548 1067 1777 1101 Bcrolinemis.
1818 1068 1960 1102 Contulit

305 1124 345 1156 R.
363 1124 518 1156 Salomon.
567 1123 628 1154 Est
657 1122 896 1162 superscriptio:
930 1121 1073 1153 Collacio
1103 1121 1273 1152 comitatus
1299 1120 1424 1152 Anhalt
1450 1120 1581 1152 domino
1608 1120 1797 1153 marchioni.
1825 1139 1867 1145 —
1895 1121 1959 1154 Ed.

306 1175 416 1207 Riedel
438 1175 554 1207 ‘Codex
576 1174 808 1214 diplomaticus-²
831 1174 878 1212 ΙΙ,
896 1174 917 1205 2
935 1183 968 1213 p.
985 1174 1027 1204 18
1049 1183 1099 1204 nr.
1117 1173 1180 1204 620
1202 1183 1241 1204 ex
1263 1182 1290 1204 c.
1978 1189 2009 1211 η

412 1231 558 1269 B5bmer,
582 1231 656 1271 Rey.
673 1229 785 1261 Imdw.
802 1239 838 1268 p.
855 1230 897 1260 44
919 1239 969 1260 nr.
987 1230 1059 1260 750.

413 1300 481 1331 Nos
508 1299 689 1331 Ludovicus
713 1298 775 1330 Dei
802 1298 907 1340 gratia
929 1298 1149 1330 Romanorum
1177 1308 1236 1329 rex
1259 1308 1388 1339 semper
1415 1300 1570 1339 augustus
1598 1297 1803 1339 presentibus
1829 1297 1960 1340 publice

307 1352 507 1394 profitemur,
543 1351 628 1392 quod
662 1350 876 1392 principatum
910 1350 942 1381 in
969 1349 1106 1390 Anhalt,
1143 1359 1238 1391 quem
1271 1349 1403 1380 illustris
1433 1349 1642 1381 Bernhardus
1675 1351 1825 1392 princeps
1851 1354 1962 1384 noster

306 1403 426 1435 ibidem
442 1402 627 1434 karissimus
642 1403 673 1433 in
689 1401 853 1443 pheodum
869 1411 889 1432 a
904 1411 994 1432 sacro
1011 1403 1101 1432 tenet
1116 1401 1262 1442 imperio,
1285 1411 1357 1432 cum
1374 1401 1522 1432 omnibus
1538 1401 1610 1433 aliis
1625 1402 1719 1434 terris
1733 1405 1767 1434 et
1782 1403 1960 1446 dominiis¹,

308 1465 369 1496 que
393 1454 478 1486 idem
502 1455 598 1486 etiam
621 1455 690 1485 iure
712 1453 862 1495 pheodali
886 1452 928 1484 ab
952 1453 1068 1484 eodem
1092 1463 1133 1484 ex
1156 1463 1359 1495 quacumque
1383 1463 1480 1485 causa
1503 1455 1594 1485 tenet
1614 1453 1763 1496 imperio,
1787 1455 1814 1486 si
1836 1454 1960 1497 absque
1978 1469 2012 1490 ω.

307 1506 477 1538 heredibus
500 1506 648 1538 masculis
672 1509 703 1538 et
719 1506 947 1547 premissorum
963 1504 1132 1536 feodorum
1150 1504 1322 1546 capacibus
1344 1505 1449 1547 ipsum
1466 1505 1632 1548 contingat
1647 1504 1806 1538 decedere
1830 1510 1864 1539 et
1885 1517 1960 1548 per-

308 1558 578 1590 solveredebitum
600 1558 756 1598 naturale,
780 1557 894 1588 illustri
911 1557 1077 1588 Ludovico
1101 1556 1279 1588 marchioni
1294 1556 1601 1599 Brandenburgensi
1624 1558 1760 1600 principi
1784 1561 1818 1590 et
1839 1559 1961 1600 primo-

308 1611 415 1652 genito
453 1613 560 1642 nostro
597 1610 765 1641 karissimo
802 1619 875 1640 cum
913 1608 1060 1640 omnibus
1093 1608 1230 1648 iuribus,
1268 1609 1458 1651 honoribus,
1493 1608 1781 1651 iurisdictionibus,
1822 1610 1960 1652 forestis,

308 1662 499 1703 nemoribus,
521 1662 650 1703 campis,
670 1662 779 1703 pratis,
799 1661 936 1702 pascuis,
958 1661 1059 1702 aquis,
1081 1660 1236 1702 piscariiS,
1253 1660 1456 1701 molendinis,
1472 1663 1675 1692 monetarum
1692 1660 1907 1694 auditionibus
1923 1672 1962 1694 ao

309 1713 472 1745 omnibusb
495 1713 565 1744 aliis
587 1713 791 1755 pertinenciis
815 1715 848 1744 et
870 1712 1050 1744 attinenciis
1067 1712 1200 1754 quesitis
1223 1715 1257 1744 et
1275 1713 1443 1755 inquesitis
1458 1713 1511 1744 vel
1525 1712 1733 1755 inquirendis,
1758 1723 1961 1756 quocumque
1980 1728 2015 1749 2³.

308 1766 435 1796 nomine
465 1768 667 1805 censeantur,
700 1764 790 1796 sicud
823 1764 988 1806 predictus
1010 1763 1218 1796 Bernhardus
1251 1765 1397 1806 possidet
1429 1764 1546 1797 eadem
1574 1767 1671 1807 atque
1701 1767 1800 1806 tenet,
1835 1770 1964 1798 exnunc

309 1820 403 1858 prout
432 1820 547 1848 extunc
578 1817 768 1848 contulimus
798 1818 831 1847 et
858 1815 1050 1847 conferimus
1077 1826 1135 1857 per
1163 1819 1341 1857 presentes.
1391 1817 1606 1848 Investientes
1633 1817 1740 1859 ipsum
1767 1816 1809 1849 de
1838 1816 1963 1849 eisdem
1996 1820 2001 1824 '

309 1872 415 1900 nostre
439 1869 554 1900 annulo
576 1869 753 1899 maiestatis
776 1878 813 1899 ac
836 1868 1051 1909 precipientes
1075 1867 1223 1899 omnibus
1246 1871 1280 1899 et
1302 1868 1434 1910 singulis
1457 1868 1615 1900 dictarum
1638 1871 1798 1900 terrarum
1812 1868 1963 1901 fidelibus

311 1923 343 1951 et
369 1920 510 1960 vasallis,
545 1920 718 1961 nobilibus,
749 1920 945 1959 castellanis,
980 1919 1102 1951 civibus
1125 1923 1159 1951 et
1191 1920 1338 1951 omnibus
1365 1921 1437 1952 aliis
1469 1924 1535 1952 tam
1562 1921 1689 1962 magnis
1719 1930 1817 1963 quam
1843 1921 1962 1963 parvis,

309 1972 521 2013 cuiuscunque
537 1971 727 2003 conditionis
749 1974 805 2003 aut
827 1974 928 2002 status
945 1971 1093 2011 existant,
1116 1974 1151 2002 ut
1175 1975 1292 2003 extunc
1316 1972 1402 2004 dicto
1418 1972 1585 2004 Ludovico
1600 1972 1778 2004 marchioni
1794 1972 1963 2004 Branden-
1981 1986 2018 2007 m

310 2023 459 2065 burgensi
482 2034 539 2064 pro
563 2034 597 2054 se
622 2026 655 2055 et
676 2023 850 2054 heredibus
873 2023 937 2054 suis
959 2022 1123 2054 fidelitatis
1146 2027 1292 2065 prestent
1307 2024 1460 2066 homagia
1475 2025 1646 2066 ipsumque
1668 2034 1727 2066 pro
1750 2034 1808 2055 suo
1833 2023 1964 2056 domino

311 2075 465 2116 recipiant
488 2078 520 2106 et
535 2078 731 2116 pertractent
754 2078 787 2106 et
809 2076 842 2106 in
858 2074 1005 2106 omnibus
1021 2074 1159 2106 fideliter
1176 2075 1328 2107 obediant
1351 2079 1384 2107 et
1399 2076 1577 2117 intendant,
1602 2075 1691 2107 sicud
1713 2077 1822 2107 nostre
1845 2076 1963 2108 maies-

312 2127 384 2157 tatis
407 2136 537 2167 gravem
562 2126 715 2158 offensam
742 2130 775 2158 et
802 2126 931 2158 aculeos
953 2128 1097 2160 vindices
1119 2129 1281 2160 voluerint
1303 2130 1435 2161 evitare.
1522 2128 1562 2159 In
1584 2127 1673 2160 cuius
1696 2130 1757 2159 etc.

418 2177 536 2208 Datum
553 2178 755 2220 Niirenberg,
779 2179 860 2210 feria
883 2179 962 2211 ΙΙΙΙ.
979 2183 1053 2211 ante
1069 2180 1300 2222 Michah(elis),
1323 2191 1407 2212 anno
1430 2179 1562 2212 Domini
1584 2178 1849 2220 MOGGXXIIII,
1873 2178 1966 2220 regni

314 2230 412 2259 nostri
436 2240 516 2260 anno
539 2229 580 2260 X.
1981 2242 2018 2263 ⁸⁵.

378 2350 450 2386 997.
485 2350 714 2388 PACTUM
736 2353 987 2391 LIUPOLDI
1010 2354 1168 2392 DUCIS
1191 2354 1474 2391 AUSTRIAE
1499 2352 1613 2391 CUM
1637 2352 1906 2390 CIVITATE

919 2411 1351 2448 HAGENOWENSI.

995 2480 1105 2517 1324.
1145 2480 1225 2517 Oct.
1246 2480 1281 2516 3.

427 2555 523 2594 Copia
547 2558 608 2596 (0.),
631 2568 710 2597 quae
732 2570 829 2592 manu
845 2561 1028 2594 Bodmanm‘
1050 2564 1093 2595 ad
1113 2563 1346 2604 autoyrapbum
1369 2563 1434 2594 iam
1449 2562 1654 2602 deperditum,
1677 2562 1732 2594 cui
1745 2561 1966 2602 appendebant

316 2608 453 2644 quatuor
474 2607 578 2647 siyilla
601 2608 718 2648 illaesa,
742 2615 876 2644 exarata
898 2617 951 2652 est,
975 2614 1047 2646 olim
1070 2615 1106 2646 in
1121 2615 1303 2647 bibliotheca
1319 2614 1696 2654 Moenosrancosurtana,
1723 2614 1786 2645 iam
1807 2613 1844 2644 in
1859 2612 1964 2653 Haqe-
1981 2625 2022 2645 ιο.

315 2658 462 2690 nowensi.
510 2658 703 2692 Contulimus
725 2672 789 2694 nos.
813 2683 854 2687 —
877 2665 939 2697 Ed.
962 2665 1101 2698 Bo'hmcr
1124 2667 1217 2698 ‘Acta
1239 2666 1367 2706 imperii
1388 2666 1509 2698 selecta’
1531 2677 1561 2702 p,
1579 2665 1642 2698 720
1664 2676 1713 2697 nr.
1731 2665 1816 2696 1028
1838 2675 1878 2697 ex
1893 2675 1920 2696 c.

424 2713 566 2751 Bo'hmcr,
589 2714 662 2755 Rey.
680 2716 790 2749 Ludw.
805 2729 836 2758 p.
852 2720 916 2751 252
938 2721 1166 2754 Reichssachen
1187 2733 1236 2754 nr.
1255 2724 1328 2754 174.

418 2793 484 2820 995.
511 2794 536 2826 b)
555 2796 664 2827 sequitur
682 2797 791 2827 spatium
809 2798 884 2822 unius
903 2799 1000 2824 litterae
1018 2807 1120 2824 erasum
1138 2800 1168 2825 Β.

419 2844 485 2872 996.
512 2846 535 2878 ⁸³)
556 2847 662 2872 dominis
679 2856 699 2872 c.
787 2846 811 2879 b)
830 2849 866 2873 bis
884 2850 1003 2882 scriptam
1021 2860 1043 2877 c.
