2184 3126
431 207 529 237 ACTA
546 206 662 236 REGNI
680 205 864 235 LUDEWICI
882 205 930 234 IV.
950 205 995 234 m·
1014 204 1200 234 FRIDERICI
1219 204 1269 233 111.
1305 204 1381 232 1823.
1417 204 1466 232 Nr.
1478 204 1539 232 801.
1556 204 1616 233 802.
1792 207 1855 239 627

197 295 300 328 voluit
322 296 477 338 recipere.
522 295 614 328 Dixit
637 297 747 327 tamen
769 293 882 335 michi,
913 293 1000 336 quod
1029 292 1106 325 dicti
1127 292 1237 325 Pisani
1260 293 1324 324 iam
1348 292 1503 324 miserant
1525 292 1655 325 XXXV
1678 293 1791 335 galeas
1814 293 1856 325 ad

198 346 414 380 invadendum
447 349 588 379 vestram
615 349 784 380 armatam.
828 345 919 378 Deus
942 345 1034 386 velit,
1062 344 1149 388 quod
1178 354 1221 377 ex
1246 346 1338 387 parte
1366 344 1465 376 vestri
1487 345 1677 376 ammiratus
1707 345 1749 376 sit
1772 344 1857 377 bona

199 399 382 441 diligencia.
428 398 528 431 Dolet
550 398 635 431 enim
659 398 781 430 amicus
804 398 836 430 in
859 398 1070 437 inmenssum,
1102 396 1177 438 quia
1198 406 1301 439 usque
1324 396 1386 428 huc
1410 396 1441 427 in
1465 395 1559 428 dictis
1582 398 1726 439 negociis
1748 397 1858 429 taliter

198 453 248 485 est
270 460 468 493 processum.
513 450 601 482 Dicit
622 449 717 491 enim,
742 449 829 492 quod
853 449 978 482 facilior
999 449 1052 480 via
1075 447 1262 490 acquirendi
1281 447 1463 480 Sardiniam
1487 451 1520 480 et
1543 458 1616 480 cum
1639 449 1754 481 minori
1770 449 1856 491 peri-

167 515 179 535 ι
199 503 286 545 culo,
318 502 459 544 dampno
488 505 521 534 et
548 502 700 544 expensis
727 503 812 542 erat,
841 501 868 533 si
896 503 1022 533 armata
1047 500 1134 542 regis
1161 499 1275 531 fuisset
1303 502 1336 531 et
1359 500 1502 531 stetisset
1524 499 1674 533 continue
1697 500 1730 532 in
1753 501 1857 533 insula

197 554 291 596 Elbe,
314 554 370 586 ubi
385 557 459 586 sunt
474 554 587 596 optimi
602 556 723 595 portus.
762 553 890 585 Fuisset
912 562 954 584 ex
976 551 1037 584 hoc
1060 551 1173 583 civitas
1187 550 1336 583 Pisarum
1361 550 1493 583 obsessa
1516 555 1549 584 et
1571 561 1722 594 guerram
1745 563 1856 595 garra-

197 609 308 649 gatam
336 605 444 638 facere
475 605 508 637 in
537 603 685 637 Sardinia
719 607 752 636 et
782 615 845 636 non
874 603 1047 646 oportebat
1074 603 1204 635 mittere
1234 605 1358 634 tantum
1390 603 1580 636 exercitum.
1633 603 1858 637 Indubitanter

198 657 310 699 credit,
327 657 415 700 quod
430 667 487 689 vos
503 657 567 689 iam
583 656 775 688 habuissetis
791 657 959 697 intentum,
982 665 1057 687 nam
1072 654 1183 687 Pisani
1205 664 1370 697 nunquam
1385 654 1485 687 talem
1503 657 1661 687 armatam
1677 657 1858 698 potuissent

197 710 318 751 facere,
342 708 471 751 qualem
487 718 544 740 vos
558 708 710 750 posuistis
732 707 764 739 in
787 708 879 749 mari,
902 717 961 740 nec
977 706 1158 749 quantitate
1173 716 1233 738 neo
1256 706 1423 749 qualitate.
1469 706 1512 739 Et
1534 707 1658 739 nullum
1680 707 1857 741 subsidium

155 773 180 793 ιο
197 763 312 794 mitere
335 761 516 804 potuissent
538 761 571 792 in
594 759 784 791 Sardiniam.

306 819 337 848 4.
359 815 478 848 Nuncii
500 816 587 857 regis
609 815 746 847 Francis
763 814 873 847 dicunt
889 823 1043 856 expresse
1060 817 1092 846 et
1106 813 1246 856 publice,
1271 813 1359 856 quod
1375 824 1546 856 processus
1561 814 1647 847 facte
1663 827 1722 858 per
1737 827 1856 859 papam

197 870 310 902 eontra
339 867 479 900 electum
508 867 701 899 Alamannis
734 870 808 899 sunt
835 866 914 898 facti
940 875 1019 908 rege
1042 865 1178 898 Francie
1206 864 1334 908 penitus
1362 865 1542 907 ignorante.
1592 866 1712 899 Dicunt
1743 869 1857 910 eciam,

198 919 286 964 quod
308 931 367 952 rex
389 918 537 960 Francia,
561 929 619 951 rex
634 918 769 950 BoemIe
794 920 827 950 et
843 917 947 950 dictus
963 917 1085 950 electus
1099 916 1293 949 Alamannie
1314 920 1388 949 sunt
1403 927 1502 950 unum
1526 921 1559 950 et
1582 918 1690 951 idem¹
1714 922 1749 952 et
1771 921 1857 963 quod

196 973 259 1005 ista
287 971 425 1004 multum
453 970 669 1012 displicebunt
695 969 841 1012 predicto
863 970 935 1011 regi
956 968 1104 1001 Francia.
1150 968 1236 1006 Quid
1258 970 1360 1012 possit
1381 979 1442 1001 nec
1466 969 1587 1002 debeat
1610 970 1708 1013 credi,
1738 973 1858 1014 nescio,

156 1031 180 1052 ιο
198 1034 271 1056 cum
294 1034 381 1066 papa
403 1023 436 1054 in
452 1022 640 1054 consistorio
664 1024 698 1053 et
713 1020 906 1063 quibusdam
920 1021 954 1052 in
969 1024 1106 1061 secreto,
1128 1023 1164 1052 ut
1187 1020 1324 1063 predixi,
1348 1020 1467 1053 dixerit
1490 1024 1523 1054 et
1545 1021 1633 1054 dicat
1649 1025 1855 1057 contrarium.

307 1083 337 1112 5.
372 1079 562 1120 Ianuenscs,
576 1066 631 1110 'ut
664 1078 787 1110 amicus
819 1077 992 1120 significat,
1025 1076 1182 1109 recedunt
1220 1076 1384 1110 discordes
1418 1078 1524 1120 magis
1561 1089 1658 1120 quam
1700 1081 1856 1113 venerint.

171 1168 173 1170 ,
197 1131 362 1165 Articulos
385 1130 629 1163 Gebellinorum
653 1129 694 1161 de
718 1129 820 1161 Ianua
846 1129 945 1161 mittit
972 1128 1064 1161 vobis
1086 1129 1223 1170 amicus,
1254 1139 1335 1171 quos
1363 1129 1492 1171 quando
1520 1129 1668 1163 dominus
1694 1143 1780 1175 papa
1808 1133 1856 1165 in-

197 1184 315 1227 spexit,
339 1183 408 1216 fere
432 1182 591 1214 insanivit.
632 1180 891 1223 Responsionem
914 1180 1008 1213 dictis
1030 1180 1173 1212 articulis
1194 1180 1313 1213 factam
1337 1191 1396 1223 per
1411 1180 1548 1214 Guelsos
1570 1183 1692 1215 amicus
1713 1184 1856 1217 nondum

198 1237 231 1268 in
264 1236 391 1278 scriptis
420 1226 552 1274 babuit,
587 1236 637 1266 set
671 1233 770 1266 debet
802 1232 934 1266 habere.
985 1231 1099 1265 Statim
1130 1243 1202 1265 cum
1231 1234 1407 1275 receperit,
1442 1233 1580 1266 intendit
1609 1235 1739 1268 mittere
1766 1238 1856 1279 regie

154 1299 180 1320 πο
197 1287 382 1330 magestati.

308 1341 338 1371 6.
363 1337 502 1375 Quidam
526 1337 580 1379 qui
604 1335 690 1369 facta
717 1337 804 1378 regis
826 1336 961 1368 Boemie
985 1338 1145 1378 procurat,
1169 1335 1251 1368 dixit
1273 1335 1400 1368 cuidam
1424 1335 1595 1379 sollempni
1619 1348 1756 1380 persone
1779 1345 1856 1373 note

198 1391 303 1424 amico
334 1392 442 1422 vestro
472 1391 506 1421 et
533 1388 645 1429 michi,
674 1387 760 1430 quod
789 1398 848 1420 rex
876 1387 1069 1430 Ro(bertus)
1096 1388 1224 1430 scripsit
1250 1387 1387 1420 multum
1416 1388 1582 1420 humiliter
1609 1390 1679 1432 regi
1708 1391 1856 1434 Boemie,

198 1441 364 1475 offerendo
393 1451 428 1473 se
460 1441 565 1483 ipsum
593 1439 636 1472 ad
666 1440 774 1472 omnia
800 1439 1005 1482 beneplacita
1032 1450 1090 1471 sua
1120 1442 1153 1471 et
1180 1438 1222 1471 ad
1249 1450 1378 1471 omnem
1407 1440 1645 1473 exaltacionem
1677 1446 1779 1475 status
1808 1445 1856 1476 sui

198 1493 433 1538 procurandam
450 1503 522 1524 cum
538 1492 686 1524 ecclesia.
721 1491 826 1528 Quam
842 1491 1049 1532 oblationem,
1066 1494 1101 1523 ut
1116 1491 1170 1523 ille
1187 1491 1327 1532 dicebat,
1345 1491 1449 1524 dictus
1464 1502 1523 1524 rex
1538 1491 1673 1525 Boemie
1689 1499 1856 1537 gratanter

155 1559 180 1579 n
198 1547 339 1589 recepit,
366 1555 460 1578 versa
483 1545 553 1577 vice
582 1554 640 1586 per
667 1553 742 1575 suas
769 1543 927 1586 speciales
956 1542 1082 1575 litteras
1105 1543 1270 1575 offerendo
1293 1553 1328 1575 se
1352 1543 1394 1575 ad
1418 1545 1525 1576 omnia
1548 1544 1755 1587 beneplacita
1778 1547 1856 1580 dicti

197 1598 286 1641 regis
311 1597 463 1639 Roberti,
499 1595 693 1638 requirendo
721 1596 853 1637 insuper
880 1605 954 1627 eum
981 1595 1013 1626 in
1044 1594 1136 1626 dictis
1164 1595 1229 1626 suis
1262 1594 1378 1627 litteris
1412 1606 1509 1638 super
1542 1597 1682 1639 quodam
1718 1601 1856 1641 negocio

197 1650 335 1682 multum
358 1648 419 1680 sibi
442 1648 547 1688 cordi,
578 1646 664 1690 quod
693 1646 829 1679 deberet
856 1656 1029 1688 procurare
1053 1656 1125 1678 cum
1156 1645 1286 1678 domino
1318 1657 1413 1689 papa.
1459 1647 1525 1680 Ista
1554 1648 1675 1691 scribo,
1702 1654 1738 1682 ut
1766 1653 1856 1693 regia

198 1703 362 1743 magestas
386 1699 554 1739 deliberet,
578 1698 741 1741 quomodo
765 1702 895 1730 currunt
916 1699 1063 1740 negocia.

308 1752 382 1786 Dat.
396 1751 567 1793 Avinione‚
589 1750 701 1784 XXII.
726 1750 778 1783 die
802 1750 921 1783 mensis
945 1749 1104 1783 Octobris.

156 1900 183 1920 so
450 1883 537 1919 802.
579 1882 735 1919 Litterae
763 1882 891 1918 alterae
918 1881 1122 1926 (Michaelis
1148 1881 1346 1927 Stephani).
1456 1882 1528 1919 Oet.
1548 1886 1611 1920 27.

311 1965 474 2007 Oriyinale
499 1966 575 2009 (or.)
598 1965 713 1997 ibidem
732 1963 824 1998 CRD
838 1975 888 1997 nr.
908 1963 1028 1997 12978.
1072 1962 1177 2004 Siyilli
1191 1963 1322 2004 vestiyia
1340 1967 1504 2004 amarent.
1529 1983 1571 1988 —
1593 1965 1656 2000 Ed,
1671 1966 1777 2000 Finke
1792 1967 1811 2000 l,
1829 1979 1854 2001 c,

198 2018 228 2058 1,
247 2017 313 2050 405
335 2029 386 2052 nr.
402 2018 467 2050 267
489 2028 528 2050 ex
551 2028 597 2051 or.
641 2016 824 2048 Editionem
846 2017 1026 2056 repetimus.

308 2125 315 2132 .
341 2124 348 2132 .
373 2124 381 2132 .
404 2099 532 2142 Aquest
554 2099 622 2140 fcyt
645 2099 685 2130 de
709 2098 880 2140 Cerdeyna
902 2098 945 2129 ha
967 2097 1047 2129 molt
1070 2097 1146 2129 hom
1165 2097 1311 2139 desplau,
1335 2107 1398 2140 que
1422 2108 1478 2130 vos
1500 2098 1533 2130 la
1555 2099 1653 2139 ajacs.
1691 2100 1855 2134 Primera-

199 2155 288 2184 ment
315 2151 451 2194 desplau
479 2162 499 2184 a
530 2151 626 2183 molts
649 2149 804 2182 Gebelins
834 2161 892 2192 per
920 2150 1022 2182 rahon
1051 2149 1092 2181 de
1119 2149 1205 2182 Pisa.
1253 2148 1398 2191 Desplau
1427 2160 1446 2181 a
1470 2149 1601 2191 Guelfe,
1637 2162 1699 2193 que
1726 2163 1768 2184 no
1800 2164 1857 2185 vos

155 2217 180 2238 ιι
198 2203 322 2236 volrien
343 2213 403 2246 per
426 2204 494 2235 vesi
516 2203 549 2234 ui
572 2212 634 2244 que
658 2205 712 2234 tan
736 2212 816 2244 prop
840 2202 888 2233 les
911 2202 1026 2242 foeces,
1050 2211 1112 2243 que
1136 2204 1285 2242 entenen,
1309 2211 1371 2243 que
1395 2200 1426 2233 la
1449 2205 1557 2234 vostra
1580 2212 1655 2235 casa
1679 2202 1752 2236 deie
1769 2215 1858 2238 esser

199 2254 379 2287 Gabellina.
424 2253 459 2286 Si
482 2253 618 2296 desplau
639 2253 671 2286 al
694 2264 780 2296 papa
803 2257 837 2285 et
859 2253 889 2285 al
913 2263 970 2295 rey
986 2252 1121 2294 Robert,
1145 2252 1234 2284 Deus
1257 2252 1300 2284 ho
1324 2263 1392 2294 sap.
1429 2252 1471 2284 Et
1493 2256 1542 2285 tot
1564 2253 1596 2285 lo
1619 2265 1695 2287 mon
1717 2255 1759 2287 ho
1783 2247 1855 2298 veu,

199 2315 272 2338 sens
294 2305 384 2347 raho,
407 2315 470 2348 que
493 2316 556 2338 non
578 2306 641 2338 han
667 2329 675 2337 .
699 2331 706 2337 .
731 2330 739 2337 .
780 2306 829 2337 Lo
852 2315 908 2347 rey
932 2305 972 2337 de
989 2304 1114 2343 Franca
1139 2304 1223 2345 dien,
1247 2313 1310 2346 que
1334 2303 1398 2336 deu
1422 2314 1511 2337 esser
1534 2315 1574 2337 eu
1598 2305 1678 2338 breu
1700 2317 1721 2338 a
1736 2307 1855 2340 Tolosa

199 2360 234 2390 et
254 2368 370 2400 penses
391 2357 485 2399 hom,
516 2368 579 2400 que
602 2358 692 2389 vinra
715 2367 735 2389 a
758 2357 790 2389 la
813 2360 883 2389 cort
905 2356 947 2388 de
970 2356 1090 2395 Roma,
1121 2367 1179 2398 per
1201 2361 1356 2389 aventura
1380 2356 1449 2388 fara
1472 2381 1480 2389 .
1504 2380 1512 2388 .
1537 2380 1544 2388 .
1567 2357 1688 2399 alguna
1711 2364 1854 2392 novetat.

199 2407 287 2441 Gran
309 2408 462 2441 escandel
484 2419 520 2442 se
542 2419 620 2441 mou
643 2409 675 2441 el
703 2419 779 2441 mon
802 2419 860 2451 per
882 2411 1014 2451 aquests
1040 2418 1222 2450 processes,
1250 2418 1313 2450 que
1340 2407 1372 2439 lo
1400 2419 1487 2451 papa
1513 2408 1557 2442 ha
1583 2409 1652 2452 feyt
1678 2415 1790 2443 contra
1820 2412 1852 2444 lo

155 2474 181 2493 (ο
199 2470 255 2502 rey
279 2459 501 2502 d'Alamayna.
539 2460 588 2493 Lo
613 2460 666 2493 dia
689 2460 730 2493 de
753 2463 823 2493 sent
846 2460 943 2492 Marti
966 2460 998 2491 10
1022 2460 1069 2491 dit
1091 2470 1147 2502 rey
1163 2459 1378 2502 d'Alamayna
1401 2460 1465 2492 deu
1487 2460 1611 2503 pendre
1634 2471 1693 2503 per
1714 2463 1853 2505 muyller
1867 2474 1923 2495 xm.
1936 2477 1969 2496 ιι.

198 2511 231 2543 la
253 2510 332 2553 fylla
354 2510 420 2543 dell
447 2514 553 2544 comte
581 2512 623 2544 da
644 2511 797 2544 Hanaut²
821 2516 854 2544 et
877 2511 941 2543 deu
970 2522 1058 2544 esser
1081 2511 1209 2543 oavaler
1236 2511 1267 2542 lo
1295 2510 1380 2543 duob
1408 2511 1449 2543 de
1473 2511 1618 2544 Brabant
1645 2523 1704 2555 per
1730 2514 1762 2546 lo
1793 2526 1851 2557 rey

201 2562 418 2605 d'Alamayna
435 2566 469 2595 et
483 2573 577 2595 seran
589 2564 696 2604 justae
712 2574 861 2605 ensemps
877 2566 942 2595 totc
966 2563 1013 2595 los
1030 2563 1178 2605 princeps
1198 2562 1421 2605 d'Alamayna.
1459 2563 1507 2595 Lo
1523 2563 1567 2595 fill
1592 2564 1643 2596 del
1668 2575 1725 2607 rey
1741 2566 1853 2598 d‘Ala-

199 2623 317 2655 mayna
340 2613 404 2645 deu
427 2614 549 2656 pendre
572 2625 631 2657 per
646 2614 784 2657 muyller
806 2614 837 2646 la
861 2614 938 2656 fylla
955 2614 1009 2646 del
1025 2625 1081 2655 rey
1098 2614 1138 2646 de
1154 2614 1277 2646 Dacia³
1300 2625 1318 2647 e
1341 2615 1373 2646 lo
1397 2614 1454 2657 fyll
1471 2614 1524 2647 del
1541 2619 1647 2648 comte
1666 2616 1707 2648 da
1723 2616 1855 2650 Hannut

199 2665 232 2697 la
254 2665 333 2707 sylla
356 2664 409 2697 del
432 2665 516 2698 duch
539 2665 580 2698 de
602 2665 767 2698 Brabant‘
791 2690 798 2698 .
821 2690 828 2698 .
852 2691 859 2698 .

155 2727 180 2746 σε,
310 2716 436 2759 Scripta
459 2727 499 2749 en
522 2717 681 2759 Avynion‚
703 2717 846 2750 XXVII.
867 2718 958 2758 jorns
981 2717 1022 2750 de
1046 2717 1198 2750 Ootubre.

307 2820 334 2851 1)
349 2819 391 2852 Cf.
403 2826 487 2853 mapra
499 2826 542 2846 nr.
554 2822 602 2846 740
613 2827 672 2853 cap.
683 2823 705 2846 2.
769 2819 799 2853 2)
814 2819 855 2851 Cf.
867 2827 953 2853 supra
966 2827 1007 2847 ur.
1020 2823 1071 2847 779.
1135 2820 1163 2854 3)
1177 2819 1218 2855 Gt'.
1231 2828 1315 2854 supra
1328 2828 1369 2847 ur.
1382 2823 1434 2848 758.
1497 2821 1525 2853 4)
1539 2820 1590 2847 Sed
1600 2823 1635 2855 cf.
1648 2829 1733 2856 supra
1748 2830 1788 2848 nr.
1801 2826 1856 2849 res.

1598 2885 1650 2912 ’ἴθ’
