2184 3126
331 230 394 259 572
528 224 624 251 ACTA
642 223 756 250 REGNI
774 220 959 249 LUDEWICI
979 219 1025 247 IV.
1043 218 1089 245 ΕΤ
1107 216 1293 244 FRIDERICI
1312 216 1361 243 ΙΙΙ.
1391 215 1472 243 -1323,
1509 214 1557 241 Nr.
1571 214 1629 241 733.
1649 214 1707 241 734.
1726 213 1784 241 735.

329 314 429 345 nitate
448 310 562 355 [regia]
580 310 794 352 dignaremur.
827 307 894 339 Nos
911 307 979 338 eius
991 303 1278 346 supplicationibus
1293 302 1446 342 inclinati,
1462 302 1523 342 ipsi
1540 303 1574 332 et
1589 301 1653 332 suis
1668 298 1865 343 h[eredi]bus
1877 300 1984 332 omnin.

329 374 367 396 ac
383 363 508 405 singula
526 361 632 401 feoda,
657 371 719 403 quc
736 358 898 402 quondam
915 356 1051 399 predicti
1070 358 1163 397 pater
1187 357 1219 386 et
1235 353 1395 385 Iohannes
1410 352 1512 384 frater
1534 362 1554 383 a
1569 351 1853 393 predecessoribus
1868 353 1985 384 nostris

260 431 265 436 ·
329 417 362 447 in
378 415 513 457 imperio
531 415 710 451 tenuerunt,
735 411 926 442 contulimus
942 406 1107 451 [gratiose]
1124 407 1293 448 ipsumque
1309 405 1529 436 investivimus
1549 403 1590 435 de
1612 402 1734 435 eisdem
1754 413 1827 435 cum
1843 403 1985 446 solemp-

330 468 430 498 nitate
454 476 516 507 que
539 466 570 496 in
586 462 767 495 huiusmodi
785 461 955 502 requiritur
979 462 1011 491 et
1027 461 1180 489 servatur.
1270 456 1308 487 In
1331 453 1442 499 [cuius]
1465 456 1513 487 rei
1536 455 1756 487 testimonium
1779 455 1838 487 has
1860 454 1985 488 litteras

331 517 485 549 conscribi
512 519 545 547 et
566 518 673 546 nostre
697 513 874 545 maiestatis
897 510 1001 552 sigillo
1025 510 1174 540 iussimus
1198 507 1396 539 communiri.

437 569 511 599 Dat.
535 565 622 608 apud
644 564 861 604 Nuremberg,
885 561 960 593 VII.
984 561 1061 592 Idus
1084 558 1221 601 Aprilis,
1252 569 1335 590 anno
1360 556 1515 601 [Domini]
1537 558 1710 590 millesimo
1733 557 1984 601 trecen[tesimo]

331 620 480 651 vicesimo
506 618 616 657 tercio,
640 616 729 657 regni
753 625 829 646 vero
852 614 952 644 nostri
975 623 1058 644 anno
1082 622 1175 643 nono.

542 748 626 783 734.
669 746 895 791 Confirmatio
919 744 1093 790 privileffl'i
1115 754 1183 789 pro
1210 743 1526 788 Aryentinensibus.
1630 743 1719 788 Apr.
1739 744 1776 778 8.

441 822 623 863 Oriyinalia
657 821 719 852 duo
754 823 767 851 1
805 822 834 851 et
868 821 886 850 2
917 819 953 850 in
986 817 1145 850 tabulario
1179 817 1319 848 civitatis
1341 817 1591 857 Argentinensss.
1649 816 1824 858 Utrumque
1845 816 1986 858 siyillum

329 876 536 908 desideratur.
569 892 610 897 -—
636 872 698 904 Ed.
723 870 994 905 ‘Urkmzdenbuch
1024 870 1080 902 der
1102 870 1198 903 Stadt
1228 868 1428 909 Strassburq’
1456 868 1512 907 II,
1544 868 1610 900 373
1630 878 1680 900 nr.
1702 869 1766 900 425
1795 879 1834 901 ex
1863 871 1877 900 1
1901 871 1933 900 et
1954 870 1984 900 2.

329 927 509 959 Editionem
531 925 710 965 repetimus.

437 986 582 1023 Bo'hmer,
605 985 680 1024 Rey.
697 984 809 1015 Ludw.
819 994 855 1023 p.
872 984 915 1014 33
936 993 986 1014 nr.
1003 981 1076 1013 558.

438 1063 630 1095 Ludowicus
648 1062 711 1093 Dei
733 1061 844 1102 gracia
859 1060 1079 1091 Romanorum
1101 1069 1160 1090 rex
1183 1068 1312 1100 semper
1335 1061 1489 1100 augustus
1577 1058 1735 1090 universis
1749 1058 1833 1090 sacri
1847 1057 1989 1090 Romani

330 1115 457 1157 imperii
480 1114 628 1146 fidelibus
651 1115 817 1154 presentes
839 1112 963 1143 litteras
986 1110 1177 1152 inspecturis
1265 1110 1409 1151 graciam
1431 1120 1523 1141 suam
1546 1111 1580 1141 et
1603 1119 1698 1141 omne
1721 1109 1851 1141 bonum.

438 1166 640 1198 Accedentes
678 1164 720 1196 ad
749 1164 930 1196 serenitatis
959 1165 1068 1194 nostre
1098 1162 1300 1203 presenciam
1328 1161 1504 1204 prudentes
1533 1161 1591 1192 viri
1620 1161 1707 1193 cives
1733 1161 1988 1204 Argentinenses

330 1219 442 1250 fideles
465 1218 565 1249 nostri
593 1217 702 1248 dilecti
729 1216 822 1247 nobis
845 1215 1009 1246 humiliter
1031 1214 1265 1255 supplicarunt,
1296 1217 1332 1245 ut
1354 1213 1560 1255 privilegium
1583 1213 1784 1256 quarundam
1806 1213 1988 1255 graciarum

329 1270 407 1311 ipsis
429 1280 487 1311 per
509 1269 698 1300 Heinricum
721 1267 793 1299 dive
817 1266 972 1298 memorie
996 1266 1218 1298 Romanorum
1241 1275 1353 1308 regem
1375 1264 1640 1307 predecessorem
1663 1267 1808 1296 nostrum
1830 1264 1988 1296 illustrem

330 1321 525 1352 indultarum
540 1331 578 1351 ac
591 1329 814 1351 concessarum
828 1318 1035 1359 dignaremur
1053 1327 1095 1349 ex
1112 1317 1294 1348 serenitatis
1310 1320 1418 1348 nostre
1434 1315 1611 1348 clemencia
1626 1315 1819 1358 approbare,
1834 1317 1988 1349 innovare

330 1383 368 1404 ac
392 1373 589 1404 confirmare.
636 1371 734 1403 Cuius
757 1370 918 1412 privilegii
941 1373 1034 1401 tenor
1057 1369 1130 1401 talis
1153 1372 1216 1401 est:

438 1436 627 1468 ‘Heinricus
650 1435 714 1467 Dei
737 1434 1014 1477 gracia—nostri
1037 1444 1121 1465 anno
1144 1432 1310 1466 secundo.²
1331 1443 1433 1473 supra
1455 1435 1527 1464 tom.
1540 1432 1565 1463 I
1568 1431 1602 1470 V,
1626 1432 1644 1463 1
1667 1442 1717 1464 nr.
1733 1432 1807 1464 408.

439 1501 506 1533 Nos
530 1511 605 1532 vero
630 1500 870 1532 considerantes
894 1499 1072 1540 peticiones
1094 1498 1238 1540 ipsorum
1261 1497 1474 1530 racionabiles
1497 1500 1529 1529 et
1551 1497 1713 1539 honestas,
1742 1496 1893 1539 precibus
1915 1506 1990 1538 pre-

332 1554 488 1585 dictorum
512 1553 629 1584 civium
645 1552 820 1594 graciosius
837 1551 986 1583 acclinati
1001 1550 1216 1592 prescriptum
1230 1549 1437 1592 privilegium
1457 1547 1565 1591 quoad
1581 1549 1722 1591 singulos
1738 1559 1813 1580 suos
1827 1548 1990 1589 articulos,

332 1608 426 1647 prout
442 1606 501 1636 rite
524 1615 562 1636 ac
578 1603 816 1635 racionabiliter
832 1603 943 1635 datum
959 1606 993 1634 et
1008 1612 1196 1634 concessum
1213 1604 1271 1643 est,
1293 1600 1522 1643 approbamus,
1544 1601 1734 1632 innovamus
1750 1603 1783 1632 et
1797 1600 1991 1632 auctoritate

332 1657 421 1698 regia
455 1656 689 1687 confirmamus.
741 1654 829 1686 Nulli
864 1664 942 1696 ergo
978 1654 1108 1685 omnino
1138 1653 1303 1685 hominum
1333 1653 1444 1694 liceat,
1478 1652 1561 1684 hanc
1594 1655 1703 1684 nostre
1733 1651 1990 1694 approbacionis,

332 1709 548 1740 innovacionis
578 1711 610 1740 et
641 1708 895 1739 confirmacionis
924 1708 1078 1749 paginam
1100 1706 1276 1748 infringere
1299 1705 1352 1737 vel
1375 1706 1406 1737 ei
1427 1706 1460 1736 in
1482 1705 1590 1746 aliquo
1614 1714 1695 1735 ausu
1717 1703 1891 1735 temerario
1914 1704 1990 1734 con-

333 1761 439 1792 traire.
486 1759 580 1797 Quod
611 1760 665 1801 qui
695 1759 802 1791 facere
830 1759 1078 1800 presumpserit,
1111 1767 1246 1800 gravem
1274 1759 1384 1788 nostre
1410 1756 1589 1788 maiestatis
1620 1755 1776 1787 offensam
1808 1765 1843 1786 se
1866 1754 1992 1786 noverit

333 1811 541 1842 incursurum.
630 1811 687 1842 Ina
710 1812 799 1842 cuius
821 1811 868 1842 rei
885 1811 1105 1842 testimonium
1123 1812 1291 1851 presentes
1314 1809 1438 1840 litteras
1458 1807 1615 1840 conscribi
1639 1810 1673 1839 et
1688 1807 1867 1839 maiestatis
1882 1809 1990 1838 nostre

334 1862 438 1903 sigillo
463 1863 610 1894 iussimus
634 1863 851 1894 communiri‘.

442 1913 561 1945 Datum
578 1914 609 1944 in
628 1914 658 1945 N
660 1914 830 1955 iirenberg,
847 1913 904 1945 VI.
918 1913 996 1945 Idus
1011 1913 1143 1954 Aprilis,
1160 1923 1243 1944 anno
1259 1911 1391 1943 Domini
1407 1911 1578 1943 millesimo
1595 1910 1822 1943 trecentesimo
1838 1909 1990 1942 vicesimo

335 1965 444 2005 tercio,
468 1966 579 2006 regnib
603 1966 702 1996 nostri
726 1976 808 1996 anno
833 1975 928 1997 nono.

527 2175 600 2210 735.
636 2174 876 2211 EIUSDEM
900 2172 1260 2211 CONSTITUTIO
1285 2171 1447 2209 PACIS
1471 2170 1798 2210 GENERALIS.

1019 2243 1128 2280 1323.
1169 2242 1260 2287 Apr.
1280 2242 1315 2278 9.

450 2339 608 2380 Oriyinale
631 2341 703 2383 (or.)
733 2343 767 2373 ἰ’νι
798 2343 958 2375 tabulario
979 2343 1120 2384 yenerali
1141 2343 1231 2383 reyni
1253 2342 1410 2374 Bavarici
1431 2341 1523 2375 KLS
1550 2351 1601 2373 nr.
1617 2341 1691 2372 245.
1736 2339 1852 2372 Denuo
1880 2342 1991 2372 contu-

341 2390 446 2422 limus.
491 2391 609 2423 Pendet
632 2393 770 2434 siyillum
792 2397 945 2427 secretum
968 2395 1033 2426 loro
1056 2394 1301 2426 membranaceo.
1325 2412 1367 2416 —
1390 2393 1463 2425 Imm
1485 2392 1643 2424 edidimus
1665 2390 1738 2424 ‘Die
1760 2391 1991 2431 Landfrieden’

334 2451 371 2481 p.
388 2442 450 2473 139
472 2453 521 2474 nr.
539 2445 557 2473 1
580 2454 618 2475 εκ
641 2455 684 2476 or.
734 2445 782 2485 Cf.
799 2445 818 2477 l.
835 2457 860 2478 c.
871 2456 907 2485 p.
924 2447 946 2477 8
957 2456 1000 2486 sq.

449 2502 595 2540 Bahmer,
620 2504 694 2544 Ray.
711 2505 822 2537 Luam.
832 2517 868 2546 p.
884 2508 927 2538 33
949 2517 999 2539 nr.
1016 2507 1080 2538 559
1102 2497 1132 2538 εὶ
1148 2517 1183 2546 p.
1200 2507 1264 2538 244
1289 2505 1520 2538 Reiehssachen
1541 2515 1592 2538 nr.
1608 2505 1660 2537 89.

450 2587 527 2620 Dise
556 2588 687 2632 satzuilg
714 2591 771 2622 des
798 2592 965 2624 lantfrides
993 2593 1099 2624 haben
1127 2593 1185 2624 wir
1213 2592 1398 2634 Lud(owig)
1428 2603 1491 2624 von
1520 2591 1622 2624 Gotes
1651 2590 1782 2633 gnaden
1804 2590 1996 2622 Romischer

344 2638 480 2670 chunioh
503 2650 538 2671 ze
563 2640 626 2672 alln
649 2643 752 2674 zeiten
776 2654 881 2676 merer
904 2645 961 2676 des
984 2645 1090 2676 riohes
1114 2645 1172 2676 mit
1195 2647 1290 2686 gunst
1312 2644 1377 2676 und
1401 2644 1483 2676 auch
1506 2644 1565 2675 mit
1587 2646 1638 2675 rat
1661 2642 1718 2674 der
1741 2641 1856 2674 orbern
1878 2641 1996 2674 herren

344 2689 402 2721 der
424 2690 544 2723 ffirsten
568 2693 752 2733 gaistlicher
774 2696 839 2726 und
862 2697 1056 2737 wertlicher,
1080 2696 1207 2739 grafen,
1230 2707 1361 2738 vreyen,
1390 2695 1572 2728 dinestmau
1594 2694 1660 2726 und
1683 2697 1766 2726 stete
1789 2696 1935 2736 gesetzet
1955 2703 1995 2725 zu

343 2740 564 2783 Nurenberch,
588 2744 635 2774 als
658 2744 716 2776 her
738 2747 820 2777 noch
843 2748 1009 2788 gescriben
1033 2752 1108 2780 stet:

450 2835 515 2862 734.
543 2837 567 2870 Β)
586 2840 615 2863 In
634 2840 911 2868 euius—communiri
931 2843 1021 2868 desunt
1038 2843 1063 2869 2.
1150 2843 1175 2876 b)
1195 2852 1255 2870 vero
1273 2843 1335 2869 add.
1354 2842 1379 2868 2.

2004 879 2030 899 1⁰

2007 1170 2031 1190 ιδ
