2184 3126
183 1336 238 1361 Aug.
251 1337 282 1356 12.

302 180 362 210 796
527 173 624 201 ACTA
643 171 756 199 REGNI
775 171 958 199 LUDEWICI
977 170 1023 197 IV.
1043 170 1088 197 ΕΤ
1107 170 1293 198 FRIDERICI
1312 170 1362 197 111.
1399 170 1476 197 1324.
1513 169 1561 197 Nr.
1575 170 1634 199 954.
1653 170 1713 198 955.

442 342 514 378 954.
546 338 868 376 MANDATUM
891 336 1129 374 EPISCOPI
1154 335 1622 373 ARGENTINENSIS
1647 336 1814 374 SUPER

617 392 927 432 PUBLICATI
937 391 1012 429 ON
1018 393 1049 428 E
1073 390 1421 429 PROOESSUUM
1442 391 1630 428 PAPAE.

979 460 1087 496 1324.
1124 460 1220 505 Aug.
1242 459 1277 496 92.

409 572 504 611 Copia
526 571 578 612 (c.)
598 570 633 602 in
655 569 814 601 tabulario
837 569 978 601 civitatis
998 569 1250 609 Aryentinensis.
1290 567 1491 602 Contulimus
1511 578 1578 600 nos,
1604 587 1642 592 —
1666 568 1731 602 Ed.
1747 568 1950 602 ‘Urkunden-

297 623 375 656 buch
397 624 453 655 der
475 622 569 655 Stadt
591 620 794 661 Strassbmy’
817 621 867 659 II,
892 622 957 652 388
978 631 1028 652 ην.
1044 622 1108 651 440
1130 630 1169 652 ex
1191 630 1218 652 c.
1985 636 1998 656 ⁵

404 709 563 740 Iohannes
579 708 642 739 Dei
664 708 774 749 gracia
797 707 968 749 episcopus
983 706 1257 748 Argentfinensis)
1281 709 1436 738 executor
1455 706 1680 738 mandatorum
1702 707 1952 748 apostolicorum

297 765 407 794 eontra
439 760 644 802 magnificum
674 759 853 800 principem
883 758 1048 790 dominum
1079 757 1288 790 Ludewicum
1319 757 1434 790 ducem
1463 757 1612 790 Bawarie
1642 758 1776 801 eiusque
1811 758 1955 791 fautores

297 813 491 844 directorum
514 822 533 842 a
559 811 635 843 sede
665 810 845 852 apostolica
873 810 1047 852 deputatus
1134 809 1291 841 universis
1318 812 1352 841 et
1379 809 1512 851 singulis
1539 810 1718 847 rectoribus
1747 820 1806 842 seu
1827 810 1956 842 vicariis

297 864 482 906 parrochias
505 862 692 904 regentibus
714 872 838 894 necnon
863 862 1022 903 religiosis
1045 861 1300 903 quibuscumque
1324 861 1486 903 exemptis
1509 864 1542 893 et
1563 872 1627 894 non
1651 862 1822 904 exemptis,
1849 862 1954 893 cuius-

297 925 422 957 cunque
446 914 651 954 condicionis,
675 916 777 945 status
800 924 857 945 seu
874 913 994 945 ordinis
1011 913 1140 954 fuerint,
1163 923 1222 955 per
1237 913 1401 945 civitatem
1418 915 1451 945 et
1467 912 1659 955 dyoc(esim)
1673 913 1954 956 Argentfinenses)
1974 926 2000 946 ιο

297 967 475 999 constitutis
563 965 701 997 salutem
726 968 759 997 et
780 965 941 997 mandatis
964 965 1150 1007 apostolicis
1173 965 1307 997 firmiter
1329 964 1473 996 obedire.

404 1018 607 1049 Auetoritate
633 1016 810 1058 apostoliea
826 1016 919 1048 nobis
942 1018 974 1049 in
997 1017 1058 1048 hac
1081 1019 1172 1058 parte
1196 1016 1367 1048 commissa
1383 1026 1441 1048 vos
1457 1026 1569 1048 omnes
1592 1020 1625 1048 et
1647 1016 1791 1058 singulos
1805 1026 1848 1048 ex
1864 1016 1956 1048 vobis
1985 1035 1987 1037 ·

297 1070 487 1112 requirimus
511 1072 544 1101 et
566 1079 735 1100 monemus
765 1073 798 1100 et
820 1069 912 1100 vobis
940 1072 973 1100 et
1001 1068 1133 1100 cuilibet
1158 1068 1191 1099 in
1214 1069 1331 1100 virtute
1361 1066 1496 1111 san[c]te
1520 1067 1710 1100 obediencie
1733 1071 1767 1100 et
1789 1067 1848 1100 sub
1871 1078 1956 1110 pena

297 1121 512 1163 suspensionis
534 1119 575 1151 ab
599 1119 720 1160 officio,
751 1131 847 1162 quam
880 1131 938 1151 vos
967 1123 1000 1152 et
1027 1120 1208 1161 quemlibet
1230 1122 1373 1152 vestrum
1401 1120 1564 1151 incurrere
1587 1119 1734 1151 volumus
1759 1119 1830 1162 ipso
1858 1119 1955 1160 facto,

297 1173 450 1205 canonica
473 1174 582 1203 tamen
606 1172 786 1203 monieione
811 1173 983 1213 premissa,
1011 1172 1066 1214 qui
1092 1182 1157 1203 non
1184 1172 1321 1203 fecerint
1347 1171 1434 1213 quod
1461 1171 1666 1212 mandamus,
1693 1171 1898 1214 iniungimuS,
1920 1174 1958 1203 ut
1975 1183 2000 1202 u

296 1234 353 1255 vos
376 1226 517 1254 rectores
548 1233 605 1255 seu
628 1223 737 1254 vicarii
761 1223 898 1255 civitatis
921 1223 1192 1265 Argent(inensis)
1223 1223 1306 1255 infra
1328 1223 1498 1255 missarum
1522 1223 1714 1265 sollempnia
1743 1223 1776 1254 in
1805 1222 1957 1255 cancellis

296 1275 423 1317 publice
447 1285 567 1316 vosque
591 1275 733 1316 religiosi
757 1274 903 1306 eiusdem
932 1275 1070 1307 civitatis
1097 1279 1130 1307 et
1157 1274 1301 1307 suburbii
1328 1275 1441 1317 ipsius,
1470 1275 1526 1317 qui
1547 1285 1712 1308 sermones
1734 1275 1777 1307 ad
1799 1275 1958 1317 populum

298 1326 451 1367 fecerim,
482 1327 629 1368 proxima
652 1326 704 1358 die
727 1326 899 1358 Dominica
923 1330 996 1368 post
1018 1327 1135 1358 festum
1161 1326 1249 1358 beati
1270 1326 1438 1358 Laurentii
1464 1327 1604 1358 martiris
1626 1330 1660 1359 et
1682 1326 1799 1359 deinde
1822 1326 1956 1369 singulis

297 1378 410 1410 diebus
427 1378 593 1410 dominicis
609 1381 642 1410 et
658 1378 781 1410 festivis
797 1378 979 1410 huiusmodi
996 1378 1149 1410 mandata
1165 1377 1342 1420 apostolica
1358 1378 1580 1420 sollempniter
1594 1377 1774 1420 publicetis.
1809 1377 1955 1410 Scientes

298 1430 384 1472 quod
408 1431 433 1461 si
457 1440 548 1462 secus
571 1429 726 1471 feceritis,
754 1441 817 1462 non
844 1430 947 1462 solum
974 1430 1016 1462 ad
1045 1430 1296 1472 publicationem
1324 1439 1495 1472 penarum,
1519 1439 1600 1472 quas
1627 1440 1670 1462 ex
1698 1429 1756 1462 tali
1778 1429 1955 1472 neglientia
1974 1439 2002 1460 ω

297 1492 354 1513 seu
376 1481 594 1513 inobedientia
617 1492 674 1513 vos
695 1482 859 1523 continget
882 1482 1058 1523 incurrere,
1089 1481 1146 1513 sed
1175 1482 1274 1513 etiam
1302 1485 1414 1514 contra
1440 1492 1498 1513 vos
1524 1481 1601 1514 licet
1623 1482 1714 1513 inviti
1735 1481 1818 1513 alias
1840 1491 1955 1523 proce·

298 1533 410 1564 demus
432 1534 521 1565 iuxta
543 1533 695 1565 traditam
718 1544 737 1564 a
761 1533 848 1565 diota
870 1533 948 1566 sede
972 1533 1151 1575 apostolica
1174 1533 1266 1566 nobis
1287 1533 1434 1565 formam.
1479 1533 1604 1566 Dantes
1619 1533 1743 1565 Erboni
1765 1533 1806 1566 de
1821 1533 1954 1575 Kagen-

296 1585 376 1616 ecke
400 1585 566 1616 cellerario
591 1584 727 1616 ecclesie
744 1584 853 1616 Sancti
869 1584 961 1616 Petri
978 1585 1248 1627 Argentinen(sis)
1265 1584 1382 1616 clerico
1398 1587 1507 1617 nostro
1523 1585 1728 1627 presentibus
1746 1586 1778 1616 in
1794 1584 1955 1617 mandatis

296 1636 356 1668 hoc
380 1639 522 1668 nostrum
544 1636 731 1668 mandatum
760 1637 828 1668 sive
857 1646 1044 1678 processum
1072 1639 1257 1678 presentem
1279 1635 1370 1668 vobis
1399 1646 1463 1668 una
1490 1646 1562 1668 cum
1585 1635 1746 1668 mandatis
1769 1634 1955 1678 apostolicis

295 1687 447 1729 predictis
470 1687 676 1729 presentandi
699 1691 732 1720 et
754 1687 796 1720 ad
820 1691 960 1720 vestram
984 1688 1136 1719 noticiam
1160 1687 1355 1729 perferendi.
1973 1700 2013 1726 ιι,

403 1747 522 1779 Datum
549 1747 635 1789 apud
659 1747 823 1789 Sletzstat,
852 1748 930 1780 IIII.
955 1747 1039 1780 Non.
1063 1748 1216 1790 Augusti,
1241 1759 1324 1780 anno
1347 1748 1479 1781 Domini
1502 1748 1671 1780 millesimo
1696 1747 1777 1781 CCC
1801 1748 1967 1780 vicesimo.

296 1802 419 1840 quarto.

459 2000 704 2045 955—959.
746 1999 1100 2046 LUDEWICI
1135 1999 1432 2046 SCRIPTA
1467 1999 1792 2047 DIVERSA.

930 2076 1039 2113 1324.
1076 2076 1172 2122 Aug.
1194 2077 1318 2114 3.—-7.

578 2186 649 2216 955.
674 2186 746 2216 956.
782 2183 972 2217 SCRIPTA
994 2184 1084 2217 PRO
1109 2185 1277 2218 GOMITE
1301 2186 1361 2219 DE
1383 2185 1670 2219 HENNEBERG.
1975 2202 2002 2223 w

1001 2246 1093 2277 1324.
1122 2246 1208 2289 Aug.
1226 2248 1256 2280 3.

780 2350 868 2386 955.
907 2350 1084 2397 Scriptum
1104 2353 1223 2397 prius.
1329 2353 1418 2398 Aua.
1438 2354 1470 2389 3.

410 2420 569 2462 oriqinale
596 2423 668 2463 (or.)
695 2423 730 2454 in
758 2423 916 2456 tabulario
943 2425 1168 2466 Meininyensi.
1217 2426 1358 2459 Contulit
1388 2427 1436 2459 W.
1462 2427 1622 2461 Fiae'sslein.
1668 2427 1791 2460 Pendet
1817 2427 1956 2468 sigillum

299 2472 417 2504 laesum
437 2472 500 2505 loro
515 2474 755 2506 membranaceo.
794 2475 836 2507 In
852 2476 943 2508 dorso
958 2487 1058 2509 manu
1080 2487 1192 2510 coaeva
1207 2479 1327 2519 scripta
1349 2481 1444 2511 sunt:
1466 2483 1503 2512 ut
1525 2479 1674 2511 dominus
1691 2480 1794 2522 possit
1816 2482 1957 2512 tutorem

299 2523 397 2555 alium
421 2523 497 2556 dare
520 2525 696 2557 marchioni
718 2526 836 2559 Brand.
1975 2544 2001 2564 ³³

407 2584 549 2622 Bb'hmcr,
574 2585 648 2625 Rey.
665 2586 776 2618 Ludw.
797 2598 829 2627 p.
845 2589 889 2618 43
910 2599 960 2620 nr.
978 2591 1052 2622 735.

408 2668 480 2700 Wir
506 2670 681 2702 Ludowich
714 2683 775 2704 von
812 2673 892 2705 Gots
918 2675 1047 2716 gnaden
1074 2675 1266 2708 Romischer
1293 2677 1411 2719 chunig
1445 2687 1481 2709 ze
1514 2677 1600 2709 allen
1629 2677 1735 2713 zeiten
1764 2687 1871 2710 merer
1900 2677 1958 2709 dez

300 2719 404 2751 richcs
426 2721 581 2761 verjehen
604 2722 753 2755 offenlich
783 2734 824 2755 an
851 2725 954 2757 disem
984 2726 1103 2767 briefe‚
1134 2738 1263 2760 swenne
1295 2728 1354 2760 daz
1384 2729 1426 2760 ist
1457 2729 1516 2760 daz
1547 2728 1606 2760 der
1634 2728 1709 2761 edel
1735 2739 1810 2761 man
1832 2729 1960 2761 Bertolt

300 2771 390 2812 grase
418 2782 479 2803 von
503 2772 733 2816 Hennemberg
762 2786 856 2807 unser
884 2777 986 2809 lieber
1013 2777 1202 2811 heimlicher
1229 2790 1343 2812 unsers
1370 2780 1479 2813 lieben
1509 2779 1584 2811 sfins
1607 2780 1804 2822 Ludowiges
1830 2782 1958 2814 march-

2178 1387 2184 1406 ..
2170 989 2184 1358 .a.-.-iffl.ffi.-.-m.·-n-—z.-⁴..¹-.
2173 534 2184 980 m.-;-=..j...<—..—..u..n——...2...-2-i—..
2178 489 2184 528 .-.,
2179 435 2184 480 ,,--..
2183 411 2184 415 Α
2180 394 2184 399 .
2179 348 2184 372 .-
2181 330 2184 338 -
