2184 3126
407 227 503 255 ACTA
522 216 635 255 11le
655 226 836 254 LUDEWlCl
857 226 903 254 lv.
923 226 968 254 ΕΤ
990 226 1174 254 FRIDERICI
1195 226 1244 253 111.
1282 225 1358 254 1824.
1396 226 1444 253 Nr.
1457 226 1516 254 913.
1535 227 1595 254 914.
1765 229 1827 259 757

170 316 298 348 actione
322 313 490 356 multiplici
514 312 619 355 dignis
648 313 680 344 in
702 312 842 344 Domino
871 311 1021 344 laudibus
1050 311 1329 353 commendantes,
1357 317 1391 345 ut
1418 323 1511 345 versa
1538 314 1606 345 vice
1638 312 1679 344 de
1702 313 1827 345 sincera

171 367 271 410 patris
294 366 466 399 affectione
489 364 645 405 confidas,
676 364 830 406 placitum
849 363 1009 409 gerimus,
1040 362 1127 406 quod
1150 374 1208 396 nos
1230 364 1375 406 requiras
1408 364 1439 396 in
1468 365 1530 396 tuis
1557 364 1828 407 oportunitatibus

171 418 378 452 confidenter.
423 417 507 450 Nam
531 418 614 449 sicut
636 419 668 448 te
691 419 726 448 ut
748 415 948 448 carissimum
971 414 1072 447 filium
1089 415 1228 447 brachiis
1244 418 1378 458 paterne
1394 415 1576 448 dilectionis
1592 413 1827 458 amplectimur.

169 471 215 503 sic
238 471 271 502 in
293 470 536 512 illis‘quantum
560 478 632 500 cum
655 466 727 499 Deo
751 467 928 510 poterimus
955 470 988 499 te
1012 466 1234 499 favorabiliter
1263 477 1505 510 prosequemur.
1557 467 1711 500 Ceterum
1741 467 1827 510 quod

138 533 151 552 s
169 521 392 565 ven(erabilis)
416 521 517 553 frater
539 523 648 552 noster
670 519 892 552 Revaliensis·
914 519 1085 561 episcopus
1108 509 1191 551 nund
1214 529 1315 561 agens
1338 520 1369 551 in
1393 519 1481 550 curia
1504 523 1631 561 repetat
1653 519 1695 552 de
1718 523 1828 551 nostra

169 574 300 607 licentia
322 574 390 606 cius
413 572 583 605 ecclesiam
606 571 772 613 hucusque
795 570 895 613 ipsius
918 570 1096 603 absentiam
1121 570 1335 603 verisimiliter
1358 569 1594 612 deplorantem,
1618 574 1774 614 quantum
1797 572 1828 603 in

169 626 263 659 nobis
286 628 350 665 est,
379 624 487 667 placet
510 623 602 656 nobis
626 627 659 655 et
681 623 723 655 ab
745 622 903 655 hactenus
926 622 1038 664 procul
1063 621 1161 654 dubio
1186 621 1323 664 placuit,
1354 621 1432 654 dum
1455 625 1562 654 tamen
1587 622 1619 654 id
1642 622 1706 655 alia
1730 623 1829 665 ipsius

168 678 220 711 hic
242 677 373 720 negotia
397 675 567 708 commode
582 675 753 718 patiantur.
842 674 890 717 (2)
914 674 965 706 Ad
989 674 1049 706 hec
1072 674 1232 706 audivisse
1256 678 1288 706 te
1312 673 1482 714 credimus,
1499 674 1583 716 quod
1607 685 1680 706 cum
1703 676 1827 717 magni-

168 730 246 762 ficus
269 730 318 761 vir
339 728 523 761 Ludovicus
546 727 612 759 dux
635 726 774 759 Bavarie
798 725 991 759 discorditer
1014 726 1044 757 in
1068 725 1251 758 Romanum
1275 736 1386 768 regem
1414 725 1537 757 electus
1564 730 1640 758 ante
1663 726 1828 759 obtentam

126 794 153 814 ιο
170 781 213 815 ab
246 780 426 824 apostoliea
463 779 541 812 sede
577 778 846 821 approbationem
882 781 916 811 et
956 778 1231 810 confirmationem
1266 777 1365 820 ipsius
1399 776 1543 809 indebite
1578 787 1612 810 se
1647 778 1831 811 immiscens

170 832 439 867 administrationi
463 831 608 864 eiusdem
632 832 722 873 regni
746 834 843 873 atque
867 830 1008 872 imperii,
1039 830 1128 862 cuius
1151 830 1296 872 regimen
1320 829 1457 871 imperio
1480 830 1551 871 ipso
1575 834 1725 871 vacante,
1748 831 1831 862 sicut

167 896 284 919 vacare
307 885 449 918 noscitur
472 885 502 916 in
527 883 686 926 presenti,
715 882 757 915 ad
780 893 838 915 nos
862 886 896 914 et
918 881 1096 924 predictam
1125 882 1294 914 ecclesiam
1319 881 1359 913 de
1388 882 1456 913 iure
1485 882 1626 913 noscitur
1655 882 1828 924 pertinere,

169 937 413 980 impertinenter
436 945 553 968 nomen
576 938 610 967 ct
632 934 759 967 titulum
782 934 927 977 regiumb
955 933 1015 966 sibi
1044 937 1224 965 assumeret
1256 936 1289 965 et
1316 933 1386 965 iura
1415 932 1491 965 dicti
1520 934 1610 975 regni
1642 937 1674 965 et
1702 934 1829 976 imperii

168 989 398 1031 oocuparetin
431 987 587 1020 offensam
618 986 695 1026 Dei,
726 989 867 1018 nostram
898 989 930 1018 et
958 985 1094 1017 ecclesie
1122 985 1246 1027 prefate
1275 985 1441 1025 iniuriam,
1470 984 1679 1027 opprobrium
1708 986 1830 1027 pariter

126 1053 151 1074 u
170 1043 268 1083 atque
292 1040 482 1082 dampnum,
507 1039 652 1082 quamvis
674 1037 716 1070 ad
738 1038 845 1080 ipsum
867 1036 998 1079 publica
1020 1037 1154 1068 monitio
1178 1039 1288 1068 nostra
1311 1036 1518 1078 precederet,
1542 1040 1577 1068 ut
1599 1036 1683 1068 infra
1705 1040 1828 1069 certum

170 1095 410 1134 competentem
442 1091 615 1123 terminum
650 1089 710 1121 sibi
743 1089 901 1131 prefixum
936 1100 956 1121 a
982 1089 1146 1131 premissis
1180 1088 1351 1120 desisteret
1386 1092 1419 1120 et
1454 1092 1648 1131 attemptata
1684 1089 1827 1121 indebite

170 1147 349 1184 revocaret,
373 1143 448 1185 quia
471 1146 580 1174 tamen
603 1142 648 1173 sic
671 1142 796 1173 insania
819 1151 876 1173 sue
900 1141 1016 1172 mentis
1039 1140 1182 1181 invaluit,
1207 1140 1293 1182 quod
1316 1140 1498 1172 huiusmodi
1521 1144 1632 1173 nostra
1653 1141 1829 1172 monitione

170 1198 357 1238 contempta
380 1197 530 1237 patenter
552 1193 689 1226 adheret
713 1197 746 1226 ct
769 1194 858 1226 favet
881 1193 997 1225 nostris
1020 1193 1051 1224 in
1075 1192 1185 1224 Ytalia
1208 1195 1242 1224 et
1265 1191 1409 1224 eiusdem
1433 1191 1571 1224 ecclesie
1599 1191 1774 1224 rebellibus
1797 1196 1830 1224 et

170 1247 316 1281 hostibus
343 1245 480 1288 publicis
508 1244 742 1278 sententialiter
780 1248 933 1287 tanquam
963 1244 1114 1276 hereticis
1148 1242 1410 1286 condempnatis,
1438 1247 1550 1276 contra
1577 1244 1682 1286 ipsum
1713 1243 1829 1275 ducem

126 1310 158 1334 so⁴
171 1308 356 1341 processum
380 1298 505 1330 noviter
527 1297 670 1338 fecimus,
695 1297 727 1328 in
751 1307 814 1339 quo
838 1307 912 1328 eum
935 1307 994 1339 pro
1018 1296 1110 1328 dolor
1133 1299 1198 1327 tam
1223 1296 1376 1338 exigente
1399 1306 1495 1338 quam
1518 1295 1679 1327 clamante
1703 1295 1830 1327 iusticia

171 1350 521 1383 excommunicavimus
537 1348 667 1391 publice
691 1358 730 1380 ac
753 1358 921 1391 processus
945 1347 1050 1380 adhuc
1073 1347 1154 1379 alios
1177 1347 1323 1389 fecimus,
1347 1357 1388 1379 ex
1412 1347 1527 1390 quibus
1548 1346 1774 1389 dampnandos
1797 1350 1831 1379 et

171 1402 328 1444 reprobos
355 1412 451 1434 ausus
479 1411 554 1434 suos
584 1400 757 1433 salubriter
788 1404 897 1432 actore
921 1399 1061 1432 Domino
1090 1399 1314 1441 reprimamus.
1374 1399 1447 1431 Hec
1480 1409 1558 1432 sane
1585 1399 1771 1441 specialiter
1797 1403 1831 1431 et

171 1455 314 1486 succinte
338 1453 395 1486 tibi
418 1451 623 1495 presentibus
645 1451 823 1484 intimanda
846 1451 1055 1494 providimus,
1078 1455 1114 1483 ut
1137 1461 1178 1483 ex
1201 1451 1264 1483 illis
1279 1454 1403 1483 attenta
1417 1451 1629 1483 meditatione
1645 1450 1830 1483 consideres

172 1509 206 1538 et
231 1505 343 1538 videas
371 1505 562 1546 occultare⁰‚
597 1504 759 1547 iungendo
793 1507 824 1537 te
849 1504 922 1536 duci
946 1503 1088 1546 prefato,
1120 1504 1171 1535 cui
1201 1506 1235 1535 et
1263 1503 1350 1546 quali
1381 1503 1477 1535 rebus
1506 1503 1552 1535 sic
1582 1503 1767 1535 extantibus
1796 1507 1829 1534 te

127 1567 153 1588 π
172 1557 353 1600 coniungis,
381 1560 416 1589 ut
438 1557 551 1589 honori
580 1560 613 1588 et
640 1555 727 1588 fame
759 1559 814 1588 tue
843 1567 906 1588 non
931 1555 1084 1588 detrahas
1107 1559 1140 1588 et
1163 1554 1284 1596 Deum,
1314 1566 1372 1587 nos
1400 1566 1437 1587 ac
1467 1556 1569 1597 ipsam
1598 1554 1768 1586 ecclesiam
1798 1554 1829 1586 in

171 1610 278 1641 anime
313 1612 367 1641 tue
398 1608 576 1651 periculum
608 1619 671 1640 non
703 1608 858 1641 offendas.
920 1608 963 1640 Et
997 1609 1072 1651 quia
1102 1608 1305 1650 ven(erabili)
1336 1607 1426 1640 fratri
1456 1611 1565 1639 nostro
1595 1607 1828 1639 Bartholomeo

171 1661 324 1703 episcopo
347 1660 512 1693 Electensi
540 1663 574 1692 et
596 1659 715 1693 dilecto
738 1660 804 1692 filio
827 1660 994 1693 Bernardo
1024 1659 1134 1692 abbati
1162 1660 1348 1692 monasterii
1372 1659 1479 1692 Sancti
1503 1658 1681 1691 Theofredi
1709 1658 1830 1691 ordinis

171 1713 274 1744 sancti
298 1712 468 1745 Benedicti
491 1713 637 1744 Anicicn.
662 1711 743 1744 dioc.
768 1712 891 1744 nunciis
915 1712 1031 1743 nostris
1054 1711 1289 1743 exhibitoribus
1313 1711 1524 1753 presentium,
1553 1721 1633 1752 quos
1655 1710 1697 1742 ad
1721 1715 1829 1752 partes

170 1764 258 1806 ipsas
280 1764 534 1808 transmittimus,
558 1774 655 1806 super
677 1764 738 1796 hiis
761 1768 849 1796 certa
872 1764 1090 1795 commisimus
1113 1763 1171 1795 tibi
1188 1773 1229 1795 ex
1246 1767 1338 1805 parte
1354 1766 1463 1794 nostra
1479 1766 1631 1794 oretenus
1647 1762 1829 1800 referenda,

127 1827 154 1847 ao
172 1815 316 1858 rogando
340 1819 374 1848 et
396 1815 556 1848 hortando
580 1815 814 1858 subiungimus,
837 1820 872 1848 ut
894 1817 1037 1858 ipsorum
1061 1814 1216 1847 relatibus
1238 1814 1375 1857 prebeas
1399 1814 1529 1857 plenam
1552 1815 1659 1847 fidem.

278 1868 398 1901 Datum
423 1868 592 1909 Avinionc,
616 1868 660 1900 Π.
684 1868 757 1901 Kal.
782 1868 874 1910 Iunii,
899 1879 983 1901 anno
1007 1871 1131 1900 octavo.

269 2008 356 2044 914.
398 2008 554 2044 Litterae
581 2009 629 2043 ad
656 2009 950 2055 archiepiscofflcm
979 2007 1226 2053 Mommtinmn
1253 2008 1416 2054 aliosque.
1522 2007 1638 2050 (Mai.
1653 2008 1732 2051 31).

281 2091 380 2132 Copia
407 2093 461 2132 (c.)
486 2091 600 2123 ibidem
619 2090 678 2133 fol.
696 2092 738 2122 69
761 2101 811 2123 nr.
827 2091 910 2129 869;
932 2090 1123 2123 contulimus
1144 2100 1211 2122 nos.
1235 2108 1276 2112 —
1299 2090 1362 2122 Ed.
1386 2089 1673 2131 ‘Oberbayerisches
1696 2089 1830 2121 Archo'v‘

169 2142 200 2181 Ι,
223 2143 266 2175 62
286 2153 336 2174 nr.
352 2143 394 2174 21
417 2153 456 2175 ex
479 2153 524 2180 c.;
548 2142 666 2174 Rieder
689 2142 865 2175 ‘Ro'mische
890 2142 1031 2183 Quellen'
1053 2144 1167 2182 p.178
1188 2152 1237 2174 nr.
1255 2143 1319 2173 651
1341 2152 1380 2173 ex
1403 2152 1430 2173 c.

126 2211 153 2231 ω
281 2201 357 2243 Rey.
372 2202 476 2235 Liiher
492 2202 557 2235 loco
571 2213 672 2243 supra
694 2203 739 2235 ad
760 2213 811 2236 nr.
827 2204 892 2235 289
915 2204 1011 2235 citato
1028 2213 1064 2243 p.
1079 2202 1145 2234 256
1160 2213 1210 2234 nr.
1226 2203 1307 2239 210,·
1329 2201 1404 2242 Rey.
1420 2212 1466 2242 ep.
1485 2201 1648 2234 Constant.
1670 2211 1721 2233 nr.
1736 2201 1830 2232 3993.

279 2297 467 2330 Venerabili
491 2298 581 2330 fratri
604 2297 728 2330 Mathie
752 2298 996 2341 archiepiscopo
1020 2298 1217 2340 Maguntino.

279 2347 413 2391 Singula
441 2348 634 2391 dignitatum
662 2353 695 2381 et
727 2350 983 2382 iurisdictionum
1012 2348 1119 2381 officia
1149 2349 1194 2380 sic
1224 2359 1258 2380 se
1294 2351 1405 2380 mutua
1439 2349 1574 2381 caritate
1606 2359 1644 2381 ac
1676 2348 1830 2380 civilitate

173 2399 361 2442 respiciunt,
384 2403 421 2432 ut
443 2402 591 2442 quotiens
615 2402 753 2434 alterum
777 2402 911 2434 alterins
934 2401 1053 2433 auxilio
1077 2400 1216 2443 indiget,
1244 2404 1414 2442 utrumque
1441 2410 1516 2432 suas
1538 2401 1626 2432 vices
1648 2400 1679 2431 in
1703 2399 1831 2431 casibus

173 2451 322 2493 oportuni
345 2451 513 2484 iuvaminis
528 2452 738 2485 subalternet.
785 2453 932 2496 Cumque
949 2453 1030 2485 sicut
1045 2463 1147 2495 nuper
1169 2451 1287 2484 infesta
1302 2452 1459 2484 relatione
1475 2452 1689 2494 percepimus,
1705 2451 1830 2493 magni·

128 2513 154 2533 w
172 2502 251 2534 ficus
277 2503 326 2534 vir
351 2502 535 2536 Ludovicus
564 2504 631 2536 dux
659 2505 798 2537 Bavarie
828 2503 1020 2537 discorditer
1050 2505 1081 2536 in
1108 2503 1292 2536 Romanum
1320 2513 1432 2546 regem
1460 2503 1583 2536 electus
1610 2503 1830 2535 venerabilem

173 2554 307 2586 fratrem
336 2557 479 2586 nostrum
507 2554 686 2588 Iohannem
714 2557 902 2599 episcopum
932 2556 1204 2599 Argentinensem
1233 2559 1265 2587 et
1295 2556 1364 2587 eius
1390 2555 1576 2595 ecelesiam,
1605 2565 1646 2587 ex
1677 2567 1716 2588 eo
1744 2555 1830 2597 quod

173 2605 259 2638 idem
295 2606 467 2648 episeopus
503 2606 619 2639 merito
655 2608 931 2640 commendandus
964 2607 1025 2640 sibi
1059 2612 1095 2639 ut
1128 2608 1198 2649 regi
1232 2606 1366 2639 obedire
1396 2608 1610 2650 contempnit,
1644 2608 1674 2638 vi
1705 2611 1831 2639 armata

172 2657 385 2689 comminetur
407 2657 560 2690 invadere
589 2658 686 2701 idque
713 2660 939 2692 universaliter
965 2660 996 2691 in
1026 2669 1159 2702 gravem
1186 2658 1282 2691 cedat
1310 2659 1457 2691 iniuriam
1485 2659 1704 2691 ecclesiastice
1734 2658 1831 2690 libcr-

172 2709 258 2749 tatis,
274 2709 541 2751 fra(ternitatem)
556 2710 674 2752 t(uam)
687 2720 838 2752 rogamus
853 2714 887 2743 et
902 2711 1068 2743 hortamur
1084 2713 1217 2750 attente,
1242 2711 1392 2753 quatinus
1403 2721 1539 2743 causam
1555 2711 1637 2743 hanc
1653 2721 1832 2752 agnoscens

127 2772 154 2791 ⁴⁵
173 2763 207 2793 et
229 2764 381 2803 reputans
405 2770 477 2793 esse
503 2764 602 2802 tuam,
627 2765 692 2794 tam
708 2762 862 2795 adversus
885 2762 1046 2805 prefatum
1063 2762 1178 2794 ducem
1196 2772 1292 2804 quarn
1309 2762 1471 2804 quoslibet
1492 2763 1573 2794 alios
1589 2762 1665 2794 dicti
1689 2762 1832 2804 episcopi

274 2854 341 2882 918.
368 2855 392 2889 ¹)
410 2856 541 2883 Bevalien.
553 2865 574 2882 c.
651 2855 676 2888 b)
695 2865 762 2890 sequ.
775 2857 827 2884 del.
840 2857 853 2882 s
863 2867 956 2884 nomen
970 2867 990 2884 c.
1068 2856 1092 2888 ι’)
1109 2857 1146 2882 ita
1158 2861 1307 2889 corruptum
1320 2866 1355 2886 c..·
1373 2858 1490 2884 occulato
1502 2858 1607 2883 cmiiecit
1622 2857 1655 2882 II.
1665 2857 1831 2889 I‘oyaeaecher.
