2190 3172
225 1377 260 1392 nr.

237 1403 256 1422 ο.

234 1444 254 1459 e.

232 1704 253 1720 c.

244 2012 265 2027 C.

270 1373 294 1393 63

267 1401 278 1420 2

265 1440 277 1459 3

265 1701 297 1720 16.

279 2009 299 2028 4.

248 2334 253 2340 .
266 2321 299 2340 17.

318 181 377 211 146
588 178 684 206 ACTA
704 178 817 205 REGNI
836 178 1020 205 LUDEWICI
1039 179 1085 205 IV.
1105 178 1152 205 ΕΤ
1170 178 1357 207 FRIDERICI
1375 180 1423 207 111.
1461 180 1535 207 1314.
1573 180 1694 209 Nr.154.

641 319 723 355 154.
765 319 985 363 Confirmatio
1007 319 1268 365 privilcyiorum
1289 321 1401 366 prior.
1508 321 1591 357 Dec.
1607 324 1645 357 2.

428 392 478 434 Of.
503 393 595 433 infra
617 403 667 424 nr.
684 392 756 423 159.

428 448 607 488 Oriyinalia
636 448 701 478 tria
737 449 826 479 1—3
861 448 897 479 in
930 447 1089 479 tabulario
1121 449 1205 489 regio
1236 449 1455 488 Oonsluentino
1487 451 1663 482 ‘Kurtrier'
1697 461 1745 483 nr.
1770 451 1963 485 110-112,

314 500 495 540 Descripsit
518 499 565 530 vel
587 499 720 531 contulit
741 499 783 531 R.
799 499 948 531 Dadicke.
996 499 1138 531 Pendent
1158 500 1264 540 sigilla
1282 501 1358 541 plus
1380 502 1521 534 minusve
1543 502 1629 534 laesa
1656 503 1723 542 filis
1745 503 1854 534 sericis
1875 505 1965 536 rubei

312 553 449 592 flavique
465 551 585 583 coloris.
625 551 667 582 In
689 561 775 582 verso
798 561 822 582 e.
838 561 885 591 9r.
902 551 1093 592 autoyraphi
1110 554 1124 583 1.
1142 552 1295 593 scriptum
1310 556 1369 585 est:
1392 554 1535 586 Gollacio
1552 565 1707 587 novorum
1723 555 1964 597 privilegiorum
1994 569 2007 588 5

315 604 452 635 ecclesie
476 603 650 635 Treverefi.
667 602 749 634 Lud.
767 603 838 634 Bal.
855 602 916 634 III.

421 659 571 697 Bo‘hmcr,
594 658 669 698 Rcy.
686 658 799 690 Dudw.
821 669 852 698 p.
871 659 889 689 1
913 669 962 690 nr.
980 659 1030 690 15.

425 715 512 755 Quae
541 714 732 746 concordant
763 725 834 746 cum
863 714 1113 747 Promissiomcm
1141 725 1240 755 supra
1273 726 1322 748 nr.
1345 716 1387 747 63
1415 727 1504 758 capp.
1525 717 1628 750 2—4.
1651 719 1702 749 16.
1727 718 1780 757 17,
1815 728 1852 750 ca
1884 720 1968 760 typis

312 766 491 798 minoribus
513 777 645 798 excussa
667 767 753 798 sunt.

420 861 637 893 Ludowicus⁸
659 861 722 892 Dei
745 861 850 902 gratia
871 860 1092 893 Romanorum
1115 872 1174 893 rex
1189 872 1317 904 semper
1337 866 1492 905 augustus
1556 865 1712 897 universis
1728 866 1811 897 sacri
1825 865 1965 898 Romani
1985 877 2010 896 ιο

311 913 441 955 imperii
463 913 613 944 fidelibus
629 916 796 954 presentes
811 913 936 944 litteras
959 913 1116 944 audituris
1138 913 1191 945 vel
1212 914 1326 946 visuris
1391 916 1529 957 gratiam
1552 926 1643 948 suam
1667 920 1701 949 et
1723 927 1817 949 omne
1833 917 1963 950 bonum.

424 967 451 996 1.
488 965 646 1001 Quoniam
684 965 830 1006 regalem
869 965 964 996 decet
998 965 1219 997 celsitudinem
1258 966 1404 998 subditos
1441 978 1516 999 suos
1550 969 1712 1010 quoslibet
1748 969 1966 1002 benemeritos

313 1026 519 1048 remunerare
545 1020 578 1048 et
601 1016 768 1058 condignis
790 1017 906 1058 graciis
930 1021 963 1048 et
985 1017 1147 1049 favoribus
1171 1018 1329 1050 extollere
1354 1022 1387 1051 et
1402 1019 1586 1061 specialiter
1601 1020 1754 1053 ecclesias
1777 1025 1811 1053 et
1833 1022 1966 1054 ecclesi-

313 1069 430 1100 asticas
453 1078 617 1110 personae,
642 1079 704 1110 que
727 1069 924 1110 principatus
946 1069 1046 1100 titulis
1070 1072 1143 1100 sunt
1163 1069 1285 1101 honore
1309 1073 1342 1102 et
1363 1071 1492 1102 nomine
1515 1072 1682 1114 insignite,
1709 1073 1783 1105 hinc
1807 1077 1857 1105 est
1879 1074 1967 1116 quod

311 1131 371 1152 nos
399 1121 605 1153 attendentes
638 1124 730 1162 grata
761 1123 794 1152 et
821 1121 986 1152 fructuosa
1010 1121 1184 1163 obsequia,
1209 1132 1270 1163 que
1294 1122 1386 1153 nobis
1416 1125 1449 1154 et
1470 1123 1607 1165 imperio
1629 1124 1823 1156 venerabilis
1845 1125 1965 1158 Balde-
1985 1136 2010 1156 ιε

312 1173 412 1204 winus
422 1172 436 1191 b
459 1173 685 1204 Treverensis⁰
702 1172 962 1214 archiepiscopus
976 1173 1125 1214 princeps
1139 1175 1249 1204 noster
1265 1173 1400 1205 dilectus
1416 1174 1567 1215 gravibus
1582 1175 1746 1207 laboribus
1766 1180 1800 1208 et
1815 1179 1967 1219 expensis

313 1225 378 1256 iam
403 1224 525 1255 dudum
550 1223 698 1255 exhibuit
721 1227 755 1255 et
777 1223 882 1255 adhuc
906 1224 1038 1255 cottidie
1054 1224 1231 1265 impenditd
1254 1235 1379 1256 necnon
1394 1226 1604 1268 impendered
1619 1228 1738 1268 poterit
1759 1228 1792 1259 in
1814 1228 1966 1270 futurum,

313 1276 459 1307 volentes
488 1276 585 1307 etiam
615 1275 721 1307 eidem
752 1278 785 1306 et
817 1275 953 1307 ecclesie
981 1286 1038 1307 sue
1067 1287 1126 1317 pro
1153 1276 1306 1317 predictis
1334 1276 1448 1318 dignas
1475 1277 1653 1311 retribuere
1684 1279 1910 1312 retributiones
1934 1285 1967 1313 et

314 1338 485 1369 personam
521 1327 621 1369 ipsius
655 1327 879 1358 nichilominus
914 1338 992 1369 erga
1025 1338 1083 1359 nos
1111 1330 1143 1359 et
1172 1339 1298 1359 sacrum
1328 1329 1500 1370 imperium
1529 1329 1765 1363 benemeritam
1791 1333 1967 1374 graciosius

314 1379 487 1420 honorare,
520 1384 615 1411 omnia
648 1383 812 1418 privilegis,
847 1384 956 1419 gratias
991 1393 1040 1411 seu
1073 1384 1222 1412 libertates
1256 1391 1275 1412 a
1307 1382 1423 1412 nostris
1456 1381 1738 1423 predecessoribus
1769 1384 1900 1425 regibus
1934 1387 1968 1416 et
1985 1393 2013 1414 so

312 1431 561 1472 imperatoribus
591 1430 834 1462 Romanorum*
861 1444 1016 1469 concessae,
1105 1437 1220 1463 omnia*
1248 1432 1395 1464 similiter
1417 1438 1516 1471 feuda,
1546 1424 1738 1473 possessiones
1767 1441 1796 1468 et
1818 1440 1888 1474 iura,
1911 1450 1967 1476 que

310 1487 372 1521 ipse
407 1488 436 1514 et
471 1487 590 1514 ecelesia
619 1495 670 1513 sua
705 1487 886 1514 Treverensis
921 1483 1067 1524 predicta
1101 1489 1216 1515 *tenent
1249 1490 1279 1516 et
1311 1489 1458 1524 possident
1483 1490 1528 1517 vel
1558 1490 1640 1524 quasi
1670 1486 1711 1518 de
1737 1490 1847 1519 nostra
1875 1489 1967 1530 regia.

313 1534 514 1575 benignitate
538 1539 728 1571 innovamus,
753 1539 958 1574 approbamus
982 1541 1011 1566 et
1034 1540 1243 1567 confirmamus
1266 1539 1299 1567 et
1320 1537 1551 1579 promittimus,
1576 1538 1663 1579 quod
1689 1543 1782 1578 ipsum
1805 1541 1964 1582 archiepi-

312 1597 443 1627 scopum
468 1591 531 1617 vel
563 1591 623 1617 eius
653 1591 801 1618 ecclesiam
827 1591 857 1618 in
885 1591 1030 1626 promissis
1054 1592 1099 1619 vel
1123 1601 1219 1619 eorum
1242 1592 1338 1626 aliquo
1367 1599 1431 1620 non
1458 1594 1671 1622 molestabimus
1697 1604 1750 1622 nec
1778 1604 1796 1622 a
1822 1605 1964 1631 quoquam

311 1642 459 1669 molestari
480 1643 686 1677 permittemus.
1982 1657 2008 1677 π

421 1693 450 1721 2.
474 1696 546 1722 Item
559 1695 762 1730 promittimus,
777 1695 853 1729 quod
867 1695 961 1730 ipsum
975 1695 1226 1730 archiepiscopum,
1238 1696 1348 1724 nobiles
1360 1698 1390 1724 et
1402 1697 1533 1730 vasallos,
1545 1699 1701 1725 castrenses
1713 1700 1743 1726 et
1759 1699 1965 1733 ministeriales,

314 1747 398 1779 cives,
423 1747 579 1781 opidanos⁸
602 1749 632 1774 et
655 1742 863 1781 quoscumquer
885 1747 1013 1775 subditos
1037 1748 1243 1775 ecclesiasticos
1266 1757 1305 1775 ac
1328 1749 1468 1777 seculares
1491 1758 1556 1776 suos
1579 1751 1609 1777 et
1631 1750 1748 1778 ecclesie
1771 1760 1820 1778 sue
1843 1760 1965 1779 conser-

315 1798 444 1825 vabimus
468 1800 498 1826 et
520 1799 663 1826 tuebimur
685 1807 736 1834 per
759 1808 869 1826 sacrum
891 1799 1043 1834 imperium
1065 1799 1095 1826 in
1117 1799 1306 1833 libertatibus,
1330 1800 1412 1828 bonis
1440 1801 1557 1828 statutis
1584 1802 1614 1829 et
1636 1803 1885 1830 consuetudinibus
1908 1803 1966 1830 suis

312 1851 459 1886 hucusque
487 1851 593 1878 habitis
621 1859 672 1885 per
698 1859 746 1878 eos
774 1853 804 1878 et
832 1851 956 1879 usitatis.
1006 1851 1044 1878 Et
1073 1852 1150 1885 quod
1179 1852 1290 1879 nullum
1315 1861 1349 1879 ex
1380 1853 1524 1887 premissis
1551 1853 1587 1881 ad
1615 1853 1749 1881 iudicium
1772 1854 1848 1882 curie
1870 1857 1977 1883 nostre·

312 1903 494 1930 evocabimus
517 1912 569 1930 nec
593 1903 707 1930 evocari
728 1903 940 1938 permittemus,
964 1912 1050 1937 quam
1072 1903 1120 1930 diu
1143 1903 1348 1931 Treverensis
1370 1905 1598 1940 archiepisc-opus
1621 1907 1737 1940 paratus
1764 1906 1851 1933 fuerit
1874 1907 1966 1934 facere
1985 1915 2011 1934 ³⁰

312 1955 554 1989 querulantibusss
577 1955 611 1982 de
636 1955 676 1982 eis
699 1955 811 1982 iusticie
835 1955 1080 1990 complementum.

425 2005 453 2034 3.
488 2002 573 2034 Item
596 2006 674 2034 omni
695 2006 759 2039 iuri,
783 2007 890 2034 actioni
913 2009 943 2034 et
965 2007 1164 2042 persecutioni,
1188 2007 1264 2042 quod
1286 2017 1335 2035 seu
1358 2017 1443 2042 quam
1465 2009 1601 2036 habemus
1624 2017 1674 2036 seu
1692 2009 1797 2037 habere
1817 2019 1965 2044 possumus

312 2058 342 2085 in
366 2058 449 2086 bonis
473 2060 503 2085 ct
525 2058 750 2093 possessionibus
773 2065 814 2086 ac
836 2058 944 2086 iuribus
967 2059 1004 2086 ab
1027 2059 1126 2086 eodem
1149 2059 1383 2094 archiepiscopo*
1402 2062 1432 2088 et
1454 2056 1594 2088 ecclesis.h
1609 2055 1799 2089 Treverensi
1815 2062 1966 2095 detentis!

312 2105 405 2137 nobis
429 2105 628 2137 hereditario
651 2116 709 2137 seu
733 2116 936 2147 quocumque
960 2106 1023 2138 alio
1047 2107 1116 2138 iure
1139 2107 1397 2148 competentibus
1419 2118 1477 2139 seu
1500 2112 1684 2150 competere
1699 2109 1891 2150 valentibus,
1913 2122 1965 2149 pro

312 2162 395 2189 nobis
421 2163 451 2189 et
473 2162 578 2189 nostris
602 2162 752 2189 heredibus
775 2158 858 2189 natis
882 2161 915 2189 et
937 2158 1107 2189 nascituris
1130 2162 1331 2198 integraliter*
1353 2164 1548 2191 renuntiamus
1571 2166 1600 2192 et
1623 2165 1785 2199 specialiter
1804 2166 1871 2200 quit
1880 2175 1965 2193 amus
1984 2173 2011 2192 ³³

314 2222 348 2241 ea
371 2222 425 2247 que
450 2213 586 2240 habemus
611 2216 640 2240 et
661 2214 766 2241 habere
789 2223 938 2248 possumus
961 2209 1014 2241 vel
1038 2209 1196 2241 debemus
1218 2214 1248 2241 in
1272 2214 1356 2250 opido
1378 2216 1545 2243 Monasterii
1560 2212 1744 2244 *Meinevelti
1767 2219 1797 2244 et
1818 2218 1849 2244 in
1872 2219 1965 2245 castro

315 2265 430 2292 Thuron
443 2260 458 2279 ¹³
481 2273 515 2292 ac
538 2274 634 2292 eorum
657 2261 843 2300 appendiciisl
865 2261 1111 2300 quibuscumque‘.

423 2315 453 2343 4.
488 2313 572 2344 Item
603 2313 809 2344 concedimus
838 2316 871 2345 et
899 2313 1055 2345 donamus
1083 2317 1191 2346 eidem
1217 2318 1443 2354 archiepiscopo,
1473 2319 1678 2347 successoribus
1707 2321 1764 2347 suis
1792 2322 1826 2348 et
1849 2321 1966 2348 ecclesie

313 2375 368 2396 sue
385 2369 551 2396 Treverensi
566 2369 595 2396 in
612 2371 778 2404 perpetuum
802 2370 833 2396 in
851 2372 1036 2405 augmentum
1058 2371 1205 2398 feudorum
1228 2377 1369 2407 suorum,
1395 2381 1450 2406 que
1473 2380 1490 2398 a
1512 2367 1604 2399 nobis
1628 2371 1661 2399 et
1683 2373 1802 2408 imperio
1825 2375 1925 2401 tenent
1935 2374 1965 2407 ¹¹²,

313 2430 422 2448 merum
440 2423 469 2448 et
485 2421 605 2448 mixtum
622 2421 772 2456 imperium
788 2423 818 2449 et
833 2422 946 2457 plenam
962 2422 1187 2454 iurisdictionem
1209 2423 1239 2450 in
1262 2423 1411 2450 omnibus*
1428 2423 1503 2451 villis
1519 2425 1548 2451 et
1562 2425 1724 2462 hominibus
1740 2425 1902 2453 earumdem
1918 2435 1967 2454 sue
1985 2433 2012 2451 ω

313 2472 493 2500 Treverensis
523 2471 691 2507 dyoc(esis)‚
719 2474 768 2500 ubi
796 2473 895 2500 villani
924 2483 974 2501 seu
1001 2474 1129 2502 homines
1156 2474 1296 2502 dictarum
1322 2475 1452 2502 villarum
1481 2476 1586 2506 iudicia
1614 2477 1730 2505 reddere
1757 2479 1787 2504 et
1813 2478 1915 2512 exequi
1937 2478 1967 2505 in

314 2525 406 2552 causis
438 2525 645 2558 criminalibus,
680 2525 810 2553 civilibus
845 2528 874 2553 et
906 2526 1003 2553 mixtis
1034 2527 1173 2554 hactenus
1206 2529 1425 2561 consueverunt,
1460 2537 1515 2562 que
1550 2528 1781 2556 iurisdictiones¹¹
1812 2530 1968 2565 vulgariter

313 2576 562 2604 vriheinrede⁰
586 2577 767 2611 appellantur
775 2578 798 2604 Ρ.
854 2578 898 2604 Ita
926 2580 1023 2605 tamen
1052 2579 1148 2612 quod*
1176 2579 1249 2606 nulli
1278 2575 1372 2607 alteri
1398 2579 1429 2606 in
1455 2580 1539 2606 aliis‘l
1562 2580 1619 2607 suis
1642 2580 1750 2608 iuribus
1779 2581 1966 2616 preiudicium

313 2628 462 2656 inferatur.

420 2717 484 2745 154.
512 2718 536 2752 ⁸)
555 2719 710 2744 Ludewicus
728 2718 752 2745 2.
770 2718 794 2745 3.
891 2718 916 2752 b)
935 2720 1008 2745 Bald.
1027 2719 1052 2745 3.
1149 2720 1172 2752 ⁰)
1190 2722 1307 2746 'ri-everri
1329 2730 1427 2754 sevnper
1448 2722 1524 2748 1-3.
1620 2722 1645 2756 d)
1664 2724 1715 2757 inp.
1733 2723 1758 2749 2.
1855 2723 1878 2756 ⁹)
1895 2726 1966 2758 oppi-
1984 2735 2011 2755 45

313 2763 391 2788 danos
410 2762 434 2788 2.
514 2761 535 2795 f)
554 2771 672 2795 -cunque
690 2761 714 2787 3.
797 2762 822 2794 ⁸)
842 2763 1036 2794 querelantibus
1054 2762 1078 2789 3.
1160 2763 1187 2796 h)
1206 2765 1314 2790 ecclesie
1333 2765 1356 2790 1.
1369 2764 1394 2791 2.
1473 2765 1491 2798 i)
1509 2767 1659 2800 Meynevelt
1675 2767 1700 2792 3.
1777 2765 1803 2800 Β)
1822 2764 1930 2793 Thfiron
1942 2767 1967 2793 3.

312 2805 335 2839 1)
345 2807 485 2840 apendiciis
499 2805 524 2832 2.
601 2807 634 2839 ¹¹¹)
648 2810 718 2832 tenet
730 2805 753 2832 3.
833 2805 858 2840 ¹¹)
871 2807 1048 2832 iurisdiciones
1060 2806 1084 2832 2.
1159 2807 1184 2840 ⁰)
1197 2809 1410 2841 vrihemgerichte
1423 2808 1447 2835 3.
1526 2810 1551 2842 Ρ)
1563 2811 1709 2843 appellatur
1722 2811 1745 2836 1.
1824 2810 1849 2843 ι1)
1862 2811 1930 2837 deest
1943 2811 1967 2837 l.
