2158 3138
174 1814 223 1836 Oct.
235 1817 267 1836 19.

280 166 341 196 118

515 162 613 189 ACTA
632 162 746 189 REGNI
764 162 950 189 LUDEWICI
969 162 1015 189 IV.
1034 162 1081 189 ΕΤ
1099 162 1285 189 FRIDERICI
1304 163 1352 189 ΙΙΙ.
1390 163 1465 189 1314.
1503 162 1550 190 Nr.
1564 163 1623 190 119.
1642 163 1700 190 120.

278 249 372 288 datis,
395 252 492 291 prout
514 248 798 290 predecessoribus
821 249 886 280 suis
910 248 1018 280 facere
1042 248 1198 280 hactenus
1222 249 1442 290 consuevistis,
1464 252 1500 280 ut
1523 260 1565 281 ex
1587 249 1648 282 hoc
1663 253 1771 282 vestra
1793 250 1934 282 fidelitas

278 300 378 342 apudi
400 301 506 342 ipsum
531 304 564 331 et
587 310 712 332 sacrum
729 300 912 331 Romanum
927 299 1121 341 imperium*
1144 299 1266 331 debeat
1287 301 1404 331 merito
1428 301 1648 332 commendari
1671 311 1794 343 suaque
1814 301 1934 343 regalis

278 352 456 383 sublimitas
480 351 521 383 ad
546 362 595 391 ea,
620 362 683 393 que
707 344 870 383 afflvestri
893 354 995 382 status
1019 354 1053 383 et
1075 351 1206 383 honoris
1223 354 1434 393 augmentum
1455 351 1583 391 cedunt,
1606 362 1757 384 successu
1779 353 1933 395 temporis

279 414 321 435 ex
343 403 405 435 hoc
428 404 628 444 prestancius
651 404 811 434 incitetur.

387 455 462 487 Dat.
492 455 623 495 Bunne,
658 465 741 486 anno
776 454 908 485 Domini
941 453 1060 487 MOOO
1095 454 1352 496 quartodecimo,
1385 456 1417 486 in
1448 456 1587 487 crastino
1622 455 1719 488 beate
1753 456 1933 488 Katherine

277 507 418 548 virginis.

614 599 696 634 1020.
737 599 954 644 Supplicatio
976 599 1133 644 pontifici
1154 603 1327 644 porrecta.

1430 600 1517 635 Nov.
1538 601 1601 635 28.

391 672 571 712 Oriyinalia
593 672 656 704 duo
678 673 712 704 in
729 672 887 704 tabulario
910 683 1055 704 caesareo
1067 672 1307 704 Vindobonensi.
1345 673 1582 715 Descripsimus
1596 673 1643 705 vel
1658 673 1851 706 contulimus
1867 684 1934 706 nos.

387 731 616 772 Autoyraphon
635 734 648 762 1
665 742 723 771 per
743 731 882 772 siyillum
901 732 1130 772 archiepiscopi
1144 731 1338 764 Coloniensis
1357 743 1520 765 annexum
1535 736 1580 765 est
1593 733 1725 765 Decreto
1739 733 1897 766 electionis
1916 737 1929 766 1

277 792 379 822 supra
405 794 454 814 nr.
471 783 529 821 95‚·
561 784 603 822 cf.
627 793 736 822 supra.
784 783 947 823 Scriptum
975 785 1021 815 est
1048 793 1147 815 manu
1174 783 1298 815 diversa
1320 785 1360 816 ab
1382 784 1453 823 illa,
1483 795 1565 825 quae
1587 783 1716 816 Decreti
1737 784 1931 827 exemplaria

277 835 340 867 duo
362 835 516 867 exaravit.

605 836 836 876 Autoyraphon
851 838 870 868 2
889 846 950 876 per
970 835 1110 877 sigillum
1136 837 1259 868 comitis
1281 836 1430 868 Palatini
1459 836 1533 868 item
1554 846 1717 868 annexum
1739 839 1784 868 est
1798 835 1933 869 Decreta

278 886 436 918 electionis
459 889 477 918 2
506 898 607 927 supra
636 899 686 919 nr.
704 888 745 919 95
752 898 762 926 ‚⁴
796 887 838 929 cf.
862 898 972 927 supra.
1018 888 1183 929 Scriptum
1210 891 1256 920 est
1278 888 1386 920 eadem
1409 898 1519 925 manu,
1547 897 1630 928 quae
1651 887 1846 927 exemplam-ia
1871 887 1934 920 duo

279 937 407 969 Decreta·
434 948 483 969 nr.
501 938 542 969 95
568 939 702 979 itemque
728 939 889 978 exemplar
916 942 928 970 l
953 938 1082 971 Dccreti
1108 949 1158 971 nr.
1175 939 1217 970 94
1243 940 1380 979 scripsit.
1411 958 1454 964 —-
1483 939 1600 971 Edidit
1627 940 1672 971 K.
1692 939 1827 971 Zeumer
1861 938 1935 972 ‘Die

281 988 419 1021 Golden-2
441 989 546 1021 Bulle'
568 990 619 1028 II,
642 991 684 1021 53
706 1001 756 1022 nr.
772 992 795 1022 2
816 1001 855 1022 ea·
880 994 893 1022 1
919 993 949 1022 et
971 992 1001 1023 2.

386 1049 531 1088 Bohmer,
555 1050 630 1090 Req.
654 1051 766 1083 Ludw.
788 1062 821 1091 p.
837 1052 901 1082 239
926 1051 1158 1083 Reichssachen
1179 1061 1229 1082 nr.
1245 1053 1298 1083 46.

667 1132 693 1160 1.

344 1186 551 1219 sanctissimo
574 1189 607 1219 in
631 1188 758 1220 Christo
781 1189 866 1230 patri
889 1199 927 1220 ac
950 1188 1080 1220 domino

278 1243 481 1270 sacrosancte
498 1239 646 1274 Romane
669 1251 707 1271 ac
729 1241 919 1272 universalis
943 1241 1080 1272 ecclesie

279 1301 403 1322 summo
426 1291 570 1332 pontifici
593 1292 700 1323 futuro
778 1291 938 1324 Hem-icus
960 1292 1024 1323 Dei
1047 1295 1082 1324 et

279 1342 364 1374 sedis
393 1343 571 1384 apostolice
601 1344 712 1385 gracia
740 1347 850 1376 sancte
879 1344 1081 1376 Coloniensis

279 1394 415 1426 ecclesie
450 1394 711 1436 archiepiscopus
746 1396 829 1426 sacri
862 1396 991 1438 imperii
1022 1406 1082 1437 per

279 1445 408 1477 Italiam
436 1445 737 1478 archicancellarius
810 1447 928 1479 devota
960 1448 1081 1490 pedum

280 1497 390 1528 oscula
413 1497 592 1529 beatorum.

347 1552 373 1580 1.
409 1549 491 1580 Cum
514 1560 617 1591 nuper
640 1560 699 1591 per
721 1554 859 1582 mortem
877 1551 950 1582 dive
974 1561 1081 1582 recor-

279 1600 423 1632 dacionis
456 1601 618 1642 quondam
649 1601 769 1633 domini
797 1602 931 1634 Henrici
959 1602 1081 1634 Roma-

277 1663 392 1683 norum
408 1653 613 1694 imperatoris
630 1657 765 1685 vacante
778 1653 926 1685 Romano
944 1655 1081 1697 imperio

279 1704 348 1735 dies
377 1708 479 1745 certa,
510 1706 683 1736 crastinum
714 1705 865 1737 videlicet
898 1706 1082 1738 festivitatis

279 1756 368 1787 beati
401 1757 489 1787 Luce
525 1757 734 1798 ewangeliste
769 1758 959 1799 preteritum
995 1759 1080 1800 quod

280 1808 341 1838 fuit
374 1807 486 1839 XIIII.
518 1807 633 1839 Kalen.
660 1808 866 1850 Novembris,
901 1810 960 1841 sub
997 1821 1080 1842 anno

279 1859 409 1890 Domini
454 1859 626 1891 millesimo
672 1861 899 1893 trecentesimo
950 1866 1080 1903 quarto—

280 1910 406 1942 decimo
435 1910 476 1942 ad
507 1911 692 1952 eligendum
715 1912 936 1944 Romanorum
968 1924 1081 1955 regem

279 1963 311 1993 in
356 1962 499 1994 futurum
550 1963 780 2005 imperatorem
826 1966 1081 2006 promovendum

279 2013 393 2045 fuisset
415 2014 502 2055 apud
518 2014 744 2046 Frankenfurd
765 2018 983 2058 peremptorie
1007 2028 1081 2059 pre-

279 2065 344 2096 fixa
367 2076 426 2107 per
447 2076 500 2097 me
525 2070 558 2097 et
580 2066 661 2098 alios
685 2069 920 2109 comprincipes
950 2072 983 2100 et
1006 2080 1081 2100 coe-

280 2116 419 2148 lectores
452 2128 542 2149 meos
579 2119 628 2149 ius
661 2129 726 2150 una
763 2130 890 2151 mecum
924 2121 956 2151 in
995 2121 1080 2153 elec-

280 2169 367 2200 tione
391 2169 611 2201 Romanorum
634 2171 720 2212 regis
736 2171 903 2212 habentes,
917 2172 1080 2214 michique

280 2223 413 2261 propter
450 2221 651 2261 inimicicias,
691 2233 770 2264 quas
811 2224 1010 2255 reverendus
1047 2225 1081 2256 in

282 2271 409 2303 Christo
437 2275 531 2313 pater
559 2273 706 2304 dominus
729 2274 936 2307 Baldewinus
959 2276 1081 2308 Treve—

280 2324 382 2354 rensis
397 2324 533 2356 ecclesie
554 2325 816 2368 archiepiscopus
840 2330 873 2358 et
896 2328 1082 2369 spectabilis

281 2374 443 2406 Iohannes
460 2386 568 2407 eomes
584 2377 912 2420 Lutzclenburgensis
929 2379 1006 2411 dicti
1023 2380 1080 2411 do-

281 2426 359 2457 mini
380 2427 585 2468 imperatoris
600 2430 834 2471 primogenitus
851 2441 921 2462 cum
939 2432 1082 2472 ipsorum

281 2477 460 2510 fautoribus
484 2482 518 2510 et
533 2480 743 2522 complicibus
759 2485 870 2513 contra
890 2493 942 2514 me
958 2483 1083 2515 habue-

282 2532 355 2560 runt
373 2533 405 2561 et
420 2530 552 2570 habent,
570 2542 701 2563 securus
717 2532 758 2563 ad
775 2533 957 2574 predictum
976 2535 1083 2566 locum

282 2581 508 2613 Frankenford
545 2593 609 2614 non
639 2588 768 2625 pateret
798 2595 962 2626 accessus,
1000 2586 1084 2618 adeo

283 2633 369 2674 quod
392 2642 456 2665 non
480 2645 608 2675 possem
632 2635 754 2677 absque
778 2647 884 2668 rerum
913 2640 946 2668 et
969 2647 1084 2679 corpo-

387 2718 451 2745 119.
478 2719 497 2752 i)
514 2725 576 2753 aput
594 2721 618 2746 2.

387 2779 452 2807 120.
481 2780 503 2813 ὃ)
523 2782 597 2808 beate
614 2782 639 2808 2.

707 2721 732 2754 ¹‘)
752 2723 886 2755 imperium
905 2725 1048 2749 Romanum
1066 2723 1090 2750 2.

1522 1132 1550 1161 2.

1199 1189 1407 1221 Sanctissimo
1430 1190 1462 1221 in
1487 1189 1614 1221 Christo
1637 1189 1721 1231 patri
1744 1198 1782 1219 ac
1802 1187 1933 1220 domino

1134 1265 1166 1271 ..
1191 1244 1394 1273 sacrosancte
1421 1241 1569 1273 Romane
1598 1251 1637 1272 ac
1663 1240 1853 1272 universalis
1881 1250 1934 1272 ec-

1133 1292 1231 1323 clesie
1255 1303 1380 1324 summo
1404 1293 1547 1334 pontifici
1569 1292 1677 1324 futuro
1761 1291 1935 1324 Heinricus

1133 1343 1197 1375 Dei
1214 1345 1319 1386 gratia
1335 1347 1444 1376 sancte
1459 1343 1660 1376 Coloniensis
1676 1343 1813 1376 ecclesie
1830 1342 1934 1375 archi-

1135 1397 1313 1438 episcopus,
1337 1396 1421 1427 sacri
1443 1396 1571 1437 imperii
1595 1406 1654 1437 per
1676 1395 1805 1427 Italiam
1829 1395 1934 1427 archi-

1134 1447 1356 1488 cancellarius,
1439 1448 1556 1480 devota
1579 1447 1699 1489 pedum
1723 1447 1833 1479 oscula
1855 1447 1932 1478 bea-

1135 1504 1249 1532 torum.

1204 1555 1230 1583 1.
1256 1551 1336 1583 Cum
1353 1562 1456 1593 nuper
1472 1562 1531 1593 per
1543 1554 1681 1583 mortem
1695 1550 1767 1582 dive
1784 1549 1935 1582 recorda-

1135 1604 1229 1635 tionis
1256 1602 1419 1645 quondam
1447 1603 1569 1634 domini
1595 1602 1742 1634 Heinrici
1770 1601 1934 1633 Romano-

1134 1665 1204 1686 rum
1234 1655 1438 1696 imperatoris
1461 1658 1596 1686 vacante
1622 1655 1771 1686 Romano
1798 1653 1935 1695 imperio

1135 1707 1204 1738 dies
1235 1710 1338 1743 certa,
1371 1707 1543 1738 crastinum
1571 1706 1724 1738 videlicet
1752 1705 1936 1737 festivitatis

1135 1758 1223 1790 beati
1231 1763 1245 1777 ²
1254 1758 1343 1789 Luce
1357 1758 1565 1800 ewangeliste
1576 1758 1766 1800 preteritum
1779 1756 1866 1799 quod
1876 1756 1937 1788 fuit

1134 1810 1246 1841 XIIII.
1259 1809 1374 1841 Kalen.
1392 1809 1596 1849 Novembris,
1621 1809 1680 1840 sub
1702 1819 1785 1841 anno
1805 1808 1937 1840 Domini

1134 1861 1305 1893 millesimo
1323 1862 1551 1893 trecentesimo
1563 1861 1805 1903 quartodecimo
1823 1859 1865 1892 ad
1877 1859 1936 1891 eli-

1134 1913 1275 1954 gendum
1282 1913 1502 1945 Romanorum
1514 1923 1627 1955 regem
1636 1914 1668 1944 in
1678 1912 1819 1944 futurum
1833 1913 1936 1954 impe-

1135 1968 1276 1997 ratorem
1286 1965 1542 2007 promovendum
1552 1965 1666 1996 fuisset
1676 1965 1762 2007 apud
1769 1964 1936 1996 Franken-

1135 2016 1224 2057 ffird,
1249 2017 1354 2048 locum
1378 2016 1419 2048 ad
1443 2017 1504 2048 hoc
1527 2017 1657 2048 solitum
1681 2020 1714 2048 et
1737 2020 1936 2056 consuetum,

1135 2069 1354 2111 peremptorie
1379 2069 1503 2110 prefixa
1527 2079 1585 2110 per
1612 2079 1670 2100 nos
1697 2071 1730 2100 et
1753 2068 1833 2100 alios
1859 2078 1936 2099 con-

1135 2122 1296 2162 principes
1332 2125 1365 2152 et
1398 2121 1597 2152 coelectores
1631 2123 1756 2151 nostros
1789 2120 1839 2151 ius
1872 2120 1938 2151 una

1135 2172 1303 2204 nobiscum
1338 2173 1370 2203 in
1405 2172 1564 2204 electione
1595 2171 1816 2203 Romanorum
1850 2171 1938 2214 regis

1136 2224 1306 2264 habentes,
1322 2224 1478 2265 nobisque
1494 2227 1628 2265 propter
1642 2223 1840 2263 inimicicias,
1857 2233 1938 2265 quas

1136 2276 1305 2308 reverendi
1339 2276 1372 2307 in
1402 2275 1530 2307 Christo
1560 2278 1671 2317 patres
1699 2278 1732 2307 et
1759 2275 1880 2307 domini
1903 2298 1911 2306 .
1929 2299 1936 2306 .

1135 2328 1389 2370 Moguntinensis
1419 2330 1452 2358 et
1481 2352 1486 2358 .
1512 2351 1518 2358 .
1547 2327 1756 2359 Treverensis
1783 2326 1937 2358 ecclesia-

1137 2390 1206 2411 rum
1229 2379 1463 2421 archiepiscopi
1486 2382 1520 2411 et
1542 2378 1658 2410 nobilis
1681 2379 1729 2409 vir
1750 2377 1938 2410 Gerhardus

1138 2442 1246 2463 comes
1259 2431 1447 2462 Iuliacensis
1465 2441 1536 2462 cum
1554 2431 1696 2472 ipsorum
1710 2430 1890 2462 fautoribus
1906 2432 1939 2462 et

1137 2483 1348 2525 complicibus
1361 2485 1472 2514 contra
1487 2493 1545 2514 nos
1560 2482 1744 2514 habuerunt
1759 2485 1792 2513 et
1807 2481 1938 2522 habent,

1137 2545 1267 2566 securus
1294 2534 1336 2566 ad
1366 2534 1547 2576 predictum
1574 2534 1682 2565 locum
1710 2532 1938 2565 Frankenffird

1137 2597 1201 2617 non
1224 2589 1353 2628 pateret
1369 2596 1528 2627 accessus,
1548 2585 1631 2617 adeo
1648 2585 1734 2627 quod
1750 2596 1814 2616 non
1828 2595 1940 2627 posse-

1137 2649 1207 2670 mus
1231 2638 1354 2680 absque
1377 2648 1484 2669 rerum
1509 2640 1542 2669 et
1564 2638 1707 2679 corporis
1730 2637 1874 2679 periculo
1897 2636 1939 2667 ad

1949 794 1977 815 1⁰

1951 1059 1977 1077 15

1953 1609 1986 1629 25.

1956 2129 1990 2149 ³5.

1958 2647 1993 2667 4⁵.
