2124 3132
9 1053 18 1078 μ’
10 1026 14 1028 Α
0 963 15 1006 7,ss
0 800 13 955 ww-wvr=1z

0 1113 15 1231 ”uu-›swa-

613 193 830 221 TRACTATUS
849 193 896 221 DE
915 194 1129 222 ELECTIONE.
1167 195 1242 223 1814.
1279 196 1327 223 Nr.
1341 197 1383 224 27.
1789 206 1824 233 31

172 282 324 325 episcopo
350 283 384 313 et
404 280 567 312 nobilibus
592 279 826 322 assignabimus
849 281 978 312 nomine
1002 284 1036 312 et
1059 291 1101 313 ex
1117 285 1209 323 parte
1226 282 1302 314 dicti
1318 283 1551 325 archiepiscopi
1568 289 1601 315 et
1617 295 1676 326 per
1692 285 1828 317 eundem

171 332 372 366 Fridericum
389 331 504 364 ducem
521 331 654 364 fratrem
670 334 814 363 nostrum
830 331 986 373 assignari
1003 332 1159 364 faciemus
1175 332 1367 374 Ensisheim,
1392 334 1620 377 Richembmg,
1644 336 1828 378 Bergheim.

171 383 368 426 Ortemberg
384 386 418 415 et
432 382 590 415 Bilestein
613 393 684 414 cum
702 381 860 424 dominiis,
884 383 1006 415 iuribus
1029 387 1063 415 et
1085 384 1264 416 redditibus
1287 386 1444 417 universis
1461 386 1680 428 spectantibus
1703 387 1744 419 ad
1762 389 1828 430 ipsu

171 437 242 468 iure
271 434 468 468 hereditario
497 433 540 466 ad
568 431 627 466 n'os
654 436 687 466 et
715 434 821 475 ipsum
850 433 965 466 ducem
989 434 1188 468 Fridcricum
1216 437 1424 478 pertinentia,
1456 437 1596 469 tenenda
1618 438 1766 470 similiter
1788 441 1829 471 ab

140 499 152 519 ο
172 488 326 530 episcopo
350 490 384 518 et
398 485 560 518 nobilibus
574 486 762 518 memoratis
778 485 836 517 sub
853 486 957 518 forma
972 486 1128 528 predicta,
1151 487 1274 519 scilicet
1290 488 1375 530 quod
1393 493 1465 530 post
1481 489 1618 521 eandem
1635 489 1827 522 dominicam

169 538 337 571 Invocavit
364 537 459 569 simili
490 536 602 576 modo,
631 537 659 568 si
686 537 727 569 de
756 537 842 569 dicto
871 541 1006 579 argento
1036 549 1099 570 non
1128 539 1226 571 fuerit
1255 540 1316 581 ipsi
1347 540 1591 582 archiepiscopo
1619 541 1828 576 satisfactum.

170 593 265 622 erunt
295 590 411 631 pignus
447 588 511 620 una
544 598 615 620 cum
648 588 720 619 aliis
747 588 976 620 munitionibus
1007 589 1159 631 predictis
1190 590 1231 622 ad
1263 591 1433 632 imperium
1464 592 1698 632 pertinentibus
1731 594 1829 635 ipsiu„

169 641 404 683 archiepiscopi
427 651 486 683 pro
509 642 644 681 argento
667 643 857 672 memorato.
895 639 938 672 Et
961 640 1037 672 dicti
1062 642 1232 683 episcopus
1256 646 1289 674 et
1312 642 1437 674 nobiles
1460 642 1615 674 tenebunt
1637 645 1829 676 munitiones

170 691 314 735 prefatas
336 692 465 724 nomine
487 691 588 732 ipsius
611 690 847 733 archiepiscopi
871 694 904 723 et
927 691 968 723 ad
992 702 1066 723 usus
1090 702 1164 723 suos
1188 696 1354 735 tamquam
1376 694 1492 735 pignus
1509 694 1653 726 eiusdem
1670 706 1727 736 pro
1742 695 1828 727 dicto

128 755 153 776 ιο
171 746 317 786 argente,
341 746 374 776 et
397 742 552 786 quicquid
574 743 660 782 ultra
683 752 844 784 expensas
867 742 1024 775 dictarum
1049 744 1261 776 munitionum
1285 745 1325 776 de
1343 745 1521 776 redditibus
1537 749 1570 777 et
1585 745 1829 778 obventionibus

170 794 376 837 perceperint
398 793 597 835 earumdem,
620 794 682 825 hoc
705 796 808 826 totum
832 794 1069 827 conservabunt
1091 794 1344 837 archiepiscopo,
1369 796 1445 827 dum
1468 797 1659 838 requisierit,
1687 796 1827 829 dandum

169 847 202 878 in
232 845 425 878 solutionem
454 845 555 878 debiti
585 845 764 878 memorati.
810 844 854 877 Et
882 846 909 876 si
938 846 1046 878 forsan
1080 850 1213 888 propter
1240 846 1361 878 dictum
1391 846 1587 889 obstagium,
1617 849 1648 879 in
1680 859 1742 890 quo
1773 859 1828 880 eos

169 897 275 930 iacere
305 897 474 939 contingit,
506 896 720 939 personaliter
747 896 846 938 aliqui
878 907 990 928 eorum
1017 897 1076 928 has
1102 898 1297 930 munitiones
1323 898 1483 930 custodire
1511 909 1573 930 non
1598 903 1740 940 possent,
1771 910 1828 941 per

159 948 308 982 ⁴heredes
331 959 443 997 eorum
466 947 627 985 velffalias
654 958 808 990 personas
831 947 945 980 fideles
968 949 1054 990 ipsas
1078 949 1271 981 munitiones
1294 949 1414 981 faciant
1437 949 1588 981 custodiri
1612 960 1670 991 pro
1694 951 1827 992 pignore

126 1012 151 1034 u
168 998 580 1042 ad-usussfffliiopisoopi
609 999 773 1031 antedicti.
819 998 854 1031 Si
885 1003 993 1031 autem
1028 999 1172 1041 prefatas
1203 1001 1396 1033 munitiones
1431 1002 1590 1033 tenuerint
1624 1012 1682 1043 per
1710 1012 1826 1034 annum

162 1052 344 1094 integrum,
381 1051 467 1084 dicto
502 1053 637 1093 argento
671 1051 734 1093 ipsi
770 1050 1014 1093 archiepiscopo
1046 1062 1110 1083 non
1144 1051 1264 1092 soluto,
1298 1052 1384 1084 dicte
1418 1053 1610 1084 munitiones
1637 1053 1827 1090 Ensinheim,

168 1102 404 1146 Richemberg,
433 1102 625 1145 Bergheim,
655 1101 851 1144 Orternberg
880 1106 914 1134 et
935 1102 1093 1135 Bilestein
1121 1113 1193 1135 cum
1222 1105 1287 1135 suis
1315 1105 1510 1144 attinenciis,
1538 1105 1607 1136 iure
1630 1104 1827 1136 hereditario

169 1154 212 1187 ad
238 1166 296 1188 nos
327 1158 361 1188 et
389 1155 506 1187 fratres
533 1157 659 1186 nostros
688 1154 903 1196 pertinentes,
933 1154 983 1186 vel
1013 1155 1110 1186 etiam
1139 1156 1166 1186 si
1188 1166 1251 1187 non
1275 1156 1394 1187 fuerint
1416 1157 1578 1197 assignate
1602 1167 1660 1197 pro
1683 1157 1827 1198 pignore,

168 1210 205 1239 ut
231 1210 281 1239 est
310 1206 444 1246 dictum,
474 1206 566 1248 lapso
594 1215 678 1238 anno
702 1215 722 1237 a
745 1205 905 1237 dominica
928 1205 1095 1238 Invocavit
1122 1206 1270 1248 predicta
1298 1208 1329 1239 in
1357 1208 1443 1239 omni
1472 1218 1511 1239 eo
1539 1208 1623 1247 iure,
1654 1218 1717 1249 quo
1744 1218 1826 1238 nunc

124 1268 152 1291 ιο
169 1257 261 1290 nobis
289 1261 322 1290 et
348 1257 501 1290 fratribus
527 1257 644 1289 nostris
673 1257 826 1294 attinent,
857 1257 974 1289 cedent
1002 1260 1035 1289 et
1062 1257 1179 1290 cedere
1203 1258 1324 1290 debent
1347 1262 1504 1300 perpetuo
1528 1258 1771 1300 archiepiscopo
1795 1263 1827 1290 et

169 1309 306 1342 ecclesie
331 1309 516 1342 Coloniensi
544 1319 603 1351 pro
632 1312 768 1351 argento
795 1312 975 1340 memorato
1005 1312 1038 1340 et
1067 1310 1098 1340 in
1129 1320 1246 1351 penam
1277 1310 1475 1352 negligentie
1505 1310 1672 1341 solutionis
1701 1311 1825 1351 argenti

169 1361 323 1394 eiusdem.
371 1360 459 1398 Quas
490 1360 622 1403 quidem
649 1361 843 1392 munitiones
873 1371 931 1391 nos
957 1361 1008 1391 vel
1038 1361 1155 1402 prefati
1186 1362 1357 1403 episcopus
1387 1365 1420 1393 et
1449 1361 1574 1392 nobiles
1603 1361 1690 1392 dicto
1721 1361 1825 1392 archi-

169 1413 322 1455 episcopo
355 1413 408 1444 vel
443 1423 482 1445 ea
516 1423 574 1444 suo
609 1413 738 1444 nomine
773 1413 949 1454 requirenti
986 1416 1059 1454 post
1096 1413 1195 1454 ipsius
1229 1413 1303 1444 anni
1340 1412 1467 1455 lapsum
1501 1413 1735 1454 assignabimus
1768 1423 1825 1444 seu

169 1464 377 1507 assignabunt
399 1468 433 1497 et
455 1464 498 1496 ad
520 1463 554 1496 id
576 1474 611 1496 se
634 1465 849 1496 iuramentum
873 1474 965 1495 suum
989 1464 1202 1506 corporaliter
1225 1464 1310 1496 dicto
1334 1465 1577 1506 archiepiscopo
1601 1465 1768 1506 prestitum
1790 1476 1824 1494 se

124 1515 361 1558 nobligarunt,
386 1519 419 1548 et
439 1516 468 1547 si
491 1516 686 1547 contrarium
709 1515 796 1558 quod
819 1515 903 1547 absit
926 1515 1080 1555 facerent,
1104 1519 1230 1547 reatum
1253 1516 1384 1558 periurii
1407 1516 1587 1548 inciderent
1602 1520 1636 1547 et
1651 1515 1691 1547 de
1708 1515 1823 1547 eodem

168 1568 261 1610 argui
294 1571 428 1610 possent
459 1570 493 1599 et
527 1567 695 1600 deberent.
752 1566 825 1599 Hoc
860 1570 998 1609 excepto
1033 1567 1119 1609 quod
1154 1567 1240 1599 idem
1276 1568 1447 1609 episcopus
1477 1568 1718 1609 Argentinensis
1752 1567 1823 1598 loco

167 1619 339 1652 iuramenti
366 1619 524 1661 prestabit
550 1618 649 1650 fidem
672 1629 769 1660 super
792 1618 867 1658 hiis,
897 1622 933 1649 ut
957 1623 1005 1650 est
1028 1629 1097 1650 mos
1121 1620 1151 1650 in
1176 1618 1293 1650 talibus
1316 1619 1551 1660 episcoporum.
1596 1617 1664 1649 Nec
1687 1629 1745 1649 nos
1768 1624 1823 1649 aut

167 1670 295 1715 prefati*
309 1670 439 1702 obsides
456 1681 475 1702 a
491 1670 676 1712 supradicto
701 1670 848 1712 obstagio
872 1669 1091 1710 liberabimur,
1115 1670 1218 1702 donec
1242 1670 1368 1712 prefata
1385 1674 1489 1701 castra
1504 1674 1612 1701 nostra
1628 1669 1823 1701 hereditaria

168 1732 241 1754 cum
275 1722 340 1753 suis
375 1722 556 1754 attinenciis
589 1721 651 1763 ipsi
684 1721 928 1763 archiepiscopo
959 1724 992 1752 et
1021 1721 1156 1753 ecclesie
1187 1732 1244 1753 sue
1272 1721 1454 1753 Coloniensi
1486 1721 1527 1752 ab
1558 1721 1635 1762 ipsis
1666 1725 1822 1762 perpetuo

122 1783 150 1804 so
168 1773 319 1806 habenda
343 1776 376 1806 et
399 1773 540 1806 tenenda
562 1773 681 1805 fuerint
703 1773 876 1814 assignata.

279 1827 327 1857 13.
362 1824 572 1867 Deponemus
596 1825 694 1856 etiam
717 1835 776 1856 nos
801 1828 833 1856 et
856 1824 972 1856 fratres
995 1825 1095 1855 nostri
1119 1835 1213 1855 omne
1238 1823 1504 1866 impedimentum
1521 1823 1648 1865 siquod
1665 1823 1822 1862 subesset,

167 1871 337 1920 quominus
360 1877 476 1909 eadem
499 1879 605 1908 castra
629 1886 670 1908 ex
692 1875 839 1918 predicta
862 1886 959 1907 causa
981 1875 1023 1907 ad
1047 1875 1167 1907 dictum
1192 1875 1468 1917 arehiepiscopum
1493 1878 1527 1906 et
1544 1875 1714 1906 ecclesiam
1731 1884 1821 1905 suam

167 1928 295 1961 devolvi
323 1931 464 1970 possent.
509 1927 697 1960 Efficiemus
725 1928 823 1959 etiam
851 1931 885 1959 et
906 1926 1150 1969 procurabimus
1174 1927 1260 1969 quod
1284 1927 1399 1959 fratres
1422 1927 1522 1958 nostri
1545 1926 1663 1968 aliique
1687 1936 1821 1967 quorum

165 1981 301 2012 interest
328 1980 483 2026 suum-in
511 1979 676 2022 premissis
704 1989 894 2011 consensum
925 1978 1111 2011 adhibeant.
1158 1978 1278 2010 Contra
1307 1979 1464 2020 premissa
1491 1979 1589 2009 etiam
1611 1977 1663 2009 vel
1690 1976 1820 2018 aliquod

121 2040 148 2061 π
167 2042 278 2064 eorum
301 2042 360 2063 nos
382 2034 439 2063 aut
463 2031 579 2063 fratres
602 2031 701 2062 nostri
724 2034 781 2063 aut
802 2030 942 2062 heredes
964 2031 1062 2062 nostri
1086 2030 1206 2062 nullam
1233 2031 1426 2062 artationem
1449 2029 1569 2061 directe
1593 2029 1643 2060 vel
1667 2028 1820 2059 indirecte

165 2093 225 2128 per
250 2093 309 2116 nos
331 2083 383 2115 vel
413 2083 494 2115 alios
524 2082 608 2114 clam
635 2082 686 2114 vel
714 2081 886 2114 manifeste
914 2081 1070 2113 faciemus
1098 2091 1155 2113 seu
1182 2082 1251 2113 fieri
1279 2081 1535 2123 procurabimus,
1564 2081 1733 2123 quominus
1762 2079 1822 2111 hec

165 2135 272 2168 omnia
299 2134 385 2173 bona
411 2133 476 2166 fide
504 2133 733 2166 inviolabiliter
761 2133 980 2164 observentur.
1028 2132 1219 2175 Obligantes
1247 2143 1304 2164 nos
1331 2131 1373 2163 ad
1397 2132 1457 2163 hcc
1480 2142 1538 2173 per
1560 2131 1656 2163 fidem
1679 2134 1820 2162 nostram

163 2186 378 2230 corporaliter
399 2186 569 2228 prestitam
592 2185 783 2227 interposito
807 2185 998 2216 iuramento.

275 2241 324 2270 14.
357 2237 432 2270 Hoc
454 2241 564 2270 tamen
588 2237 715 2269 adiecto
739 2235 826 2279 quod
850 2235 925 2268 dum
949 2235 1053 2267 dictus
1076 2235 1177 2267 frater
1198 2239 1307 2267 noster
1323 2234 1505 2266 Fridericus
1521 2233 1587 2265 dux
1602 2234 1732 2266 Austris
1748 2240 1821 2276 post

119 2301 148 2322 ιο
165 2290 407 2323 coronationem
434 2290 466 2321 in
494 2299 530 2321 se
557 2289 719 2331 receperit
748 2287 940 2319 solutionem
972 2287 1085 2319 decem
1113 2287 1236 2319 milium
1266 2297 1446 2318 marcarum
1473 2286 1598 2328 argenti
1625 2285 1760 2327 predicti
1788 2291 1820 2316 et

167 2341 306 2374 eundem
329 2341 608 2383 archiepiscopum
633 2340 674 2372 de
697 2340 758 2371 hoc
781 2339 978 2371 sufficienter
1001 2339 1235 2371 assecuraverit
1250 2338 1309 2370 sub
1325 2338 1429 2370 forma
1445 2342 1478 2369 et
1494 2338 1641 2369 cautione
1658 2336 1819 2379 predictis

163 2392 248 2425 datis
270 2392 331 2425 sibi
354 2393 419 2424 suis
441 2392 558 2424 litteris
581 2391 686 2433 sigillo
710 2391 800 2433 regio
825 2394 858 2422 et
881 2390 1016 2422 aliorum
1040 2390 1082 2421 ad
1106 2390 1166 2422 hoc
1191 2389 1433 2432 expedientium
1455 2400 1551 2430 super
1574 2399 1623 2430 eo,
1654 2388 1740 2430 quod
1762 2398 1819 2419 nos

163 2447 281 2477 extunc
311 2444 351 2477 de
384 2444 543 2477 solutione
573 2443 650 2475 dicti
679 2443 805 2484 argenti
840 2453 899 2484 per
930 2452 988 2473 nos
1017 2441 1167 2473 facienda
1195 2441 1352 2474 debemus
1387 2451 1458 2472 esse
1489 2441 1583 2482 quiti,
1621 2439 1679 2471 sed
1712 2439 1818 2481 quoad

163 2495 346 2539 obstagium
374 2495 572 2538 explendum
596 2497 630 2526 et
652 2497 756 2526 castra
779 2497 812 2526 et
834 2494 1028 2525 munitiones
1051 2492 1183 2525 easdem
1207 2496 1242 2524 ut
1265 2496 1315 2524 est
1338 2492 1458 2523 dictum
1482 2491 1705 2533 assignandas,
1733 2490 1818 2532 quod

117 2558 146 2579 ⁴⁵
163 2547 196 2579 in
218 2547 280 2580 hoc
303 2547 540 2580 consentiamus
564 2549 598 2578 et
619 2546 870 2587 assignationem
894 2545 1083 2577 earumdem
1107 2545 1338 2586 contingentia,
1363 2542 1514 2585 quodque
1537 2543 1628 2574 firma
1650 2547 1682 2573 et
1698 2542 1819 2573 stabilis

163 2599 310 2631 amicicia
331 2601 442 2631 mutua
464 2598 548 2630 inter
570 2598 674 2639 ipsum
698 2597 830 2629 fratrem
853 2600 997 2628 nostrum
1020 2595 1222 2627 Fridericum
1250 2598 1282 2627 et
1305 2595 1424 2626 dietum
1449 2594 1722 2635 archiepiscopum
1747 2603 1817 2634 pcr-

164 2649 268 2692 duret,
291 2660 463 2692 procurare
488 2653 521 2682 et
544 2650 674 2682 efficere
698 2653 876 2689 teneamur,
900 2649 961 2690 ipsi
985 2647 1227 2690 archiepiscopo
1244 2657 1303 2689 per
1318 2647 1532 2678 iuramentum
1549 2650 1689 2676 nostrum
1707 2654 1816 2686 supra-

163 2701 285 2734 dictum
307 2712 438 2744 semper
459 2711 628 2734 remanere
651 2701 799 2733 volumus
822 2699 968 2742 obligati.

275 2755 322 2785 15.
361 2753 612 2786 Procurabimus
649 2753 748 2784 etiam
781 2751 868 2794 quod
904 2751 988 2783 dicte
1023 2751 1217 2782 munitiones
1250 2750 1386 2791 imperio
1421 2750 1593 2780 attinentes
1631 2747 1752 2778 tamdiu
1787 2747 1816 2777 in

118 2817 147 2838 so
165 2807 328 2846 potestate
353 2805 497 2847 episcopi
521 2808 555 2837 et
576 2803 733 2837 nobilium
756 2803 974 2845 predictorum
998 2806 1196 2841 remaneant,
1220 2811 1386 2843 quousque
1403 2800 1487 2831 dicte
1504 2800 1695 2831 munitiones
1711 2802 1816 2829 nostre
