2124 3132
331 170 371 198 54
775 166 993 194 TRACTATUS
1011 168 1059 195 DE
1077 168 1291 195 ELECTIONE.
1328 169 1403 196 1314.
1439 169 1487 196 Nr.
1501 169 1542 196 58.

794 293 853 329 58.
893 294 1065 339 Scriptum
1094 295 1249 330 alterum.
1355 294 1447 340 Sept.
1468 297 1528 330 12.

443 362 603 403 Oriyinale
625 363 698 404 (or.)
726 363 762 394 in
784 363 920 394 Musaeo
945 363 1134 396 Germanico
1156 363 1420 404 Norimberqensi.
1467 363 1704 404 Descripsimus
1731 376 1788 398 nos
1814 367 1888 407 ipsi.
1933 368 1989 400 Ex

330 414 443 455 viyinti
465 425 520 445 sex
541 414 654 454 siqillis
670 414 810 454 pendent
832 415 945 454 viyinta'
963 415 1102 454 quinque
1121 415 1188 453 sere
1209 415 1315 446 omnia
1331 425 1452 455 parum
1473 415 1560 448 laesa
1567 427 1577 455 ;
1600 417 1683 448 deest
1704 417 1844 458 sigillum
1866 420 1989 451 comitis

332 468 370 499 dc
396 466 576 499 Greisbach.

439 526 583 564 Bfflcmer,
607 526 682 566 Rey.
700 526 812 559 Ludw.
832 537 865 565 p.
878 526 944 557 237
967 525 1199 557 Reichssachen
1214 536 1263 558 nr.
1276 527 1328 558 24.
1366 526 1518 568 Reyesten
1534 528 1590 560 der
1607 528 1814 569 Psalzqrafen
1829 540 1879 562 nr.
1893 531 1988 564 1899.
2018 542 2031 561 s

440 586 553 617 Pauca
575 596 656 625 quae
681 586 714 616 in
736 596 806 625 cap.
823 586 841 616 1
866 586 1056 617 concordant
1073 596 1144 617 cum
1160 596 1278 626 arenqa
1294 587 1407 626 scripti
1427 598 1528 627 supra
1550 588 1594 620 ad
1615 599 1664 621 nr.
1684 590 1726 620 57
1748 590 1848 628 citati,
1872 590 1989 623 litteris

330 638 505 669 minoribus
528 637 711 668 eoecudenda
734 637 928 669 curavimus.

188 724 313 770 Ivem-²⁵⁹
442 726 467 754 1.
491 727 547 754 Nos
564 722 737 754 Ludwicus
761 727 812 754 Dei
827 727 924 761 gracia
947 733 1056 754 comes
1080 722 1240 764 palatinus
1255 723 1341 755 Reni
1358 723 1424 756 dux
1440 725 1591 757 Bawarie
1608 728 1879 769 recognoscimus,
1904 729 1990 770 quod

330 779 429 810 Deum,
452 777 607 809 iusticiam,
631 777 786 811 equitatem
805 786 912 804 necnon
930 778 1040 805 fidelem
1059 777 1241 812 diligenciam
1265 780 1294 805 et
1317 779 1478 806 devocionis
1500 780 1648 814 purissime
1673 783 1877 815 constanciam,
1902 792 1988 817 quam

330 829 499 857 venerabilis
516 830 599 863 pater
617 831 646 855 et
663 828 812 856 dominus*
836 829 964 856 dominus
982 829 1082 856 Petrus
1100 831 1196 857 sancte
1215 830 1404 865 Moguntfine)
1428 831 1502 857 sedis
1524 831 1753 868 archiepiscopus
1777 834 1850 861 sacri
1871 833 1984 869 imperii
2006 841 2033 863 ιο

330 889 379 915 per
397 880 574 907 Germaniam
592 879 857 907 archicancellarius
876 880 950 907 circa
969 889 1018 907 nos
1037 882 1066 907 et
1084 881 1171 908 nostri
1191 881 1395 909 exaltacionem
1414 882 1502 909 habet
1517 884 1549 910 et
1566 883 1668 911 habuit
1687 893 1750 911 cum
1763 885 1872 918 effectu,
1897 887 1991 914 nostre

330 933 566 961 consideracionis
587 933 675 960 oculis
696 935 895 968 preponentes,
919 929 1124 970 promisimus
1148 932 1182 961 et
1196 934 1390 969 promittimus
1406 935 1534 968 fideliter,
1559 935 1646 964 immo
1663 939 1764 971 sponte
1781 946 1814 965 ae
1833 938 1992 967 liberaliter

329 994 380 1012 nos
404 994 454 1019 per
477 985 559 1012 fidem
574 986 702 1012 nostram
719 983 752 1011 et
773 980 990 1011 iuramentum
1013 983 1168 1022 nostrum,
1193 981 1280 1023 quod
1303 992 1366 1013 una
1390 992 1463 1014 cum
1485 983 1730 1016 fideiussoribus
1752 986 1870 1017 nostris
1891 986 1991 1018 infra·
2022 990 2025 996 ’

330 1032 455 1073 scriptis
478 1032 572 1063 tactis
595 1032 807 1063 sacrosanctis
830 1032 1041 1073 corporaliter
1068 1032 1209 1074 desuper
1236 1034 1448 1075 prestitimus,
1473 1039 1643 1074 obligamus,
1667 1041 1743 1075 quod
1763 1041 1787 1068 si
1802 1042 1876 1069 forte
1892 1042 1991 1071 divina

330 1088 512 1122 providencia
528 1088 697 1122 disponente
714 1087 751 1114 ad
768 1087 916 1122 fastigium
934 1087 993 1115 sive
1010 1088 1122 1115 culmen
1136 1089 1214 1123 regie
1229 1089 1389 1116 maiestatis
1406 1091 1487 1125 regni
1503 1091 1624 1118 Romani
1636 1092 1755 1127 provehi
1766 1101 1818 1120 nos
1831 1093 1989 1128 contingat,
2008 1098 2034 1123 t}

329 1134 507 1166 venerabili
534 1134 664 1166 domino
691 1134 821 1176 P(etro)
851 1134 1095 1176 archiepiscopo
1123 1135 1270 1177 predicto
1299 1139 1332 1167 et
1364 1137 1503 1169 ecclesie
1530 1138 1747 1180 Moguntfine)
1778 1139 1926 1172 dabimus
1960 1144 1994 1175 et

329 1186 608 1227 appropriabimus
632 1189 771 1218 castrum
796 1189 829 1217 et
853 1186 1007 1227 oppidum
1032 1197 1070 1218 ac
1095 1187 1263 1229 antiquum
1288 1187 1444 1229 oppidum
1461 1188 1626 1220 Winheim
1651 1200 1723 1222 cum
1746 1192 1831 1223 villis
1848 1191 1992 1225 Luden-

330 1234 418 1269 bach'
442 1240 475 1269 et
503 1237 679 1270 medietate
702 1237 778 1269 ville
801 1237 1058 1278 Hemmesbach,
1087 1249 1150 1280 que
1180 1239 1222 1270 ad
1251 1239 1385 1271 fratrem
1414 1243 1559 1272 nostrum
1590 1244 1623 1273 et
1649 1252 1707 1273 nos
1734 1243 1892 1284 pertinet,
1921 1253 1993 1278 cum

332 1289 478 1320 omnibus
501 1288 622 1320 iuribus
646 1291 679 1320 et
701 1289 908 1330 pertinenciis
932 1289 1118 1321 eorundem.

440 1340 527 1372 2.⁴Si
550 1351 626 1372 vero
654 1340 769 1376 medio¹
790 1343 937 1383 tempore
965 1346 1106 1373 castrum
1136 1345 1168 1373 et
1199 1342 1354 1384 oppidum
1379 1342 1544 1375 Winheim
1575 1344 1720 1376 fortassis
1747 1345 1994 1386 redimerentur,
2011 1355 2038 1375 ¹⁰

331 1395 448 1423 extunc
472 1391 635 1433 predictus
659 1391 807 1423 dominus
826 1392 1087 1434 archiepiscopus
1104 1394 1244 1435 quinque
1262 1393 1351 1425 milia
1368 1393 1523 1426 librarum
1539 1395 1782 1438 Hallen(sium),
1804 1408 1864 1440 pro
1880 1397 1995 1442 quibus

330 1445 434 1485 primo
458 1444 602 1486 obligata
625 1443 768 1484 fuerunt,
795 1443 887 1474 nobis
910 1443 1041 1483 reddet,
1073 1444 1202 1486 quando
1227 1455 1267 1477 ea
1290 1445 1351 1477 sibi
1374 1447 1708 1490 appropriaverimus‚
1732 1449 1785 1480 vel
1809 1449 1850 1481 de
1873 1449 1989 1483 decem

331 1495 460 1526 milibus
482 1505 674 1536 marcarum,
699 1505 779 1537 quas
802 1495 863 1526 sibi
888 1495 1046 1537 dabimus,
1071 1506 1128 1527 eas
1151 1497 1244 1528 nobis
1267 1497 1453 1529 defalcabit.

440 1549 468 1578 3.
492 1547 577 1578 Item
599 1547 825 1588 promittimus,
849 1547 936 1588 quod
959 1550 1099 1579 castrum
1122 1548 1333 1580 Richenste'm
1357 1549 1504 1581 dabimus
1528 1553 1562 1582 et
1585 1552 1842 1593 presentabimus
1865 1552 1992 1595 prefato

332 1598 461 1629 domino
491 1599 732 1641 archiepiscopo
764 1602 797 1630 et
826 1599 964 1630 ecclesie
996 1599 1194 1642 Moguntine.
1248 1600 1353 1643 Super
1383 1601 1468 1632 villis
1502 1612 1580 1634 vero
1611 1602 1930 1648 Drechtingeshusen
1961 1609 1994 1637 et
2012 1613 2038 1632 π

332 1649 515 1681 Heimbach
538 1651 696 1692 superiori
719 1653 752 1681 et
774 1650 919 1682 inferiori
941 1661 1000 1682 nos
1023 1651 1223 1693 deponemus
1246 1653 1453 1694 violenciam,
1479 1664 1541 1696 que
1565 1655 1597 1685 in
1623 1655 1746 1687 eisdem
1770 1656 1856 1688 facta
1879 1659 1930 1688 est
1952 1655 1994 1688 ab

332 1712 370 1733 eo
395 1704 552 1743 tempore,
576 1705 746 1744 postquam
770 1706 909 1734 castrum
932 1703 1142 1736 Richenstein
1166 1715 1208 1736 ex
1230 1708 1323 1747 parte
1347 1705 1454 1737 fratris
1483 1707 1583 1738 nostri
1613 1710 1646 1738 et
1674 1711 1783 1740 nostra
1808 1707 1994 1740 edificatum

332 1756 390 1794 est,
414 1754 652 1786 manutenendo
677 1754 841 1786 dominum
865 1755 1142 1797 archiepiscopum
1165 1757 1198 1787 in
1222 1758 1424 1798 possessione
1448 1768 1569 1799 earum,
1593 1762 1688 1801 prout
1704 1762 1779 1791 tunc
1797 1769 1853 1791 eas
1868 1759 1994 1801 habuit,

332 1808 365 1836 et
388 1804 428 1836 de
452 1809 561 1836 cetero
585 1806 767 1838 huiusmodi
790 1807 981 1838 violenciam
1004 1818 1067 1838 non
1090 1809 1314 1849 permittemus
1337 1809 1407 1840 fieri
1430 1810 1461 1840 in
1486 1810 1532 1841 eis
1555 1811 1588 1841 in
1618 1821 1656 1842 eo
1680 1813 1766 1842 statu
1791 1814 1824 1842 et
1847 1811 1931 1852 iure,
1961 1811 1994 1842 in

333 1867 395 1898 quo
420 1856 549 1888 fuerunt
570 1858 668 1899 prius,
691 1859 918 1899 permansuris.
2013 1871 2038 1891 so

441 1911 470 1940 4.
494 1909 579 1940 Item
605 1920 663 1951 pro
694 1910 845 1951 expensis
876 1913 909 1941 et
941 1910 1120 1952 laboribus,
1156 1921 1236 1953 quos
1271 1911 1435 1952 predictus
1472 1912 1620 1944 dominus
1655 1913 1917 1956 archiepiscopus
1951 1913 1992 1946 ad

331 1960 523 2001 sollempnia
546 1964 579 1992 et
600 1962 782 1993 necessaria
803 1962 974 1993 eleccionis
990 1965 1097 1994 nostre
1115 1962 1192 1994 fecit
1209 1966 1241 1994 et
1257 1962 1364 2004 faciet,
1388 1963 1450 1995 sibi
1467 1963 1615 1996 dabimus
1632 1968 1664 1996 et
1680 1965 1758 1996 dare
1775 1965 1994 2007 promittimus

333 2012 445 2043 decem
470 2013 559 2044 milia
581 2023 762 2044 marcarum
785 2014 910 2055 argenti
933 2014 1019 2055 puri,
1050 2025 1109 2056 pro
1134 2014 1249 2056 quibus
1276 2015 1336 2046 sibi
1365 2015 1602 2056 obligabimus⁸
1632 2019 1773 2048 castrum
1796 2016 1994 2049 Lindenvels

333 2074 405 2095 cum
428 2064 520 2095 bonis
543 2066 684 2106 acceptis
708 2065 748 2097 de
772 2065 908 2096 abbacia
934 2066 966 2096 in
989 2066 1085 2107 Lors,
1115 2076 1178 2107 que
1201 2066 1324 2098 ibidem
1348 2067 1413 2098 iam
1441 2068 1611 2099 actualiter
1635 2067 1834 2110 deserviunt,
1859 2071 1892 2100 et
1921 2078 1993 2100 cum

333 2115 404 2146 aliis
427 2117 490 2147 suis
513 2117 720 2157 pertinenciis
742 2117 899 2148 universis
912 2118 932 2148 ¹.
2013 2129 2039 2149 ιο

441 2170 469 2198 5.
495 2167 692 2199 Consiliariis
716 2179 844 2210 quoque
867 2168 1004 2210 predicti
1027 2168 1149 2200 domini
1172 2169 1407 2212 archiepiscopi
1432 2170 1579 2202 dabimus
1603 2171 1691 2203 mille
1718 2182 1845 2203 marcas
1869 2171 1995 2213 argenti

329 2219 414 2260 puri,
448 2230 526 2260 quas
555 2220 588 2250 in
615 2219 903 2262 Asschaffemburg
929 2220 1122 2261 pagabimus
1153 2222 1282 2253 nomine
1312 2222 1501 2254 eorumdem
1530 2223 1784 2255 consiliariorum
1810 2222 1993 2255 wolframo

331 2270 533 2302 vicedomino
557 2271 913 2314 Asschaffemburgensi
937 2275 970 2303 et
992 2272 1171 2314 Conr(ado)
1195 2272 1280 2305 dicto
1304 2273 1399 2306 Rode
1424 2274 1564 2306 officiato
1591 2275 1624 2306 in
1647 2273 1876 2316 Wildemberg
1904 2277 1938 2306 et
1959 2275 1993 2306 in
2018 2280 2019 2284 ’

213 2323 320 2368 fflfgs
335 2322 418 2353 festo
442 2322 568 2353 Pasehe
592 2323 740 2364 proximo
763 2323 994 2364 persolvemus

441 2376 470 2405 6.
493 2373 535 2405 Et
557 2375 773 2416 promittimus
797 2385 855 2416 per
877 2374 975 2406 fidem
999 2378 1032 2407 et
1054 2377 1270 2408 iuramentum
1293 2379 1451 2419 nostrum,
1477 2377 1563 2419 quod
1586 2377 1734 2419 predicta
1759 2378 1866 2410 omnia
1890 2377 1994 2410 adim·
2012 2387 2040 2407 ιο

333 2425 493 2467 plebimus
516 2426 599 2457 infra
622 2429 688 2458 tres
711 2437 838 2458 menses
861 2428 1043 2467 continuos,
1072 2431 1246 2470 postquam
1269 2428 1372 2470 Aquis
1396 2429 1541 2460 coronati
1565 2429 1721 2461 fuerimus
1743 2430 1797 2461 vel
1820 2433 1996 2472 postquam

335 2488 407 2508 cum
432 2477 561 2509 domino
584 2477 726 2509 Rudolfo
750 2478 848 2509 fratre
871 2482 979 2510 nostro
1004 2478 1159 2511 fuerimus
1186 2480 1389 2521 concordati,
1418 2479 1459 2512 ad
1487 2480 1574 2522 quod
1602 2482 1688 2512 omni
1716 2480 1791 2513 dolo
1820 2484 1854 2512 et
1880 2481 1995 2513 fraude

336 2529 475 2560 exclusis
497 2529 715 2560 laborabimus
739 2540 810 2561 cum
835 2530 963 2570 effectu,
987 2531 1032 2562 ita
1053 2534 1090 2562 ut
1113 2531 1339 2574 quodcumque
1364 2542 1406 2564 ex
1427 2532 1591 2574 predictis,
1616 2533 1683 2564 sive
1701 2533 1870 2564 coronacio
1885 2534 1996 2564 nostra

335 2581 402 2612 sive
423 2581 593 2612 concordia
609 2591 681 2612 cum
698 2581 796 2613 fratre
813 2585 921 2613 nostro
938 2583 1025 2623 prius
1041 2583 1222 2624 contigerit,
1246 2583 1288 2615 ad
1304 2583 1451 2625 predicta
1468 2585 1575 2615 omnia
1591 2584 1800 2626 adimplenda
1817 2587 1995 2616 teneamur.

335 2632 488 2673 Alioquin
517 2632 543 2663 si
570 2633 677 2664 medio
705 2636 852 2675 tempore
879 2643 939 2665 nec
963 2634 1066 2675 Aquis
1094 2635 1239 2666 coronari
1267 2645 1326 2666 nec
1354 2645 1427 2667 cum
1455 2635 1554 2667 fratre
1583 2638 1691 2667 nostro
1719 2635 1907 2667 concordari
1936 2646 1995 2667 nos
2013 2647 2040 2666 45

441 2717 487 2744 58.
516 2719 540 2751 Β)
559 2719 576 2744 b
595 2728 662 2744 corr.
682 2728 712 2744 ετ
730 2729 746 2744 v
766 2729 803 2744 or.

441 2786 466 2818 1)
488 2785 526 2818 Of.
544 2786 624 2812 ctiam
642 2787 720 2821 infra
738 2795 780 2814 nr.
794 2791 835 2815 60.
