2190 3172
455 205 551 234 ACTA
569 205 684 234 REGNI
703 204 888 234 LUDEchi
906 204 954 233 lv.
971 204 1019 235 m·
1031 204 1223 235 rmnssmcl
1242 204 1291 233 111.
1328 205 1402 232 1817.
1439 204 1488 232 Nr.
1499 205 1559 233 442.
1578 205 1637 234 443.
1810 208 1871 238 367

221 294 309 338 quod
332 294 379 327 eis
406 293 613 335 deputaverit
640 292 744 325 dictus
773 292 1049 335 archiepiscopus,
1079 296 1146 325 tam
1174 292 1229 325 diu
1258 292 1448 334 prestabant
1475 292 1689 324 fideiussionis
1715 291 1871 331 debitum,

220 356 388 390 quousque
411 355 470 378 nos
492 345 655 388 predictas
677 355 837 388 expensas
859 345 1006 387 predicto
1029 345 1273 388 archiepiscopo
1296 344 1499 387 integraliter
1513 344 1731 385 refundamus,
1756 348 1788 377 et
1811 343 1871 376 hoc

219 399 342 431 tociens
377 397 512 438 facient,
547 397 700 439 quociens
732 397 765 429 in
796 397 960 430 refusione
995 406 1106 430 earum
1141 397 1173 429 in
1206 397 1378 439 assignatis
1412 397 1556 429 terminis
1586 396 1740 429 fuerimus
1769 396 1872 438 negli—

220 454 343 493 gentes.
431 449 469 481 In
493 449 583 481 cuius
604 450 651 480 rei
668 449 887 481 testimonium
903 448 1042 491 sigillum
1059 449 1239 481 maiestatis
1261 452 1369 481 nostre
1387 448 1590 491 presentibus
1614 452 1663 481 est
1682 459 1871 490 appensum.

172 530 175 536 .
191 515 203 534 ³
217 527 221 530 -
327 506 402 539 Dat.
412 505 568 547 Mogunt.‚
589 515 672 537 anno
685 504 816 537 Domini
831 503 1060 546 Moccxvn,
1080 504 1142 538 111.
1153 504 1228 537 Kal.
1240 504 1326 546 Iulii,
1346 505 1438 546 regni
1453 515 1530 537 vero
1545 505 1644 537 nostri
1660 514 1744 536 anno
1760 505 1871 536 tercio.

328 582 396 615 Nos
413 592 541 625 quoque
557 581 764 613 Hermannus
787 580 828 613 de
843 579 1086 624 Lychtemberg
1099 581 1320 623 cancellarius,
1343 581 1525 614 Fridericus
1541 591 1650 615 comes
1667 580 1708 613 de
1724 580 1871 614 Thruen-

220 635 340 678 dingen
363 636 397 667 et
411 632 554 666 Humblo
578 632 619 665 de
635 632 896 675 Lychtemberg²
919 631 1056 675 predicti
1072 633 1333 676 recognoscimus
1356 636 1390 666 et
1411 633 1562 673 fatemur,
1585 632 1672 676 quod
1692 633 1871 676 predictam

217 682 461 720 'fideiussionem
496 685 582 728 apud
616 685 798 728 predictum
832 684 998 718 dominum
1030 684 1310 728 archiepiscopum
1344 696 1402 728 pro
1437 685 1564 728 prefato
1598 684 1728 717 domino
1763 690 1871 717 nostro

221 739 350 772 domino
372 737 575 779 Lud(owico)
599 736 820 769 Romanorum
850 747 929 780 rege
957 746 1088 779 semper
1113 740 1250 780 augusto
1281 736 1340 769 sub
1369 736 1522 780 predictis
1547 737 1653 769 modis
1680 738 1712 769 in
1734 736 1871 769 solidum

178 794 204 818 1⁰
221 790 366 824 fecimus.
403 788 637 822 Promittentes
653 788 716 821 fide
733 789 878 831 prestita,
902 788 989 831 quod
1006 789 1129 821 tociens
1144 788 1360 831 prestabimus
1383 788 1597 821 fideiussionis
1613 788 1767 826 debitum,
1792 789 1873 822 sicut

215 841 444 886 prescribitur,
475 841 628 884 quociens
657 844 791 883 propter
819 839 983 873 defectum
1006 840 1174 873 solutionis
1203 840 1263 872 sibi
1291 840 1439 873 faciende
1463 841 1608 884 requisiti
1631 841 1786 873 fuerimus
1814 852 1873 883 per

222 893 386 926 dominum
410 893 688 936 archiepiscopum
711 896 934 925 memoratum.
979 891 1022 924 Et
1045 893 1120 934 quia
1143 892 1250 935 sigilla
1273 896 1383 925 nostra
1406 892 1492 935 apud
1522 903 1580 924 nos
1604 903 1667 925 non
1689 892 1871 934 habuimus,

220 946 378 990 premissa
400 945 508 977 omnia
530 944 590 976 sub
613 944 718 987 sigillo
742 943 859 987 prefati
883 943 1004 976 domini
1027 945 1126 977 nostri
1149 944 1236 987 regis
1259 944 1458 977 confitemur.

326 1001 402 1034 Dat.
427 1000 510 1042 loco,
533 1011 617 1033 anno
641 1003 674 1034 et
696 1000 758 1041 die,
782 1003 818 1032 nt
840 1010 946 1043 supra.

178 1208 221 1263 ¹⁵⁴¹
287 1232 289 1234 ’
338 1221 413 1258 443.
450 1218 716 1257 IOHANNIS
739 1218 865 1256 XXII.
890 1218 1268 1257 CONFIRMATIO
1293 1218 1691 1258 CONSTITUTION
1701 1219 1751 1257 IS

333 1312 337 1315 f
845 1273 1249 1313 CLEMENTINAE.

855 1388 857 1391 ¹
901 1343 1010 1380 1317.
1044 1343 1112 1380 1u1.
1137 1343 1193 1381 16.

327 1445 447 1477 Forma
466 1444 498 1476 A
526 1444 592 1484 reyi
614 1443 744 1477 Siciliae
769 1442 890 1476 directa
916 1443 1116 1484 autographa
1144 1444 1181 1476 in
1202 1443 1362 1476 tabulario
1387 1446 1503 1476 secreto
1525 1443 1686 1476 Vaticano.
1730 1444 1761 1476 A
1784 1444 1872 1477 nobis

219 1496 408 1537 investiqm
423 1494 512 1527 haud
525 1495 659 1536 reperiri
670 1497 804 1535 poterat.
828 1512 869 1519 —
893 1494 956 1527 Ed.
974 1494 1112 1527 Theiner
1127 1494 1244 1528 ‘Godoec
1259 1494 1492 1537 diplomat-iou&
1508 1494 1537 1532 I,
1552 1495 1616 1526 471
1631 1505 1682 1528 nr.
1695 1497 1759 1527 637
1778 1506 1818 1528 ex
1831 1497 1871 1528 A.

171 1562 205 1593 ’ω
330 1556 450 1590 Forma
465 1555 492 1587 B
516 1555 697 1588 civitataehus
718 1555 835 1588 missae
854 1555 1051 1597 autom-opha
1068 1555 1138 1588 'duo
1155 1559 1168 1588 1
1188 1559 1217 1588 et
1233 1558 1252 1588 2
1276 1555 1390 1588 widem
1411 1556 1495 1587 inter
1509 1555 1738 1588 ‘Instrumenta
1753 1556 1871 1589 miscel-

216 1608 338 1642 lanea&
364 1606 600 1648 Descripsimus
610 1606 657 1639 vel
671 1606 863 1640 contulimus
875 1617 942 1640 nos.
959 1625 1001 1631 —
1017 1607 1079 1640 Ed.
1088 1606 1199 1640 Felten
1211 1607 1284 1640 ‘Die
1294 1607 1391 1640 Bane
1406 1606 1456 1639 Ne
1464 1607 1635 1648 preteceae‘
1651 1606 1680 1646 I,
1692 1609 1734 1639 75
1749 1618 1787 1640 ex
1802 1608 1830 1640 B
1843 1611 1869 1640 l.

328 1667 475 1706 Bcb’hmer,
499 1667 574 1709 Rey.
591 1667 703 1700 Ludw.
724 1678 757 1709 p.
775 1668 838 1699 304
861 1667 975 1700 deste
996 1678 1046 1700 nr.
1062 1667 1128 1700 202
1149 1668 1277 1710 (Addit.
1294 1668 1339 1711 I).

327 1726 423 1762 Extr.
441 1727 580 1760 Theiner
602 1727 623 1760 l.
639 1738 665 1760 c.
683 1738 718 1769 p.
734 1728 800 1760 472
820 1739 871 1760 nr.
890 1729 962 1760 638.
1281 1724 1283 1727 ’

330 1827 491 1860 Iohannes
514 1827 685 1870 episcopus
708 1838 819 1860 servus
841 1837 1007 1859 servorum
1030 1827 1093 1860 Dei

179 1898 204 1919 as
603 1883 645 1916 A.
1451 1883 1494 1916 B.

216 1931 386 1971 ,carissimo
429 1935 462 1967 in
497 1933 625 1967 Christo
663 1934 729 1967 filio
762 1934 908 1967 Roberto
949 1935 1019 1977 regi
1072 1934 1200 1967 dilectis
1222 1933 1295 1967 filiis
1317 1936 1486 1978 potestati,
1513 1935 1699 1977 capitaneo,
1731 1936 1869 1968 consuli-

218 1987 329 2021 Sicilie
352 1985 477 2029 illustri,
501 1987 640 2029 partium
659 1986 754 2019 Italic
770 1985 918 2019 Romano
942 1985 1017 2018 sub·
1071 1987 1129 2020 bus
1146 1991 1179 2019 et
1194 1987 1321 2018 comuni
1336 1987 1474 2019 civitatis
1485 1986 1672 2020 Florencie·
1731 1987 1868 2020 salutem

176 2071 181 2075 ,
221 2039 377 2072 iectarum
406 2038 543 2081 imperio
572 2038 691 2071 vicario
725 2039 757 2070 in
787 2037 1018 2081 temporalibus
1071 2042 1105 2071 et
1127 2038 1339 2081 apostolicam
1362 2037 1632 2071 benedictionem.

173 2082 176 2086 ’
216 2086 391 2134 'generali'
452 2089 590 2123 salutem
613 2094 674 2123 etc.

180 2136 220 2175 ω’
243 2134 245 2137 ’
329 2140 382 2174 Ex
403 2142 535 2174 iniuncti
558 2141 650 2173 nobis
673 2141 771 2174 officii
795 2141 904 2174 debito
929 2142 1012 2174 circa
1036 2151 1086 2182 ea,
1109 2151 1172 2183 que
1196 2140 1238 2173 ad
1261 2142 1361 2173 nostri
1383 2142 1583 2184 apostolatus
1603 2142 1746 2185 regimen
1770 2143 1868 2184 perti·

219 2196 308 2236 nent,
331 2192 470 2226 feliciter
491 2193 702 2236 gubernanda
724 2197 833 2226 nostre
857 2192 1070 2226 solicitudinis
1092 2192 1234 2224 studium
1257 2192 1396 2225 libenter
1418 2193 1649 2235 impendimus,
1679 2194 1738 2226 sed
1766 2198 1802 2226 ut
1829 2204 1869 2226 ea

222 2242 393 2288 precipue,
411 2255 474 2287 que
498 2245 531 2277 in
552 2244 615 2277 illis
637 2244 885 2287 predecessores
908 2245 1007 2277 nostri
1027 2245 1166 2277 Romani
1190 2245 1358 2286 pontifices
1381 2244 1552 2278 salubriter
1574 2245 1770 2286 ordinarunt,
1794 2256 1869 2278 casu

175 2331 177 2341 Ε
224 2294 405 2329 adventicio
439 2295 544 2328 fructu
578 2295 687 2329 debito
722 2307 786 2329 non
816 2295 1022 2335 frustrentur,
1050 2295 1201 2328 libentius
1233 2295 1448 2338 providemus.
1497 2296 1582 2330 Sane
1614 2297 1735 2330 dudum
1766 2298 1869 2330 felicis

224 2347 453 2380 reeordationis
488 2348 638 2381 Clemens
670 2359 757 2391 papa
791 2348 920 2391 quintus
953 2347 1164 2391 predecessor
1194 2351 1303 2380 noster
1333 2358 1430 2390 super
1447 2349 1666 2388 concessione
1698 2350 1869 2382 vicariatus

181 2410 207 2431 ω
224 2399 384 2442 generalis
410 2400 442 2431 in
465 2399 697 2442 temporalibus
723 2401 867 2442 parcium
889 2398 984 2431 Italie
1006 2398 1155 2431 Romano
1184 2398 1320 2440 imperio
1349 2398 1578 2441 subiectarum,
1609 2401 1739 2433 civitate
1766 2401 1868 2433 Ianue

224 2461 296 2484 cum
318 2451 478 2492 districtu,
508 2452 670 2484 territorio
698 2455 732 2484 et
758 2451 964 2494 pertinenciis
993 2451 1058 2482 suis
1085 2451 1181 2482 certis
1213 2460 1255 2482 ex
1278 2450 1383 2482 causis
1405 2455 1558 2494 excepta,
1593 2462 1694 2495 usque
1717 2452 1760 2484 ad
1783 2453 1869 2485 sedis

224 2503 400 2545 apostolice
424 2502 661 2544 beneplacitum

225 2552 265 2586 de
288 2553 422 2586 fratrum
445 2553 577 2586 consilio
601 2554 660 2586 tibi
682 2554 768 2587 facta
1071 2554 1234 2586 carissimo
1264 2555 1296 2586 in
1324 2553 1452 2587 Christo
1483 2555 1549 2587 filio
1582 2561 1690 2588 nostro
1721 2556 1865 2589 Roberto

1072 2606 1141 2648 regi
1157 2605 1265 2638 Sicilie
1281 2606 1395 2638 illustri
1418 2606 1504 2639 facta
1526 2607 1567 2640 de
1585 2608 1717 2640 fratrum
1734 2609 1866 2641 consilio

178 2667 209 2687 4ο
224 2656 388 2689 mandavit
410 2656 605 2698 apostolicas
627 2656 752 2688 litteras
775 2656 896 2697 confici,
921 2667 1055 2699 quarum
1080 2661 1172 2689 tenor
1195 2667 1254 2699 per
1276 2658 1382 2690 omnia
1405 2658 1478 2691 talis
1501 2663 1585 2691 erat:

325 2758 392 2786 448.
419 2760 443 2792 ⁸)
461 2761 612 2787 Senensis
631 2759 691 2787 ΒΞ.

330 2828 356 2862 1)
376 2827 417 2860 Cf.
435 2827 513 2860 infra
531 2827 567 2854 ad
584 2836 610 2855 α.
624 2831 695 2856 1318.
714 2827 766 2856 Iul.
779 2831 817 2855 27.
