2124 3132
582 149 802 178 TRACTATUS
822 149 868 177 DE
885 149 1098 177 ELECTIONE.
1137 150 1210 176 1314.
1247 149 1295 176 Nr.
1308 149 1350 177 133.
1750 156 1796 185 59

139 237 357 279 promocionis
379 236 527 269 faciende
555 236 596 269 de
619 236 705 268 dicto
728 246 806 279 rege
830 236 988 268 Bohemie
1011 237 1042 268 in
1067 246 1177 279 regem
1202 236 1439 278 Romanorum,
1463 238 1524 279 ipsi
1547 238 1791 280 archiepiscopo

139 288 299 322 restituat.

250 342 279 373 7.
314 340 398 372 Item
428 339 662 382 obligacionem
691 338 750 371 sibi
778 338 897 371 factam
928 338 968 371 de
1001 338 1166 381 Bopardia
1195 343 1228 371 et
1247 339 1391 371 Wesalia
1420 350 1491 371 cum
1521 341 1586 371 suis
1612 339 1734 371 iuribus
1758 344 1791 371 et

140 392 346 434 pertinenciis
377 402 437 434 per
465 391 538 424 dive
566 391 802 428 recordacionis
830 391 994 423 dominum
1018 391 1205 423 Heinricum
1230 391 1450 423 Romanorum
1479 392 1708 432 imperatorem
1733 402 1791 432 pro

109 454 121 474 s
140 454 265 476 summa
287 443 354 475 XII
376 443 500 475 milium
524 443 676 475 librarum
693 442 895 475 Hallensium
906 443 927 483 ¹,
951 442 1102 474 addendo
1127 443 1233 474 eidem
1257 443 1452 484 obligacioni
1475 442 1726 474 iurisdictionem
1750 442 1791 474 de

140 494 372 538 Galgenscheit
400 504 502 537 prope
525 494 722 536 Bopardiam
750 504 822 526 cum
846 495 911 525 suis
934 495 1133 535 attinenciis,
1156 494 1392 534 innovabimus,
1416 494 1668 536 approbabimus
1692 498 1725 524 et
1748 504 1790 525 ex

139 550 227 579 certa
250 546 388 578 sciencia
410 546 678 578 confirmabimus.
723 545 767 577 Et
789 556 846 588 pro
871 546 1022 588 expensis
1045 546 1137 577 factis
1153 546 1195 577 ab
1211 545 1328 578 eodem
1344 545 1589 587 archiepiscopo
1614 549 1647 576 et
1670 544 1790 576 facien-

139 597 189 630 dis
211 598 380 630 occasione
409 597 624 640 promocionis
651 601 760 629 nostre
783 598 815 629 in
838 607 950 639 regem
974 597 1210 637 Romanorum,
1241 597 1281 629 de
1307 597 1423 639 quibus
1447 607 1517 628 cum
1542 598 1611 639 ipso
1635 596 1789 638 sollemp-

138 650 223 682 niter
252 649 474 689 convenimus,
508 649 608 680 XXII
642 649 731 681 milia
764 659 945 681 marcarum
976 650 1101 690 argenti
1131 650 1202 691 puri
1237 653 1270 681 et
1305 648 1379 680 boni
1408 649 1560 691 ponderis
1591 647 1792 679 Coloniensis

95 711 121 731 ιο
138 701 263 734 solvere
290 701 504 743 promittimus
532 701 648 734 eidem.
693 700 737 732 Et
764 701 806 733 ad
834 701 990 733 maiorem
1018 701 1224 733 securitatem
1253 701 1312 732 sibi
1342 700 1524 732 faciendam
1561 701 1676 731 iterato
1707 699 1799 731 bonav

138 752 284 795 predicta
306 751 399 784 titulo
423 752 566 794 pignoris
589 762 646 784 seu
669 752 828 795 ypothece
853 751 959 784 eidem
984 752 1228 794 archiepiscopo
1253 755 1287 783 et
1310 753 1379 784 eius
1402 752 1539 783 ecclesie
1563 751 1789 793 offligabimus,

137 814 202 836 nna
236 814 308 836 cum
336 804 484 836 omnibus
509 804 687 846 regalibus,
719 804 883 845 dominiis,
917 814 1007 836 mero
1036 807 1069 835 et
1101 805 1204 835 mixto
1234 805 1370 846 imperio
1399 814 1437 835 ac
1465 804 1550 834 omni
1581 802 1791 834 iurisdictioni

138 855 350 898 omnibusque
373 855 528 887 fructibus
552 859 585 888 et
607 855 797 897 redditibus,
820 855 1043 898 proventibus,
1068 856 1236 897 precariis,
1261 856 1371 895 sturis,
1395 855 1638 891 exsccionibus,
1663 854 1792 885 honori-

138 907 198 940 bus
221 910 254 939 et
275 907 419 939 serviciis
441 910 508 939 tam
530 907 562 939 in
585 907 695 940 liberis
719 911 752 940 et
774 908 874 940 servis
898 918 995 950 quam
1019 907 1142 948 Iudeis,
1165 908 1304 939 monetis
1328 907 1492 949 regalibus
1515 912 1548 937 et
1571 905 1730 937 theloneis
1753 916 1794 937 ac

95 968 119 989 ιι
138 958 210 991 aliis
225 958 481 1001 quibuscumque
491 958 616 991 iuribus
631 958 754 991 ibidem
770 959 812 991 ad
835 959 1005 1001 imperium
1022 959 1267 1001 pertinentibus.
1303 959 1351 990 Ac
1368 959 1610 991 consenciemus
1626 966 1792 998 expresse,

138 1009 340 1053 quod'idem
367 1010 628 1053 archiepiscopus
658 1014 692 1043 et
721 1011 770 1043 sui
798 1011 1000 1043 successores
1031 1010 1139 1042 levare
1170 1011 1294 1052 possint
1322 1014 1354 1042 et
1382 1010 1550 1052 percipere
1574 1010 1605 1040 in
1630 1008 1794 1050 Bopardia

137 1072 196 1094 sou
219 1062 288 1094 eius
311 1061 456 1094 districtu
479 1061 666 1094 theloneum
689 1066 828 1105 quatuor
850 1062 1109 1094 Thuronensium
1133 1073 1317 1104 grossorum
1341 1061 1382 1094 de
1406 1061 1551 1104 qualibet
1574 1061 1704 1092 karrata
1728 1061 1794 1091 vini

138 1118 172 1146 et
201 1113 243 1146 de
269 1114 342 1146 aliis
368 1114 585 1146 mercimoniis
612 1125 671 1157 per
698 1114 783 1147 Reni
809 1114 938 1146 alveum
969 1114 1208 1146 transeuntibus
1237 1114 1326 1145 iuxta
1354 1116 1541 1145 consuetam
1577 1113 1792 1143 taxacionem.

137 1165 362 1199 Concedemus
386 1167 488 1199 eciam
513 1177 666 1209 expresse
691 1170 724 1199 et
745 1177 788 1199 ex
811 1170 901 1198 certa
923 1167 1072 1206 sciencia,
1097 1165 1183 1208 quod
1208 1176 1319 1197 omnes
1348 1168 1381 1197 et
1407 1165 1551 1206 singulos
1573 1163 1695 1195 fructus
1718 1174 1792 1205 per-

93 1225 120 1247 v
137 1222 249 1260 coptos
283 1221 317 1251 et
350 1216 576 1261 percipiendos
610 1219 652 1251 ab
687 1218 803 1250 eodem
840 1221 873 1250 et
906 1228 964 1250 sua
998 1218 1135 1250 ecclesia
1170 1217 1210 1249 de
1244 1217 1391 1249 omnibus
1421 1220 1454 1248 et
1483 1215 1616 1257 singulis
1645 1215 1795 1257 superius

138 1270 299 1312 expressis
322 1281 397 1302 suos
419 1270 518 1303 faciat
539 1281 600 1302 nec
623 1271 655 1302 in
678 1273 797 1302 sortem
812 1270 1014 1312 aliquatenus
1031 1269 1291 1311 conputabuntur
1307 1273 1341 1300 et
1356 1268 1489 1300 eosdem
1506 1267 1640 1310 pacifice
1656 1267 1793 1308 recipiat

136 1321 207 1363 ipse
236 1323 270 1353 et
297 1332 499 1354 successores
528 1323 576 1354 sui
603 1321 726 1364 absque
754 1321 889 1354 alicuius
918 1321 1188 1362 contradictione,
1214 1331 1382 1362 quousque
1407 1320 1447 1351 de
1473 1319 1626 1361 predictis
1650 1319 1794 1359 summis,

138 1383 201 1415 que
230 1373 263 1404 in
290 1373 500 1406 Hallensibus
529 1370 563 1406 et
590 1377 725 1416 argento
754 1373 797 1405 ad
823 1372 939 1406 XXVI
962 1374 1052 1405 milia
1074 1383 1254 1405 marcamm
1278 1373 1404 1414 argenti
1428 1371 1619 1409 ascendunt,
1647 1370 1794 1413 qualibet

136 1434 246 1457 marca
275 1435 334 1467 pro
361 1425 464 1457 tribus
493 1425 583 1457 libris
611 1425 821 1457 Hallensibus
855 1428 889 1457 et
915 1435 1027 1466 grosso
1056 1424 1202 1467 quolibet
1229 1435 1286 1466 pro
1311 1424 1414 1456 XIIII
1438 1422 1648 1455 Hallensibus
1671 1432 1791 1463 conpu-

92 1482 118 1502 ’δ
137 1477 228 1518 tatis,
256 1485 315 1518 pro
344 1477 460 1518 quibus
487 1477 633 1519 predicta
661 1477 855 1509 coniunctim
882 1480 938 1509 aut
961 1477 1087 1508 divisim
1111 1480 1184 1508 sunt
1211 1480 1244 1508 et
1272 1479 1365 1508 erunt
1388 1475 1531 1517 obligata
1555 1475 1661 1507 eidem
1685 1474 1791 1506 archi-

137 1527 289 1570 episeopo
313 1529 364 1560 vel
388 1528 452 1560 suis
475 1529 728 1569 suecessoribus,
756 1529 959 1570 integraliter
982 1529 1127 1560 extiterit
1148 1529 1359 1560 satisfactum.
1448 1527 1681 1559 Promittentes
1705 1525 1793 1568 quod

137 1579 254 1612 eadem
282 1580 420 1622 pignora
446 1580 572 1612 divisim
600 1591 664 1612 non
691 1580 888 1612 redimemus
917 1591 977 1612 nee
1008 1580 1124 1612 redimi
1147 1581 1381 1622 permittemus.
1428 1579 1660 1610 Promittentes
1688 1578 1790 1609 eciam

135 1641 309 1674 procurare
333 1635 368 1664 et
390 1631 531 1673 efficere,
555 1632 642 1674 quod
665 1631 797 1674 opidani
821 1632 990 1674 opidorum
1014 1632 1178 1674 Bopardie
1207 1635 1241 1663 et
1256 1631 1402 1662 Wesalie
1427 1630 1572 1672 predicte
1596 1629 1792 1671 obligacioni

137 1684 360 1716 consencient·
382 1686 416 1715 et
438 1694 534 1726 super
558 1694 597 1716 eo
621 1684 699 1716 dent
722 1683 845 1716 litteras
868 1684 981 1726 sigillis
1004 1683 1163 1715 dictorum
1187 1683 1355 1725 opidorum
1380 1682 1547 1724 sigillatas.

91 1739 118 1760 ⁸⁰
243 1736 272 1768 8.
307 1735 390 1767 Item
425 1732 498 1767 cum
525 1735 612 1767 idem
643 1735 905 1777 archiepiscopus
932 1746 991 1767 sex
1024 1746 1153 1777 grossos
1186 1735 1392 1766 Turonenses
1419 1734 1556 1775 recipiat
1587 1733 1619 1764 in
1648 1732 1792 1763 thelonio

134 1787 340 1820 Confluencie
363 1787 405 1819 de
429 1787 576 1829 qualibet
597 1787 730 1819 kari-ata
752 1787 816 1819 vini
840 1790 873 1819 et
895 1787 967 1819 aliis
990 1787 1206 1818 mercimoniis
1228 1787 1319 1818 iuxta
1340 1790 1528 1818 consuetam
1553 1785 1757 1816 taxacionem
1769 1783 1793 1824 ²,

134 1849 269 1880 quorum
286 1838 366 1871 duos
382 1839 528 1881 recipere
545 1839 644 1871 debet
658 1842 818 1882 perpetuo
839 1843 872 1871 et
888 1839 969 1871 alios
990 1842 1128 1881 quatuor
1143 1838 1184 1870 ad
1202 1842 1338 1880 tempus,
1355 1837 1439 1869 ultra
1455 1837 1536 1868 duos
1553 1847 1692 1878 grossos,
1709 1846 1790 1877 quos

133 1893 292 1932 perpetuo
308 1891 454 1932 recipere
470 1889 579 1931 debet,
593 1890 634 1923 de
649 1890 713 1923 illis
729 1893 876 1933 quatuor,
889 1901 970 1933 quos
986 1890 1028 1922 ad
1044 1893 1172 1932 tempus
1188 1890 1312 1931 recipit,
1328 1890 1409 1921 alios
1426 1889 1506 1921 duos
1523 1889 1583 1920 sibi
1600 1892 1633 1919 et
1649 1888 1791 1919 ecclesie

136 1950 192 1974 sue
208 1941 471 1984 perpetuabimus
494 1946 528 1974 et
542 1942 689 1975 residuos
705 1941 786 1974 duos
802 1942 862 1974 sibi
878 1942 920 1974 ad
937 1946 1064 1984 tempus
1081 1943 1144 1974 vite
1161 1951 1218 1973 sue
1235 1941 1452 1973 concedemus
1469 1946 1502 1973 et
1518 1939 1787 1972 confirmabimus.

89 2000 114 2020 υ
242 1995 271 2025 9.
306 1991 390 2026 Item
413 1994 629 2027 concedemus
651 1992 723 2035 sibi,
747 1994 834 2036 quod
857 2004 971 2036 preces
994 1994 1163 2035 primarias
1179 1993 1307 2035 regales
1331 1997 1363 2025 et
1387 1992 1572 2034 imperiales
1596 2002 1655 2033 per
1678 2001 1791 2022 omnes

134 2044 288 2078 ecclesias
310 2045 528 2085 kathedrales,
553 2046 743 2089 collegiatae
766 2049 799 2078 et
814 2046 1042 2078 conventuales
1065 2055 1195 2077 suarum
1219 2046 1368 2085 civitatis,
1394 2044 1544 2086 dyocesis
1569 2049 1601 2074 ct
1625 2043 1791 2084 provincie

133 2098 301 2140 porrigere·
323 2097 433 2130 valeat
455 2098 648 2130 auctoritate
671 2094 774 2140 regali
798 2101 831 2130 et
854 2098 1026 2140 imperiali.

243 2151 291 2181 10.
322 2148 407 2180 Item
438 2149 654 2181 concedemus
684 2149 791 2181 eidem
820 2147 1080 2191 archiepiscopo,
1111 2148 1198 2191 quod
1228 2158 1288 2190 per
1317 2157 1431 2189 preces
1463 2147 1632 2188 primarias
1664 2145 1792 2186 regales

133 2200 280 2232 conferre
302 2200 411 2232 valeat
434 2200 618 2243 prebendas
640 2201 839 2243 Aquensem,
863 2201 1116 2239 Traiectensem,
1141 2200 1326 2242 Spirensem
1350 2204 1383 2231 et
1406 2199 1634 2231 Leodiensem.

89 2259 116 2279 ⁴⁰
245 2254 292 2283 ¹1.
327 2251 411 2284 Item
436 2252 650 2284 concedemus
674 2252 791 2293 eidem,
815 2253 903 2295 quod
927 2253 1034 2285 omnia
1058 2253 1142 2284 bona
1158 2252 1296 2294 imperii,
1319 2251 1513 2292 ubicumque
1536 2252 1567 2281 in
1584 2260 1641 2281 sua
1659 2248 1792 2290 dyocesi

131 2304 334 2345 reperiantur
357 2304 518 2346 obligata,
542 2304 702 2336 redimere
723 2305 832 2336 valeat
855 2305 1048 2337 coniunctim
1073 2304 1123 2336 vel
1147 2304 1273 2335 divisim
1297 2314 1336 2335 eo
1360 2303 1486 2344 precio,
1510 2302 1606 2333 modo
1631 2305 1663 2332 et
1687 2300 1791 2332 forma

130 2355 249 2397 quibus
272 2359 345 2387 sunt
368 2356 513 2398 obligata
537 2367 574 2388 ac
598 2367 637 2388 eo
661 2358 729 2388 iure
754 2360 875 2388 tenere.

242 2409 290 2439 12.
325 2407 409 2440 Item
432 2408 459 2439 si
482 2409 647 2450 contingat
670 2419 727 2440 nos
749 2409 869 2440 intrare
894 2409 1047 2440 terminos
1069 2407 1351 2439 archicancellario
1375 2416 1443 2446 sue,
1460 2405 1612 2436 videlicet
1637 2405 1791 2435 terminos

131 2457 238 2490 Gallie
270 2463 325 2491 aut
351 2460 442 2501 regni
470 2459 685 2500 Arhzthensis,
710 2471 765 2492 seu
789 2460 927 2491 aliorum
950 2459 1108 2499 locorum,
1131 2460 1163 2491 in
1187 2459 1303 2501 quibus
1328 2458 1428 2490 debet
1451 2463 1507 2489 aut
1531 2457 1698 2488 consuevit
1720 2456 1790 2496 ipse

85 2519 111 2540 a
138 2510 190 2542 vel
213 2510 262 2542 sui
284 2506 531 2552 predecessores
554 2511 624 2543 iura
647 2511 928 2543 archicancellarie
952 2521 1121 2551 exercere,
1153 2510 1238 2552 quod
1262 2509 1441 2542 custodiam
1466 2509 1642 2549 sigillorum
1667 2512 1790 2538 nostro-

137 2571 218 2603 rum,
241 2562 312 2594 iura
335 2562 432 2594 officii
455 2563 738 2595 archicancellario
762 2563 907 2604 predicte
931 2573 969 2594 ac
994 2562 1138 2594 redditus
1162 2567 1195 2593 et
1219 2562 1302 2593 bona
1326 2561 1470 2593 eiusdem
1495 2560 1603 2591 levare
1634 2563 1667 2589 ot
1689 2559 1791 2600 perci-

137 2623 214 2655 pere
238 2623 310 2645 cum
334 2614 478 2656 insigniis
501 2614 598 2646 officii
622 2614 776 2646 antedicti
800 2625 858 2656 per
885 2625 920 2646 se
944 2614 995 2646 vel
1025 2624 1083 2656 per
1105 2614 1203 2646 alium
1227 2613 1334 2645 eidem
1358 2613 1600 2654 archiepiscopo
1624 2612 1790 2652 permitte-

241 2699 289 2726 68.
317 2699 341 2732 ¹)
359 2700 395 2726 eie
413 2709 452 2727 or.

232 2769 261 2803 1)
282 2769 377 2802 Supra
394 2771 455 2795 tom.
471 2768 516 2795 IV
529 2776 571 2795 nr.
584 2772 645 2796 833.
733 2770 759 2802 2)
778 2769 819 2802 Cf.
841 2768 953 2795 Conscia.
968 2768 1012 2795 IV
1028 2776 1070 2795 nr.
1083 2771 1132 2795 276
1149 2770 1174 2794 et
1191 2772 1249 2794 569.
