2190 3172
341 256 402 286 304
575 252 671 280 ACTA
689 252 802 280 REGNI
821 251 1004 279 LUDEWICI
1023 251 1070 278 IV.
1089 250 1136 278 ET
1154 250 1341 278 FRIDERICI
1359 251 1408 278 111.
1445 251 1521 279 1316.
1557 251 1606 278 Nr.
1617 251 1677 279 363.
1694 251 1754 279 364.

340 340 496 372 universis
519 339 665 381 eosdem,
688 339 721 371 in
745 338 858 380 quibus
880 338 1075 369 honoramur
1098 340 1131 369 et
1153 338 1399 379 contemnimur,
1421 338 1655 370 recomittimus
1678 338 1860 380 diligenter.
1904 339 1984 372 Uni-

340 402 506 423 versorum
530 394 564 423 et
585 391 783 433 singulorum
805 392 985 421 vestrorum
1007 389 1227 421 sinceritatem
1257 392 1290 421 et
1314 389 1506 422 fidelitatem
1529 393 1681 432 rogantes
1703 390 1889 432 plenissimo
1912 402 1985 424 cum

341 443 475 483 affectu,
507 443 656 485 quatinus
686 441 817 474 eosdem
843 441 1032 482 magistrum
1059 440 1238 472 Iohannem
1269 444 1302 472 et
1323 440 1540 482 Fridericum,
1575 451 1647 473 cum
1674 442 1716 474 ad
1744 452 1802 474 vos
1828 444 1986 484 venerint,

340 494 479 536 benigno
501 494 664 535 recipiatis
691 493 810 525 affectu
839 495 872 524 et
900 495 992 534 grato
1022 493 1226 533 pertractetis
1248 492 1367 524 favoris
1390 492 1524 535 affectu,
1553 503 1618 525 non
1640 494 1885 535 permittentesb
1906 495 1986 536 ipsis

341 547 511 587 quicquam
533 547 567 576 in
588 545 747 587 personis,
774 543 896 576 familia
917 543 971 575 vel
993 543 1089 574 rebus
1111 543 1177 574 suis
1198 543 1309 575 inferri
1331 543 1513 576 molestiam
1537 545 1591 577 vel
1613 555 1803 587 gravamen,
1831 545 1890 577 sed
1911 545 1985 588 illis,
2012 559 2031 579 s

341 600 436 639 prout
457 607 514 628 vos
535 597 567 628 in
589 606 709 638 genere
729 596 781 627 vel
803 596 835 626 in
858 595 966 636 specie
989 595 1203 636 requisierint,
1227 595 1403 627 conductus
1417 596 1515 628 vestri
1531 597 1706 639 presidium
1726 596 1930 639 impendatis,
1952 597 1986 630 in

341 659 379 680 eo
413 650 522 680 nostre
561 647 752 679 exhibentes
790 646 971 678 celsitudini
1010 646 1199 688 obsequium
1233 646 1329 678 valde
1369 650 1507 689 gratum.
1563 648 1768 680 Presentium
1802 649 1985 681 testimonio

339 700 519 731 litterarum
541 699 661 740 regalis
682 699 783 730 nostri
806 698 902 739 sigilli
925 698 1089 740 signaculo
1113 698 1320 739 signatarum.

446 751 540 782 Dat.⁰
563 749 722 791 Scasusie,
756 749 800 781 H.
821 749 894 781 Kal.
914 749 1005 790 Iulii,
1037 759 1120 781 anno
1148 749 1279 781 Domini
1305 749 1522 791 MOOOXVI,
1555 752 1646 794 regni
1673 752 1741 784 veri
1771 752 1872 783 nostri
1901 762 1984 784 anno

340 802 491 834 secundo.
2003 815 2030 835 ιο

571 912 655 948 364.
697 912 853 947 Litterae
879 922 983 956 super
1010 912 1229 948 matrimonio
1257 913 1496 948 contrahendo.
1600 913 1680 949 Iun.
1699 914 1756 949 30.

446 985 648 1026 Eaeemplaris
663 986 785 1016 civitati
799 982 981 1017 Term'sinae
996 986 1086 1018 missi
1101 986 1192 1026 copia
1210 988 1224 1018 1
1243 986 1279 1018 in
1294 985 1456 1019 ‘Raccolta
1469 986 1568 1019 Scoti’
1589 987 1607 1019 l.
1622 998 1646 1020 c.
1673 1006 1712 1012 —
1737 988 1799 1021 Ed.
1820 987 1910 1020 Verci
1926 987 1945 1020 Ζ.
1958 999 1984 1021 c.

339 1037 520 1069 Editiortem
542 1037 710 1076 repetimus
731 1036 783 1068 hic
805 1036 870 1068 illic
892 1039 1071 1069 correctam.

445 1092 591 1131 Bfflzmer,
613 1092 688 1133 Rey.
706 1092 818 1124 Ludw.
838 1102 872 1131 p.
890 1092 952 1123 170
974 1092 1145 1124 Friedrich
1167 1102 1217 1124 nr.
1234 1094 1285 1124 87.
1878 1142 1880 1145 Ι

444 1148 507 1180 Die
528 1149 580 1180 24.
597 1159 637 1180 m.
653 1149 795 1189 Auyusti
819 1149 852 1180 in
874 1148 1004 1180 consilio
1026 1148 1165 1180 civitatis
1187 1147 1282 1180 lectae
1303 1151 1401 1188 sunt;
1422 1148 1463 1189 cf.
1486 1148 1578 1181 Verci
1600 1149 1619 1182 l.
1636 1161 1661 1182 c.
2002 1163 2028 1182 u

445 1204 648 1244 Exemplaris
667 1204 848 1236 Castruccio
868 1204 906 1236 de
921 1203 1154 1237 Antelminellis
1175 1204 1265 1236 missi
1286 1205 1520 1245 autoyraphum
1541 1205 1607 1238 iam
1629 1206 1832 1246 deperditum.
1855 1226 1897 1231 —
1919 1207 1984 1243 Ed,

338 1256 492 1288 Manucci
514 1256 578 1287 loco
600 1266 700 1295 supra
721 1256 765 1287 ad
785 1257 911 1287 nr.168
933 1257 1029 1288 citato
1047 1266 1080 1296 p.
1098 1256 1161 1287 194
1175 1266 1226 1288 nr.
1239 1258 1260 1287 7
1275 1256 1331 1297 (=
1348 1257 1393 1297 2).
1431 1256 1623 1296 maionem,
1646 1268 1727 1298 quae
1741 1259 1863 1291 mendis
1877 1262 1984 1299 scatet,

339 1307 538 1346 concauam,
562 1307 720 1339 malarum
742 1307 909 1339 lectionum
930 1308 1053 1340 ratione
1075 1308 1201 1340 omnino
1223 1317 1287 1340 non
1309 1307 1430 1340 habita.

444 1363 592 1402 Biihmer,
618 1363 693 1405 Req.
710 1363 822 1396 Ludw.
840 1374 876 1404 p.
892 1365 956 1395 384
977 1364 1147 1396 Friedrich
1168 1375 1219 1398 nr.
1237 1365 1301 1396 333
1323 1364 1448 1404 (Addit.
1465 1364 1551 1402 ΙΙΙ).

444 1450 645 1482 Fridericus⁸
660 1450 724 1482 Dei
745 1450 849 1492 gratia
864 1450 1084 1482 Romanorum
1107 1461 1166 1482 rex
1191 1461 1320 1492 semper
1340 1453 1494 1492 augustus
1580 1450 1760 1483 nobilibusb
1783 1455 1816 1484 et
1839 1452 1984 1486 discretis
2002 1462 2030 1483 so

337 1502 412 1533 viris
437 1527 442 1533 .
461 1526 467 1533 .
491 1502 654 1543 potestati,
679 1525 686 1532 .
705 1527 710 1533 .
735 1502 882 1542 antianis,
906 1526 913 1533 .
933 1526 940 1533 .
964 1502 1145 1534 consulibus
1169 1505 1202 1534 et
1217 1502 1345 1534 comuni
1361 1503 1498 1534 civitatis
1515 1502 1692 1544 Tervisine,
1716 1504 1781 1535 suis
1804 1507 1837 1536 et
1858 1505 1987 1547 imperii

338 1553 463 1585 dilectis
486 1553 654 1585 fidelibusb
742 1554 879 1595 gratiam
903 1564 993 1585 suam
1016 1557 1049 1586 et
1072 1564 1166 1585 omne
1189 1553 1318 1585 bonum.

444 1604 533 1636 Inter
556 1608 677 1645 cetera,
700 1615 836 1646 quorum
859 1615 926 1645 nos,
951 1615 1047 1647 quem
1070 1604 1248 1647 reipublice
1273 1608 1306 1637 et
1320 1605 1468 1637 Romane
1490 1605 1592 1648 glorie
1612 1609 1831 1648 promotorem
1847 1609 1986 1650 prefecit

337 1657 536 1697 Altissimus,
571 1656 709 1698 pervigil
740 1667 816 1688 cura
846 1657 1011 1697 sollicitat,
1046 1667 1180 1698 quorum
1215 1656 1438 1689 desiderabilis
1473 1657 1638 1699 expeditio
1670 1661 1812 1690 mentem
1842 1663 1984 1692 nostram

338 1709 482 1750 exagitat
504 1708 711 1747 incessanter,
734 1708 814 1740 illud
831 1709 1031 1750 potissimum
1047 1709 1153 1751 regios
1169 1709 1255 1740 acuit
1270 1709 1440 1750 cogitatus,
1464 1708 1604 1751 qualiter
1618 1709 1754 1751 gloriam
1778 1713 1811 1742 et
1831 1710 1983 1744 decorem
2002 1721 2029 1741 a

338 1764 370 1791 et
392 1759 522 1791 laudem
545 1759 683 1792 Romani
706 1761 833 1802 imperii
856 1761 1040 1792 attollemus
1063 1760 1266 1802 qualiterque
1290 1761 1410 1792 cunctis
1437 1760 1530 1792 nobis
1557 1763 1591 1792 et
1613 1762 1748 1803 imperio
1772 1761 1922 1794 fidelibus
1945 1773 1984 1801 ac

338 1811 462 1843 devotis
489 1815 677 1853 procuretur
705 1812 876 1854 tranquille
904 1812 1072 1844 beatitudo
1102 1812 1219 1854 quietis
1249 1815 1282 1843 et
1305 1812 1443 1844 felicitas
1473 1815 1583 1844 sancte
1611 1813 1710 1854 pacis.
1766 1813 1809 1845 Et
1836 1814 1914 1846 licet
1940 1815 1984 1847 ad

338 1863 478 1905 singulas
509 1864 657 1905 regiones
685 1864 716 1895 in
739 1864 886 1896 Romano
916 1865 1052 1906 imperio
1081 1865 1269 1896 constitutas
1296 1866 1404 1896 nostre
1433 1865 1550 1896 mentis
1577 1865 1728 1896 intuitum
1757 1865 1982 1908 diffundemus,

338 1916 489 1957 precipue
513 1918 621 1947 tamen
644 1926 740 1957 super
762 1919 847 1948 statu
870 1916 1014 1958 nob(ilis)
1037 1916 1146 1958 Italic,
1175 1916 1276 1958 partis
1297 1917 1408 1958 utique
1432 1916 1509 1948 dicti
1531 1916 1669 1948 Romani
1692 1917 1818 1958 imperii
1840 1918 1983 1959 pretiose

337 1967 401 1998 iam
426 1966 545 1998 dudum
569 1967 676 1998 multis
699 1967 772 1999 hinc
794 1968 869 2000 inde
885 1978 1074 2010 guerrarum
1089 1967 1375 2000 conflictationibus
1397 1968 1429 1999 in
1452 1969 1598 2010 personis
1621 1971 1654 1999 et
1676 1968 1773 2000 rebus
1793 1979 1851 2010 pre
1868 1971 1984 2002 ceteris
2002 1979 2029 2000 ao

338 2019 464 2060 imperii
481 2019 625 2060 partibus
648 2019 767 2051 afflicte
789 2021 930 2061 graviter
954 2023 987 2051 et
1009 2020 1128 2060 attrite,
1151 2019 1324 2051 salubriter
1339 2019 1555 2064 reformando,
1579 2022 1675 2061 prout
1698 2030 1740 2051 ex
1763 2021 1861 2052 officii
1883 2023 1983 2054 nostri

338 2074 484 2101 tenemur
512 2070 638 2110 debito,
674 2082 714 2102 ne
743 2072 900 2103 talentum
935 2072 1027 2103 nobis
1056 2071 1214 2103 creditum
1247 2071 1450 2114 negligenter
1481 2071 1680 2103 abscondere
1707 2072 1890 2114 videamur,
1924 2084 1984 2105 nos

339 2122 487 2153 convenit
502 2122 674 2153 consultius
690 2124 844 2164 cogitare,
867 2126 903 2155 ut
917 2123 1068 2166 gravibus
1083 2123 1319 2155 turbationume
1341 2123 1503 2165 periculis,
1527 2123 1641 2165 quibus
1663 2124 1733 2165 ipsa
1748 2123 1844 2155 Italia
1866 2124 1984 2166 iugiter

339 2172 534 2213 distrahitur,
559 2174 707 2205 extinctis
724 2175 832 2216 ampla
849 2176 971 2207 semina
987 2176 1076 2217 pacis
1099 2178 1133 2207 et
1148 2175 1329 2216 concordie,
1353 2184 1416 2216 que
1432 2177 1556 2206 tantum
1573 2178 1606 2206 et
1620 2185 1684 2206 non
1699 2174 1787 2206 aliud
1803 2175 1983 2208 extollered

339 2224 515 2266 querimus,
546 2225 577 2255 in
605 2225 756 2257 subiectis
785 2227 829 2258 sic
857 2227 1002 2268 partibus
1025 2228 1120 2269 ipsis⁹
1142 2227 1304 2259 fructuose
1328 2226 1493 2258 valeamus
1515 2227 1671 2267 inserere,
1700 2229 1736 2258 ut
1759 2230 1869 2269 optate
1892 2229 1982 2269 pacis
2000 2238 2028 2259 ει

337 2276 474 2307 iocunda
490 2276 637 2308 fertilitas
653 2278 753 2318 possit
774 2278 806 2309 iu
827 2278 942 2310 tellure
957 2279 1043 2311 Itala
1060 2278 1198 2311 utiliter'
1210 2278 1378 2321 pullulare.
1415 2277 1458 2309 Et
1477 2278 1553 2320 quia
1568 2278 1642 2310 huic
1657 2279 1837 2310 serenitatis
1853 2282 1983 2312 nostress

338 2326 456 2358 salubri
479 2329 643 2369 proposito
666 2339 748 2360 nova
772 2330 934 2371 quedam1¹
957 2330 1069 2362 federa
1092 2341 1151 2372 per
1171 2330 1377 2372 magnificum
1401 2330 1578 2371 principem
1601 2329 1781 2362 Robertum
1803 2331 1981 2364 Ierusalem

340 2382 372 2410 et
402 2378 508 2410 Sicilie
540 2390 650 2421 regem
678 2391 780 2422 nuper
811 2392 830 2413 a
859 2383 1039 2414 maiestate
1057 2382 1180 2414 nostra¹
1207 2382 1310 2423 petita
1340 2384 1373 2414 et
1400 2392 1459 2423 per
1487 2382 1681 2413 matrimonii
1709 2382 1869 2414 vinculum
1898 2384 1982 2415 inter

337 2429 494 2461 illustrem
510 2430 659 2462 Carolum
677 2432 789 2464 ducem
806 2433 976 2465 Calabrie¹1
991 2435 1240 2476 primogenitum
1256 2444 1348 2464 suum
1369 2436 1402 2464 et
1417 2433 1596 2474 preclaram
1614 2432 1820 2465 Catherinam
1836 2445 1981 2467 sororem

337 2484 478 2512 nostram
495 2483 690 2514 carissimam
704 2487 867 2516 contracta
883 2485 1063 2517 affectande
1079 2485 1172 2518 nobis
1183 2486 1272 2527 pacis
1289 2488 1323 2517 et
1337 2485 1454 2527 quietis
1467 2485 1638 2516 aminicula
1654 2488 1736 2526 sunt,
1753 2489 1789 2517 nt
1807 2486 1977 2529 credimus,
1995 2499 2032 2518 40-

337 2533 436 2564 immo
459 2533 533 2564 nec¹
556 2534 761 2576 ambigimus,
789 2546 885 2577 quam
907 2537 1079 2578 plurimum
1102 2537 1254 2577 allatura,
1284 2536 1475 2568 fidelitatem
1498 2540 1666 2568 vestram¹¹²
1688 2547 1839 2579 rogamus
1861 2538 1980 2570 affectu

338 2584 471 2624 sincero,
496 2586 643 2626 quatinus
665 2587 778 2618 vobisn
801 2587 886 2620 dicta
906 2588 1032 2630 federa,
1056 2599 1114 2630 per
1138 2599 1200 2630 que
1222 2588 1366 2630 prefatos
1390 2614 1396 2620 .
1415 2612 1422 2619 .
1446 2598 1558 2630 regem
1581 2592 1615 2620 et
1638 2613 1646 2620 .
1663 2613 1670 2621 .
1695 2589 1810 2621 ducem
1833 2589 1924 2622 nobis
1947 2593 1981 2622 et

441 2674 507 2701 383.
537 2675 560 2707 ὓ)
580 2678 754 2709 promittentes
772 2679 811 2705 ed.
899 2679 922 2711 c)
940 2681 1004 2705 Data
1024 2680 1064 2706 ed.

441 2741 506 2770 364.
534 2744 557 2775 a)
576 2746 711 2771 Ferlericus
725 2746 748 2771 2.
818 2746 843 2778 b)
863 2748 917 2773 loco
930 2748 1227 2774 nobilibus—fidelibus
1241 2747 1269 2772 2:
1287 2748 1388 2773 nobili
1405 2748 1474 2773 viro
1487 2749 1671 2774 Castrucoio
1689 2749 1724 2775 de
1737 2750 1980 2775 Antelminellis

338 2794 393 2811 suo
412 2790 442 2812 et
459 2787 586 2819 imperii
605 2789 728 2814 vicario
753 2794 781 2815 et
804 2791 898 2816 fideli
921 2792 1046 2817 dilecto.
1141 2792 1165 2823 e)
1185 2791 1432 2816 tribulationum
1451 2790 1474 2816 2.
1573 2791 1598 2822 d)
1617 2793 1742 2818 excellere
1761 2793 1784 2818 l.
1873 2792 1896 2826 e)
1915 2794 1977 2826 ipsis
1994 2800 2035 2820 45,

338 2829 454 2862 partibus
471 2828 495 2854 2.
574 2829 593 2862 f)
612 2832 702 2857 Italica
714 2833 821 2859 Versilie
839 2835 906 2859 male
924 2834 948 2860 ⁴2.
1030 2836 1055 2863 8)
1075 2854 1082 2860 .
1096 2853 1102 2860 .
1116 2853 1122 2860 .
1141 2834 1165 2860 1.
1250 2833 1277 2867 h)
1295 2835 1397 2867 quidem
1415 2834 1440 2860 2.
1519 2833 1536 2867 i)
1556 2835 1611 2860 loco
1624 2844 1641 2861 a
1653 2836 1750 2861 maiest.
1762 2841 1849 2862 nostra
1866 2837 1933 2862 male
1947 2836 1979 2862 2:

338 2876 427 2898 contra
444 2873 612 2898 maiestatem.
704 2872 730 2906 ¹¹)
749 2876 838 2901 (lucem
857 2877 974 2902 Calabria
992 2877 1084 2902 excidit
1103 2877 1125 2902 l.
1216 2876 1235 2910 1)
1254 2886 1306 2903 non
1326 2877 1349 2902 1.
1436 2877 1468 2909 ¹¹²)
1486 2882 1568 2903 tuam
1586 2877 1610 2904 2.
1697 2878 1724 2911 ιἱ)
1742 2879 1811 2906 deest
1827 2879 1856 2910 1;
1874 2879 1936 2905 tibi
1954 2878 1979 2905 2.
