2124 3132
293 226 313 256 8
705 220 921 248 TRACTATUS
939 219 987 246 DE
1004 219 1217 246 ELECTIONE.
1254 219 1329 247 1313.
1365 219 1414 246 Nr.
1429 219 1468 246 11.
1489 218 1529 245 12.

385 338 441 373 11.
487 337 573 372 Um‘o
600 337 690 371 inter
718 335 946 370 marchionem
975 337 1005 369 et
1033 333 1327 378 archiepiscopum
1354 332 1594 368 Goloniensem.
1700 330 1792 366 Nov.
1812 331 1870 365 18.

405 401 564 442 Oriqimle
590 401 665 442 (or.)
695 401 730 432 in
761 399 919 431 tabulario
944 399 1027 439 reqio
1051 397 1328 437 Dusseldorpiensi
1356 397 1520 429 ‘Kurko'ln’
1550 407 1600 429 nr.
1624 396 1697 427 455.
1752 394 1952 427 Gontulimus

292 464 358 486 nos.
412 453 516 493 Siqilli
545 453 754 492 fraqmentum
778 451 895 490 pendet
922 449 986 482 Zoro
1013 449 1253 481 membranaceo.
1278 465 1322 471 —-
1352 448 1414 479 Ed.
1439 447 1550 480 Riedel
1577 447 1696 479 ‘Codex
1718 445 1949 486 diplomaticus’

294 505 327 538 B
342 505 370 543 I,
393 505 457 535 350
479 515 528 535 nr.
545 505 608 535 438
631 514 669 535 ex
692 514 736 534 or.

402 565 547 602 Biihnwr,
571 564 647 603 Req.
664 562 777 594 Ludw.
795 573 831 602 p.
847 562 911 593 235
934 560 1166 592 Reichssachen
1186 571 1236 591 nr.
1254 560 1284 591 4.

402 650 468 681 Nos
481 649 708 680 Waldemarus
723 648 787 679 Dei
809 648 914 689 gratia
936 646 1079 678 marchio
1095 645 1430 687 Brandenburgensis,
1454 645 1586 676 Lusatie
1611 647 1643 676 et
1659 643 1700 676 de
1717 643 1949 685 Landesberge

295 705 328 733 et
350 705 436 732 tutor
458 701 557 732 incliti
581 700 773 731 marchionis
794 698 947 730 Iohannis
970 700 1079 729 notum
1104 698 1239 728 facimus
1261 697 1416 728 universis
1441 700 1474 727 et
1497 696 1700 738 presentibus
1723 698 1950 737 protestamur,

295 753 380 794 quod
416 752 457 783 ob
492 752 641 793 specialis
676 751 856 782 dilectionis
889 749 1057 789 indicium,
1093 759 1189 790 quam
1223 749 1381 780 hactenus
1415 748 1585 779 habuimus
1620 751 1653 778 et
1687 747 1844 778 habemus
1877 757 1949 779 cum

294 804 468 835 venerabili
490 804 522 834 in
539 803 666 834 Christo
690 805 781 843 patre
806 812 843 833 ac
867 801 996 832 domino
1013 800 1155 832 Hem-ico
1177 803 1287 831 sancte
1305 800 1505 832 Coloniensis
1523 799 1680 830 ecclesiae
1697 799 1950 840 archiepiscopo,

295 855 558 886 concordavimus
582 857 614 885 et
638 853 870 885 concordamus
893 863 966 884 cum
990 852 1106 883 eodem
1130 863 1228 893 super
1251 852 1411 883 electione
1427 851 1512 892 regis
1529 850 1748 882 Romanorum
1765 851 1835 891 ipso
1851 860 1951 892 regno

294 907 335 937 ad
358 916 491 948 presens
515 917 555 937 ex
579 908 683 936 morte
706 904 880 936 recolende
900 905 1056 936 memorie
1074 904 1194 935 domini
1210 903 1343 935 Henrici
1359 903 1580 934 Romanorum
1596 902 1801 944 imperatoris
1816 905 1952 934 vacante

294 957 502 998 celebranda,
531 956 618 998 quod
641 957 847 998 promisimus
870 959 903 987 et
926 955 1141 997 promittimus
1164 955 1285 996 eidem,
1315 954 1402 996 quod
1425 965 1496 985 cum
1520 955 1591 995 ipso
1615 957 1648 985 et
1670 954 1740 995 ipse
1764 953 1857 985 nobis
1880 963 1953 985 cum

294 1011 387 1041 simul
410 1010 441 1040 in
465 1009 525 1040 hoc
549 1008 663 1040 stando
686 1018 782 1039 unam
807 1018 978 1049 personam
1002 1008 1034 1038 in
1049 1007 1269 1039 Romanorum
1294 1017 1404 1048 regem
1430 1006 1614 1048 eligendam
1639 1006 1796 1047 eligemus
1819 1015 1879 1036 nec
1894 1015 1954 1036 nos

295 1063 362 1093 sine
389 1062 460 1102 ipso
490 1070 549 1092 nec
577 1060 647 1101 ipse
676 1060 744 1090 sine
772 1060 865 1090 nobis
892 1059 976 1090 ultra
1003 1059 1065 1090 hoc
1093 1058 1179 1090 aliud
1209 1059 1365 1090 faciemus
1393 1069 1449 1090 seu
1472 1059 1571 1090 faciet
1593 1058 1625 1089 in
1648 1057 1709 1089 hac
1731 1059 1835 1098 parte.
1879 1055 1953 1088 Hoc

294 1114 421 1145 adiecto
451 1112 537 1154 quod
565 1122 624 1143 nos
652 1112 751 1153 ipsius
779 1112 810 1142 in
839 1111 909 1152 ipsa
933 1110 1091 1142 electione
1115 1110 1304 1151 utilitatem,
1334 1109 1515 1151 profectum
1539 1110 1662 1152 pariter
1685 1113 1718 1140 et
1740 1109 1896 1140 honorem
1918 1108 1951 1139 in

294 1165 368 1205 hiis,
400 1175 461 1205 que
493 1174 664 1205 personam
692 1163 793 1204 ipsius
825 1162 944 1194 domini
975 1162 1212 1203 archiepiscopi
1242 1162 1443 1203 contingunt,
1474 1161 1560 1203 apud
1593 1171 1705 1202 regem
1731 1160 1952 1192 Romanorum

295 1216 467 1247 creandum
497 1215 738 1257 procurabimus
766 1225 824 1256 pro
852 1217 962 1245 nostra
988 1213 1204 1255 possibilitate
1231 1214 1262 1244 in
1292 1213 1438 1244 omnibus
1467 1212 1553 1244 bona
1580 1212 1654 1244 fide.
1701 1212 1796 1248 Quod
1823 1215 1856 1243 et
1882 1212 1953 1253 ipse

294 1268 441 1299 dominus
470 1267 731 1308 archiepiscopus
759 1265 960 1307 supradictus
992 1265 1085 1296 nobis
1114 1266 1146 1296 in
1177 1264 1396 1296 consimilibus
1425 1264 1524 1295 faciet
1552 1265 1621 1295 vice
1645 1274 1739 1295 versa
1769 1266 1803 1294 et
1831 1262 1954 1295 ididem

295 1345 300 1351 .
317 1345 324 1351 .
342 1319 478 1361 principi
501 1319 549 1350 ius
572 1319 605 1349 in
622 1318 781 1349 electione
798 1318 884 1359 regis
899 1317 1119 1348 Romanorum
1137 1316 1280 1356 habenti,
1304 1317 1330 1347 si
1352 1326 1448 1357 quem
1470 1315 1531 1347 sibi
1546 1315 1607 1347 hac
1624 1317 1716 1356 parte
1733 1313 1826 1346 nobis
1843 1317 1876 1345 et
1892 1313 1955 1345 sibi

294 1371 451 1402 adherere
467 1370 629 1402 volentem
654 1370 834 1408 attraxerit,
857 1368 954 1400 modo
979 1367 1137 1399 consimili
1159 1367 1202 1399 ad
1218 1367 1295 1399 dicti
1311 1367 1433 1399 domini
1448 1367 1583 1398 Henrici
1599 1366 1799 1399 Ooloniensis
1816 1365 1954 1397 ecclesie

295 1422 528 1463 archiepiscopi
555 1420 712 1462 sepedicti
729 1420 963 1452 ordinationem
987 1420 1096 1451 facere
1120 1419 1336 1460 promittimus
1359 1422 1392 1450 et
1414 1428 1598 1460 procurare,
1621 1417 1736 1449 fraude
1761 1420 1795 1449 et
1818 1417 1893 1448 dolo
1916 1427 1955 1449 ac

295 1475 380 1505 omni
412 1474 558 1505 versucia
592 1472 721 1513 penitus
754 1472 787 1503 in
819 1472 881 1502 hiis
916 1471 1116 1502 cessantibus
1146 1473 1179 1502 et
1209 1471 1357 1502 exclusis.
1412 1469 1457 1502 Ut
1485 1470 1583 1512 igitur
1614 1470 1722 1501 omnia
1755 1468 1955 1510 subscripta*

295 1529 364 1557 rata
387 1527 539 1556 maneant
563 1527 596 1555 et
618 1524 746 1565 penitus
769 1523 969 1564 inconvulsa,
997 1525 1182 1564 presentem
1206 1522 1347 1554 litteram
1372 1522 1506 1554 fecimus
1530 1521 1628 1553 nostri
1658 1520 1753 1563 sigilli
1779 1521 1956 1552 munimine

295 1577 485 1619 consignari.

401 1629 521 1660 Datum
540 1631 573 1660 et
588 1630 694 1659 actum
712 1626 770 1658 sub
788 1637 871 1657 anno
888 1626 1120 1657 incarnacionis
1134 1624 1265 1657 Domini
1280 1625 1452 1657 millesimo
1469 1623 1697 1656 trecentesimo
1714 1622 1955 1664 terciodecimo,

295 1680 536 1722 quartodecimo
560 1678 726 1710 Kalendas
754 1678 873 1709 mensis
896 1677 1102 1718 Decembris,
1131 1687 1193 1719 que
1221 1676 1291 1708 dies
1314 1677 1374 1708 fuit
1397 1679 1511 1708 octava
1535 1675 1623 1707 beati
1646 1675 1776 1706 Martini
1801 1675 1955 1716 episcopi.

382 1898 433 1933 12.
467 1898 503 1934 R
510 1897 650 1933 ELAT
658 1898 675 1933 Ι
682 1897 715 1934 Ο
739 1897 895 1933 PETRI
918 1896 1186 1933 BARRERIE
1211 1895 1422 1933 CLEMEN
1426 1895 1479 1932 TI
1500 1895 1548 1930 V.
1572 1892 1868 1931 PORREOTA.

917 1965 1046 2009 (1313.
1083 1964 1177 2002 Nov.
1212 1965 1329 2008 Dec.).

412 2057 572 2098 Oriqinalc
596 2057 670 2099 (or.)
698 2057 820 2088 duobus
847 2057 938 2096 foliis
968 2057 1095 2088 adsutis
1122 2059 1270 2088 constans
1298 2057 1333 2087 in
1363 2054 1521 2087 tabulario
1545 2054 1699 2086 Vaticano
1723 2053 1952 2084 ‘Instrumenta

296 2110 494 2142 miscellanea
517 2110 623 2141 1346’.
676 2108 790 2140 Denuo
813 2108 1011 2140 contulimus.
1045 2126 1083 2132 —
1111 2108 1186 2140 Iam
1208 2108 1365 2139 edidimus
1389 2106 1504 2138 ‘Neues
1527 2105 1655 2137 Archiv’
1681 2103 1790 2142 XXV,
1815 2103 1879 2135 562
1889 2114 1953 2144 sqq.

297 2165 352 2202 (=
377 2161 527 2193 ‘Journal
548 2161 601 2192 des
624 2161 771 2193 Savants’
795 2160 930 2192 Janvier
953 2161 1037 2191 1900
1054 2171 1088 2200 p.
1107 2161 1173 2201 60).

410 2222 459 2260 C'f.
476 2222 513 2253 de
531 2222 685 2261 personis,
709 2224 851 2261 tempore,
874 2220 979 2252 indole
998 2221 1236 2252 commentarios
1259 2219 1375 2251 ‘Neues
1390 2217 1519 2250 Archiv'
1543 2216 1563 2248 l.
1580 2228 1604 2249 c.
1623 2217 1686 2248 566
1697 2227 1761 2257 sqq.
1786 2218 1816 2248 et
1838 2215 1955 2248 Wenck

297 2273 428 2306 ‘ffistor.
445 2273 638 2311 Zeitschrift'
661 2275 712 2311 86,
735 2273 800 2304 253
811 2283 875 2313 sqq.

405 2359 508 2401 Super
537 2370 575 2390 eo
606 2360 691 2401 quod
724 2359 871 2390 dominus
895 2383 926 2390 ..
951 2369 1037 2400 papa
1071 2359 1244 2400 scripserat
1278 2357 1409 2389 domino
1439 2357 1509 2398 regi
1538 2354 1702 2397 Francfie)
1734 2354 1775 2386 de
1805 2353 1954 2386 faciendo

297 2411 438 2442 subsidio
469 2411 568 2442 Terre
600 2411 731 2451 Sancte,
766 2410 919 2442 videlicet
953 2410 993 2442 de
1029 2409 1131 2451 galeis
1165 2413 1232 2441 tam
1262 2420 1319 2451 pro
1349 2409 1450 2451 ipsius
1480 2412 1564 2440 terre
1595 2406 1741 2439 custodia
1770 2416 1868 2447 quam
1896 2415 1955 2446 pro

296 2463 460 2504 gravando
488 2463 564 2494 fidei
591 2463 750 2503 inimicos,
781 2466 814 2494 et
842 2473 940 2504 super
967 2462 1081 2503 quibus
1111 2461 1200 2493 idem
1232 2461 1380 2492 dominus
1407 2470 1493 2502 papa
1519 2459 1627 2491 eidem
1650 2458 1780 2489 domino
1804 2457 1875 2499 regi
1897 2467 1956 2498 per

297 2514 431 2545 Petrum
462 2514 611 2545 Barrerie
642 2514 843 2556 capellanum
876 2525 967 2545 suum
998 2517 1031 2545 et
1058 2513 1210 2544 clericum
1238 2513 1338 2554 ipsius
1366 2511 1488 2543 domini
1518 2511 1619 2552 regis,
1650 2509 1794 2551 presenti
1823 2507 1956 2540 consilio

297 2565 433 2606 predicti
469 2565 588 2597 domini
621 2567 707 2607 regis
741 2576 778 2597 ac
813 2566 845 2596 in
873 2566 1042 2608 presencia
1070 2565 1217 2606 magistri
1247 2564 1445 2606 Guill(erm)i
1469 2561 1683 2604 Rayihmun)di
1713 2560 1753 2592 de
1781 2559 1955 2600 Gontafflo,

298 2627 393 2658 quem
421 2617 507 2648 idem
538 2617 684 2648 dominus
714 2628 800 2659 papa
827 2620 961 2659 propter
987 2617 1048 2648 hoc
1080 2616 1122 2647 ad
1149 2616 1331 2658 predictum
1359 2616 1524 2647 dominum
1551 2624 1663 2655 regem
1686 2623 1750 2644 una
1773 2622 1845 2643 cum
1870 2611 1956 2643 dicto

297 2669 396 2700 Petro
420 2669 561 2710 miserat,
585 2673 690 2700 motus
713 2680 786 2700 suos
810 2672 843 2700 et
866 2668 1085 2700 omnimodam
1107 2668 1308 2699 voluntatem
1333 2667 1411 2698 fecit
1434 2668 1518 2698 circa
1533 2666 1595 2697 hec
1611 2665 1762 2697 seriosius
1778 2663 1956 2703 declarare,

298 2719 457 2761 significat
485 2720 571 2751 idem
602 2720 749 2751 dominus
779 2731 837 2751 rex
869 2720 996 2761 prefato
1027 2719 1158 2750 domino
1189 2730 1274 2761 pape
1306 2722 1339 2750 et
1367 2729 1426 2760 per
1459 2718 1579 2749 dictum
1608 2716 1772 2756 P(etrum)
1804 2714 1955 2746 Barrerie

298 2772 449 2803 clericum
473 2782 564 2802 suum
590 2783 628 2803 ea
652 2783 713 2813 que
738 2775 906 2813 sequntur:

405 2848 449 2874 ll·
478 2851 502 2882 ⁸)
522 2851 557 2874 ita
576 2859 613 2874 or.

1971 859 1999 878 io

1972 1115 1996 1135 15

1974 1637 2001 1656 25»

1973 2419 2001 2439 ¹5

1976 2678 2003 2697 ⁴0
