2190 3172
338 221 398 252 184
518 217 614 245 ACTA
632 216 745 243 REGNI
765 214 947 242 LUDEWICI
967 213 1013 240 IV.
1033 213 1079 240 ΕΤ
1098 212 1285 240 FRIDERICI
1303 212 1352 239 111.
1389 212 1464 239 1315.
1501 211 1550 237 Nr.
1562 210 1622 238 203.
1640 211 1700 238 204.
1719 210 1778 238 205.

335 304 478 338 schaden
507 303 550 335 nfi
581 302 647 334 und
675 301 852 332 umberme.
951 298 1101 330 Daruber
1132 308 1171 330 zu
1201 299 1286 330 eime
1315 297 1504 340 gezfignisse
1535 297 1640 339 geben
1674 297 1732 328 wir
1762 296 1875 330 diesen
1901 296 1989 330 brief

337 356 477 398 besigelt
498 355 546 387 bit
568 353 774 386 unsermmeb
797 351 985 393 ingesigele

443 407 511 438 Der
536 407 594 437 istz
621 404 769 447 gegeben
798 402 841 434 zfi
853 402 1046 442 Wormisze,
1077 401 1117 433 do
1147 412 1222 433 man
1250 402 1357 434 zaltde
1390 412 1453 433 von
1481 401 1602 433 Cristes
1627 399 1787 443 gebflrthe
1815 367 1984 433 drfizehin-

336 458 476 490 hfindert
502 457 567 489 und
596 456 757 488 ffinfzehin
788 456 856 495 jar,
890 464 931 484 an
965 453 1060 492 deme
1094 453 1273 485 nehesthen
1301 453 1536 494 Sambasthage
1565 452 1648 484 nach
1679 451 1774 484 deme
1804 451 1985 484 Zwolfthen

312 521 314 523 ’
335 511 445 552 thage,
468 511 500 541 in
524 509 617 540 deme
642 508 771 539 ersthen
791 506 863 546 jare
887 514 1000 536 unsers
1023 504 1147 546 ryches.
1984 519 1988 534 :
2017 507 2030 527 s

723 637 809 674 204.
854 637 1024 672 Eiusdem
1049 635 1208 680 obliyatio
1230 631 1344 680 prior.
1452 635 1530 670 Ian.
1549 636 1606 670 16.

448 714 608 755 Oriyinale
631 712 706 755 (or.)
729 713 765 744 in
787 710 947 743 tabulario
976 709 1116 750 qenerali
1144 709 1232 749 requi
1254 708 1422 741 Bawarici
1446 709 1536 741 KLS
1557 719 1608 741 nr.
1627 709 1704 741 31a.
1750 708 1988 749 Descripsimus

336 779 402 800 nos.
449 766 569 798 Pendet
590 764 730 805 siqillum
753 763 873 795 laesum
894 762 959 802 filis
980 761 1091 793 sericis
1110 761 1202 793 rubei
1224 760 1361 800 flavique
1384 760 1503 792 coloris.
1527 779 1571 783 —
1593 761 1764 793 laeditum.

446 845 491 886 (1)
514 843 582 874 Nos
605 841 798 874 Ludowicus
821 840 884 872 Dei
907 841 1012 882 gratia
1036 839 1256 871 Romanorum
1284 849 1343 870 rex
1373 849 1502 880 semper
1529 842 1684 880 augustus
1706 839 1988 880 recongnoscimus

337 897 465 938 publice
494 898 526 927 et
556 894 711 934 fatemur,
745 892 830 934 quod
859 891 1036 924 venerabili
1058 890 1159 922 Petro
1183 891 1426 932 archiepiscopo
1450 890 1639 932 Moguntino
1663 891 1799 932 principi
1823 893 1857 922 et
1879 894 1986 922 secre-
2006 901 2032 922 ιο

337 949 419 980 tario
442 950 551 979 nostro
574 946 745 977 karissimo
770 947 803 976 et
826 943 963 976 ecclesie
987 954 1044 975 sue
1069 943 1284 985 obligavimus
1312 945 1346 974 et
1373 953 1433 984 per
1455 946 1624 984 presentes
1646 942 1828 984 obligamus
1855 942 1987 984 opidum

339 1004 371 1032 et
405 1003 543 1031 castrum
578 997 797 1040 Oppenheim,
830 996 961 1039 opidum
997 995 1212 1035 Odernheim,
1245 998 1384 1027 castrum
1420 994 1648 1036 Swabesberg,
1686 993 1779 1026 villas
1816 997 1987 1037 utramque

336 1052 539 1094 Ingelnheim
564 1053 596 1082 et
619 1049 728 1080 villam
750 1047 900 1080 Nerstein
924 1058 996 1079 cum
1021 1047 1169 1079 omnibus
1192 1046 1368 1078 eorundem
1385 1046 1566 1088 opidorum,
1590 1049 1767 1078 castrorum
1791 1049 1825 1078 et
1838 1046 1988 1079 villarum

337 1103 471 1144 iuribus,
499 1102 689 1140 honoribus,
718 1100 887 1140 fructibus,
918 1099 1110 1139 redditibus,
1138 1098 1389 1130 obvencionibus
1417 1101 1450 1130 et
1480 1098 1686 1140 pertinenciis
1714 1098 1884 1140 universis,
1908 1109 1987 1140 quo-

338 1165 475 1197 cumque
505 1155 573 1185 iure
603 1153 654 1184 vel
684 1153 813 1184 nomine
841 1155 1049 1192 censeantur,
1081 1161 1144 1193 que
1168 1151 1209 1182 ad
1232 1151 1302 1192 ipsa
1326 1150 1440 1192 opida,
1464 1153 1569 1182 castra
1599 1153 1632 1182 et
1654 1149 1746 1181 villas
1769 1151 1933 1192 pertinent
1955 1153 1989 1182 et
2008 1161 2032 1181 ιι

338 1208 379 1239 ab
407 1207 537 1248 antiquo
567 1206 729 1248 pertinere
761 1206 1010 1244 consueverunt,
1038 1213 1096 1244 pro
1125 1202 1250 1234 duobus
1278 1201 1407 1233 milibus
1441 1211 1623 1233 marcarum
1655 1201 1859 1234 denariorum
1891 1201 1988 1234 Colo-

337 1259 494 1291 niensium
521 1257 675 1299 legalium
705 1259 738 1288 et
764 1256 936 1296 bonorum,
966 1254 1066 1286 tribus
1095 1253 1305 1285 Hallensibus
1331 1264 1390 1295 pro
1419 1253 1551 1285 denario
1582 1253 1728 1295 quolibet
1755 1247 1988 1296 computandis,

339 1322 418 1354 quas
447 1310 540 1341 nobis
571 1312 717 1351 tempore
750 1308 915 1340 electionis
935 1310 1050 1339 nostre
1080 1306 1166 1348 apud
1199 1305 1431 1338 Frankenvord
1458 1306 1491 1336 in
1520 1308 1634 1347 parata
1661 1307 1798 1347 pecunia
1820 1307 1989 1348 mutuavit,

339 1362 539 1404 integraliter
567 1361 763 1400 numeravit,
792 1359 924 1391 tradidit
952 1362 985 1391 et
1016 1358 1173 1400 persolvit
1202 1361 1235 1390 et
1262 1359 1295 1389 in
1324 1360 1466 1389 nostram
1493 1367 1530 1388 ac
1561 1358 1644 1388 sacri
1665 1358 1795 1399 imperii
1816 1358 1990 1390 utilitatem

339 1415 567 1454 convertimus,
582 1416 630 1457 *et
656 1409 714 1454 pro
745 1411 845 1443 tribus
868 1410 998 1442 milibus
1021 1410 1175 1442 librarum
1197 1409 1400 1441 Hallensium
1425 1409 1578 1451 legalium
1603 1412 1636 1441 et
1657 1409 1830 1450 bonorum,
1854 1420 1934 1452 quas
1956 1411 1989 1442 in
2007 1421 2034 1441 so

338 1466 454 1497 nostris
478 1468 512 1497 et
533 1458 661 1506 imperii
684 1462 826 1495 serviciis
849 1459 1005 1504 expendit
1027 1473 1086 1493 nos
1109 1461 1298 1493 associando
1315 1461 1554 1503 A'quisgranum
1575 1468 1634 1503 pro
1651 1452 1864 1494 coronacione
1880 1465 1990 1494 nostra

339 1517 524 1560 optinenda,
549 1520 582 1548 et
603 1527 661 1558 pro
685 1516 817 1557 triginta
839 1515 930 1546 libris
953 1524 1138 1556 grossorum
1154 1512 1426 1554 Thuronensium,
1445 1524 1525 1555 quas
1547 1513 1639 1545 nobis
1662 1513 1809 1546 similiter
1832 1515 1991 1547 mutuavit

338 1571 369 1601 in
393 1572 516 1611 parato.
561 1568 604 1599 Et
625 1567 806 1610 Predictam
829 1566 1064 1608 obligacionem
1089 1565 1149 1597 sibi
1173 1565 1307 1596 fecimus
1331 1565 1390 1596 sub
1407 1565 1553 1596 omnibus
1568 1565 1672 1597 modis
1689 1569 1723 1596 et
1737 1565 1989 1607 condicionibus,

341 1621 399 1652 sub
424 1621 538 1662 quibus
562 1623 702 1652 castrum
718 1618 954 1660 Vfirstembcr'g
976 1617 1122 1660 predicto
1147 1617 1390 1658 archiepiscopo
1410 1615 1445 1648 'in
1468 1616 1540 1648 aliis
1562 1618 1679 1649 nostris
1701 1617 1817 1649 litteris
1833 1618 1989 1650 confectis

341 1673 504 1714 desuper¹
538 1683 596 1714 pro
629 1670 813 1713 supradicta
847 1671 985 1712 pecunia
1015 1670 1266 1711 promiseramus
1300 1668 1455 1711 obligare.
1512 1669 1585 1700 Hoc
1617 1672 1689 1701 acto
1720 1679 1874 1711 expresse
1903 1670 1990 1712 quod
2008 1680 2034 1700 as

340 1725 477 1763 sculteti,
501 1724 647 1763 officiati,
680 1727 860 1754 castrenses
883 1722 1042 1754 dictorum
1070 1725 1246 1753 castrorum
1275 1724 1308 1752 et
1331 1730 1442 1752 omnes
1466 1721 1570 1752 incole
1594 1720 1763 1762 opidorum
1787 1724 1820 1753 et
1841 1721 1990 1754 villarum

340 1777 556 1819 predictarum
591 1776 677 1808 dicto
711 1775 955 1816 archiepiscopo
989 1778 1021 1807 et
1054 1772 1291 1805 successoribus
1325 1774 1391 1804 suis
1429 1774 1483 1815 qui
1517 1783 1575 1815 pro
1613 1776 1759 1815 tempore
1796 1773 1914 1806 fuerint
1949 1774 1990 1806 de

340 1829 483 1870 parendo
512 1832 545 1859 et
573 1827 756 1859 obediendo
786 1828 818 1858 in
846 1826 1009 1867 omnibus,
1034 1836 1131 1868 quam
1158 1825 1214 1857 diu
1236 1824 1420 1858 huiusmodi
1444 1824 1607 1857 duraverit
1630 1825 1801 1867 obfigacio,
1823 1828 1990 1868 tamquam

340 1881 432 1912 nobis
456 1883 488 1911 et
511 1879 551 1912 de
575 1878 845 1911 amministrandis
869 1877 1015 1909 omnibus
1045 1876 1240 1917 redditibus,
1271 1875 1463 1908 utilitatibus
1490 1879 1523 1908 et
1552 1876 1803 1908 obvencionibus
1832 1876 1990 1911 dictorum

342 1932 525 1974 opidorum,
558 1935 735 1963 castrorum
766 1934 799 1962 et
826 1930 990 1970 villarum,
1018 1930 1100 1961 sicut
1127 1929 1208 1960 divis
1235 1927 1520 1970 predecessoribus
1543 1929 1661 1960 nostris
1682 1928 1934 1970 imperatoribus
1958 1932 1992 1960 et
2009 1938 2036 1958 ιο

340 1985 560 2016 Romanorum
577 1984 708 2025 regibus
721 1982 894 2014 ministrari
907 1985 1153 2022 consueverunt,
1167 1979 1335 2022 corporale
1351 1980 1566 2012 iuramentum
1579 1979 1778 2022 prestabunt.
1860 1980 1908 2022 (2)
1923 1980 1990 2012 Re-

340 2037 527 2067 nunciamus
555 2046 683 2077 quoque
711 2036 743 2066 in
772 2034 937 2076 premissis
965 2033 1156 2075 excepcioni
1185 2032 1250 2064 doli
1282 2031 1376 2071 mali,
1399 2043 1464 2063 non
1487 2035 1670 2073 numerate,
1698 2043 1762 2063 non
1785 2032 1904 2073 solute,
1926 2043 1992 2064 non

341 2087 458 2119 tradite
482 2087 616 2128 pecunie
642 2090 674 2118 et
698 2087 785 2118 omni
808 2086 862 2118 alii
887 2086 1077 2127 excepcioni
1100 2095 1158 2116 seu
1179 2084 1256 2116 iuris
1278 2084 1437 2116 beneficio
1467 2084 1586 2126 scripto
1609 2084 1662 2115 vel
1688 2094 1751 2115 non
1770 2085 1908 2126 scripto,
1933 2094 1993 2125 per

343 2150 404 2181 que
428 2139 610 2170 huiusmodi
633 2142 741 2170 nostra
765 2138 926 2180 obligacio
950 2137 1133 2179 impugnari
1156 2140 1266 2178 posset
1289 2135 1534 2178 quomodolibet
1556 2135 1608 2167 vel
1630 2136 1769 2177 infringi.
1841 2136 1880 2167 In
1903 2137 1992 2167 cuius

342 2191 389 2222 rei
418 2191 635 2222 testimonium
663 2193 696 2222 et
722 2190 907 2222 firmitatem
935 2190 1114 2232 pleniorem
1146 2188 1205 2220 has
1234 2188 1358 2220 litteras
1387 2187 1535 2220 dedimus
1562 2188 1704 2230 signatas
1733 2191 1841 2220 nostre
1865 2188 1991 2230 typario
2010 2197 2036 2217 ει

343 2242 592 2284 quintodecimo,
615 2243 803 2274 maiestatis.

450 2294 524 2325 Dat.
550 2294 751 2334 WVormacie,
784 2293 892 2325 XVII.
916 2293 1054 2325 Kalend.
1082 2292 1255 2334 Februar„
1289 2303 1373 2324 anno
1406 2292 1536 2324 Domini
1565 2292 1737 2325 millesimo
1764 2292 1992 2324 trecentesimo

344 2346 592 2388 quintodecimo,
615 2346 707 2387 regni
730 2357 806 2378 vero
829 2346 930 2377 nostn·
952 2356 1035 2377 anno
1059 2346 1171 2387 primo.

706 2461 791 2497 205.
831 2461 997 2496 Eiusdem
1025 2460 1184 2506 obligatio
1211 2460 1370 2495 secumda.
1474 2459 1553 2494 Ian.
1571 2460 1629 2494 16.

452 2534 527 2567 Duo
557 2535 727 2575 oriyinalia
752 2538 762 2567 1
793 2538 821 2566 et
842 2537 867 2567 ·2
896 2535 1009 2567 ibidem
1036 2534 1128 2567 KLS
1150 2545 1199 2566 nr.
1220 2535 1261 2565 31
1289 2536 1317 2566 et
1338 2534 1380 2565 31
1387 2535 1416 2576 ᾖ.
1466 2533 1702 2574 Descripsimus
1727 2532 1775 2564 vel
1802 2532 1993 2565 contulimus
2009 2545 2037 2565 ω

343 2597 409 2618 nos.
454 2586 596 2618 Pendent
624 2587 729 2627 siyz‘lla
758 2587 949 2628 autoyraphi
973 2590 986 2619 1
1013 2586 1148 2626 laesum,
1172 2585 1360 2626 autoyraphi
1384 2587 1402 2617 2
1426 2585 1492 2624 fere
1515 2585 1659 2617 illaesum
1681 2584 1747 2624 filis
1772 2585 1881 2617 sericis
1903 2585 1993 2617 rubei

343 2638 480 2678 flavique
503 2638 622 2670 colori&
670 2639 787 2670 Teoetus
809 2639 998 2679 autoyraphi
1019 2640 1042 2670 2
1063 2640 1099 2670 in
1122 2639 1263 2679 maryr'ne
1285 2638 1415 2670 sinistro
1433 2638 1558 2678 partim
1580 2637 1738 2669 abscissus
1760 2639 1814 2669 est.
1860 2632 1863 2635 ξ

454 2694 597 2732 Βόὴηιεν,
622 2694 696 2734 Rey.
721 2694 831 2727 Ludw.
850 2705 884 2734 p.
902 2696 922 2725 4
944 2705 994 2726 nr.
1013 2695 1064 2727 63.

449 2779 514 2806 203.
543 2780 568 2812 b)
588 2778 710 2805 umsi'ume
729 2789 766 2806 or.

451 2840 476 2873 1)
496 2840 588 2874 Supra
606 2847 648 2866 nr.
662 2842 716 2866 107.
1384 2861 1386 2863 ,
2009 2841 2037 2861 4⁵
