2190 3172
444 193 540 222 ACTA
558 193 672 221 REGNI
689 192 875 221 LUDEWICI
895 192 942 220 lv.
960 193 1007 220 m·
1024 191 1210 220 FRIDERICI
1228 192 1277 219 111.
1315 191 1390 219 1315.
1427 191 1476 218 Nr.
1489 191 1546 218 295.
1567 190 1626 218 296.
1800 193 1861 223 257

494 323 581 359 295.
620 322 795 368 Scriptum
818 333 885 368 pro
912 321 1030 357 abbate
1056 321 1177 357 Sancti
1207 319 1315 357 Galli.
1421 320 1501 356 Iun.
1520 321 1583 355 28.

319 396 480 438 Oriqimk
501 397 538 429 in
555 395 718 428 tabulario
741 395 951 437 Sangallensi.
1003 395 1123 428 Pendet
1145 394 1285 436 sigillum
1307 394 1429 427 hesum
1458 394 1524 427 loro
1547 394 1789 426 membranaceo.
1822 412 1865 416 —

206 448 270 481 Ed.
290 448 386 489 Kopp
409 447 605 481 ‘Geschichte
627 448 682 480 der
703 447 968 489 eidqenassischen
983 447 1112 479 Bvane'
1135 447 1196 485 IV,
1211 447 1234 477 2
1252 457 1284 487 p.
1298 448 1361 478 455
1384 457 1433 479 nr.
1453 447 1494 477 10
1516 457 1556 478 ea:
1580 457 1642 485 or.;
1673 446 1865 478 Wartmann

209 499 490 533 ‘Urkundenbuch’
513 499 583 538 III,
598 500 663 531 398
685 509 734 544 m.
754 499 838 530 1228
859 509 898 531 ex
921 509 966 531 or.
1012 498 1180 530 Editiones
1202 497 1401 531 caemtulimus.

177 564 189 584 s
205 587 208 591 ,
296 583 298 585 ,
315 554 463 593 ΒόῙιηιεν,
486 554 562 596 Rea.
579 555 694 588 Ludw.
711 565 747 596 p.
762 556 827 587 363
849 554 1021 587 Friedrich
1043 565 1092 587 nr.
1109 555 1174 586 315
1196 555 1324 594 (Addit.
1342 555 1417 596 III)
1439 555 1496 595 (=
1515 566 1551 595 p.
1570 557 1633 587 167
1655 566 1704 588 nr,
1720 556 1787 597 42).

314 641 382 673 Nos
405 639 588 673 Fridericus
614 640 677 672 Dei
705 641 815 683 gracia
844 640 1064 673 Romanorum
1092 651 1151 672 rex
1178 651 1309 683 semper
1338 644 1493 684 augustus
1520 645 1632 673 tenore
1662 643 1866 684 presencium

205 692 335 735 publice
357 692 555 735 profitemur,
579 691 666 734 quod
689 692 765 734 quia
787 692 981 724 venerabilis
1004 692 1175 724 Heinricus
1198 692 1300 724 abbas
1323 693 1511 725 monasterii
1535 692 1643 725 Sancti
1668 693 1754 725 Galli
1778 695 1866 736 prin·

205 753 284 787 ceps
313 747 422 776 noster
450 743 587 776 dilectus
609 743 710 775 nobili
739 744 807 776 viro
823 743 1034 785 Wern(hero)
1065 745 1175 776 comiti
1207 744 1248 776 de
1277 744 1448 787 Homberg
1475 744 1634 776 advocato
1666 746 1864 787 provinciali,

205 795 294 828 fideli
315 799 424 828 nostro
448 795 566 827 dilecto
597 794 637 827 de
661 794 809 827 omnibus
831 796 926 827 sturis
950 798 983 827 et
1006 795 1246 837 exactionibus,
1274 807 1354 838 quas
1377 796 1464 828 idem
1491 796 1594 828 abbas
1617 797 1658 828 ab
1682 797 1866 829 hominibus

162 854 188 875 ¹⁰
205 847 376 880 advocatie
400 847 510 879 Sancti
533 845 619 878 Galli
643 846 735 878 nobis
758 849 792 878 et
814 847 950 889 imperio
974 846 1164 889 pertinentis
1193 858 1213 879 a
1236 851 1383 889 tempore
1408 848 1588 880 vacacionis
1611 849 1739 890 imperii
1763 859 1864 891 usque

204 909 288 931 nunc
310 899 472 940 recepisse
495 897 685 938 dinoscitur,
719 898 819 930 nostri
851 898 980 930 nomine
1008 898 1178 939 satisfecit,
1213 898 1306 930 nobis
1336 898 1405 931 fore
1434 910 1475 931 ex
1502 899 1564 931 hoc
1594 899 1739 942 plenarie
1770 901 1864 932 satis-

204 950 336 992 factum,
359 950 535 992 quittantes
556 949 662 991 ipsum
686 952 720 981 et
734 950 964 981 monasterium
984 960 1075 981 suum
1094 960 1151 991 pro
1168 949 1261 981 nobis
1285 954 1318 982 et
1341 951 1477 993 imperio
1500 962 1597 992 super
1620 951 1692 983 illis.
1738 951 1864 983 Harum

203 1002 388 1035 testimonio
411 1001 593 1033 litterarum
615 1003 724 1032 nostre
746 1001 926 1033 maiestatis
949 1000 1046 1043 sigilli
1069 1001 1186 1033 robore
1210 1001 1418 1034 firmatarum.

310 1053 431 1085 Datum
454 1053 487 1084 in
508 1051 665 1094 Mengen,
687 1052 766 1084 1111.
784 1052 858 1084 Kal.
882 1052 970 1092 Iulii,
999 1063 1082 1084 anno
1111 1052 1243 1085 Domini
1269 1053 1442 1086 millesimo
1474 1055 1703 1087 trecentesimo
1736 1056 1863 1097 quinto-

161 1112 186 1132 ιδ
205 1105 342 1146 decimo,
366 1104 456 1146 regni
478 1104 579 1135 nostri
602 1114 686 1136 anno
709 1105 822 1146 primo.

306 1291 554 1338 296—306.
598 1289 879 1338 SCRIPTA
907 1291 1238 1338 LUDEWICI
1274 1289 1404 1337 PRO
1434 1291 1766 1340 DIVERSIS.

433 1368 541 1405 1315.
582 1368 664 1404 lun.
683 1367 877 1405 aa-lui
899 1368 959 1405 30.
980 1368 1046 1413 (-
1059 1368 1161 1414 Sept.
1182 1369 1424 1406 13.—1316.
1453 1369 1559 1406 Mart.
1582 1370 1632 1414 7.)

617 1479 703 1516 296.
744 1480 949 1526 Infeudatio
976 1480 1177 1516 abbatissae.
1283 1480 1365 1516 Iun.
1385 1483 1451 1516 22.

316 1552 477 1594 Oriyinale
500 1553 574 1596 (or.)
606 1553 643 1585 in
668 1553 827 1585 tabulario
854 1554 996 1594 generali
1020 1555 1109 1595 reqm'
1136 1553 1304 1586 Bawarici
1326 1554 1418 1587 KLS
1446 1565 1496 1586 nr.
1514 1556 1564 1587 65.
1625 1554 1861 1596 Descm'psimus

160 1617 187 1639 ,ο
205 1615 270 1638 nos.
315 1604 437 1638 Pendet
457 1605 555 1646 siyilli
576 1606 788 1646 fraqmentum
809 1605 875 1646 filis
896 1606 1007 1638 sericis
1028 1606 1120 1638 rubei
1141 1605 1279 1646 flavique
1301 1605 1422 1638 coloris.
1448 1624 1487 1630 —-—
1511 1606 1685 1639 Ineditum.

311 1661 458 1700 Bb’hmer,
481 1661 556 1702 Req.
574 1661 687 1694 Ludw.
705 1671 740 1702 p.
757 1663 778 1692 8
799 1672 849 1694 nr.
867 1662 939 1694 120.

311 1746 505 1779 Ludowious
527 1747 590 1779 Dei
613 1747 718 1789 gratia
733 1747 953 1785 Romanorum
976 1758 1034 1779 rex
1058 1757 1188 1789 semper
1207 1751 1363 1789 augustus
1450 1749 1606 1780 universis
1629 1750 1710 1781 sacri
1734 1750 1861 1791 imperii

204 1797 352 1830 fidelibus
374 1802 542 1840 presentes
570 1798 695 1830 litteras
717 1799 908 1841 inspecturis
931 1799 983 1830 vel
1006 1799 1162 1830 audituris
1249 1800 1387 1842 gratiam
1419 1810 1510 1831 suam
1540 1803 1574 1831 et
1604 1810 1698 1832 omne
1731 1800 1860 1833 bonum.

313 1849 441 1887 Quanto
472 1860 530 1882 nos
559 1850 650 1882 Deus
677 1850 832 1882 exaltavit
861 1851 1043 1891 sublimius,
1077 1855 1166 1883 tanto
1199 1850 1368 1892 benignius
1395 1852 1563 1894 inspiravit
1592 1852 1684 1884 nobis
1714 1854 1861 1895 spiritum

162 1914 188 1935 ὀ
206 1901 380 1934 voluntatis
395 1901 489 1943 illius,
514 1902 568 1944 qui
591 1901 633 1934 ad
656 1902 760 1934 zelum
777 1902 851 1934 fidei
869 1903 1040 1934 christiane
1064 1913 1123 1934 nos
1138 1906 1302 1944 provocat,
1326 1902 1368 1934 ad
1384 1903 1611 1935 rectitudinem
1635 1904 1759 1936 iusticie
1784 1904 1861 1937 diri-

202 1952 340 1994 gendam
365 1953 518 1986 sollicitat
546 1956 579 1985 et
607 1953 650 1985 ad
673 1957 894 1986 sacrosanctas
925 1954 1078 1986 ecclesias
1107 1957 1140 1985 et
1163 1954 1399 1986 ecclesiasticas
1422 1965 1590 1996 personae,
1621 1956 1652 1986 in
1681 1955 1797 1997 quibus
1829 1960 1862 1988 et

202 2013 262 2046 per
283 2014 364 2046 quas
386 2015 445 2047 pro
468 2007 576 2036 nostre
593 2005 705 2037 salutis
721 2008 896 2047 augmento
913 2006 983 2047 ipse
999 2005 1089 2037 Deus
1105 2006 1309 2047 omnipotens
1324 2005 1528 2047 placabiliter
1544 2010 1707 2047 exoratur,
1730 2018 1861 2049 promo-

201 2055 324 2088 vendas
357 2055 578 2088 favorabiliter
611 2067 649 2088 ac
683 2056 904 2088 exaudiendas
937 2057 1193 2098 supplicaciones
1221 2056 1347 2088 illarum
1377 2057 1491 2088 invitat
1526 2061 1559 2089 et
1587 2057 1687 2089 afficit
1719 2062 1861 2091 mentem

202 2109 354 2139 nostram.
404 2107 488 2140 Hinc
517 2111 567 2140 est
593 2107 724 2152 [quod]¹
758 2118 829 2140 cum
858 2108 1052 2139 venerabilis
1086 2111 1119 2139 et
1147 2108 1297 2149 religiosa
1327 2108 1357 2139 in
1388 2108 1516 2140 Christo
1545 2108 1668 2140 Berhta
1696 2109 1861 2142 abbatissa

159 2171 186 2191 ω
204 2157 385 2200 Superioris
411 2159 599 2191 Monasterii
626 2159 708 2191 infra
738 2170 846 2191 muros
875 2159 1155 2201 Ratispon(enses)
1184 2159 1305 2191 ordinis
1333 2161 1435 2191 sancti
1462 2159 1683 2203 Be[nedieti]⁸
1712 2162 1862 2203 princeps

202 2213 312 2242 nostra
334 2210 452 2243 dilecta
474 2221 494 2242 a
516 2211 685 2243 maiestate
702 2215 811 2243 nostra
832 2211 922 2254 regia
939 2211 1120 2253 requisierit
1136 2210 1300 2242 humiliter
1323 2215 1356 2243 et
1378 2211 1507 2252 devote,
1531 2216 1567 2244 ut
1589 2213 1693 2254 ipsam
1708 2212 1859 2254 dignare-

202 2271 275 2294 mur
297 2261 472 2294 secundum
495 2262 544 2294 ius
567 2266 601 2294 et
623 2262 888 2294 consuetudinem
912 2272 969 2294 sue
995 2262 1130 2294 ecclesie
1155 2261 1196 2294 de
1220 2262 1341 2294 iuribus
1361 2263 1524 2305 regalibus
1547 2263 1608 2295 sibi
1625 2264 1860 2305 pertinentibus

202 2312 384 2355 infeodare,
414 2324 473 2346 nos
495 2324 572 2346 vero
595 2313 814 2353 attendentes,
846 2313 933 2355 quod
961 2315 1043 2345 iuste
1075 2324 1114 2345 ac
1143 2314 1278 2346 honeste
1302 2315 1486 2356 petencium
1516 2314 1686 2347 desideriis
1709 2326 1860 2347 assensus

203 2364 306 2396 facilis
329 2367 362 2397 et
383 2364 551 2397 benivolus
581 2368 630 2397 est
657 2365 855 2407 prebendus,
886 2366 946 2407 ipsi
975 2375 1017 2397 ex
1046 2365 1242 2397 liberalitate
1270 2366 1361 2407 regia
1387 2367 1537 2398 universa
1567 2371 1600 2398 et
1630 2367 1756 2409 sing-ula
1780 2368 1859 2407 iura,

160 2427 185 2448 η
203 2426 407 2459 quocumque
429 2416 588 2449 vocabulo
612 2420 816 2458 censeantur,
848 2427 910 2459 que
934 2416 1018 2449 dicte
1045 2416 1183 2448 ecclesie
1211 2427 1248 2449 ac
1271 2417 1393 2449 Berhte
1423 2418 1568 2460 predicte
1597 2422 1785 2460 competunt
1808 2419 1859 2450 vel

203 2470 388 2510 competere
405 2467 526 2500 debent
548 2471 582 2500 et
597 2471 750 2510 poterunt
772 2468 803 2499 in
819 2467 1012 2508 hominibus,
1036 2468 1302 2509 possessionibus,
1322 2468 1604 2509 iurisdictionibus,
1629 2469 1731 2510 bonis,
1755 2469 1859 2501 feodis

203 2528 261 2551 seu
283 2519 380 2552 rebus
401 2519 473 2552 aliis
489 2520 742 2562 quibuscumque
759 2520 884 2562 integre
909 2523 942 2551 et
964 2520 996 2551 in
1019 2522 1087 2551 toto
1111 2520 1328 2551 concessimus
1351 2523 1384 2552 et
1400 2519 1636 2552 infeodavimus
1659 2521 1755 2562 pleno
1780 2521 1858 2552 iure.

202 2569 241 2602 In
264 2571 354 2603 cuius
376 2571 423 2603 rei
446 2571 663 2604 testimonium
686 2571 745 2603 has
767 2571 891 2603 litteras
907 2571 1063 2603 conscribi
1087 2574 1120 2603 et
1142 2575 1250 2603 nostre
1266 2572 1445 2603 maiestatis
1470 2571 1575 2614 sigillo
1599 2573 1747 2603 iussimus
1771 2582 1858 2603 com-

202 2631 340 2654 mumru

160 2685 187 2706 «o
310 2672 385 2705 Dat.
402 2673 590 2716 Ratispone,
614 2673 740 2706 decimo
763 2674 902 2707 Kalend.
926 2673 1010 2714 Iulii,
1034 2684 1118 2706 anno
1134 2673 1262 2705 Domini
1286 2674 1458 2706 millesimo
1479 2675 1707 2706 trecentesimo
1732 2676 1858 2716 quinto-

204 2722 340 2766 decimo,
364 2725 455 2766 regni
477 2735 553 2757 vero
577 2726 676 2757 nostri
699 2736 782 2758 anno
805 2726 919 2767 primo.

305 2809 372 2837 29⁰.
399 2811 423 2842 ἱ)
441 2811 514 2837 uncie
530 2811 632 2837 §nelma
651 2820 758 2838 eor-rom
775 2820 814 2837 or.

307 2868 346 2887 u„
358 2868 584 2887 cousmurronas
596 2869 622 2887 v.
1617 2862 1650 2888 33
