2184 3126
480 233 575 261 ACTA
597 216 710 260 REGNI
731 232 914 260 LUDEWICI
934 232 980 260 IV.
1001 232 1046 260 ΕΤ
1066 233 1251 260 Palm-:mel
1271 233 1318 261 111.
1356 234 1431 262 132⁴.
1469 233 1516 262 ΝΥ.
1529 235 1588 262 909.
1805 238 1867 268 725

207 321 376 363 imperium
401 323 434 352 et
457 331 514 352 nos
537 323 569 352 et
592 320 750 352 iusticiam
774 324 915 352 nostram
940 321 1033 352 facto.
1079 320 1116 351 In
1140 330 1204 363 quo
1228 321 1331 352 eciam
1354 319 1498 352 abutitur
1521 322 1644 353 notorie
1669 321 1867 364 plenitudine

206 372 386 413 potestatis,
417 382 480 414 que
503 372 626 403 nonnisi
650 371 692 403 ad
722 370 962 403 edificacionem
994 370 1130 403 ecclesie
1162 370 1266 403 datur.
1312 369 1355 403 Et
1381 377 1473 403 eum¹
1504 382 1566 403 non
1596 373 1697 413 possit
1724 372 1867 403 iudicare

207 434 267 455 nec
290 422 409 455 debeat
430 423 490 455 nisi
514 422 689 455 secundum
714 423 888 463 iusticiam,
912 422 1072 454 malitiose
1096 425 1130 454 et
1153 422 1303 455 iniuriose
1326 423 1403 454 iuris
1426 424 1581 465 pervertit
1604 423 1764 463 ordinem,
1791 434 1865 465 pro-

206 485 314 507 cessus
336 485 411 507 suos
435 473 598 506 fundando
622 484 718 516 super
740 474 884 514 notoriis,
908 484 970 516 quc
995 477 1101 506 tamen
1127 484 1189 505 non
1213 473 1316 506 solum
1340 484 1403 505 non
1427 479 1500 506 sunt
1523 476 1659 515 notoria,
1682 474 1738 506 sed
1764 475 1864 507 mani-

173 537 185 556 s
205 527 288 558 feste
312 526 405 567 falsa,
428 530 463 558 ut
485 527 517 558 in
540 526 605 558 suis
628 525 830 568 processibus
853 525 940 557 clare
963 528 1063 568 patet.

315 582 345 610 6.
379 584 392 602 >¹
410 578 493 610 Item
517 581 609 620 patet
631 577 808 618 evidenter,
833 577 919 619 quod
943 578 973 609 in
998 577 1084 609 dieto
1101 587 1264 619 processu,
1289 578 1341 619 qui
1366 577 1472 619 potius
1496 587 1648 610 excessus
1671 582 1720 609 est
1742 587 1864 609 nuncu-

207 629 346 672 pandus,
378 629 508 662 omnino
539 628 643 661 defuit
674 639 749 670 pars
777 630 888 669 citata,
917 629 1012 671 quia·
1035 634 1112 660 nee·
1137 628 1274 660 fuimus¹’
1298 638 1431 670 presens
1458 638 1518 660 nec
1546 639 1605 670 per
1630 629 1865 661 contumaciam

206 681 324 714 absens
346 690 406 712 nec
429 680 538 722 aliqua
561 680 601 712 de
626 680 718 712 nobis
741 680 826 712 facta
849 679 910 711 fuit
931 680 1055 719 citacio,
1078 683 1174 721 prout
1196 679 1381 722 expostulat
1404 679 1483 711 ordo
1507 681 1594 720 iuris,
1618 690 1690 712 cum
1707 680 1865 722 scriptura

204 738 313 765 sacra⁰
342 735 492 774 testetur,
527 731 611 763 nond
641 742 712 763 esse
748 731 1032 764 consuetudinem*
1059 730 1215 763 Romanis
1253 731 1471 773 pontificibus,
1510 731 1688 774 dampnare
1722 731 1863 774 aliquem

161 795 186 816 ιο
204 784 376 824 hominem,
402 784 586 826 priusquam
612 784 637 814 is
661 784 714 825 qui
737 787 907 815 accusatur
929 786 1096 825 presentes
1119 782 1240 814 habeat
1262 787 1465 815 accusatores
1489 783 1659 826 locumque
1686 783 1727 815 ad
1752 783 1863 815 desen-

205 835 347 868 dendum
378 846 412 868 se
441 835 579 876 accipiat
608 835 649 867 ad
679 834 858 867 abluenda‘
885 834 1032 875 crimina,
1065 838 1097 866 et
1129 834 1237 866 divina
1266 834 1319 867 lex
1349 845 1411 866 non
1440 834 1561 867 iudicat
1589 835 1768 875 hominem,
1805 835 1862 866 nisi

204 887 345 920 audierit
369 887 410 919 ab
434 888 503 929 ipso
528 887 637 929 prius?
660 891 692 919 et
716 887 917 929 cognoverit,
946 886 1021 928 quid
1046 886 1168 918 fecerit.
1215 886 1290 928 Ipse
1314 890 1422 918 autem
1445 886 1645 923 inra,divina
1668 891 1702 918 et
1723 886 1864 918 humana

202 940 330 972 omnino
347 938 514 971 subvertit.
552 938 595 970 Et
610 938 750 971 breviter
773 939 842 980 ipse
865 938 1176 980 pronunciaeioninh,
1201 949 1264 980 que
1288 938 1404 970 dieitur
1427 938 1538 978 sacta¹,
1562 942 1655 970 tenor
1670 939 1861 970 sententiam

199 990 321 1023 nullam
354 1001 425 1022 esse
455 990 619 1022 decernitk
649 990 766 1022 eciam¹
795 994 928 1032 propter
961 989 1124 1022 defectum
1153 989 1279 1030 iudicis,
1310 994 1372 1022 ut¹¹¹
1396 1001 1453 1022 suo
1483 989 1554 1021 loco
1589 994 1621 1021 et
1652 993 1799 1031 tempore
1829 996 1862 1020 et

160 1055 184 1076 ιο
203 1053 311 1075 coram
336 1042 452 1085 quibus
476 1042 667 1074 debebimus
690 1045 724 1074 et
746 1041 800 1074 ubi
821 1041 1042 1081 debebimus-¹,
1066 1041 1325 1073 manifestissime
1342 1041 1550 1074 ostendemus
1573 1045 1626 1073 et⁰
1642 1041 1861 1073 ostendeturv.

312 1097 340 1126 7.
376 1094 486 1126 “Item
503 1098 639 1136 apparet
656 1093 823 1126 evidenter
838 1093 978 1126 intencio
1002 1103 1060 1125 sua
1083 1103 1191 1135 prava.
1216 1098 1295 1135 quer
1316 1093 1357 1125 ad
1382 1093 1607 1125 exterminium
1631 1093 1712 1124 sacri
1737 1093 1862 1135 imperii

201 1145 305 1178 tendit
328 1149 360 1177 et
385 1149 527 1177 nostrum
553 1149 586 1177 ct
610 1145 789 1187 principum
813 1147 846 1176 et
869 1144 1058 1176 devotorum
1088 1144 1202 1186 ipsius,
1232 1155 1303 1176 eum
1331 1148 1457 1177 constet
1479 1143 1661 1176 Romanum
1691 1145 1860 1186 imperium

200 1207 221 1229 a
252 1197 324 1229 Deo
353 1200 577 1239 preparatum·
606 1197 647 1229 ad
677 1196 944 1239 preparacionem
972 1201 1004 1228 et
1036 1195 1264 1228 dilatacionem
1297 1195 1482 1238 ewangelii‘
1513 1200 1546 1227 et
1577 1195 1640 1228 adu
1668 1196 1860 1228 catholicam

201 1248 299 1280 fldem
326 1254 364 1280 a*
388 1249 510 1280 cunetis
537 1248 685 1290 malignis
714 1248 892 1280 incursibus
920 1248 1105 1280 emendam.
1159 1247 1201 1279 Et
1233 1249 1277 1279 sic
1306 1249 1389 1280 sacri
1417 1248 1586 1290 ewangelii
1614 1253 1663 1280 est
1689 1247 1862 1280 subversor

155 1310 183 1330 so
201 1301 345 1333 notorius
368 1305 401 1332 et
424 1301 612 1332 destruetor.

309 1354 338 1385 8.
373 1353 488 1385 wItem
512 1355 646 1392 constat,
671 1351 756 1394 quod
781 1362 839 1394 per
861 1352 940 1383 istos
963 1355 1015 1383 et'K
1038 1352 1120 1383 alios
1142 1362 1218 1383 suos
1240 1361 1408 1393 processus
1432 1351 1601 1393 malignos,
1630 1351 1684 1393 qui
1708 1361 1860 1383 excessus

201 1404 307 1436 verius
330 1404 393 1436 dici
423 1407 572 1446 possunt,
599 1403 703 1435 tendit
731 1403 773 1435 ad
799 1404 1025 1436 exterminium
1053 1404 1135 1435 sacri
1165 1403 1291 1445 imperii
1319 1406 1419 1444 atque
1447 1407 1591 1435 nostrum
1617 1407 1651 1435 et
1679 1403 1859 1444 principum

200 1456 327 1497 imperii
352 1455 530 1487 electorum
555 1458 588 1487 et
610 1455 745 1488 aliorum
769 1455 947 1497 principum
971 1459 1005 1486 et
1027 1454 1218 1487 devotorum
1242 1455 1368 1496 imperii
1397 1458 1430 1486 et
1452 1453 1610 1486 libertatis
1639 1458 1673 1486 et
1695 1453 1859 1496 dignitatis

199 1507 299 1549 ipsius
322 1510 356 1539 et
378 1507 419 1539 ad
444 1506 694 1539 destructionem
711 1507 990 1539 inconcussarumy
1006 1507 1132 1548 imperii
1148 1505 1426 1546 consuetudinum,
1450 1516 1512 1548 que
1532 1504 1617 1547 apud
1635 1516 1693 1537 nos
1714 1515 1773 1547 pro
1790 1506 1859 1536 iure

154 1567 181 1587 ss
200 1558 380 1590 indubitato
405 1561 572 1591 servantur
594 1562 627 1591 et
650 1562 776 1591 servate
801 1562 874 1590 sunt
897 1558 938 1590 ab
963 1558 1106 1600 antiquo.

308 1613 337 1643 9.
373 1610 488 1643 wItem
512 1610 839 1652 archiepiscopatuffl,
863 1611 1067 1652 episcopatus
1092 1614 1125 1641 et
1147 1609 1295 1641 abbatias
1317 1609 1442 1641 confert
1464 1609 1643 1650 partialiter
1666 1613 1699 1640 et
1722 1608 1860 1650 indignis

199 1662 339 1702 omnino,
371 1663 587 1704 cuiuscunque
612 1663 708 1694 etatis
730 1662 824 1704 sint⁸,
852 1662 1084 1704 qualiscunque
1107 1662 1183 1701 vite,
1215 1660 1391 1693 dummodo
1419 1660 1481 1692 sint
1504 1660 1641 1702 imperio
1665 1659 1804 1692 rebelles
1827 1664 1859 1691 et

201 1713 336 1754 inimici,
360 1716 646 1755 quantumcunque
674 1714 737 1745 sint
758 1713 948 1745 naturaliter
971 1713 1104 1745 vasallib
1132 1713 1269 1755 imperii.
1315 1712 1430 1744 Nullus
1458 1715 1567 1743 autem
1597 1710 1772 1753 imperialis
1801 1721 1859 1752 pei·

198 1765 306 1806 ipsum
329 1768 438 1808 potest
460 1764 705 1807 quomodolibet
721 1766 913 1807 promoveri,
938 1765 997 1796 uisi
1021 1765 1104 1796 forte
1128 1775 1163 1796 se
1187 1763 1333 1796 simulet⁰
1355 1774 1412 1796 sue
1434 1764 1543 1805 inique
1567 1763 1724 1795 voluntati
1747 1767 1857 1794 contra

155 1826 182 1846 ao
200 1816 372 1858 imperium
396 1816 480 1848 velle
505 1816 630 1857 favere,
660 1820 942 1858 quantumcunque
973 1816 1088 1858 dignus
1111 1820 1145 1848 et
1167 1816 1343 1855 sufficiens,
1376 1820 1657 1857 quantumcunque
1680 1815 1803 1856 peritus
1826 1818 1858 1846 et

198 1867 321 1909 doctus,
346 1872 628 1910 quantumcunque
652 1868 736 1901 bone
760 1872 793 1900 et
817 1872 928 1900 sancte
945 1869 1021 1900 vite.
1061 1867 1111 1900 Ex
1128 1867 1188 1899 boc
1205 1868 1273 1910 egit
1289 1871 1322 1899 et
1337 1867 1406 1909 agit
1423 1867 1574 1898 continue
1590 1866 1621 1897 in
1638 1869 1857 1907 contemptum

196 1919 259 1952 Dei
283 1923 317 1951 et
339 1920 369 1951 in
394 1919 570 1962 dampnum
594 1920 804 1952 ecclesiarum
833 1924 866 1951 et
894 1921 925 1951 in
958 1920 1135 1962 periculum
1164 1920 1343 1951 animarum
1373 1922 1406 1950 et
1433 1918 1559 1950 notorie
1586 1918 1617 1949 in
1645 1917 1857 1959 preiudicium

195 1971 278 2003 sacri
301 1971 426 2013 imperii
451 1975 484 2004 et
506 1971 649 2004 notabile
670 1971 883 2013 preiudicium
907 1972 1034 2003 iusticie
1058 1974 1166 2003 nostro
1189 1974 1287 2013 atque
1313 1969 1409 2002 iurisd
1433 1973 1466 2002 et
1488 1969 1632 2011 imperii‘
1655 1968 1857 2001 subditorum

197 2026 232 2055 et
254 2023 446 2055 devotorum
469 2023 578 2065 ipsius.

150 2082 178 2103 ⁸⁸
310 2077 356 2107 10.
393 2074 403 2093 s
420 2074 503 2107 Item
527 2077 619 2116 patet
642 2078 754 2117 aperte
778 2075 809 2106 in
834 2079 1016 2116 processuss,
1041 2074 1066 2104 si
1084 2077 1191 2105 tamen
1217 2083 1385 2115 processus
1408 2072 1470 2104 dici
1494 2073 1604 2114 possit,
1628 2073 1682 2114 qui
1706 2082 1857 2104 excessus

196 2129 246 2158 est
267 2125 398 2168 potiush
415 2125 604 2165 censendus,
630 2137 726 2168 quem
742 2136 844 2168 nuper
861 2126 975 2157 fecisse
992 2125 1116 2166 dicitur,
1137 2125 1239 2167 quod¹
1255 2125 1296 2156 ad
1313 2125 1538 2156 exterminium
1555 2126 1590 2155 et
1604 2123 1856 2156 destructionem

196 2178 278 2210 sacri
294 2177 398 2210 tendit
413 2178 542 2220 imperii
565 2177 623 2210 et*K
648 2177 792 2210 notabile
810 2177 1036 2220 preiudieium¹
1053 2181 1162 2209 nostre
1182 2177 1307 2208 iusticie
1328 2179 1427 2218 atque
1450 2176 1526 2207 iuris
1550 2179 1583 2207 et
1605 2174 1648 2207 ad
1664 2179 1856 2217 perpetuum

195 2238 371 2271 gravamen
389 2232 422 2262 et
433 2229 647 2271 preiudicium
664 2229 843 2271 principum
863 2228 1049 2270 imperii*hm
1067 2229 1296 2260 electorumvet
1311 2228 1351 2260 ad
1369 2227 1582 2259 destruendas
1597 2230 1630 2259 et
1645 2226 1856 2259 annullandae

197 2279 444 2313 consuetudines
466 2281 593 2323 imperii
618 2280 816 2323 approbatas
839 2280 1048 2312 rationabiles
1071 2284 1105 2312 et
1119 2280 1313 2322 prescriptas
1336 2282 1370 2312 et
1391 2283 1535 2311 servatas
1558 2279 1590 2310 in
1609 2278 1702 2310 factis
1725 2282 1758 2310 et
1780 2289 1855 2320 pro—

151 2339 180 2359 40
198 2330 341 2363 cassibus
363 2332 489 2374 imperii
513 2331 555 2364 ab
579 2343 618 2364 eo
635 2335 792 2374 tempore,
818 2332 906 2363 cuius
922 2331 1079 2363 memoria
1095 2331 1266 2363 contrariin
1289 2342 1352 2362 non
1368 2331 1487 2368 existit,
1504 2334 1538 2362 ut
1553 2333 1646 2372 patet
1660 2331 1692 2361 in
1708 2329 1855 2361 omnibus

168 2383 170 2387 ’
199 2384 232 2414 et
253 2382 386 2425 singulis
400 2382 610 2426 infrascriptis
633 2382 808 2426 capitulis0.

296 2465 365 2496 80⁹.
391 2468 418 2501 ¹)
436 2469 483 2495 ubi
499 2468 525 2495 2.
630 2469 656 2502 y)
673 2479 741 2496 nor-a
760 2471 829 2496 linea
849 2469 878 2501 l;
904 2478 960 2494 cum
978 2470 1050 2501 siyno
1071 2469 1236 2502 pamqraphi
1254 2468 1279 2495 2.
1385 2469 1408 2500 ¹)
1427 2477 1479 2502 que
1498 2468 1524 2495 4.
1540 2468 1565 2494 5.
1671 2470 1694 2498 ¹)
1715 2478 1766 2494 nou
1785 2468 1810 2495 4.
1828 2469 1853 2493 5.

194 2509 219 2542 b)
238 2511 289 2536 ruit
305 2509 330 2538 2.
342 2509 367 2537 4.
381 2510 406 2537 5.
493 2512 516 2544 ⁰)
535 2514 660 2539 canonica
677 2512 701 2540 4.
714 2513 738 2539 5.
828 2511 852 2544 ⁸¹)
872 2520 920 2538 uec
937 2511 963 2538 2.
1052 2511 1076 2542 ⁸)
1094 2512 1288 2538 consuetudinis
1305 2511 1330 2538 4.
1343 2512 1368 2538 5.
1455 2510 1477 2545 f)
1494 2511 1622 2538 abolenda
1639 2511 1665 2537 4.
1753 2512 1778 2543 Β)
1798 2512 1854 2537 Ioco

194 2553 227 2579 ab
245 2554 301 2587 ipso
319 2554 389 2588 prius
407 2553 436 2580 4:
457 2555 490 2580 ab
508 2563 552 2581 ors
571 2555 660 2590 ipsius.
748 2555 775 2589 h)
794 2556 967 2589 pronuncians
985 2555 1010 2580 ἴ).
1098 2555 1116 2586 ¹)
1135 2556 1204 2580 saeta
1221 2555 1271 2580 dic.
1288 2554 1313 2581 4.
1410 2554 1436 2588 Ιι)
1454 2555 1568 2581 decrevit
1585 2554 1610 2581 4.
1702 2553 1722 2587 ¹)
1740 2560 1765 2580 et
1784 2554 1810 2581 4.
1827 2555 1851 2580 5.

155 2602 180 2622 ω
198 2596 231 2627 m)
250 2596 318 2630 quod
335 2597 360 2624 4.
371 2597 398 2623 6.
479 2597 505 2630 ¹²)
523 2598 648 2624 debemus
668 2597 694 2624 4.
708 2598 732 2624 5.
815 2598 839 2630 ⁰)
858 2599 925 2624 dem
943 2597 972 2629 2:
990 2599 1067 2623 etism
1086 2598 1149 2623 add.
1166 2596 1191 2623 2.
1205 2597 1229 2624 4.
1241 2598 1267 2624 5.
1348 2598 1374 2629 Ρ)
1393 2597 1536 2624 ostenditur
1553 2597 1578 2624 2.
1666 2598 1691 2630 ι1)
1708 2598 1762 2623 uine
1780 2598 1852 2630 eiquo

192 2639 361 2673 pereyo-ephi
380 2640 408 2669 l:
432 2648 490 2666 nm
507 2641 579 2674 signo
596 2640 621 2667 2.
722 2640 744 2674 ἲ)
761 2642 830 2675 quod
847 2640 871 2667 4.
975 2640 996 2673 ¹)
1016 2645 1042 2666 et
1059 2640 1123 2666 add.
1142 2640 1167 2667 4.
1266 2641 1286 2673 ⁸)
1303 2649 1395 2675 evang.
1412 2649 1511 2674 semper
1527 2639 1553 2668 4.
1570 2639 1595 2665 5.
1694 2640 1721 2672 ι1)
1740 2641 1808 2666 deest
1825 2641 1850 2666 4.

196 2683 223 2713 V)
242 2680 354 2709 decad,
366 2682 390 2708 5.
473 2683 504 2714 W)
523 2692 579 2709 cum
597 2684 669 2718 siquo
684 2684 851 2718 paranympha*
870 2685 894 2711 1.
906 2683 932 2709 2.
1014 2684 1039 2715 ¹)
1059 2691 1104 2717 per
1121 2683 1185 2711 aad.
1203 2683 1228 2709 ὃ.
1309 2683 1335 2717 1)
1353 2684 1420 2710 sacri
1439 2684 1502 2710 add.
1520 2683 1546 2710 4.
1558 2684 1583 2710 5.
1666 2685 1689 2714 ι)
1705 2688 1731 2709 et
1749 2684 1812 2709 edd.
1825 2685 1850 2709 ῖι.
1876 2711 1880 2716 ,

197 2726 222 2758 ⁸)
242 2729 269 2752 et
286 2726 349 2752 add.
366 2725 391 2752 4.
405 2726 428 2752 b.
516 2725 542 2758 ι’)
562 2728 669 2753 vassalli
687 2727 804 2753 nimium
821 2728 877 2760 sere
894 2735 994 2759 semper
1011 2726 1036 2752 4.
1048 2726 1073 2752 ὃ.
1161 2725 1185 2759 ⁰)
1202 2727 1296 2753 similet
1314 2728 1338 2753 1.
1431 2725 1457 2758 ἃ)
1475 2728 1519 2753 in·-
1541 2727 1562 2753 Ι.
1654 2727 1678 2757 θ)
1696 2735 1727 2753 ae
1745 2727 1807 2753 edd.
1829 2728 1850 2752 1.

194 2766 216 2798 ἲ)
237 2768 291 2794 sine
309 2769 380 2802 siquo
396 2770 564 2803 parom-ophi
582 2770 646 2796 1.2.
735 2770 761 2802 8)
780 2771 806 2796 in
824 2778 892 2803 proc.
910 2778 951 2803 ap.
970 2769 994 2795 4.
1007 2768 1031 2794 5.
1121 2768 1146 2798 “·)
1163 2774 1202 2795 est
1219 2778 1275 2796 exo.
1288 2775 1339 2803 pot.
1358 2768 1382 2796 4.
1395 2768 1420 2795 ὁ.
1507 2768 1527 2801 ¹)
1545 2775 1570 2796 et
1589 2769 1613 2796 1.
1625 2769 1650 2796 2.
1737 2769 1763 2800 k)
1782 2776 1806 2795 et
1818 2785 1848 2788 -

153 2815 178 2835 ⁶⁰
198 2812 297 2845 imperii
315 2812 464 2838 excideram
478 2821 527 2845 per
545 2813 746 2846 dietoyrnpluinm
764 2812 789 2838 2.
877 2811 896 2842 ¹)
913 2812 982 2838 decet
999 2811 1024 2838 4.
1038 2811 1064 2837 5.
1152 2811 1184 2843 ΙΙἱ)
1203 2813 1271 2838 deest
1290 2813 1313 2839 l.
1404 2813 1430 2845 ιι)
1449 2818 1530 2839 contr.
1543 2821 1618 2839 mem.
1636 2812 1660 2838 4.
1750 2819 1774 2835 ⁰»
1793 2822 1848 2846 cap.

194 2855 253 2880 infr.
271 2853 296 2880 4.
309 2853 332 2880 5.
