2184 3126
2 1995 23 2046 'f'

177 736 203 757 10

177 1004 200 1024 u

173 2312 201 2332 40

173 2579 200 2599 4⁶

501 176 598 204 ACTA
617 175 732 204 12le
751 175 936 203 LUDEWICI
956 174 1003 202 1v.
1022 174 1068 202 ΕΤ
1087 173 1273 202 FRIDERICI
1292 174 1342 201 111.
1380 174 1455 203 1323.
1493 174 1542 203 Nr.
1555 176 1612 202 727.
1822 178 1885 208 567

221 262 376 304 Albertc,
410 263 554 295 Hem-ico
579 265 612 295 et
635 262 747 294 Ottoni
770 261 904 294 ducibus
928 261 1057 294 Austris
1081 264 1115 294 et
1137 261 1247 297 Stirie,
1277 261 1430 294 fratribus
1458 262 1575 294 nostris
1603 262 1776 294 carissimis
1799 273 1886 295 nexu

221 315 386 357 sanguinis
417 318 450 347 et
480 314 743 356 promissionibus
771 313 1008 346 anterioribus²
1037 314 1259 355 astringimur,
1291 323 1416 346 necnon
1444 314 1625 346 amiciciam
1648 313 1741 345 nobis
1765 315 1830 346 iam
1853 315 1885 346 in

221 366 444 408 resignacione
456 366 553 398 castri
569 369 602 398 et
614 366 752 398 civitatis
761 365 969 398 Posoniensis
984 375 1057 397 cum
1072 365 1194 397 iuribus
1209 368 1243 398 et
1254 365 1462 407 pertinenciis
1478 366 1543 397 suis
1559 365 1739 397 liberaliter
1754 365 1885 405 factam,

220 418 300 460 ipsis
315 418 348 450 in
364 417 510 450 eiusdem
526 418 672 449 amicicie
688 427 932 459 recompensam
949 417 1154 459 promisimus
1168 416 1254 448 bona
1270 416 1335 449 fide
1352 421 1386 449 et
1400 417 1617 460 promittimus
1633 427 1692 459 per
1707 421 1884 459 presentes,

221 469 308 512 quod
331 469 378 501 eis
401 468 542 501 consiliis
565 472 599 501 et
621 469 759 510 auxiliis,
783 469 815 500 in
832 473 987 511 quantum
1010 469 1095 501 vires
1109 468 1353 511 magnificencie
1376 472 1485 501 nostre
1508 469 1540 501 in
1564 468 1660 501 rebus
1683 472 1717 501 et
1739 469 1885 510 personis

220 531 256 554 se
280 520 469 562 extendunt,
493 519 651 552 debemus
673 523 831 562 perpetuo
855 520 1013 553 adherere
1037 523 1150 553 contra
1172 531 1284 552 omnes
1299 521 1444 553 inimicos
1460 531 1545 561 suos,
1569 530 1650 563 quos
1665 531 1748 552 nunc
1763 520 1885 553 habent

220 571 274 605 vel
295 571 463 605 habebunt
492 573 525 604 in
552 572 710 614 futurum,
738 576 772 604 et
798 573 987 604 nominatim
1017 576 1128 605 contra
1156 573 1297 605 illustres
1324 573 1487 615 principes
1517 572 1682 604 dominum
1705 571 1884 605 Iohannem

220 633 333 667 regem
345 623 492 664 Boemie,
509 623 658 655 dominos
670 623 870 666 Ludwycum
886 624 1002 656 ducem
1018 623 1168 656 Bawarie
1185 627 1219 656 et
1234 634 1309 656 suos
1325 624 1474 664 heredes,
1490 623 1668 656 Henricum
1685 627 1718 656 et
1730 623 1884 656 Ottonem

220 675 337 708 fratres
363 675 447 707 filios
476 674 641 718 quondam
671 675 793 707 domini
821 675 979 718 Stephani
1007 679 1041 708 et
1066 675 1244 708 Henricum
1273 676 1374 708 filium
1407 675 1572 718 quondam
1603 675 1723 708 domini
1755 676 1885 708 ottonis

220 726 339 759 ducum
354 727 503 759 Bawarie
527 730 560 759 et
575 727 718 769 ipsorum
741 727 955 768 coadiutores,
978 728 1061 759 sicut
1084 731 1117 759 et
1139 727 1239 760 iidem
1255 727 1372 759 fratres
1388 728 1487 760 nostri
1503 728 1574 760 vice
1590 738 1684 759 versa
1698 738 1758 759 nos
1773 732 1884 760 contra

221 778 353 811 eosdem
375 779 538 821 principes
561 789 599 811 ac
622 779 703 811 alios
726 779 836 812 hostes
858 783 985 812 nostros
1013 779 1144 812 auxiliis
1175 783 1209 811 et
1231 780 1373 811 consiliis
1395 779 1549 812 adiuvare
1573 778 1659 811 bona
1682 789 1741 811 sua
1763 778 1829 811 fide
1852 783 1885 811 et

221 829 358 863 litteris²
380 840 415 862 se
438 841 511 863 cum
535 833 604 862 tota
627 841 684 862 sua
707 832 857 873 potencia
880 833 1040 873 perpetuo
1063 831 1290 863 astrinxerunt.

329 893 359 923 2.
392 890 477 923 Item
500 891 716 933 promittimus
739 891 856 923 eadem
879 891 943 924 fide
966 894 1092 932 nostra,
1121 891 1208 934 quod
1241 901 1313 923 cum
1342 890 1495 933 predictis
1523 891 1735 933 principibus,
1763 891 1829 922 suis
1852 894 1885 922 et

220 943 337 975 nostris
359 942 497 975 inimicis
520 953 558 975 ac
574 942 644 974 aliis
661 942 918 985 quibuscumque
934 942 1079 975 hostibus
1094 943 1222 983 nostris,
1246 953 1327 986 quos
1347 943 1505 975 habemus
1520 953 1604 975 nunc
1620 946 1677 975 aut
1691 942 1884 975 habebimus

219 995 252 1027 in
275 995 432 1035 futurum,
463 993 505 1026 ad
528 994 648 1026 nullam
672 994 879 1027 concordiam
902 995 953 1027 vel
976 996 1156 1027 amiciciam
1179 996 1350 1038 pervenire
1374 994 1565 1034 debeamus,
1593 995 1654 1027 nisi
1677 994 1718 1027 de
1741 995 1884 1037 ipsorum

219 1046 355 1078 fratrum
377 1048 559 1078 nostrorum
583 1049 763 1088 spontanea
785 1046 980 1088 processerit
1001 1046 1182 1088 voluntate,
1212 1047 1294 1079 sicut
1321 1047 1383 1089 ipsi
1411 1057 1429 1079 e
1458 1057 1613 1079 converso
1641 1047 1674 1078 in
1701 1046 1883 1078 huiusmodi

219 1098 399 1130 concordiis
426 1101 570 1130 nostram
599 1098 720 1130 debent
746 1099 909 1140 respicere
932 1098 1142 1131 voluntatem.
1187 1098 1236 1131 Eo
1267 1098 1438 1131 dumtaxat
1469 1102 1608 1140 excepto
1637 1097 1724 1141 quod
1747 1098 1883 1140 predicti

219 1149 342 1182 domini
378 1149 478 1182 duces
509 1149 640 1182 Austrie
673 1149 839 1182 dominum
868 1149 1069 1182 Fridericum
1096 1149 1318 1182 Romanorum
1349 1160 1462 1193 regem
1497 1154 1531 1182 et
1559 1149 1738 1183 Henricum
1768 1149 1884 1181 ducem

219 1201 362 1244 Austrie‚
385 1212 461 1234 suos
483 1211 522 1233 ac
544 1203 671 1233 nostros
694 1201 811 1234 fratres
833 1202 899 1234 iam
922 1202 1068 1244 captivos
1091 1212 1164 1234 cnm
1184 1203 1327 1244 ipsorum
1344 1201 1606 1234 ministerialibus
1626 1205 1659 1234 et
1674 1200 1884 1233 servitoribus

220 1253 347 1295 placitis
377 1257 411 1286 et
439 1253 719 1295 conposicionibus
746 1252 907 1295 aliquibus
933 1254 1057 1295 possint
1091 1253 1276 1294 absolvere,
1306 1253 1436 1296 quibus,
1469 1253 1645 1286 dummodo
1673 1263 1731 1285 nos
1760 1251 1882 1284 eisdem

220 1304 346 1347 placitis
377 1307 411 1338 et
438 1304 717 1347 conposicionibus
744 1304 961 1345 includimur,
991 1304 1196 1347 presentibus
1223 1308 1365 1337 nostram
1389 1304 1546 1337 tradimus
1569 1305 1782 1345 voluntatem,
1811 1314 1884 1335 cum

219 1356 303 1388 forte
329 1367 421 1388 mora
449 1366 508 1388 nos
522 1355 676 1404 ‚desuper
702 1356 888 1398 requirendi
914 1357 992 1399 ipsis
1019 1359 1106 1389 esset
1131 1357 1265 1388 nimium
1292 1357 1448 1389 nocitura.
1494 1356 1537 1388 Et
1559 1357 1587 1388 si
1615 1366 1674 1398 per
1701 1355 1822 1398 placita
1851 1359 1884 1387 et

218 1408 462 1450 conposiciones
485 1407 668 1440 huiusmodi
693 1407 771 1440 dicti
794 1407 910 1440 fratres
926 1408 1026 1440 nostri
1049 1412 1083 1440 et
1105 1409 1161 1440 alii
1177 1409 1296 1451 captivi
1312 1408 1432 1441 fuerint
1454 1408 1635 1449 deliberati,
1658 1407 1884 1439 nichilominus

218 1459 380 1501 amicicia,
414 1460 491 1492 unio
525 1462 559 1492 et
593 1459 752 1502 obligacio
779 1460 863 1492 inter
885 1470 944 1492 nos
966 1463 1002 1492 ut
1027 1461 1225 1503 premittitur
1246 1463 1358 1493 mutuo
1387 1461 1472 1493 facta
1503 1460 1603 1492 debet
1632 1458 1827 1491 inviolabilis
1850 1463 1884 1491 et

218 1511 346 1554 integra
368 1514 527 1553 perpetuo
551 1521 753 1553 permanere.

328 1573 357 1604 3.
381 1571 465 1604 Item
486 1572 702 1614 promittimus
726 1571 850 1604 eisdem
874 1571 1026 1604 fratribus
1048 1572 1175 1612 nostris,
1199 1572 1286 1615 quod
1308 1573 1334 1604 si
1358 1583 1417 1604 nos
1440 1573 1471 1604 in
1495 1582 1634 1614 persona
1656 1571 1787 1614 propria
1810 1581 1883 1603 cum

218 1625 288 1655 tota
301 1626 412 1655 nostra
427 1624 579 1665 potencia
601 1626 657 1655 aut
679 1626 805 1666 partem
821 1623 971 1666 potencie
987 1627 1096 1656 nostre
1120 1634 1178 1656 seu
1194 1627 1318 1656 certum
1334 1634 1502 1656 numerum
1520 1623 1685 1655 hominum
1701 1626 1882 1655 nostrorum

219 1685 278 1717 pro
300 1673 548 1707 necessitatibus
570 1675 649 1716 suis,
678 1685 740 1717 que
768 1675 847 1717 ipsis
874 1676 905 1707 in
934 1676 1027 1708 terris
1056 1676 1120 1708 suis
1151 1676 1204 1708 vel
1228 1680 1321 1709 extra
1344 1679 1447 1709 terras
1470 1686 1544 1708 suas
1566 1675 1737 1716 inminent,
1765 1685 1825 1717 per
1847 1685 1882 1706 se

218 1725 306 1768 ipsos
329 1726 381 1758 vel
404 1726 546 1769 aliquem
570 1736 612 1758 ex
635 1727 682 1759 eis
705 1729 762 1758 aut
783 1737 843 1769 per
865 1727 998 1760 nuncios
1021 1738 1079 1760 seu
1102 1727 1227 1760 litteras
1242 1729 1385 1770 ipsorum
1408 1729 1441 1760 in
1457 1727 1613 1760 auxilium
1638 1730 1672 1759 et
1687 1726 1882 1759 adiutorium

220 1777 442 1819 evocaverint,
470 1777 558 1820 quod
581 1779 659 1820 ipsis
681 1778 877 1811 adiutorium
904 1782 937 1811 et
962 1779 1120 1811 auxilium
1147 1779 1323 1812 secundum
1351 1790 1443 1812 suam
1470 1779 1718 1822 requisicionem
1746 1777 1881 1810 indilate

218 1829 436 1872 prestabimus
465 1829 552 1862 bona
574 1830 638 1862 fide
662 1833 696 1862 et
718 1829 805 1872 quod
828 1829 869 1862 de
893 1831 988 1863 terris
1015 1833 1049 1863 et
1070 1831 1166 1863 metis
1188 1831 1280 1874 regni
1303 1832 1403 1864 nostri
1426 1834 1528 1863 terras
1551 1830 1692 1863 hostium
1715 1834 1749 1863 et
1770 1830 1881 1862 hostes

218 1881 362 1923 ipsorum
383 1881 545 1914 hostiliter
566 1881 720 1914 invadere
744 1885 778 1914 et
801 1891 934 1923 guerras
957 1883 1136 1914 cotidianas
1160 1892 1314 1915 exercere
1332 1883 1499 1924 debemus,
1523 1883 1815 1925 quocienscumque
1838 1881 1880 1914 ab

218 1933 266 1965 eis
288 1933 443 1965 fuerimus
458 1933 613 1975 requisiti.
652 1933 695 1965 Et
717 1934 744 1965 si
767 1944 898 1966 necesse
922 1933 1016 1974 foret,
1040 1934 1196 1967 debemus
1212 1934 1360 1967 homines
1375 1938 1501 1967 nostros
1517 1935 1548 1966 in
1565 1934 1630 1966 suis
1645 1933 1880 1966 municionibus

219 1987 253 2016 et
274 1984 370 2017 metis
392 1985 535 2027 ipsorum
559 1985 628 2017 sitis
651 1996 709 2028 pro
732 1986 875 2027 ipsorum
900 1985 1043 2018 subsidio
1067 1986 1264 2028 colloquare.

326 2047 356 2077 4.
380 2045 465 2078 Item
488 2045 706 2088 promittimus
729 2045 884 2088 predictis
906 2046 1059 2078 fratribus
1082 2047 1208 2087 nostris,
1237 2047 1264 2079 si
1287 2047 1375 2089 ipsos
1398 2047 1451 2092 vpl
1474 2046 1618 2089 aliquem
1641 2047 1783 2088 ipsorum
1806 2056 1880 2088 per-

217 2096 371 2129 sonaliter
397 2107 470 2129 cum
493 2108 551 2129 sua
573 2098 722 2139 potencia
749 2101 806 2129 aut
828 2101 953 2130 certum
975 2108 1147 2130 numerum
1170 2098 1336 2131 hominum
1359 2102 1557 2131 armatorum
1580 2108 1711 2130 suorum
1734 2097 1826 2129 nobis
1849 2097 1880 2128 in

217 2149 372 2180 auxilium
395 2151 507 2181 contra
536 2152 664 2181 nostros
685 2149 832 2181 inimicos
863 2150 1106 2182 evocaverimus
1137 2154 1195 2182 aut
1224 2151 1366 2193 ipsorum
1400 2150 1547 2183 homines
1577 2151 1610 2182 in
1641 2150 1735 2182 terris
1763 2150 1880 2181 nostris

217 2199 446 2240 locaverimus,
477 2200 564 2243 quod
593 2201 672 2243 ipsis
698 2201 731 2233 in
759 2202 854 2233 terris
884 2202 1000 2234 nostris
1030 2211 1190 2244 expensas
1221 2201 1487 2243 ministrabimus,
1518 2203 1600 2235 sicut
1630 2202 1691 2244 ipsi
1720 2201 1813 2233 nobis
1842 2211 1879 2232 ac

216 2252 333 2284 nostris
355 2251 540 2284 hominibus
564 2262 725 2295 expensas
747 2252 889 2286 tribuere
914 2253 1140 2295 promiserunt,
1165 2263 1286 2296 eosque
1309 2253 1351 2286 ab
1368 2253 1517 2286 omnibus
1531 2253 1687 2286 molestiis
1710 2256 1743 2286 et
1758 2253 1881 2285 iniuriis

218 2313 238 2335 a
260 2303 377 2335 nostris
399 2303 575 2336 inferendis
597 2305 725 2346 penitus
748 2309 981 2337 assecurantes.
1027 2304 1061 2336 Si
1085 2316 1166 2347 quos
1188 2306 1292 2337 eciam
1315 2305 1356 2338 de
1379 2305 1525 2338 hostibus
1540 2305 1783 2348 captivaverint,
1807 2315 1880 2337 cum

217 2353 279 2386 hiis
302 2354 475 2397 disponere
498 2356 622 2398 possint
644 2356 736 2388 iuxta
758 2356 884 2388 libitum
908 2357 1037 2399 proprie
1062 2356 1245 2388 voluntatis.

326 2417 355 2447 5.
379 2414 431 2447 Ex
454 2415 589 2457 speciali
616 2417 719 2448 eciam
746 2417 856 2459 gracia
888 2419 922 2449 et
943 2416 1092 2448 amicicia
1114 2420 1148 2448 et
1171 2427 1211 2448 ne
1235 2417 1267 2448 in
1290 2420 1454 2459 posterum
1477 2416 1585 2459 aliqua
1608 2417 1746 2449 materia
1767 2416 1877 2448 turba-

219 2465 319 2497 cionis
341 2469 398 2498 aut
421 2467 548 2499 occasio
571 2467 731 2500 discordie
755 2467 851 2500 alicui
874 2467 1051 2510 prebeatur
1072 2468 1288 2509 promittimus
1310 2468 1465 2510 predictis
1487 2468 1638 2501 fratribus
1654 2469 1771 2500 nostris
1794 2468 1877 2499 bona

218 2516 293 2558 fide,
317 2517 405 2559 quo-d
427 2518 515 2560 ipsos
538 2517 676 2551 barones
699 2522 734 2551 et
755 2518 902 2551 homines
925 2520 1069 2561 ipsorum
1092 2519 1123 2551 in
1147 2519 1243 2551 metis
1266 2521 1382 2552 nostris
1404 2520 1490 2553 circa
1511 2521 1675 2552 Austriam
1700 2524 1733 2552 et
1749 2519 1876 2552 Stiriam

218 2578 257 2600 ac
279 2568 360 2601 alias
383 2572 486 2602 terras
509 2580 583 2602 suas
605 2571 795 2603 constitutos
818 2572 959 2614 antiquis
981 2570 1103 2603 iuribus
1126 2574 1160 2603 et
1175 2571 1459 2605 consuetudinibus
1481 2573 1546 2605 suis
1568 2575 1654 2604 stare
1678 2575 1712 2604 et
1734 2571 1877 2613 gaudere

219 2620 459 2662 permittamus,
499 2621 772 2663 quemadmodum
816 2622 903 2665 apud
944 2622 1192 2664 predecessores
1233 2627 1359 2656 nostros
1393 2634 1488 2667 reges
1519 2623 1688 2667 Hungarie
1722 2623 1878 2655 hactenus

220 2674 400 2704 tenuerunt.

271 2834 286 2845 ⁹
323 2800 348 2833 1)
368 2800 402 2828 A.
422 2803 490 2828 1321.
510 2801 576 2829 Nov.
590 2805 636 2835 23‚·
654 2801 775 2835 ΒόΙιηιεν,
795 2802 856 2837 Ray.
870 2802 965 2830 Ludw.
981 2810 1011 2837 p.
1025 2806 1071 2830 256
1090 2802 1281 2831 Rea-mmm
1299 2811 1340 2830 nr.
1355 2806 1413 2831 203.
1500 2805 1527 2837 2)
1547 2804 1672 2832 Servom
1690 2812 1747 2831 non
1764 2806 1835 2829 sum.
