<?xml version="1.0" encoding="UTF-8"?>
<!DOCTYPE html PUBLIC "-//W3C//DTD XHTML 1.0 Transitional//EN"
    "http://www.w3.org/TR/xhtml1/DTD/xhtml1-transitional.dtd">
<html xmlns="http://www.w3.org/1999/xhtml" xml:lang="en" lang="en">
 <head>
  <title>
</title>
<meta http-equiv="Content-Type" content="text/html;charset=utf-8" />
  <meta name='ocr-system' content='tesseract 3.04.00' />
  <meta name='ocr-capabilities' content='ocr_page ocr_carea ocr_par ocr_line ocrx_word'/>
</head>
<body>
  <div class='ocr_page' id='page_1' title='image "./monumentagerma05geseuoft_0108.png"; bbox 0 0 2158 3138; ppageno 0'>
   <div class='ocr_carea' id='block_1_1' title="bbox 285 176 1528 217">
    <p class='ocr_par' dir='ltr' id='par_1_1' title="bbox 285 176 1528 217">
     <span class='ocr_line' id='line_1_1' title="bbox 285 176 1528 217; baseline 0.002 -15"><span class='ocrx_word' id='word_1_1' title='bbox 285 180 327 217; x_wconf 54' lang='lat'>§35</span> <span class='ocrx_word' id='word_1_2' title='bbox 702 176 918 203; x_wconf 80' lang='lat' dir='ltr'><strong>TRACTATUS</strong></span> <span class='ocrx_word' id='word_1_3' title='bbox 937 176 984 203; x_wconf 83' lang='lat' dir='ltr'>DE</span> <span class='ocrx_word' id='word_1_4' title='bbox 1002 176 1216 203; x_wconf 83' lang='lat' dir='ltr'>ELECTIONE.</span> <span class='ocrx_word' id='word_1_5' title='bbox 1254 176 1329 203; x_wconf 83' lang='lat'>1314.</span> <span class='ocrx_word' id='word_1_6' title='bbox 1365 176 1414 203; x_wconf 87' lang='lat' dir='ltr'>Nr.</span> <span class='ocrx_word' id='word_1_7' title='bbox 1428 177 1469 204; x_wconf 88' lang='grc'>67.</span> <span class='ocrx_word' id='word_1_8' title='bbox 1488 177 1528 204; x_wconf 78' lang='lat'>68.</span> 
     </span>
    </p>
   </div>
   <div class='ocr_carea' id='block_1_2' title="bbox 285 263 1942 563">
    <p class='ocr_par' dir='ltr' id='par_1_2' title="bbox 285 263 1942 563">
     <span class='ocr_line' id='line_1_2' title="bbox 285 263 1942 306; baseline 0 -11"><span class='ocrx_word' id='word_1_9' title='bbox 285 263 496 306; x_wconf 83' lang='lat' dir='ltr'>assignandas</span> <span class='ocrx_word' id='word_1_10' title='bbox 511 264 642 302; x_wconf 84' lang='lat' dir='ltr'>intrare,</span> <span class='ocrx_word' id='word_1_11' title='bbox 655 263 828 304; x_wconf 79' lang='lat' dir='ltr'>prisionem</span> <span class='ocrx_word' id='word_1_12' title='bbox 847 274 902 294; x_wconf 89' lang='lat' dir='ltr'>seu</span> <span class='ocrx_word' id='word_1_13' title='bbox 918 263 1119 294; x_wconf 84' lang='lat' dir='ltr'>obsidionem</span> <span class='ocrx_word' id='word_1_14' title='bbox 1135 263 1254 294; x_wconf 89' lang='lat' dir='ltr'><strong>ibidem</strong></span> <span class='ocrx_word' id='word_1_15' title='bbox 1273 265 1428 295; x_wconf 79' lang='lat' dir='ltr'>servaturi</span> <span class='ocrx_word' id='word_1_16' title='bbox 1443 264 1534 295; x_wconf 81' lang='lat' dir='ltr'>iuxta</span> <span class='ocrx_word' id='word_1_17' title='bbox 1551 263 1814 295; x_wconf 79' lang='lat' dir='ltr'><strong>consuetudinem</strong></span> <span class='ocrx_word' id='word_1_18' title='bbox 1831 263 1942 306; x_wconf 86' lang='lat' dir='ltr'>oppidi</span> 
     </span>
     <span class='ocr_line' id='line_1_3' title="bbox 287 314 1940 357; baseline 0.001 -12"><span class='ocrx_word' id='word_1_19' title='bbox 287 314 490 346; x_wconf 84' lang='lat' dir='ltr'>Confluentie</span> <span class='ocrx_word' id='word_1_20' title='bbox 514 325 573 346; x_wconf 89' lang='lat' dir='ltr'>nec</span> <span class='ocrx_word' id='word_1_21' title='bbox 602 314 643 345; x_wconf 88' lang='lat' dir='ltr'>ab</span> <span class='ocrx_word' id='word_1_22' title='bbox 668 324 707 345; x_wconf 91' lang='lat' dir='ltr'>eo</span> <span class='ocrx_word' id='word_1_23' title='bbox 731 315 903 355; x_wconf 80' lang='lat' dir='ltr'>recessuri,</span> <span class='ocrx_word' id='word_1_24' title='bbox 932 324 1098 356; x_wconf 80' lang='lat' dir='ltr'>quousque</span> <span class='ocrx_word' id='word_1_25' title='bbox 1122 315 1230 345; x_wconf 80' lang='lat' dir='ltr'>omnia</span> <span class='ocrx_word' id='word_1_26' title='bbox 1261 319 1294 346; x_wconf 87' lang='lat' dir='ltr'>et</span> <span class='ocrx_word' id='word_1_27' title='bbox 1323 315 1448 356; x_wconf 81' lang='lat' dir='ltr'>singula</span> <span class='ocrx_word' id='word_1_28' title='bbox 1476 315 1623 356; x_wconf 87' lang='lat' dir='ltr'>superius</span> <span class='ocrx_word' id='word_1_29' title='bbox 1651 325 1806 357; x_wconf 85' lang='lat' dir='ltr'>expressa</span> <span class='ocrx_word' id='word_1_30' title='bbox 1834 314 1940 346; x_wconf 90' lang='lat' dir='ltr'>eidem</span> 
     </span>
     <span class='ocr_line' id='line_1_4' title="bbox 287 366 1940 408; baseline 0 -10"><span class='ocrx_word' id='word_1_31' title='bbox 287 366 416 398; x_wconf 88' lang='lat' dir='ltr'>domino</span> <span class='ocrx_word' id='word_1_32' title='bbox 445 367 514 408; x_wconf 88' lang='lat' dir='ltr'>regi</span> <span class='ocrx_word' id='word_1_33' title='bbox 538 366 589 397; x_wconf 88' lang='lat' dir='ltr'>vel</span> <span class='ocrx_word' id='word_1_34' title='bbox 619 366 857 397; x_wconf 87' lang='lat' dir='ltr'>successoribus</span> <span class='ocrx_word' id='word_1_35' title='bbox 887 366 952 397; x_wconf 87' lang='lat' dir='ltr'>suis</span> <span class='ocrx_word' id='word_1_36' title='bbox 978 366 1179 407; x_wconf 78' lang='lat' dir='ltr'>integraliter</span> <span class='ocrx_word' id='word_1_37' title='bbox 1207 366 1326 398; x_wconf 80' lang='lat' dir='ltr'>fuerint</span> <span class='ocrx_word' id='word_1_38' title='bbox 1350 366 1537 408; x_wconf 85' lang='lat' dir='ltr'>adimpleta.</span> <span class='ocrx_word' id='word_1_39' title='bbox 1586 366 1733 408; x_wconf 82' lang='lat' dir='ltr'>Excepto</span> <span class='ocrx_word' id='word_1_40' title='bbox 1762 366 1940 398; x_wconf 87' lang='lat' dir='ltr'>reverendo</span> 
     </span>
     <span class='ocr_line' id='line_1_5' title="bbox 285 417 1940 461; baseline 0.001 -13"><span class='ocrx_word' id='word_1_41' title='bbox 285 420 378 459; x_wconf 88' lang='lat' dir='ltr'>patre</span> <span class='ocrx_word' id='word_1_42' title='bbox 403 418 556 459; x_wconf 88' lang='lat' dir='ltr'>episcopo</span> <span class='ocrx_word' id='word_1_43' title='bbox 574 417 757 459; x_wconf 85' lang='lat' dir='ltr'>Eystetensi</span> <span class='ocrx_word' id='word_1_44' title='bbox 781 421 822 448; x_wconf 90' lang='lat' dir='ltr'>ut</span> <span class='ocrx_word' id='word_1_45' title='bbox 845 429 965 459; x_wconf 84' lang='lat' dir='ltr'>supra</span> <span class='ocrx_word' id='word_1_46' title='bbox 989 418 1026 448; x_wconf 93' lang='lat' dir='ltr'>in</span> <span class='ocrx_word' id='word_1_47' title='bbox 1050 418 1170 459; x_wconf 86' lang='lat' dir='ltr'>prima</span> <span class='ocrx_word' id='word_1_48' title='bbox 1194 419 1328 460; x_wconf 82' lang='lat' dir='ltr'>copia¹</span> <span class='ocrx_word' id='word_1_49' title='bbox 1351 429 1476 460; x_wconf 91' lang='lat' dir='ltr'>usque</span> <span class='ocrx_word' id='word_1_50' title='bbox 1497 429 1575 461; x_wconf 88' lang='lat' dir='ltr'>erga</span> <span class='ocrx_word' id='word_1_51' title='bbox 1591 418 1747 450; x_wconf 82' lang='lat' dir='ltr'>illustrem</span> <span class='ocrx_word' id='word_1_52' title='bbox 1763 418 1940 460; x_wconf 85' lang='lat' dir='ltr'>principem</span> 
     </span>
     <span class='ocr_line' id='line_1_6' title="bbox 286 468 1940 511; baseline 0.001 -11"><span class='ocrx_word' id='word_1_53' title='bbox 286 468 449 500; x_wconf 88' lang='lat' dir='ltr'>dominum</span> <span class='ocrx_word' id='word_1_54' title='bbox 480 480 592 510; x_wconf 86' lang='lat' dir='ltr'>regem</span> <span class='ocrx_word' id='word_1_55' title='bbox 625 469 782 500; x_wconf 88' lang='lat' dir='ltr'>Bohemie</span> <span class='ocrx_word' id='word_1_56' title='bbox 817 480 874 500; x_wconf 92' lang='lat' dir='ltr'>suo</span> <span class='ocrx_word' id='word_1_57' title='bbox 910 472 943 500; x_wconf 90' lang='lat' dir='ltr'>et</span> <span class='ocrx_word' id='word_1_58' title='bbox 974 479 1195 500; x_wconf 87' lang='lat' dir='ltr'>successorum</span> <span class='ocrx_word' id='word_1_59' title='bbox 1217 468 1358 501; x_wconf 52' lang='lat' dir='ltr'>‘suorum</span> <span class='ocrx_word' id='word_1_60' title='bbox 1389 470 1518 501; x_wconf 90' lang='lat' dir='ltr'>nomine</span> <span class='ocrx_word' id='word_1_61' title='bbox 1546 480 1604 511; x_wconf 88' lang='lat' dir='ltr'>pro</span> <span class='ocrx_word' id='word_1_62' title='bbox 1639 469 1725 501; x_wconf 89' lang='lat' dir='ltr'>dicto</span> <span class='ocrx_word' id='word_1_63' title='bbox 1753 469 1883 502; x_wconf 90' lang='lat' dir='ltr'>domino</span> <span class='ocrx_word' id='word_1_64' title='bbox 1909 493 1940 501; x_wconf 96' lang='lat'>..</span> 
     </span>
     <span class='ocr_line' id='line_1_7' title="bbox 285 520 1941 563; baseline 0.001 -12"><span class='ocrx_word' id='word_1_65' title='bbox 285 520 367 551; x_wconf 88' lang='lat' dir='ltr'>duce</span> <span class='ocrx_word' id='word_1_66' title='bbox 390 520 606 551; x_wconf 85' lang='lat' dir='ltr'>fideiubemus</span> <span class='ocrx_word' id='word_1_67' title='bbox 630 531 667 551; x_wconf 86' lang='lat' dir='ltr'>ac</span> <span class='ocrx_word' id='word_1_68' title='bbox 691 531 749 552; x_wconf 89' lang='lat' dir='ltr'>nos</span> <span class='ocrx_word' id='word_1_69' title='bbox 771 520 977 551; x_wconf 85' lang='lat' dir='ltr'>fideiussores</span> <span class='ocrx_word' id='word_1_70' title='bbox 994 521 1215 551; x_wconf 88' lang='lat' dir='ltr'>constituimus</span> <span class='ocrx_word' id='word_1_71' title='bbox 1239 520 1343 552; x_wconf 89' lang='lat' dir='ltr'>modis</span> <span class='ocrx_word' id='word_1_72' title='bbox 1367 525 1440 562; x_wconf 86' lang='lat' dir='ltr'>etc.,</span> <span class='ocrx_word' id='word_1_73' title='bbox 1465 525 1578 563; x_wconf 90' lang='lat' dir='ltr'>prout</span> <span class='ocrx_word' id='word_1_74' title='bbox 1599 522 1637 553; x_wconf 93' lang='lat' dir='ltr'>in</span> <span class='ocrx_word' id='word_1_75' title='bbox 1662 522 1786 563; x_wconf 83' lang='lat' dir='ltr'>prima</span> <span class='ocrx_word' id='word_1_76' title='bbox 1810 521 1941 563; x_wconf 77' lang='lat' dir='ltr'>copia²</span> 
     </span>
    </p>
   </div>
   <div class='ocr_carea' id='block_1_3' title="bbox 285 570 1942 654">
    <p class='ocr_par' dir='ltr' id='par_1_3' title="bbox 285 570 1942 654">
     <span class='ocr_line' id='line_1_8' title="bbox 285 570 1942 615; baseline 0.001 -13"><span class='ocrx_word' id='word_1_77' title='bbox 285 570 534 613; x_wconf 77' lang='lat' dir='ltr'>[continetur‚</span> <span class='ocrx_word' id='word_1_78' title='bbox 559 570 732 614; x_wconf 73' lang='lat' dir='ltr'>mutato]i</span> <span class='ocrx_word' id='word_1_79' title='bbox 752 572 904 603; x_wconf 91' lang='lat' dir='ltr'>nomine</span> <span class='ocrx_word' id='word_1_80' title='bbox 922 571 1066 603; x_wconf 91' lang='lat' dir='ltr'>domini</span> <span class='ocrx_word' id='word_1_81' title='bbox 1091 571 1376 614; x_wconf 88' lang='lat' dir='ltr'>archiepiscopi</span> <span class='ocrx_word' id='word_1_82' title='bbox 1400 573 1435 604; x_wconf 95' lang='lat' dir='ltr'>in</span> <span class='ocrx_word' id='word_1_83' title='bbox 1457 583 1657 614; x_wconf 75' lang='lat' dir='ltr'>personam</span> <span class='ocrx_word' id='word_1_84' title='bbox 1675 573 1816 604; x_wconf 90' lang='lat' dir='ltr'>domini</span> <span class='ocrx_word' id='word_1_85' title='bbox 1840 573 1942 615; x_wconf 85' lang='lat' dir='ltr'>regis</span> 
     </span>
     <span class='ocr_line' id='line_1_9' title="bbox 285 623 479 654; baseline 0 0"><span class='ocrx_word' id='word_1_86' title='bbox 285 623 479 654; x_wconf 88' lang='lat' dir='ltr'>Bohemie.</span> 
     </span>
    </p>
   </div>
   <div class='ocr_carea' id='block_1_4' title="bbox 391 675 1940 769">
    <p class='ocr_par' dir='ltr' id='par_1_4' title="bbox 391 675 1940 769">
     <span class='ocr_line' id='line_1_10' title="bbox 391 675 1940 769; baseline 0.001 -12"><span class='ocrx_word' id='word_1_87' title='bbox 391 675 794 769; x_wconf 45' lang='lat' dir='ltr'>lilatiiiiiuzggtlifliltgntiep,</span> <span class='ocrx_word' id='word_1_88' title='bbox 819 737 901 758; x_wconf 84' lang='lat' dir='ltr'>anno</span> <span class='ocrx_word' id='word_1_89' title='bbox 925 726 1054 758; x_wconf 88' lang='lat' dir='ltr'>Domini</span> <span class='ocrx_word' id='word_1_90' title='bbox 1076 724 1309 767; x_wconf 85' lang='lat' dir='ltr'>MCCCXIIII,</span> <span class='ocrx_word' id='word_1_91' title='bbox 1333 727 1364 757; x_wconf 92' lang='lat' dir='ltr'>in</span> <span class='ocrx_word' id='word_1_92' title='bbox 1387 728 1498 769; x_wconf 83' lang='lat' dir='ltr'>vigilia</span> <span class='ocrx_word' id='word_1_93' title='bbox 1521 727 1610 759; x_wconf 86' lang='lat' dir='ltr'>beati</span> <span class='ocrx_word' id='word_1_94' title='bbox 1633 727 1770 759; x_wconf 81' lang='lat' dir='ltr'>Matthei</span> <span class='ocrx_word' id='word_1_95' title='bbox 1793 727 1940 769; x_wconf 88' lang='lat' dir='ltr'>apostoli.</span> 
     </span>
    </p>
   </div>
   <div class='ocr_carea' id='block_1_5' title="bbox 741 857 1482 902">
    <p class='ocr_par' dir='ltr' id='par_1_5' title="bbox 741 857 1482 902">
     <span class='ocr_line' id='line_1_11' title="bbox 741 857 1482 902; baseline 0.001 -10"><span class='ocrx_word' id='word_1_96' title='bbox 741 858 802 893; x_wconf 89' lang='lat'>68.</span> <span class='ocrx_word' id='word_1_97' title='bbox 843 857 1018 902; x_wconf 78' lang='lat' dir='ltr'>Scriptum</span> <span class='ocrx_word' id='word_1_98' title='bbox 1045 857 1200 893; x_wconf 78' lang='lat' dir='ltr'>alterum.</span> <span class='ocrx_word' id='word_1_99' title='bbox 1306 857 1397 902; x_wconf 74' lang='lat' dir='ltr'>Sept.</span> <span class='ocrx_word' id='word_1_100' title='bbox 1422 860 1482 893; x_wconf 81' lang='lat'>20.</span> 
     </span>
    </p>
   </div>
   <div class='ocr_carea' id='block_1_6' title="bbox 282 923 1943 1128">
    <p class='ocr_par' dir='ltr' id='par_1_6' title="bbox 282 923 1943 1010">
     <span class='ocr_line' id='line_1_12' title="bbox 395 923 1943 968; baseline 0.001 -9"><span class='ocrx_word' id='word_1_101' title='bbox 395 926 556 967; x_wconf 79' lang='lat' dir='ltr'>Oriyinale</span> <span class='ocrx_word' id='word_1_102' title='bbox 579 927 786 966; x_wconf 78' lang='lat' dir='ltr'>deperditum.</span> <span class='ocrx_word' id='word_1_103' title='bbox 835 927 934 966; x_wconf 76' lang='lat' dir='ltr'>Copia</span> <span class='ocrx_word' id='word_1_104' title='bbox 957 928 1012 968; x_wconf 85' lang='lat' dir='ltr'>(o.)</span> <span class='ocrx_word' id='word_1_105' title='bbox 1039 937 1152 959; x_wconf 85' lang='lat' dir='ltr'>coaeva</span> <span class='ocrx_word' id='word_1_106' title='bbox 1178 927 1214 958; x_wconf 80' lang='lat' dir='ltr'>in</span> <span class='ocrx_word' id='word_1_107' title='bbox 1236 927 1340 959; x_wconf 80' lang='lat' dir='ltr'>eodem</span> <span class='ocrx_word' id='word_1_108' title='bbox 1366 923 1516 967; x_wconf 44' lang='lat' dir='ltr'>Copiaffio</span> <span class='ocrx_word' id='word_1_109' title='bbox 1535 939 1570 968; x_wconf 83' lang='lat' dir='ltr'>p.</span> <span class='ocrx_word' id='word_1_110' title='bbox 1588 929 1660 959; x_wconf 86' lang='lat'><strong><em>510.</em></strong></span> <span class='ocrx_word' id='word_1_111' title='bbox 1706 928 1943 968; x_wconf 54' lang='lat' dir='ltr'>Descripsimus</span> 
     </span>
     <span class='ocr_line' id='line_1_13' title="bbox 282 978 613 1010; baseline -0.003 0"><span class='ocrx_word' id='word_1_112' title='bbox 282 988 350 1010; x_wconf 80' lang='lat' dir='ltr'>nos·</span> <span class='ocrx_word' id='word_1_113' title='bbox 377 997 413 1001; x_wconf 91' lang='lat'>——</span> <span class='ocrx_word' id='word_1_114' title='bbox 440 978 613 1010; x_wconf 77' lang='lat' dir='ltr'>Incditum.</span> 
     </span>
    </p>

    <p class='ocr_par' dir='ltr' id='par_1_7' title="bbox 391 1034 1322 1074">
     <span class='ocr_line' id='line_1_14' title="bbox 391 1034 1322 1074; baseline 0.001 -9"><span class='ocrx_word' id='word_1_115' title='bbox 391 1034 538 1072; x_wconf 66' lang='lat' dir='ltr'>Bbhmcr,</span> <span class='ocrx_word' id='word_1_116' title='bbox 563 1034 638 1074; x_wconf 75' lang='lat' dir='ltr'>Rey.</span> <span class='ocrx_word' id='word_1_117' title='bbox 655 1035 767 1066; x_wconf 78' lang='lat' dir='ltr'>Ludto.</span> <span class='ocrx_word' id='word_1_118' title='bbox 785 1045 820 1074; x_wconf 77' lang='lat' dir='ltr'>p.</span> <span class='ocrx_word' id='word_1_119' title='bbox 841 1034 904 1065; x_wconf 78' lang='lat'>413</span> <span class='ocrx_word' id='word_1_120' title='bbox 928 1034 1161 1066; x_wconf 75' lang='lat' dir='ltr'>Reichssachen</span> <span class='ocrx_word' id='word_1_121' title='bbox 1182 1045 1231 1066; x_wconf 81' lang='lat' dir='ltr'>nr.</span> <span class='ocrx_word' id='word_1_122' title='bbox 1248 1035 1322 1067; x_wconf 86' lang='lat'><strong><em>397.</em></strong></span> 
     </span>
    </p>

    <p class='ocr_par' dir='ltr' id='par_1_8' title="bbox 399 1090 824 1128">
     <span class='ocr_line' id='line_1_15' title="bbox 399 1090 824 1128; baseline 0 -6"><span class='ocrx_word' id='word_1_123' title='bbox 399 1090 448 1128; x_wconf 84' lang='lat' dir='ltr'>Cf.</span> <span class='ocrx_word' id='word_1_124' title='bbox 472 1091 567 1121; x_wconf 82' lang='lat' dir='ltr'>ctiam</span> <span class='ocrx_word' id='word_1_125' title='bbox 591 1091 682 1128; x_wconf 80' lang='lat' dir='ltr'>infra</span> <span class='ocrx_word' id='word_1_126' title='bbox 704 1101 754 1122; x_wconf 80' lang='lat' dir='ltr'>nr.</span> <span class='ocrx_word' id='word_1_127' title='bbox 773 1091 824 1122; x_wconf 89' lang='lat'>91.</span> 
     </span>
    </p>
   </div>
   <div class='ocr_carea' id='block_1_7' title="bbox 283 1159 1945 1358">
    <p class='ocr_par' dir='ltr' id='par_1_9' title="bbox 283 1159 1945 1358">
     <span class='ocr_line' id='line_1_16' title="bbox 390 1159 1943 1202; baseline 0.001 -12"><span class='ocrx_word' id='word_1_128' title='bbox 390 1159 459 1190; x_wconf 88' lang='lat' dir='ltr'>Nos</span> <span class='ocrx_word' id='word_1_129' title='bbox 482 1159 705 1200; x_wconf 87' lang='lat' dir='ltr'>Lud(ewicus)</span> <span class='ocrx_word' id='word_1_130' title='bbox 730 1159 792 1190; x_wconf 88' lang='lat' dir='ltr'>Dei</span> <span class='ocrx_word' id='word_1_131' title='bbox 817 1160 921 1200; x_wconf 82' lang='lat' dir='ltr'>gratia</span> <span class='ocrx_word' id='word_1_132' title='bbox 945 1169 1054 1190; x_wconf 87' lang='lat' dir='ltr'>comes</span> <span class='ocrx_word' id='word_1_133' title='bbox 1077 1159 1238 1202; x_wconf 82' lang='lat' dir='ltr'>palatinus</span> <span class='ocrx_word' id='word_1_134' title='bbox 1261 1159 1344 1190; x_wconf 88' lang='lat' dir='ltr'>Reni</span> <span class='ocrx_word' id='word_1_135' title='bbox 1369 1159 1435 1190; x_wconf 82' lang='lat' dir='ltr'>dux</span> <span class='ocrx_word' id='word_1_136' title='bbox 1457 1159 1606 1192; x_wconf 81' lang='lat' dir='ltr'>Bawarie</span> <span class='ocrx_word' id='word_1_137' title='bbox 1630 1161 1748 1191; x_wconf 87' lang='lat' dir='ltr'>tutorio</span> <span class='ocrx_word' id='word_1_138' title='bbox 1772 1171 1828 1192; x_wconf 86' lang='lat' dir='ltr'>seu</span> <span class='ocrx_word' id='word_1_139' title='bbox 1852 1171 1943 1192; x_wconf 86' lang='lat' dir='ltr'>cura-</span> 
     </span>
     <span class='ocr_line' id='line_1_17' title="bbox 285 1210 1943 1252; baseline 0.001 -10"><span class='ocrx_word' id='word_1_140' title='bbox 285 1212 367 1242; x_wconf 87' lang='lat' dir='ltr'>torio</span> <span class='ocrx_word' id='word_1_141' title='bbox 391 1211 520 1242; x_wconf 89' lang='lat' dir='ltr'>nomine</span> <span class='ocrx_word' id='word_1_142' title='bbox 542 1211 649 1252; x_wconf 82' lang='lat' dir='ltr'>patrui</span> <span class='ocrx_word' id='word_1_143' title='bbox 672 1211 772 1241; x_wconf 86' lang='lat' dir='ltr'>nostri</span> <span class='ocrx_word' id='word_1_144' title='bbox 797 1210 959 1242; x_wconf 83' lang='lat' dir='ltr'>karissimi</span> <span class='ocrx_word' id='word_1_145' title='bbox 974 1210 1108 1242; x_wconf 88' lang='lat' dir='ltr'>Henrici</span> <span class='ocrx_word' id='word_1_146' title='bbox 1131 1210 1263 1242; x_wconf 87' lang='lat' dir='ltr'>illustris</span> <span class='ocrx_word' id='word_1_147' title='bbox 1286 1211 1412 1242; x_wconf 87' lang='lat' dir='ltr'>comitis</span> <span class='ocrx_word' id='word_1_148' title='bbox 1427 1211 1561 1252; x_wconf 79' lang='lat' dir='ltr'>palatini</span> <span class='ocrx_word' id='word_1_149' title='bbox 1577 1210 1661 1242; x_wconf 89' lang='lat' dir='ltr'>Reni</span> <span class='ocrx_word' id='word_1_150' title='bbox 1680 1211 1770 1243; x_wconf 89' lang='lat' dir='ltr'>ducis</span> <span class='ocrx_word' id='word_1_151' title='bbox 1785 1211 1943 1250; x_wconf 80' lang='lat' dir='ltr'>Bawarie,</span> 
     </span>
     <span class='ocr_line' id='line_1_18' title="bbox 283 1261 1945 1304; baseline 0.001 -11"><span class='ocrx_word' id='word_1_152' title='bbox 283 1262 341 1294; x_wconf 85' lang='lat' dir='ltr'>filii</span> <span class='ocrx_word' id='word_1_153' title='bbox 370 1262 473 1294; x_wconf 80' lang='lat' dir='ltr'>felicis</span> <span class='ocrx_word' id='word_1_154' title='bbox 501 1262 735 1293; x_wconf 87' lang='lat' dir='ltr'>recordationis</span> <span class='ocrx_word' id='word_1_155' title='bbox 759 1262 888 1293; x_wconf 88' lang='lat' dir='ltr'>Ottonis</span> <span class='ocrx_word' id='word_1_156' title='bbox 916 1263 1003 1303; x_wconf 89' lang='lat' dir='ltr'>regis</span> <span class='ocrx_word' id='word_1_157' title='bbox 1026 1261 1170 1304; x_wconf 87' lang='lat' dir='ltr'>Ungarie</span> <span class='ocrx_word' id='word_1_158' title='bbox 1200 1262 1403 1304; x_wconf 86' lang='lat' dir='ltr'>presentibus</span> <span class='ocrx_word' id='word_1_159' title='bbox 1425 1263 1655 1304; x_wconf 83' lang='lat' dir='ltr'>promittimus,</span> <span class='ocrx_word' id='word_1_160' title='bbox 1679 1274 1736 1295; x_wconf 90' lang='lat' dir='ltr'>nos</span> <span class='ocrx_word' id='word_1_161' title='bbox 1759 1268 1888 1295; x_wconf 79' lang='lat' dir='ltr'>acturos</span> <span class='ocrx_word' id='word_1_162' title='bbox 1911 1269 1945 1296; x_wconf 84' lang='lat' dir='ltr'>et</span> 
     </span>
     <span class='ocr_line' id='line_1_19' title="bbox 284 1313 1945 1358; baseline 0.001 -13"><span class='ocrx_word' id='word_1_163' title='bbox 284 1317 468 1354; x_wconf 86' lang='lat' dir='ltr'>curaturos,</span> <span class='ocrx_word' id='word_1_164' title='bbox 494 1314 579 1355; x_wconf 93' lang='lat' dir='ltr'>quod</span> <span class='ocrx_word' id='word_1_165' title='bbox 603 1313 768 1355; x_wconf 89' lang='lat' dir='ltr'>predictus</span> <span class='ocrx_word' id='word_1_166' title='bbox 792 1313 952 1345; x_wconf 85' lang='lat' dir='ltr'>Henricus</span> <span class='ocrx_word' id='word_1_167' title='bbox 981 1317 1114 1355; x_wconf 82' lang='lat' dir='ltr'>patruus</span> <span class='ocrx_word' id='word_1_168' title='bbox 1142 1318 1253 1346; x_wconf 88' lang='lat' dir='ltr'>noster</span> <span class='ocrx_word' id='word_1_169' title='bbox 1274 1314 1494 1356; x_wconf 82' lang='lat' dir='ltr'>Margaretam</span> <span class='ocrx_word' id='word_1_170' title='bbox 1516 1315 1614 1346; x_wconf 87' lang='lat' dir='ltr'>filiam</span> <span class='ocrx_word' id='word_1_171' title='bbox 1638 1315 1770 1346; x_wconf 85' lang='lat' dir='ltr'>illustris</span> <span class='ocrx_word' id='word_1_172' title='bbox 1794 1316 1945 1358; x_wconf 87' lang='lat' dir='ltr'>principis</span> 
     </span>
    </p>
   </div>
   <div class='ocr_carea' id='block_1_8' title="bbox 285 1365 1974 1409">
    <p class='ocr_par' dir='ltr' id='par_1_10' title="bbox 285 1365 1974 1409">
     <span class='ocr_line' id='line_1_20' title="bbox 285 1365 1974 1409; baseline 0.002 -13"><span class='ocrx_word' id='word_1_173' title='bbox 285 1365 407 1397; x_wconf 92' lang='lat' dir='ltr'>domini</span> <span class='ocrx_word' id='word_1_174' title='bbox 436 1366 589 1397; x_wconf 82' lang='lat' dir='ltr'>Iohannis</span> <span class='ocrx_word' id='word_1_175' title='bbox 620 1366 706 1407; x_wconf 85' lang='lat' dir='ltr'>regis</span> <span class='ocrx_word' id='word_1_176' title='bbox 738 1366 896 1397; x_wconf 91' lang='lat' dir='ltr'>Bohemie</span> <span class='ocrx_word' id='word_1_177' title='bbox 929 1369 963 1397; x_wconf 88' lang='lat' dir='ltr'>et</span> <span class='ocrx_word' id='word_1_178' title='bbox 990 1365 1126 1398; x_wconf 91' lang='lat' dir='ltr'>Polonie</span> <span class='ocrx_word' id='word_1_179' title='bbox 1154 1366 1214 1397; x_wconf 86' lang='lat' dir='ltr'>sibi</span> <span class='ocrx_word' id='word_1_180' title='bbox 1244 1367 1275 1397; x_wconf 92' lang='lat' dir='ltr'>in</span> <span class='ocrx_word' id='word_1_181' title='bbox 1299 1366 1503 1398; x_wconf 86' lang='lat' dir='ltr'>matrimonio</span> <span class='ocrx_word' id='word_1_182' title='bbox 1527 1367 1706 1409; x_wconf 84' lang='lat' dir='ltr'>copulabit,</span> <span class='ocrx_word' id='word_1_183' title='bbox 1730 1377 1801 1399; x_wconf 89' lang='lat' dir='ltr'>cum</span> <span class='ocrx_word' id='word_1_184' title='bbox 1827 1367 1942 1399; x_wconf 79' lang='lat' dir='ltr'>eadem</span> <span class='ocrx_word' id='word_1_185' title='bbox 1963 1378 1974 1396; x_wconf 75' lang='lat'><em>2</em></span> 
     </span>
    </p>
   </div>
   <div class='ocr_carea' id='block_1_9' title="bbox 283 1417 1945 1770">
    <p class='ocr_par' dir='ltr' id='par_1_11' title="bbox 283 1417 1945 1770">
     <span class='ocr_line' id='line_1_21' title="bbox 284 1417 1945 1460; baseline 0.002 -12"><span class='ocrx_word' id='word_1_186' title='bbox 284 1418 351 1449; x_wconf 88' lang='lat' dir='ltr'>filia</span> <span class='ocrx_word' id='word_1_187' title='bbox 380 1417 422 1449; x_wconf 86' lang='lat' dir='ltr'>ad</span> <span class='ocrx_word' id='word_1_188' title='bbox 451 1428 570 1449; x_wconf 87' lang='lat' dir='ltr'>annum</span> <span class='ocrx_word' id='word_1_189' title='bbox 602 1417 810 1449; x_wconf 86' lang='lat' dir='ltr'>undecimum</span> <span class='ocrx_word' id='word_1_190' title='bbox 839 1419 1025 1459; x_wconf 86' lang='lat' dir='ltr'>pervenerit</span> <span class='ocrx_word' id='word_1_191' title='bbox 1047 1418 1100 1449; x_wconf 92' lang='lat' dir='ltr'>vel</span> <span class='ocrx_word' id='word_1_192' title='bbox 1123 1422 1213 1458; x_wconf 83' lang='lat' dir='ltr'>ante,</span> <span class='ocrx_word' id='word_1_193' title='bbox 1237 1418 1263 1449; x_wconf 87' lang='lat' dir='ltr'>si</span> <span class='ocrx_word' id='word_1_194' title='bbox 1286 1418 1380 1449; x_wconf 90' lang='lat' dir='ltr'>nobis</span> <span class='ocrx_word' id='word_1_195' title='bbox 1402 1418 1562 1460; x_wconf 87' lang='lat' dir='ltr'>placuerit</span> <span class='ocrx_word' id='word_1_196' title='bbox 1583 1419 1656 1450; x_wconf 84' lang='lat' dir='ltr'>hinc</span> <span class='ocrx_word' id='word_1_197' title='bbox 1678 1419 1771 1458; x_wconf 89' lang='lat' dir='ltr'>inde,</span> <span class='ocrx_word' id='word_1_198' title='bbox 1799 1430 1838 1451; x_wconf 89' lang='lat' dir='ltr'>ac</span> <span class='ocrx_word' id='word_1_199' title='bbox 1860 1419 1945 1451; x_wconf 87' lang='lat' dir='ltr'>dotis</span> 
     </span>
     <span class='ocr_line' id='line_1_22' title="bbox 283 1469 1943 1513; baseline 0.002 -13"><span class='ocrx_word' id='word_1_200' title='bbox 283 1471 413 1501; x_wconf 92' lang='lat' dir='ltr'>nomine</span> <span class='ocrx_word' id='word_1_201' title='bbox 439 1469 529 1501; x_wconf 88' lang='lat' dir='ltr'>dabit</span> <span class='ocrx_word' id='word_1_202' title='bbox 552 1470 601 1501; x_wconf 90' lang='lat' dir='ltr'>XI</span> <span class='ocrx_word' id='word_1_203' title='bbox 619 1469 638 1489; x_wconf 71' lang='grc' dir='ltr'><strong>Μ</strong></span> <span class='ocrx_word' id='word_1_204' title='bbox 660 1470 816 1509; x_wconf 82' lang='lat' dir='ltr'>mar(cas)</span> <span class='ocrx_word' id='word_1_205' title='bbox 840 1470 967 1511; x_wconf 86' lang='lat' dir='ltr'>argenti</span> <span class='ocrx_word' id='word_1_206' title='bbox 989 1469 1141 1511; x_wconf 85' lang='lat' dir='ltr'>ponderis</span> <span class='ocrx_word' id='word_1_207' title='bbox 1156 1469 1402 1511; x_wconf 87' lang='lat' dir='ltr'>Ratisponensis</span> <span class='ocrx_word' id='word_1_208' title='bbox 1423 1471 1594 1502; x_wconf 77' lang='lat' dir='ltr'>solvendas</span> <span class='ocrx_word' id='word_1_209' title='bbox 1617 1471 1648 1502; x_wconf 93' lang='lat' dir='ltr'>in</span> <span class='ocrx_word' id='word_1_210' title='bbox 1666 1475 1780 1512; x_wconf 82' lang='lat' dir='ltr'>parata</span> <span class='ocrx_word' id='word_1_211' title='bbox 1796 1472 1943 1513; x_wconf 81' lang='lat' dir='ltr'>pecunia,</span> 
     </span>
     <span class='ocr_line' id='line_1_23' title="bbox 286 1521 1944 1564; baseline 0.001 -12"><span class='ocrx_word' id='word_1_212' title='bbox 286 1526 460 1563; x_wconf 87' lang='lat' dir='ltr'>postquam</span> <span class='ocrx_word' id='word_1_213' title='bbox 491 1522 659 1553; x_wconf 83' lang='lat' dir='ltr'>extiterint</span> <span class='ocrx_word' id='word_1_214' title='bbox 688 1521 970 1552; x_wconf 84' lang='lat' dir='ltr'>matrimonialiter</span> <span class='ocrx_word' id='word_1_215' title='bbox 993 1521 1150 1563; x_wconf 81' lang='lat' dir='ltr'>copulati,</span> <span class='ocrx_word' id='word_1_216' title='bbox 1173 1521 1226 1552; x_wconf 83' lang='lat' dir='ltr'>vel</span> <span class='ocrx_word' id='word_1_217' title='bbox 1249 1532 1307 1563; x_wconf 91' lang='lat' dir='ltr'>pro</span> <span class='ocrx_word' id='word_1_218' title='bbox 1336 1521 1422 1553; x_wconf 88' lang='lat' dir='ltr'>dicta</span> <span class='ocrx_word' id='word_1_219' title='bbox 1445 1523 1581 1563; x_wconf 85' lang='lat' dir='ltr'>pecunia</span> <span class='ocrx_word' id='word_1_220' title='bbox 1604 1522 1697 1554; x_wconf 88' lang='lat' dir='ltr'>titulo</span> <span class='ocrx_word' id='word_1_221' title='bbox 1720 1523 1864 1564; x_wconf 85' lang='lat' dir='ltr'>pignoris</span> <span class='ocrx_word' id='word_1_222' title='bbox 1885 1532 1944 1554; x_wconf 83' lang='lat' dir='ltr'>seu</span> 
     </span>
     <span class='ocr_line' id='line_1_24' title="bbox 285 1572 1942 1615; baseline 0.001 -11"><span class='ocrx_word' id='word_1_223' title='bbox 285 1573 448 1615; x_wconf 79' lang='lat' dir='ltr'>ypothece</span> <span class='ocrx_word' id='word_1_224' title='bbox 481 1576 622 1604; x_wconf 85' lang='lat' dir='ltr'>castrum</span> <span class='ocrx_word' id='word_1_225' title='bbox 656 1573 900 1613; x_wconf 88' lang='lat' dir='ltr'>Mitterenvelz,</span> <span class='ocrx_word' id='word_1_226' title='bbox 936 1573 1091 1615; x_wconf 91' lang='lat' dir='ltr'>oppidum</span> <span class='ocrx_word' id='word_1_227' title='bbox 1123 1572 1281 1613; x_wconf 86' lang='lat' dir='ltr'>Vieches,</span> <span class='ocrx_word' id='word_1_228' title='bbox 1317 1577 1456 1605; x_wconf 85' lang='lat' dir='ltr'>castrum</span> <span class='ocrx_word' id='word_1_229' title='bbox 1490 1573 1751 1614; x_wconf 82' lang='lat' dir='ltr'>Naterenberch,</span> <span class='ocrx_word' id='word_1_230' title='bbox 1789 1573 1942 1615; x_wconf 90' lang='lat' dir='ltr'>oppidum</span> 
     </span>
     <span class='ocr_line' id='line_1_25' title="bbox 287 1623 1944 1667; baseline 0.001 -11"><span class='ocrx_word' id='word_1_231' title='bbox 287 1624 498 1656; x_wconf 82' lang='lat' dir='ltr'>Teckendorf</span> <span class='ocrx_word' id='word_1_232' title='bbox 518 1635 590 1656; x_wconf 90' lang='lat' dir='ltr'>cum</span> <span class='ocrx_word' id='word_1_233' title='bbox 615 1624 763 1656; x_wconf 91' lang='lat' dir='ltr'>omnibus</span> <span class='ocrx_word' id='word_1_234' title='bbox 787 1635 898 1655; x_wconf 89' lang='lat' dir='ltr'>eorum</span> <span class='ocrx_word' id='word_1_235' title='bbox 922 1625 1110 1664; x_wconf 81' lang='lat' dir='ltr'>attinentiis,</span> <span class='ocrx_word' id='word_1_236' title='bbox 1127 1623 1315 1666; x_wconf 80' lang='lat' dir='ltr'>redditibus,</span> <span class='ocrx_word' id='word_1_237' title='bbox 1332 1624 1453 1656; x_wconf 85' lang='lat' dir='ltr'>iuribus</span> <span class='ocrx_word' id='word_1_238' title='bbox 1472 1635 1511 1656; x_wconf 82' lang='lat' dir='ltr'>ac</span> <span class='ocrx_word' id='word_1_239' title='bbox 1526 1625 1797 1657; x_wconf 84' lang='lat' dir='ltr'>iurisdictionibus</span> <span class='ocrx_word' id='word_1_240' title='bbox 1813 1625 1944 1667; x_wconf 91' lang='lat' dir='ltr'>quibus-</span> 
     </span>
     <span class='ocr_line' id='line_1_26' title="bbox 288 1676 1943 1717; baseline 0.001 -10"><span class='ocrx_word' id='word_1_241' title='bbox 288 1687 415 1717; x_wconf 90' lang='lat' dir='ltr'>ounque</span> <span class='ocrx_word' id='word_1_242' title='bbox 446 1677 618 1707; x_wconf 86' lang='lat' dir='ltr'>constituet</span> <span class='ocrx_word' id='word_1_243' title='bbox 648 1676 801 1717; x_wconf 82' lang='lat' dir='ltr'>obligata.</span> <span class='ocrx_word' id='word_1_244' title='bbox 855 1676 903 1707; x_wconf 86' lang='lat' dir='ltr'>Ac</span> <span class='ocrx_word' id='word_1_245' title='bbox 931 1676 1002 1707; x_wconf 87' lang='lat' dir='ltr'>vice</span> <span class='ocrx_word' id='word_1_246' title='bbox 1036 1686 1129 1707; x_wconf 85' lang='lat' dir='ltr'>versa</span> <span class='ocrx_word' id='word_1_247' title='bbox 1163 1676 1295 1707; x_wconf 88' lang='lat' dir='ltr'>illustris</span> <span class='ocrx_word' id='word_1_248' title='bbox 1328 1676 1476 1707; x_wconf 89' lang='lat' dir='ltr'>dominus</span> <span class='ocrx_word' id='word_1_249' title='bbox 1509 1676 1671 1708; x_wconf 85' lang='lat' dir='ltr'>Iohannes</span> <span class='ocrx_word' id='word_1_250' title='bbox 1700 1688 1757 1708; x_wconf 84' lang='lat' dir='ltr'>rex</span> <span class='ocrx_word' id='word_1_251' title='bbox 1785 1677 1943 1709; x_wconf 89' lang='lat' dir='ltr'>Bohemie</span> 
     </span>
     <span class='ocr_line' id='line_1_27' title="bbox 287 1727 1943 1770; baseline 0.001 -12"><span class='ocrx_word' id='word_1_252' title='bbox 287 1727 452 1769; x_wconf 86' lang='lat' dir='ltr'>predictus</span> <span class='ocrx_word' id='word_1_253' title='bbox 483 1727 575 1759; x_wconf 85' lang='lat' dir='ltr'>nobis</span> <span class='ocrx_word' id='word_1_254' title='bbox 611 1728 774 1769; x_wconf 83' lang='lat' dir='ltr'>promisit.</span> <span class='ocrx_word' id='word_1_255' title='bbox 810 1727 894 1769; x_wconf 88' lang='lat' dir='ltr'>quod</span> <span class='ocrx_word' id='word_1_256' title='bbox 926 1727 1144 1768; x_wconf 83' lang='lat' dir='ltr'>Margaretam</span> <span class='ocrx_word' id='word_1_257' title='bbox 1173 1727 1272 1759; x_wconf 85' lang='lat' dir='ltr'>filiam</span> <span class='ocrx_word' id='word_1_258' title='bbox 1302 1738 1393 1759; x_wconf 87' lang='lat' dir='ltr'>suam</span> <span class='ocrx_word' id='word_1_259' title='bbox 1424 1727 1603 1769; x_wconf 85' lang='lat' dir='ltr'>predictam</span> <span class='ocrx_word' id='word_1_260' title='bbox 1635 1728 1802 1770; x_wconf 85' lang='lat' dir='ltr'>copulabit</span> <span class='ocrx_word' id='word_1_261' title='bbox 1833 1730 1943 1760; x_wconf 87' lang='lat' dir='ltr'>matri-</span> 
     </span>
    </p>
   </div>
   <div class='ocr_carea' id='block_1_10' title="bbox 286 1778 1995 1812">
    <p class='ocr_par' dir='ltr' id='par_1_12' title="bbox 286 1778 1995 1812">
     <span class='ocr_line' id='line_1_28' title="bbox 286 1778 1995 1812; baseline 0.002 -3"><span class='ocrx_word' id='word_1_262' title='bbox 286 1779 470 1810; x_wconf 87' lang='lat' dir='ltr'>monialiter</span> <span class='ocrx_word' id='word_1_263' title='bbox 500 1778 644 1810; x_wconf 88' lang='lat' dir='ltr'>Henrico</span> <span class='ocrx_word' id='word_1_264' title='bbox 676 1779 749 1810; x_wconf 92' lang='lat' dir='ltr'>duci</span> <span class='ocrx_word' id='word_1_265' title='bbox 777 1779 924 1810; x_wconf 84' lang='lat' dir='ltr'>Bawarie</span> <span class='ocrx_word' id='word_1_266' title='bbox 957 1779 1120 1810; x_wconf 87' lang='lat' dir='ltr'>antedicto</span> <span class='ocrx_word' id='word_1_267' title='bbox 1151 1789 1189 1810; x_wconf 88' lang='lat' dir='ltr'>ac</span> <span class='ocrx_word' id='word_1_268' title='bbox 1219 1779 1327 1811; x_wconf 83' lang='lat' dir='ltr'>eidem</span> <span class='ocrx_word' id='word_1_269' title='bbox 1356 1780 1484 1811; x_wconf 90' lang='lat' dir='ltr'>nomine</span> <span class='ocrx_word' id='word_1_270' title='bbox 1509 1779 1645 1811; x_wconf 83' lang='lat' dir='ltr'>dotalitii</span> <span class='ocrx_word' id='word_1_271' title='bbox 1670 1780 1760 1811; x_wconf 86' lang='lat' dir='ltr'>dabit</span> <span class='ocrx_word' id='word_1_272' title='bbox 1782 1779 1842 1811; x_wconf 73' lang='lat' dir='ltr'>XM</span> <span class='ocrx_word' id='word_1_273' title='bbox 1860 1778 1956 1812; x_wconf 79' lang='lat' dir='ltr'>mar-&#39;</span> <span class='ocrx_word' id='word_1_274' title='bbox 1987 1803 1995 1807; x_wconf 78' lang='lat'>--</span> 
     </span>
    </p>
   </div>
   <div class='ocr_carea' id='block_1_11' title="bbox 285 1830 1947 2388">
    <p class='ocr_par' dir='ltr' id='par_1_13' title="bbox 285 1830 1947 2388">
     <span class='ocr_line' id='line_1_29' title="bbox 286 1830 1945 1874; baseline 0.001 -13"><span class='ocrx_word' id='word_1_275' title='bbox 286 1831 368 1871; x_wconf 86' lang='lat' dir='ltr'>(cas)</span> <span class='ocrx_word' id='word_1_276' title='bbox 392 1831 519 1871; x_wconf 85' lang='lat' dir='ltr'>argenti</span> <span class='ocrx_word' id='word_1_277' title='bbox 543 1830 694 1872; x_wconf 86' lang='lat' dir='ltr'>ponderis</span> <span class='ocrx_word' id='word_1_278' title='bbox 727 1830 865 1871; x_wconf 84' lang='lat' dir='ltr'>predicti</span> <span class='ocrx_word' id='word_1_279' title='bbox 895 1831 927 1861; x_wconf 95' lang='lat' dir='ltr'>in</span> <span class='ocrx_word' id='word_1_280' title='bbox 950 1835 1063 1872; x_wconf 83' lang='lat' dir='ltr'>parata</span> <span class='ocrx_word' id='word_1_281' title='bbox 1091 1831 1174 1862; x_wconf 83' lang='lat' dir='ltr'>infra</span> <span class='ocrx_word' id='word_1_282' title='bbox 1201 1841 1318 1862; x_wconf 89' lang='lat' dir='ltr'>annum</span> <span class='ocrx_word' id='word_1_283' title='bbox 1342 1831 1522 1873; x_wconf 82' lang='lat' dir='ltr'>predictum</span> <span class='ocrx_word' id='word_1_284' title='bbox 1546 1832 1596 1862; x_wconf 90' lang='lat' dir='ltr'>vel</span> <span class='ocrx_word' id='word_1_285' title='bbox 1627 1833 1656 1863; x_wconf 91' lang='lat' dir='ltr'>ei</span> <span class='ocrx_word' id='word_1_286' title='bbox 1685 1833 1778 1863; x_wconf 89' lang='lat' dir='ltr'>titulo</span> <span class='ocrx_word' id='word_1_287' title='bbox 1801 1833 1945 1874; x_wconf 88' lang='lat' dir='ltr'>pignoris</span> 
     </span>
     <span class='ocr_line' id='line_1_30' title="bbox 286 1882 1944 1924; baseline 0.001 -11"><span class='ocrx_word' id='word_1_288' title='bbox 286 1893 344 1913; x_wconf 87' lang='lat' dir='ltr'>seu</span> <span class='ocrx_word' id='word_1_289' title='bbox 377 1882 538 1924; x_wconf 88' lang='lat' dir='ltr'>ypothece</span> <span class='ocrx_word' id='word_1_290' title='bbox 574 1893 632 1924; x_wconf 93' lang='lat' dir='ltr'>pro</span> <span class='ocrx_word' id='word_1_291' title='bbox 669 1882 755 1914; x_wconf 80' lang='lat' dir='ltr'>dicto</span> <span class='ocrx_word' id='word_1_292' title='bbox 791 1882 939 1913; x_wconf 89' lang='lat' dir='ltr'>dotalitio</span> <span class='ocrx_word' id='word_1_293' title='bbox 968 1882 1113 1924; x_wconf 84' lang='lat' dir='ltr'>obligata</span> <span class='ocrx_word' id='word_1_294' title='bbox 1146 1883 1320 1914; x_wconf 89' lang='lat' dir='ltr'>constituet</span> <span class='ocrx_word' id='word_1_295' title='bbox 1346 1882 1464 1913; x_wconf 92' lang='lat' dir='ltr'>Dernis</span> <span class='ocrx_word' id='word_1_296' title='bbox 1493 1886 1527 1914; x_wconf 90' lang='lat' dir='ltr'>et</span> <span class='ocrx_word' id='word_1_297' title='bbox 1555 1882 1688 1914; x_wconf 82' lang='lat' dir='ltr'>Glatten</span> <span class='ocrx_word' id='word_1_298' title='bbox 1720 1883 1840 1924; x_wconf 86' lang='lat' dir='ltr'>oppida</span> <span class='ocrx_word' id='word_1_299' title='bbox 1872 1894 1944 1915; x_wconf 91' lang='lat' dir='ltr'>cum</span> 
     </span>
     <span class='ocr_line' id='line_1_31' title="bbox 286 1933 1946 1977; baseline 0.001 -12"><span class='ocrx_word' id='word_1_300' title='bbox 286 1934 434 1966; x_wconf 90' lang='lat' dir='ltr'>omnibus</span> <span class='ocrx_word' id='word_1_301' title='bbox 459 1945 570 1965; x_wconf 86' lang='lat' dir='ltr'>eorum</span> <span class='ocrx_word' id='word_1_302' title='bbox 595 1935 792 1974; x_wconf 79' lang='lat' dir='ltr'>attinenciis,</span> <span class='ocrx_word' id='word_1_303' title='bbox 829 1933 1025 1973; x_wconf 78' lang='lat' dir='ltr'>redditibus,</span> <span class='ocrx_word' id='word_1_304' title='bbox 1060 1934 1182 1965; x_wconf 89' lang='lat' dir='ltr'>iuribus</span> <span class='ocrx_word' id='word_1_305' title='bbox 1215 1945 1253 1966; x_wconf 86' lang='lat' dir='ltr'>ac</span> <span class='ocrx_word' id='word_1_306' title='bbox 1281 1934 1552 1966; x_wconf 87' lang='lat' dir='ltr'>iurisdictionibus</span> <span class='ocrx_word' id='word_1_307' title='bbox 1576 1935 1828 1977; x_wconf 89' lang='lat' dir='ltr'>quibuscunque.</span> <span class='ocrx_word' id='word_1_308' title='bbox 1873 1935 1946 1966; x_wconf 90' lang='lat' dir='ltr'>Hiis</span> 
     </span>
     <span class='ocr_line' id='line_1_32' title="bbox 286 1985 1945 2028; baseline 0.001 -12"><span class='ocrx_word' id='word_1_309' title='bbox 286 1986 391 2027; x_wconf 87' lang='lat' dir='ltr'>pactis</span> <span class='ocrx_word' id='word_1_310' title='bbox 413 1985 558 2025; x_wconf 84' lang='lat' dir='ltr'>adiectis,</span> <span class='ocrx_word' id='word_1_311' title='bbox 583 1985 670 2027; x_wconf 93' lang='lat' dir='ltr'>quod</span> <span class='ocrx_word' id='word_1_312' title='bbox 694 1986 719 2016; x_wconf 85' lang='lat' dir='ltr'>si</span> <span class='ocrx_word' id='word_1_313' title='bbox 735 1986 940 2016; x_wconf 86' lang='lat' dir='ltr'>matrimonio</span> <span class='ocrx_word' id='word_1_314' title='bbox 965 1989 1129 2017; x_wconf 86' lang='lat' dir='ltr'>contracto</span> <span class='ocrx_word' id='word_1_315' title='bbox 1153 1985 1290 2017; x_wconf 87' lang='lat' dir='ltr'>alterum</span> <span class='ocrx_word' id='word_1_316' title='bbox 1315 1987 1485 2027; x_wconf 87' lang='lat' dir='ltr'>coniugum</span> <span class='ocrx_word' id='word_1_317' title='bbox 1506 1986 1666 2018; x_wconf 86' lang='lat' dir='ltr'>decedere</span> <span class='ocrx_word' id='word_1_318' title='bbox 1690 1988 1854 2028; x_wconf 84' lang='lat' dir='ltr'>contingat</span> <span class='ocrx_word' id='word_1_319' title='bbox 1877 1987 1945 2018; x_wconf 87' lang='lat' dir='ltr'>sine</span> 
     </span>
     <span class='ocr_line' id='line_1_33' title="bbox 285 2037 1944 2079; baseline 0.001 -11"><span class='ocrx_word' id='word_1_320' title='bbox 285 2037 427 2077; x_wconf 88' lang='lat' dir='ltr'>herede,</span> <span class='ocrx_word' id='word_1_321' title='bbox 457 2042 621 2078; x_wconf 84' lang='lat' dir='ltr'>superstes</span> <span class='ocrx_word' id='word_1_322' title='bbox 654 2037 829 2068; x_wconf 87' lang='lat' dir='ltr'>succedere</span> <span class='ocrx_word' id='word_1_323' title='bbox 854 2037 988 2068; x_wconf 87' lang='lat' dir='ltr'>debebit</span> <span class='ocrx_word' id='word_1_324' title='bbox 1011 2037 1182 2068; x_wconf 87' lang='lat' dir='ltr'>decedenti</span> <span class='ocrx_word' id='word_1_325' title='bbox 1215 2038 1283 2068; x_wconf 88' lang='lat' dir='ltr'>iure</span> <span class='ocrx_word' id='word_1_326' title='bbox 1312 2037 1510 2069; x_wconf 81' lang='lat' dir='ltr'>hereditario</span> <span class='ocrx_word' id='word_1_327' title='bbox 1533 2038 1564 2069; x_wconf 93' lang='lat' dir='ltr'>in</span> <span class='ocrx_word' id='word_1_328' title='bbox 1588 2048 1713 2069; x_wconf 89' lang='lat' dir='ltr'>summa</span> <span class='ocrx_word' id='word_1_329' title='bbox 1735 2039 1944 2079; x_wconf 84' lang='lat' dir='ltr'>pecuniarum</span> 
     </span>
     <span class='ocr_line' id='line_1_34' title="bbox 286 2088 1946 2132; baseline 0.001 -13"><span class='ocrx_word' id='word_1_330' title='bbox 286 2088 521 2130; x_wconf 82' lang='lat' dir='ltr'>predictarum,</span> <span class='ocrx_word' id='word_1_331' title='bbox 557 2092 652 2130; x_wconf 87' lang='lat' dir='ltr'>prout</span> <span class='ocrx_word' id='word_1_332' title='bbox 686 2099 797 2120; x_wconf 88' lang='lat' dir='ltr'>eorum</span> <span class='ocrx_word' id='word_1_333' title='bbox 833 2088 964 2120; x_wconf 87' lang='lat' dir='ltr'>cuilibet</span> <span class='ocrx_word' id='word_1_334' title='bbox 1000 2089 1108 2120; x_wconf 84' lang='lat' dir='ltr'>extitit</span> <span class='ocrx_word' id='word_1_335' title='bbox 1142 2089 1228 2120; x_wconf 87' lang='lat' dir='ltr'>facta</span> <span class='ocrx_word' id='word_1_336' title='bbox 1262 2089 1445 2130; x_wconf 85' lang='lat' dir='ltr'>promissio,</span> <span class='ocrx_word' id='word_1_337' title='bbox 1480 2093 1514 2121; x_wconf 91' lang='lat' dir='ltr'>et</span> <span class='ocrx_word' id='word_1_338' title='bbox 1546 2090 1681 2131; x_wconf 83' lang='lat' dir='ltr'>pignora</span> <span class='ocrx_word' id='word_1_339' title='bbox 1711 2090 1771 2121; x_wconf 90' lang='lat' dir='ltr'>sibi</span> <span class='ocrx_word' id='word_1_340' title='bbox 1802 2090 1946 2132; x_wconf 77' lang='lat' dir='ltr'>obligata</span> 
     </span>
     <span class='ocr_line' id='line_1_35' title="bbox 288 2140 1947 2183; baseline 0.001 -12"><span class='ocrx_word' id='word_1_341' title='bbox 288 2140 422 2179; x_wconf 86' lang='lat' dir='ltr'>tenebit,</span> <span class='ocrx_word' id='word_1_342' title='bbox 448 2140 550 2171; x_wconf 91' lang='lat' dir='ltr'>donec</span> <span class='ocrx_word' id='word_1_343' title='bbox 574 2151 633 2182; x_wconf 88' lang='lat' dir='ltr'>per</span> <span class='ocrx_word' id='word_1_344' title='bbox 656 2140 795 2171; x_wconf 89' lang='lat' dir='ltr'>heredes</span> <span class='ocrx_word' id='word_1_345' title='bbox 819 2141 1033 2181; x_wconf 84' lang='lat' dir='ltr'>proximiores</span> <span class='ocrx_word' id='word_1_346' title='bbox 1058 2140 1247 2171; x_wconf 89' lang='lat' dir='ltr'>decedentis</span> <span class='ocrx_word' id='word_1_347' title='bbox 1271 2140 1368 2172; x_wconf 84' lang='lat' dir='ltr'>fuerit</span> <span class='ocrx_word' id='word_1_348' title='bbox 1391 2141 1451 2172; x_wconf 90' lang='lat' dir='ltr'>sibi</span> <span class='ocrx_word' id='word_1_349' title='bbox 1474 2141 1515 2173; x_wconf 89' lang='lat' dir='ltr'>de</span> <span class='ocrx_word' id='word_1_350' title='bbox 1540 2141 1654 2173; x_wconf 87' lang='lat' dir='ltr'>eadem</span> <span class='ocrx_word' id='word_1_351' title='bbox 1672 2152 1797 2173; x_wconf 85' lang='lat' dir='ltr'>summa</span> <span class='ocrx_word' id='word_1_352' title='bbox 1820 2142 1947 2183; x_wconf 82' lang='lat' dir='ltr'>argenti</span> 
     </span>
     <span class='ocr_line' id='line_1_36' title="bbox 288 2191 1947 2235; baseline 0.001 -12"><span class='ocrx_word' id='word_1_353' title='bbox 288 2191 496 2223; x_wconf 85' lang='lat' dir='ltr'>satisfactum.</span> <span class='ocrx_word' id='word_1_354' title='bbox 544 2191 649 2233; x_wconf 80' lang='lat' dir='ltr'>Super</span> <span class='ocrx_word' id='word_1_355' title='bbox 677 2193 766 2223; x_wconf 85' lang='lat' dir='ltr'>cuius</span> <span class='ocrx_word' id='word_1_356' title='bbox 797 2193 991 2223; x_wconf 88' lang='lat' dir='ltr'>matrimonii</span> <span class='ocrx_word' id='word_1_357' title='bbox 1024 2193 1304 2224; x_wconf 84' lang='lat' dir='ltr'>consummacione</span> <span class='ocrx_word' id='word_1_358' title='bbox 1333 2203 1391 2224; x_wconf 86' lang='lat' dir='ltr'>suo</span> <span class='ocrx_word' id='word_1_359' title='bbox 1418 2197 1565 2234; x_wconf 87' lang='lat' dir='ltr'>tempore</span> <span class='ocrx_word' id='word_1_360' title='bbox 1600 2193 1748 2225; x_wconf 85' lang='lat' dir='ltr'>facienda</span> <span class='ocrx_word' id='word_1_361' title='bbox 1782 2193 1947 2235; x_wconf 83' lang='lat' dir='ltr'>predictus</span> 
     </span>
     <span class='ocr_line' id='line_1_37' title="bbox 288 2243 1946 2287; baseline 0.001 -13"><span class='ocrx_word' id='word_1_362' title='bbox 288 2243 437 2274; x_wconf 91' lang='lat' dir='ltr'>dominus</span> <span class='ocrx_word' id='word_1_363' title='bbox 471 2243 660 2284; x_wconf 81' lang='lat' dir='ltr'>Io(hannes)</span> <span class='ocrx_word' id='word_1_364' title='bbox 698 2254 755 2274; x_wconf 86' lang='lat' dir='ltr'>rex</span> <span class='ocrx_word' id='word_1_365' title='bbox 791 2254 848 2285; x_wconf 87' lang='lat' dir='ltr'>pro</span> <span class='ocrx_word' id='word_1_366' title='bbox 882 2244 948 2274; x_wconf 82' lang='lat' dir='ltr'>filia</span> <span class='ocrx_word' id='word_1_367' title='bbox 984 2254 1041 2274; x_wconf 84' lang='lat' dir='ltr'>sua</span> <span class='ocrx_word' id='word_1_368' title='bbox 1075 2247 1108 2276; x_wconf 90' lang='lat' dir='ltr'>et</span> <span class='ocrx_word' id='word_1_369' title='bbox 1141 2255 1198 2274; x_wconf 88' lang='lat' dir='ltr'>nos</span> <span class='ocrx_word' id='word_1_370' title='bbox 1232 2244 1455 2285; x_wconf 82' lang='lat' dir='ltr'>Lud(ewicus)</span> <span class='ocrx_word' id='word_1_371' title='bbox 1490 2244 1555 2275; x_wconf 88' lang='lat' dir='ltr'>dux</span> <span class='ocrx_word' id='word_1_372' title='bbox 1583 2244 1746 2286; x_wconf 85' lang='lat' dir='ltr'>predictus</span> <span class='ocrx_word' id='word_1_373' title='bbox 1774 2255 1831 2287; x_wconf 88' lang='lat' dir='ltr'>pro</span> <span class='ocrx_word' id='word_1_374' title='bbox 1860 2244 1946 2276; x_wconf 86' lang='lat' dir='ltr'>dicto</span> 
     </span>
     <span class='ocr_line' id='line_1_38' title="bbox 286 2295 1947 2338; baseline 0 -12"><span class='ocrx_word' id='word_1_375' title='bbox 286 2295 430 2331; x_wconf 86' lang='lat' dir='ltr'>Henrico</span> <span class='ocrx_word' id='word_1_376' title='bbox 456 2295 538 2326; x_wconf 87' lang='lat' dir='ltr'>duce</span> <span class='ocrx_word' id='word_1_377' title='bbox 563 2296 680 2327; x_wconf 86' lang='lat' dir='ltr'>tutorio</span> <span class='ocrx_word' id='word_1_378' title='bbox 705 2306 763 2327; x_wconf 89' lang='lat' dir='ltr'>seu</span> <span class='ocrx_word' id='word_1_379' title='bbox 787 2296 945 2327; x_wconf 83' lang='lat' dir='ltr'>curatorio</span> <span class='ocrx_word' id='word_1_380' title='bbox 971 2297 1099 2327; x_wconf 90' lang='lat' dir='ltr'>nomine</span> <span class='ocrx_word' id='word_1_381' title='bbox 1123 2297 1217 2327; x_wconf 88' lang='lat' dir='ltr'>tactis</span> <span class='ocrx_word' id='word_1_382' title='bbox 1240 2297 1451 2328; x_wconf 84' lang='lat' dir='ltr'>sacrosanctis</span> <span class='ocrx_word' id='word_1_383' title='bbox 1474 2297 1661 2338; x_wconf 85' lang='lat' dir='ltr'>ewangeliis</span> <span class='ocrx_word' id='word_1_384' title='bbox 1688 2297 1878 2334; x_wconf 77' lang='lat' dir='ltr'>iuravimus,</span> <span class='ocrx_word' id='word_1_385' title='bbox 1901 2296 1947 2327; x_wconf 86' lang='lat' dir='ltr'>ita</span> 
     </span>
     <span class='ocr_line' id='line_1_39' title="bbox 287 2346 1946 2388; baseline 0.001 -11"><span class='ocrx_word' id='word_1_386' title='bbox 287 2346 374 2388; x_wconf 90' lang='lat' dir='ltr'>quod</span> <span class='ocrx_word' id='word_1_387' title='bbox 406 2346 583 2378; x_wconf 87' lang='lat' dir='ltr'>celebratio</span> <span class='ocrx_word' id='word_1_388' title='bbox 614 2346 691 2377; x_wconf 88' lang='lat' dir='ltr'>dieti</span> <span class='ocrx_word' id='word_1_389' title='bbox 720 2347 915 2378; x_wconf 84' lang='lat' dir='ltr'>matrimonii</span> <span class='ocrx_word' id='word_1_390' title='bbox 939 2347 1122 2378; x_wconf 84' lang='lat' dir='ltr'>nullatenus</span> <span class='ocrx_word' id='word_1_391' title='bbox 1146 2348 1326 2387; x_wconf 89' lang='lat' dir='ltr'>omittetur,</span> <span class='ocrx_word' id='word_1_392' title='bbox 1350 2348 1409 2378; x_wconf 90' lang='lat' dir='ltr'>nisi</span> <span class='ocrx_word' id='word_1_393' title='bbox 1434 2348 1560 2379; x_wconf 84' lang='lat' dir='ltr'>interim</span> <span class='ocrx_word' id='word_1_394' title='bbox 1585 2347 1668 2379; x_wconf 86' lang='lat' dir='ltr'>alter</span> <span class='ocrx_word' id='word_1_395' title='bbox 1690 2346 1946 2379; x_wconf 86' lang='lat' dir='ltr'>contrahentium</span> 
     </span>
    </p>
   </div>
   <div class='ocr_carea' id='block_1_12' title="bbox 286 2398 1945 2491">
    <p class='ocr_par' dir='ltr' id='par_1_14' title="bbox 286 2398 1945 2491">
     <span class='ocr_line' id='line_1_40' title="bbox 289 2398 1945 2440; baseline 0.001 -11"><span class='ocrx_word' id='word_1_396' title='bbox 289 2399 456 2429; x_wconf 82' lang='lat' dir='ltr'>moriatur.</span> <span class='ocrx_word' id='word_1_397' title='bbox 546 2398 583 2429; x_wconf 93' lang='lat' dir='ltr'>ln</span> <span class='ocrx_word' id='word_1_398' title='bbox 613 2398 796 2429; x_wconf 89' lang='lat' dir='ltr'>huiusmodi</span> <span class='ocrx_word' id='word_1_399' title='bbox 828 2398 1026 2430; x_wconf 83' lang='lat' dir='ltr'>evidenciam</span> <span class='ocrx_word' id='word_1_400' title='bbox 1059 2402 1091 2430; x_wconf 91' lang='lat' dir='ltr'>et</span> <span class='ocrx_word' id='word_1_401' title='bbox 1121 2398 1263 2430; x_wconf 83' lang='lat' dir='ltr'>debitam</span> <span class='ocrx_word' id='word_1_402' title='bbox 1292 2399 1477 2430; x_wconf 83' lang='lat' dir='ltr'>firmitatem</span> <span class='ocrx_word' id='word_1_403' title='bbox 1507 2403 1675 2440; x_wconf 84' lang='lat' dir='ltr'>presentes</span> <span class='ocrx_word' id='word_1_404' title='bbox 1703 2398 1808 2440; x_wconf 89' lang='lat' dir='ltr'>sigillo</span> <span class='ocrx_word' id='word_1_405' title='bbox 1837 2401 1945 2430; x_wconf 87' lang='lat' dir='ltr'>nostro</span> 
     </span>
     <span class='ocr_line' id='line_1_41' title="bbox 286 2449 637 2491; baseline 0 -11"><span class='ocrx_word' id='word_1_406' title='bbox 286 2449 422 2482; x_wconf 81' lang='lat' dir='ltr'>fecimus</span> <span class='ocrx_word' id='word_1_407' title='bbox 446 2450 637 2491; x_wconf 83' lang='lat' dir='ltr'>consignari.</span> 
     </span>
    </p>
   </div>
   <div class='ocr_carea' id='block_1_13' title="bbox 393 2500 1824 2544">
    <p class='ocr_par' dir='ltr' id='par_1_15' title="bbox 393 2500 1824 2544">
     <span class='ocr_line' id='line_1_42' title="bbox 393 2500 1824 2544; baseline 0.001 -12"><span class='ocrx_word' id='word_1_408' title='bbox 393 2501 469 2532; x_wconf 84' lang='lat' dir='ltr'>Dat.</span> <span class='ocrx_word' id='word_1_409' title='bbox 495 2500 755 2544; x_wconf 75' lang='lat' dir='ltr'>[Confluentie]²¹,</span> <span class='ocrx_word' id='word_1_410' title='bbox 779 2512 863 2533; x_wconf 83' lang='lat' dir='ltr'>anno</span> <span class='ocrx_word' id='word_1_411' title='bbox 887 2501 1017 2533; x_wconf 91' lang='lat' dir='ltr'>Domini</span> <span class='ocrx_word' id='word_1_412' title='bbox 1041 2501 1274 2542; x_wconf 82' lang='lat' dir='ltr'>MCCCXHII,</span> <span class='ocrx_word' id='word_1_413' title='bbox 1298 2502 1371 2534; x_wconf 89' lang='lat' dir='ltr'>XX.</span> <span class='ocrx_word' id='word_1_414' title='bbox 1396 2502 1449 2534; x_wconf 92' lang='lat' dir='ltr'>die</span> <span class='ocrx_word' id='word_1_415' title='bbox 1473 2503 1592 2534; x_wconf 85' lang='lat' dir='ltr'>mensis</span> <span class='ocrx_word' id='word_1_416' title='bbox 1615 2501 1824 2544; x_wconf 71' lang='lat' dir='ltr'>Septembris</span> 
     </span>
    </p>
   </div>
   <div class='ocr_carea' id='block_1_14' title="bbox 388 2664 1275 2699">
    <p class='ocr_par' dir='ltr' id='par_1_16' title="bbox 388 2664 1275 2699">
     <span class='ocr_line' id='line_1_43' title="bbox 388 2664 1275 2699; baseline 0.002 -9"><span class='ocrx_word' id='word_1_417' title='bbox 388 2664 436 2691; x_wconf 78' lang='lat'>67.</span> <span class='ocrx_word' id='word_1_418' title='bbox 464 2665 482 2697; x_wconf 89' lang='lat' dir='ltr'>i)</span> <span class='ocrx_word' id='word_1_419' title='bbox 501 2666 574 2693; x_wconf 76' lang='lat' dir='ltr'>uncie</span> <span class='ocrx_word' id='word_1_420' title='bbox 591 2666 697 2690; x_wconf 71' lang='lat' dir='ltr'>inclusa</span> <span class='ocrx_word' id='word_1_421' title='bbox 715 2667 819 2691; x_wconf 75' lang='lat' dir='ltr'>omnino</span> <span class='ocrx_word' id='word_1_422' title='bbox 837 2666 971 2698; x_wconf 72' lang='lat' dir='ltr'>illeyibilia</span> <span class='ocrx_word' id='word_1_423' title='bbox 990 2676 1010 2692; x_wconf 89' lang='lat' dir='ltr'>c.</span> <span class='ocrx_word' id='word_1_424' title='bbox 1099 2665 1125 2699; x_wconf 76' lang='lat' dir='ltr'>k)</span> <span class='ocrx_word' id='word_1_425' title='bbox 1144 2667 1237 2692; x_wconf 70' lang='lat' dir='ltr'>excidit</span> <span class='ocrx_word' id='word_1_426' title='bbox 1254 2677 1275 2692; x_wconf 78' lang='lat' dir='ltr'>c.</span> 
     </span>
    </p>
   </div>
   <div class='ocr_carea' id='block_1_15' title="bbox 391 2725 640 2758">
    <p class='ocr_par' dir='ltr' id='par_1_17' title="bbox 391 2725 640 2758">
     <span class='ocr_line' id='line_1_44' title="bbox 391 2725 640 2758; baseline 0 -7"><span class='ocrx_word' id='word_1_427' title='bbox 391 2725 438 2751; x_wconf 85' lang='grc'>68.</span> <span class='ocrx_word' id='word_1_428' title='bbox 467 2726 489 2758; x_wconf 63' lang='grc' dir='ltr'>Β)</span> <span class='ocrx_word' id='word_1_429' title='bbox 509 2727 602 2751; x_wconf 75' lang='lat' dir='ltr'>excidit</span> <span class='ocrx_word' id='word_1_430' title='bbox 620 2735 640 2751; x_wconf 86' lang='lat' dir='ltr'>c.</span> 
     </span>
    </p>
   </div>
   <div class='ocr_carea' id='block_1_16' title="bbox 393 2801 1361 2837">
    <p class='ocr_par' dir='ltr' id='par_1_18' title="bbox 393 2801 1361 2837">
     <span class='ocr_line' id='line_1_45' title="bbox 393 2801 1361 2837; baseline 0.004 -11"><span class='ocrx_word' id='word_1_431' title='bbox 393 2801 417 2834; x_wconf 91' lang='lat' dir='ltr'>l)</span> <span class='ocrx_word' id='word_1_432' title='bbox 432 2809 496 2835; x_wconf 68' lang='lat' dir='ltr'>pay.</span> <span class='ocrx_word' id='word_1_433' title='bbox 511 2806 540 2827; x_wconf 87' lang='lat'>61</span> <span class='ocrx_word' id='word_1_434' title='bbox 560 2802 606 2828; x_wconf 81' lang='lat' dir='ltr'>lin.</span> <span class='ocrx_word' id='word_1_435' title='bbox 620 2805 726 2828; x_wconf 77' lang='lat'><em>26—36.</em></span> <span class='ocrx_word' id='word_1_436' title='bbox 813 2803 841 2836; x_wconf 84' lang='lat'>2)</span> <span class='ocrx_word' id='word_1_437' title='bbox 857 2811 923 2836; x_wconf 78' lang='lat' dir='ltr'>pay.</span> <span class='ocrx_word' id='word_1_438' title='bbox 938 2807 969 2829; x_wconf 85' lang='lat'>61</span> <span class='ocrx_word' id='word_1_439' title='bbox 987 2803 1034 2829; x_wconf 80' lang='lat' dir='ltr'>lin.</span> <span class='ocrx_word' id='word_1_440' title='bbox 1048 2807 1081 2830; x_wconf 83' lang='lat'>38</span> <span class='ocrx_word' id='word_1_441' title='bbox 1099 2819 1131 2822; x_wconf 97' lang='lat'><strong>—</strong></span> <span class='ocrx_word' id='word_1_442' title='bbox 1147 2811 1212 2837; x_wconf 76' lang='lat' dir='ltr'>pay.</span> <span class='ocrx_word' id='word_1_443' title='bbox 1226 2807 1258 2830; x_wconf 74' lang='lat'>62</span> <span class='ocrx_word' id='word_1_444' title='bbox 1276 2804 1323 2830; x_wconf 80' lang='lat' dir='ltr'>lin.</span> <span class='ocrx_word' id='word_1_445' title='bbox 1338 2807 1361 2830; x_wconf 87' lang='lat'>6.</span> 
     </span>
    </p>
   </div>
   <div class='ocr_carea' id='block_1_17' title="bbox 1962 737 1986 756">
    <p class='ocr_par' dir='ltr' id='par_1_19' title="bbox 1962 737 1986 756">
     <span class='ocr_line' id='line_1_46' title="bbox 1962 737 1986 756; baseline 0 0"><span class='ocrx_word' id='word_1_446' title='bbox 1962 737 1986 756; x_wconf 85' lang='grc'>10</span> 
     </span>
    </p>
   </div>
   <div class='ocr_carea' id='block_1_18' title="bbox 1964 1635 2031 1654">
    <p class='ocr_par' dir='ltr' id='par_1_20' title="bbox 1964 1635 2031 1654">
     <span class='ocr_line' id='line_1_47' title="bbox 1964 1635 2031 1654; baseline 0 0"><span class='ocrx_word' id='word_1_447' title='bbox 1964 1635 2031 1654; x_wconf 27' lang='lat'>¹15⁷</span> 
     </span>
    </p>
   </div>
   <div class='ocr_carea' id='block_1_19' title="bbox 1963 1893 1989 1912">
    <p class='ocr_par' dir='ltr' id='par_1_21' title="bbox 1963 1893 1989 1912">
     <span class='ocr_line' id='line_1_48' title="bbox 1963 1893 1989 1912; baseline -0.038 0"><span class='ocrx_word' id='word_1_448' title='bbox 1963 1893 1989 1912; x_wconf 73' lang='lat'>³0</span> 
     </span>
    </p>
   </div>
   <div class='ocr_carea' id='block_1_20' title="bbox 1965 2151 1990 2168">
    <p class='ocr_par' dir='ltr' id='par_1_22' title="bbox 1965 2151 1990 2168">
     <span class='ocr_line' id='line_1_49' title="bbox 1965 2151 1990 2168; baseline 0 0"><span class='ocrx_word' id='word_1_449' title='bbox 1965 2151 1990 2168; x_wconf 64' lang='grc'>39)</span> 
     </span>
    </p>
   </div>
   <div class='ocr_carea' id='block_1_21' title="bbox 1964 2409 1989 2428">
    <p class='ocr_par' dir='ltr' id='par_1_23' title="bbox 1964 2409 1989 2428">
     <span class='ocr_line' id='line_1_50' title="bbox 1964 2409 1989 2428; baseline 0 0"><span class='ocrx_word' id='word_1_450' title='bbox 1964 2409 1989 2428; x_wconf 77' lang='lat'>4³</span> 
     </span>
    </p>
   </div>
   <div class='ocr_carea' id='block_1_22' title="bbox 1962 2812 1988 2831">
    <p class='ocr_par' dir='ltr' id='par_1_24' title="bbox 1962 2812 1988 2831">
     <span class='ocr_line' id='line_1_51' title="bbox 1962 2812 1988 2831; baseline 0 0"><span class='ocrx_word' id='word_1_451' title='bbox 1962 2812 1988 2831; x_wconf 71' lang='lat'>⁴5</span> 
     </span>
    </p>
   </div>
  </div>
 </body>
</html>
