<?xml version="1.0" encoding="UTF-8"?>
<!DOCTYPE html PUBLIC "-//W3C//DTD XHTML 1.0 Transitional//EN"
    "http://www.w3.org/TR/xhtml1/DTD/xhtml1-transitional.dtd">
<html xmlns="http://www.w3.org/1999/xhtml" xml:lang="en" lang="en">
 <head>
  <title>
</title>
<meta http-equiv="Content-Type" content="text/html;charset=utf-8" />
  <meta name='ocr-system' content='tesseract 3.04.00' />
  <meta name='ocr-capabilities' content='ocr_page ocr_carea ocr_par ocr_line ocrx_word'/>
</head>
<body>
  <div class='ocr_page' id='page_1' title='image "./monumentagerma05geseuoft_0561.png"; bbox 0 0 2184 3126; ppageno 0'>
   <div class='ocr_carea' id='block_1_1' title="bbox 193 721 216 741">
    <p class='ocr_par' dir='ltr' id='par_1_1' title="bbox 193 721 216 741">
     <span class='ocr_line' id='line_1_1' title="bbox 193 721 216 741; baseline -0.043 0"><span class='ocrx_word' id='word_1_1' title='bbox 193 721 216 741; x_wconf 79' lang='lat'><strong>10</strong></span> 
     </span>
    </p>
   </div>
   <div class='ocr_carea' id='block_1_2' title="bbox 480 157 1889 192">
    <p class='ocr_par' dir='ltr' id='par_1_2' title="bbox 480 157 1889 192">
     <span class='ocr_line' id='line_1_2' title="bbox 480 157 1889 192; baseline -0.001 -6"><span class='ocrx_word' id='word_1_2' title='bbox 480 157 576 187; x_wconf 78' lang='lat' dir='ltr'>ACTA</span> <span class='ocrx_word' id='word_1_3' title='bbox 595 158 709 186; x_wconf 77' lang='lat' dir='ltr'>REGNI</span> <span class='ocrx_word' id='word_1_4' title='bbox 728 158 911 186; x_wconf 77' lang='lat' dir='ltr'><strong>LUDEwlcl</strong></span> <span class='ocrx_word' id='word_1_5' title='bbox 933 158 979 187; x_wconf 90' lang='lat' dir='ltr'><strong>1v.</strong></span> <span class='ocrx_word' id='word_1_6' title='bbox 998 158 1043 186; x_wconf 76' lang='lat' dir='ltr'><strong>m·</strong></span> <span class='ocrx_word' id='word_1_7' title='bbox 1063 157 1248 186; x_wconf 80' lang='lat' dir='ltr'><strong>FRIDERICI</strong></span> <span class='ocrx_word' id='word_1_8' title='bbox 1267 157 1316 186; x_wconf 79' lang='lat'>111.</span> <span class='ocrx_word' id='word_1_9' title='bbox 1353 158 1428 185; x_wconf 77' lang='lat'>1322.</span> <span class='ocrx_word' id='word_1_10' title='bbox 1466 158 1513 185; x_wconf 82' lang='lat' dir='ltr'><strong>Nr.</strong></span> <span class='ocrx_word' id='word_1_11' title='bbox 1527 158 1585 186; x_wconf 76' lang='lat'><strong>655.</strong></span> <span class='ocrx_word' id='word_1_12' title='bbox 1605 159 1664 186; x_wconf 75' lang='lat'>656.</span> <span class='ocrx_word' id='word_1_13' title='bbox 1831 162 1889 192; x_wconf 81' lang='lat'><strong>521</strong></span> 
     </span>
    </p>
   </div>
   <div class='ocr_carea' id='block_1_3' title="bbox 234 244 1895 857">
    <p class='ocr_par' dir='ltr' id='par_1_3' title="bbox 234 244 1895 857">
     <span class='ocr_line' id='line_1_3' title="bbox 240 244 1893 288; baseline 0.001 -11"><span class='ocrx_word' id='word_1_14' title='bbox 240 245 335 277; x_wconf 88' lang='lat' dir='ltr'><strong>electi</strong></span> <span class='ocrx_word' id='word_1_15' title='bbox 359 245 562 288; x_wconf 84' lang='lat' dir='ltr'><strong>beneplacito</strong></span> <span class='ocrx_word' id='word_1_16' title='bbox 587 248 620 277; x_wconf 89' lang='lat' dir='ltr'><strong>et</strong></span> <span class='ocrx_word' id='word_1_17' title='bbox 642 245 793 277; x_wconf 87' lang='lat' dir='ltr'><strong>mandato</strong></span> <span class='ocrx_word' id='word_1_18' title='bbox 817 246 932 278; x_wconf 90' lang='lat' dir='ltr'><strong>nostris</strong></span> <span class='ocrx_word' id='word_1_19' title='bbox 956 249 988 278; x_wconf 89' lang='lat' dir='ltr'><strong>et</strong></span> <span class='ocrx_word' id='word_1_20' title='bbox 1010 245 1187 288; x_wconf 87' lang='lat' dir='ltr'><strong>apostolice</strong></span> <span class='ocrx_word' id='word_1_21' title='bbox 1216 244 1302 277; x_wconf 89' lang='lat' dir='ltr'><strong>sedis</strong></span> <span class='ocrx_word' id='word_1_22' title='bbox 1330 244 1542 287; x_wconf 77' lang='lat' dir='ltr'><strong>beneplacitis</strong></span> <span class='ocrx_word' id='word_1_23' title='bbox 1569 246 1650 277; x_wconf 85' lang='lat' dir='ltr'><strong>sicut</strong></span> <span class='ocrx_word' id='word_1_24' title='bbox 1680 246 1764 278; x_wconf 86' lang='lat' dir='ltr'><strong>filius</strong></span> <span class='ocrx_word' id='word_1_25' title='bbox 1795 247 1893 279; x_wconf 88' lang='lat' dir='ltr'><strong>bene-</strong></span> 
     </span>
     <span class='ocr_line' id='line_1_4' title="bbox 240 296 1893 339; baseline 0.002 -11"><span class='ocrx_word' id='word_1_26' title='bbox 240 296 388 329; x_wconf 75' lang='lat' dir='ltr'><strong>dictionis</strong></span> <span class='ocrx_word' id='word_1_27' title='bbox 411 299 445 329; x_wconf 91' lang='lat' dir='ltr'><strong>et</strong></span> <span class='ocrx_word' id='word_1_28' title='bbox 465 297 570 339; x_wconf 86' lang='lat' dir='ltr'><strong>gratie</strong></span> <span class='ocrx_word' id='word_1_29' title='bbox 594 297 805 339; x_wconf 75' lang='lat' dir='ltr'><strong>obsequiosus</strong></span> <span class='ocrx_word' id='word_1_30' title='bbox 827 297 973 331; x_wconf 78' lang='lat' dir='ltr'>adheret.</span> <span class='ocrx_word' id='word_1_31' title='bbox 1018 296 1083 329; x_wconf 83' lang='lat' dir='ltr'><strong>Sed</strong></span> <span class='ocrx_word' id='word_1_32' title='bbox 1110 296 1198 329; x_wconf 87' lang='lat' dir='ltr'><strong>illam</strong></span> <span class='ocrx_word' id='word_1_33' title='bbox 1221 296 1402 339; x_wconf 85' lang='lat' dir='ltr'><strong>perducens</strong></span> <span class='ocrx_word' id='word_1_34' title='bbox 1425 307 1490 339; x_wconf 70' lang='lat' dir='ltr'><strong>«per</strong></span> <span class='ocrx_word' id='word_1_35' title='bbox 1516 296 1653 329; x_wconf 77' lang='lat' dir='ltr'><strong>fructum</strong></span> <span class='ocrx_word' id='word_1_36' title='bbox 1683 297 1893 331; x_wconf 82' lang='lat' dir='ltr'><strong>laudabilium</strong></span> 
     </span>
     <span class='ocr_line' id='line_1_5' title="bbox 241 347 1893 391; baseline 0.001 -11"><span class='ocrx_word' id='word_1_37' title='bbox 241 358 373 390; x_wconf 89' lang='lat' dir='ltr'><strong>operum</strong></span> <span class='ocrx_word' id='word_1_38' title='bbox 394 348 435 381; x_wconf 89' lang='lat' dir='ltr'><strong>ad</strong></span> <span class='ocrx_word' id='word_1_39' title='bbox 452 347 614 390; x_wconf 80' lang='lat' dir='ltr'><strong>effectum,</strong></span> <span class='ocrx_word' id='word_1_40' title='bbox 634 349 675 381; x_wconf 92' lang='lat' dir='ltr'><strong>ad</strong></span> <span class='ocrx_word' id='word_1_41' title='bbox 691 349 886 381; x_wconf 86' lang='lat' dir='ltr'><strong>Lombardie</strong></span> <span class='ocrx_word' id='word_1_42' title='bbox 903 352 1012 391; x_wconf 87' lang='lat' dir='ltr'><strong>partes</strong></span> <span class='ocrx_word' id='word_1_43' title='bbox 1028 358 1099 381; x_wconf 85' lang='lat' dir='ltr'><strong>eum</strong></span> <span class='ocrx_word' id='word_1_44' title='bbox 1116 347 1296 380; x_wconf 81' lang='lat' dir='ltr'><strong>honorabili</strong></span> <span class='ocrx_word' id='word_1_45' title='bbox 1313 348 1484 380; x_wconf 83' lang='lat' dir='ltr'><strong>comitiva·</strong></span> <span class='ocrx_word' id='word_1_46' title='bbox 1499 352 1609 381; x_wconf 89' lang='lat' dir='ltr'><strong>contra</strong></span> <span class='ocrx_word' id='word_1_47' title='bbox 1625 349 1715 381; x_wconf 84' lang='lat' dir='ltr'><strong>illum</strong></span> <span class='ocrx_word' id='word_1_48' title='bbox 1733 350 1893 391; x_wconf 88' lang='lat' dir='ltr'><strong>perdicio-</strong></span> 
     </span>
     <span class='ocr_line' id='line_1_6' title="bbox 239 399 1895 443; baseline 0.002 -12"><span class='ocrx_word' id='word_1_49' title='bbox 239 401 288 432; x_wconf 88' lang='lat' dir='ltr'><strong>nis</strong></span> <span class='ocrx_word' id='word_1_50' title='bbox 303 399 404 432; x_wconf 85' lang='lat' dir='ltr'><strong>filium</strong></span> <span class='ocrx_word' id='word_1_51' title='bbox 420 400 587 433; x_wconf 84' lang='lat' dir='ltr'><strong>Matheum</strong></span> <span class='ocrx_word' id='word_1_52' title='bbox 603 400 836 432; x_wconf 88' lang='lat' dir='ltr'><strong>Vicecomitem</strong></span> <span class='ocrx_word' id='word_1_53' title='bbox 857 400 898 433; x_wconf 90' lang='lat' dir='ltr'><strong>de</strong></span> <span class='ocrx_word' id='word_1_54' title='bbox 914 400 1100 433; x_wconf 76' lang='lat' dir='ltr'><strong>Mediolano</strong></span> <span class='ocrx_word' id='word_1_55' title='bbox 1117 399 1296 432; x_wconf 85' lang='lat' dir='ltr'><strong>hereticum</strong></span> <span class='ocrx_word' id='word_1_56' title='bbox 1313 399 1518 442; x_wconf 78' lang='lat' dir='ltr'><strong>pestilentem</strong></span> <span class='ocrx_word' id='word_1_57' title='bbox 1543 404 1576 433; x_wconf 91' lang='lat' dir='ltr'><strong>et</strong></span> <span class='ocrx_word' id='word_1_58' title='bbox 1599 401 1756 443; x_wconf 84' lang='lat' dir='ltr'><strong>perfidum</strong></span> <span class='ocrx_word' id='word_1_59' title='bbox 1774 401 1836 434; x_wconf 93' lang='lat' dir='ltr'><strong>Dei</strong></span> <span class='ocrx_word' id='word_1_60' title='bbox 1861 406 1895 434; x_wconf 91' lang='lat' dir='ltr'><strong>et</strong></span> 
     </span>
     <span class='ocr_line' id='line_1_7' title="bbox 239 451 1894 494; baseline 0.001 -11"><span class='ocrx_word' id='word_1_61' title='bbox 239 451 375 483; x_wconf 77' lang='lat' dir='ltr'><strong>ecclesie</strong></span> <span class='ocrx_word' id='word_1_62' title='bbox 398 462 454 484; x_wconf 89' lang='lat' dir='ltr'><strong>sue</strong></span> <span class='ocrx_word' id='word_1_63' title='bbox 478 451 696 484; x_wconf 86' lang='lat' dir='ltr'><strong>adversarium</strong></span> <span class='ocrx_word' id='word_1_64' title='bbox 719 455 753 484; x_wconf 88' lang='lat' dir='ltr'><strong>et</strong></span> <span class='ocrx_word' id='word_1_65' title='bbox 775 451 900 484; x_wconf 88' lang='lat' dir='ltr'><strong>hostem</strong></span> <span class='ocrx_word' id='word_1_66' title='bbox 924 452 1060 494; x_wconf 45' lang='lat' dir='ltr'><strong>impium*</strong></span> <span class='ocrx_word' id='word_1_67' title='bbox 1080 462 1117 483; x_wconf 89' lang='lat' dir='ltr'><strong>ac</strong></span> <span class='ocrx_word' id='word_1_68' title='bbox 1140 461 1287 483; x_wconf 90' lang='lat' dir='ltr'><strong>severum</strong></span> <span class='ocrx_word' id='word_1_69' title='bbox 1304 451 1437 494; x_wconf 89' lang='lat' dir='ltr'><strong>eiusque</strong></span> <span class='ocrx_word' id='word_1_70' title='bbox 1460 452 1543 484; x_wconf 85' lang='lat' dir='ltr'><strong>filios</strong></span> <span class='ocrx_word' id='word_1_71' title='bbox 1566 457 1600 484; x_wconf 92' lang='lat' dir='ltr'><strong>et</strong></span> <span class='ocrx_word' id='word_1_72' title='bbox 1622 453 1681 485; x_wconf 85' lang='lat' dir='ltr'><strong>sibi</strong></span> <span class='ocrx_word' id='word_1_73' title='bbox 1698 453 1894 486; x_wconf 82' lang='lat' dir='ltr'><strong>adherentes</strong></span> 
     </span>
     <span class='ocr_line' id='line_1_8' title="bbox 236 502 1893 546; baseline 0.001 -12"><span class='ocrx_word' id='word_1_74' title='bbox 236 513 301 535; x_wconf 91' lang='lat' dir='ltr'><strong>una</strong></span> <span class='ocrx_word' id='word_1_75' title='bbox 323 513 394 535; x_wconf 90' lang='lat' dir='ltr'><strong>cum</strong></span> <span class='ocrx_word' id='word_1_76' title='bbox 418 506 526 535; x_wconf 86' lang='lat' dir='ltr'><strong>nostro</strong></span> <span class='ocrx_word' id='word_1_77' title='bbox 549 506 582 535; x_wconf 90' lang='lat' dir='ltr'><strong>et</strong></span> <span class='ocrx_word' id='word_1_78' title='bbox 596 503 751 535; x_wconf 86' lang='lat' dir='ltr'><strong>carissimi</strong></span> <span class='ocrx_word' id='word_1_79' title='bbox 774 503 806 534; x_wconf 94' lang='lat' dir='ltr'><strong>in</strong></span> <span class='ocrx_word' id='word_1_80' title='bbox 822 503 949 535; x_wconf 87' lang='lat' dir='ltr'><strong>Christo</strong></span> <span class='ocrx_word' id='word_1_81' title='bbox 971 503 1027 535; x_wconf 82' lang='lat' dir='ltr'><strong>filii</strong></span> <span class='ocrx_word' id='word_1_82' title='bbox 1044 503 1142 535; x_wconf 83' lang='lat' dir='ltr'><strong>nostri</strong></span> <span class='ocrx_word' id='word_1_83' title='bbox 1157 502 1320 545; x_wconf 88' lang='lat' dir='ltr'><strong>R(oberti)</strong></span> <span class='ocrx_word' id='word_1_84' title='bbox 1336 504 1421 546; x_wconf 89' lang='lat' dir='ltr'><strong>regis</strong></span> <span class='ocrx_word' id='word_1_85' title='bbox 1436 503 1544 536; x_wconf 85' lang='lat' dir='ltr'><strong>Sicilie</strong></span> <span class='ocrx_word' id='word_1_86' title='bbox 1561 504 1692 536; x_wconf 91' lang='lat' dir='ltr'><strong>illustris</strong></span> <span class='ocrx_word' id='word_1_87' title='bbox 1708 507 1742 536; x_wconf 88' lang='lat' dir='ltr'><strong>et</strong></span> <span class='ocrx_word' id='word_1_88' title='bbox 1756 504 1893 537; x_wconf 85' lang='lat' dir='ltr'><strong>aliorum</strong></span> 
     </span>
     <span class='ocr_line' id='line_1_9' title="bbox 236 554 1893 598; baseline 0.001 -12"><span class='ocrx_word' id='word_1_89' title='bbox 236 554 379 586; x_wconf 84' lang='lat' dir='ltr'><strong>fidelium</strong></span> <span class='ocrx_word' id='word_1_90' title='bbox 403 555 503 597; x_wconf 90' lang='lat' dir='ltr'><strong>partis</strong></span> <span class='ocrx_word' id='word_1_91' title='bbox 526 554 644 587; x_wconf 79' lang='lat' dir='ltr'><strong>Guelfe</strong></span> <span class='ocrx_word' id='word_1_92' title='bbox 667 555 812 587; x_wconf 84' lang='lat' dir='ltr'><strong>exercitu</strong></span> <span class='ocrx_word' id='word_1_93' title='bbox 835 559 964 587; x_wconf 89' lang='lat' dir='ltr'><strong>strenue</strong></span> <span class='ocrx_word' id='word_1_94' title='bbox 991 555 1024 587; x_wconf 92' lang='lat' dir='ltr'><strong>in</strong></span> <span class='ocrx_word' id='word_1_95' title='bbox 1046 555 1175 587; x_wconf 91' lang='lat' dir='ltr'><strong>nomine</strong></span> <span class='ocrx_word' id='word_1_96' title='bbox 1198 554 1329 586; x_wconf 90' lang='lat' dir='ltr'><strong>Domini</strong></span> <span class='ocrx_word' id='word_1_97' title='bbox 1352 565 1572 597; x_wconf 84' lang='lat' dir='ltr'><strong>processurus,</strong></span> <span class='ocrx_word' id='word_1_98' title='bbox 1601 557 1683 587; x_wconf 90' lang='lat' dir='ltr'><strong>sicut</strong></span> <span class='ocrx_word' id='word_1_99' title='bbox 1709 558 1893 598; x_wconf 88' lang='lat' dir='ltr'><strong>accepimus</strong></span> 
     </span>
     <span class='ocr_line' id='line_1_10' title="bbox 236 605 1894 650; baseline 0.002 -13"><span class='ocrx_word' id='word_1_100' title='bbox 236 605 312 647; x_wconf 88' lang='lat' dir='ltr'><strong>leti,</strong></span> <span class='ocrx_word' id='word_1_101' title='bbox 340 616 442 648; x_wconf 89' lang='lat' dir='ltr'><strong>nuper</strong></span> <span class='ocrx_word' id='word_1_102' title='bbox 464 606 599 645; x_wconf 82' lang='lat' dir='ltr'><strong>accessit</strong></span> <span class='ocrx_word' id='word_1_103' title='bbox 626 606 657 638; x_wconf 91' lang='lat' dir='ltr'><strong>in</strong></span> <span class='ocrx_word' id='word_1_104' title='bbox 689 607 818 638; x_wconf 86' lang='lat' dir='ltr'><strong>civitate</strong></span> <span class='ocrx_word' id='word_1_105' title='bbox 843 610 949 639; x_wconf 86' lang='lat' dir='ltr'><strong>vestra</strong></span> <span class='ocrx_word' id='word_1_106' title='bbox 977 617 1049 639; x_wconf 92' lang='lat' dir='ltr'><strong>cum</strong></span> <span class='ocrx_word' id='word_1_107' title='bbox 1073 606 1188 639; x_wconf 86' lang='lat' dir='ltr'><strong>eadem</strong></span> <span class='ocrx_word' id='word_1_108' title='bbox 1211 606 1382 638; x_wconf 84' lang='lat' dir='ltr'><strong>comitiva·</strong></span> <span class='ocrx_word' id='word_1_109' title='bbox 1405 606 1587 639; x_wconf 86' lang='lat' dir='ltr'><strong>residendo.</strong></span> <span class='ocrx_word' id='word_1_110' title='bbox 1632 607 1814 650; x_wconf 83' lang='lat' dir='ltr'><strong>Propterea</strong></span> <span class='ocrx_word' id='word_1_111' title='bbox 1836 619 1894 640; x_wconf 85' lang='lat' dir='ltr'><strong>vos</strong></span> 
     </span>
     <span class='ocr_line' id='line_1_11' title="bbox 235 656 1892 702; baseline 0.002 -13"><span class='ocrx_word' id='word_1_112' title='bbox 235 660 370 700; x_wconf 84' lang='lat' dir='ltr'><strong>paterne</strong></span> <span class='ocrx_word' id='word_1_113' title='bbox 392 656 602 690; x_wconf 85' lang='lat' dir='ltr'><strong>solicitudinis</strong></span> <span class='ocrx_word' id='word_1_114' title='bbox 625 658 780 690; x_wconf 84' lang='lat' dir='ltr'><strong>instancia</strong></span> <span class='ocrx_word' id='word_1_115' title='bbox 804 657 1025 701; x_wconf 78' lang='lat' dir='ltr'><strong>[monemus]&#39;³‚</strong></span> <span class='ocrx_word' id='word_1_116' title='bbox 1049 662 1084 690; x_wconf 90' lang='lat' dir='ltr'><strong>ut</strong></span> <span class='ocrx_word' id='word_1_117' title='bbox 1105 658 1193 690; x_wconf 83' lang='lat' dir='ltr'><strong>idern</strong></span> <span class='ocrx_word' id='word_1_118' title='bbox 1217 657 1284 690; x_wconf 86' lang='lat' dir='ltr'><strong>dux</strong></span> <span class='ocrx_word' id='word_1_119' title='bbox 1307 657 1426 690; x_wconf 88' lang='lat' dir='ltr'><strong>dictum</strong></span> <span class='ocrx_word' id='word_1_120' title='bbox 1450 660 1615 701; x_wconf 82' lang='lat' dir='ltr'><strong>negotium</strong></span> <span class='ocrx_word' id='word_1_121' title='bbox 1639 669 1837 702; x_wconf 89' lang='lat' dir='ltr'><strong>prosequens</strong></span> <span class='ocrx_word' id='word_1_122' title='bbox 1860 661 1892 692; x_wconf 92' lang='lat' dir='ltr'><strong>in</strong></span> 
     </span>
     <span class='ocr_line' id='line_1_12' title="bbox 235 708 1893 752; baseline 0.002 -12"><span class='ocrx_word' id='word_1_123' title='bbox 235 709 350 740; x_wconf 88' lang='lat' dir='ltr'><strong>vestris</strong></span> <span class='ocrx_word' id='word_1_124' title='bbox 373 709 515 751; x_wconf 86' lang='lat' dir='ltr'><strong>reperiat</strong></span> <span class='ocrx_word' id='word_1_125' title='bbox 537 708 673 750; x_wconf 85' lang='lat' dir='ltr'><strong>actibus,</strong></span> <span class='ocrx_word' id='word_1_126' title='bbox 702 719 764 752; x_wconf 87' lang='lat' dir='ltr'><strong>que</strong></span> <span class='ocrx_word' id='word_1_127' title='bbox 792 720 849 741; x_wconf 93' lang='lat' dir='ltr'><strong>suo</strong></span> <span class='ocrx_word' id='word_1_128' title='bbox 877 713 970 752; x_wconf 85' lang='lat' dir='ltr'><strong>grata</strong></span> <span class='ocrx_word' id='word_1_129' title='bbox 992 711 1055 742; x_wconf 93' lang='lat' dir='ltr'><strong>sint</strong></span> <span class='ocrx_word' id='word_1_130' title='bbox 1077 710 1184 742; x_wconf 91' lang='lat' dir='ltr'><strong>animo</strong></span> <span class='ocrx_word' id='word_1_131' title='bbox 1207 709 1363 752; x_wconf 87' lang='lat' dir='ltr'><strong>vobisque</strong></span> <span class='ocrx_word' id='word_1_132' title='bbox 1386 710 1490 742; x_wconf 91' lang='lat' dir='ltr'><strong>laudis</strong></span> <span class='ocrx_word' id='word_1_133' title='bbox 1513 710 1650 743; x_wconf 79' lang='lat' dir='ltr'><strong>afferant</strong></span> <span class='ocrx_word' id='word_1_134' title='bbox 1673 711 1835 744; x_wconf 89' lang='lat' dir='ltr'><strong>cumulum</strong></span> <span class='ocrx_word' id='word_1_135' title='bbox 1860 715 1893 744; x_wconf 92' lang='lat' dir='ltr'><strong>et</strong></span> 
     </span>
     <span class='ocr_line' id='line_1_13' title="bbox 234 759 1893 805; baseline 0.002 -13"><span class='ocrx_word' id='word_1_136' title='bbox 234 760 373 792; x_wconf 86' lang='lat' dir='ltr'><strong>honoris.</strong></span> <span class='ocrx_word' id='word_1_137' title='bbox 414 759 560 802; x_wconf 90' lang='lat' dir='ltr'><strong>Ideoque</strong></span> <span class='ocrx_word' id='word_1_138' title='bbox 592 761 832 793; x_wconf 85' lang='lat' dir='ltr'><strong>universitatem</strong></span> <span class='ocrx_word' id='word_1_139' title='bbox 856 765 995 794; x_wconf 90' lang='lat' dir='ltr'><strong>vestram</strong></span> <span class='ocrx_word' id='word_1_140' title='bbox 1026 771 1176 804; x_wconf 81' lang='lat' dir='ltr'><strong>rogamus</strong></span> <span class='ocrx_word' id='word_1_141' title='bbox 1210 764 1244 793; x_wconf 91' lang='lat' dir='ltr'><strong>et</strong></span> <span class='ocrx_word' id='word_1_142' title='bbox 1271 761 1437 793; x_wconf 86' lang='lat' dir='ltr'><strong>hortamur</strong></span> <span class='ocrx_word' id='word_1_143' title='bbox 1467 763 1640 804; x_wconf 88' lang='lat' dir='ltr'><strong>attencius,</strong></span> <span class='ocrx_word' id='word_1_144' title='bbox 1676 764 1826 805; x_wconf 85' lang='lat' dir='ltr'><strong>quatinus</strong></span> <span class='ocrx_word' id='word_1_145' title='bbox 1859 764 1893 795; x_wconf 89' lang='lat' dir='ltr'><strong>in</strong></span> 
     </span>
     <span class='ocr_line' id='line_1_14' title="bbox 234 811 1892 857; baseline 0.002 -14"><span class='ocrx_word' id='word_1_146' title='bbox 234 812 385 844; x_wconf 83' lang='lat' dir='ltr'><strong>scrutinio</strong></span> <span class='ocrx_word' id='word_1_147' title='bbox 409 811 519 844; x_wconf 87' lang='lat' dir='ltr'><strong>debite</strong></span> <span class='ocrx_word' id='word_1_148' title='bbox 543 812 809 844; x_wconf 84' lang='lat' dir='ltr'><strong>considerationis</strong></span> <span class='ocrx_word' id='word_1_149' title='bbox 831 812 986 854; x_wconf 89' lang='lat' dir='ltr'><strong>adducto,</strong></span> <span class='ocrx_word' id='word_1_150' title='bbox 1010 812 1096 855; x_wconf 90' lang='lat' dir='ltr'><strong>quod</strong></span> <span class='ocrx_word' id='word_1_151' title='bbox 1119 823 1178 855; x_wconf 91' lang='lat' dir='ltr'><strong>per</strong></span> <span class='ocrx_word' id='word_1_152' title='bbox 1201 822 1274 844; x_wconf 92' lang='lat' dir='ltr'><strong>eum</strong></span> <span class='ocrx_word' id='word_1_153' title='bbox 1298 812 1416 845; x_wconf 88' lang='lat' dir='ltr'><strong>nedum</strong></span> <span class='ocrx_word' id='word_1_154' title='bbox 1440 812 1502 844; x_wconf 90' lang='lat' dir='ltr'><strong>Dei</strong></span> <span class='ocrx_word' id='word_1_155' title='bbox 1527 817 1560 845; x_wconf 88' lang='lat' dir='ltr'><strong>et</strong></span> <span class='ocrx_word' id='word_1_156' title='bbox 1583 814 1720 846; x_wconf 85' lang='lat' dir='ltr'><strong>ecclesie</strong></span> <span class='ocrx_word' id='word_1_157' title='bbox 1744 815 1892 857; x_wconf 90' lang='lat' dir='ltr'><strong>negocia,</strong></span> 
     </span>
    </p>
   </div>
   <div class='ocr_carea' id='block_1_4' title="bbox 198 863 1893 908">
    <p class='ocr_par' dir='ltr' id='par_1_4' title="bbox 198 863 1893 908">
     <span class='ocr_line' id='line_1_15' title="bbox 198 863 1893 908; baseline 0.002 -13"><span class='ocrx_word' id='word_1_158' title='bbox 198 868 203 870; x_wconf 71' lang='grc'><em>’</em></span> <span class='ocrx_word' id='word_1_159' title='bbox 229 863 293 896; x_wconf 72' lang='lat' dir='ltr'><strong>‘sed</strong></span> <span class='ocrx_word' id='word_1_160' title='bbox 320 866 426 896; x_wconf 83' lang='lat' dir='ltr'><strong>vestra</strong></span> <span class='ocrx_word' id='word_1_161' title='bbox 455 867 489 895; x_wconf 86' lang='lat' dir='ltr'><strong>et</strong></span> <span class='ocrx_word' id='word_1_162' title='bbox 517 863 660 896; x_wconf 81' lang='lat' dir='ltr'><strong>fidelium</strong></span> <span class='ocrx_word' id='word_1_163' title='bbox 689 865 830 906; x_wconf 90' lang='lat' dir='ltr'><strong>ipsorum</strong></span> <span class='ocrx_word' id='word_1_164' title='bbox 861 874 913 896; x_wconf 87' lang='lat' dir='ltr'><strong>res</strong></span> <span class='ocrx_word' id='word_1_165' title='bbox 941 865 1062 907; x_wconf 82' lang='lat' dir='ltr'><strong>agitur,</strong></span> <span class='ocrx_word' id='word_1_166' title='bbox 1094 864 1166 896; x_wconf 89' lang='lat' dir='ltr'><strong>duci</strong></span> <span class='ocrx_word' id='word_1_167' title='bbox 1196 867 1229 896; x_wconf 89' lang='lat' dir='ltr'><strong>et</strong></span> <span class='ocrx_word' id='word_1_168' title='bbox 1262 865 1412 896; x_wconf 90' lang='lat' dir='ltr'><strong>comitive</strong></span> <span class='ocrx_word' id='word_1_169' title='bbox 1444 865 1599 907; x_wconf 85' lang='lat' dir='ltr'><strong>predictis</strong></span> <span class='ocrx_word' id='word_1_170' title='bbox 1621 867 1893 908; x_wconf 85' lang='lat' dir='ltr'><strong>prosequentibus</strong></span> 
     </span>
    </p>
   </div>
   <div class='ocr_carea' id='block_1_5' title="bbox 183 2413 210 2433">
    <p class='ocr_par' dir='ltr' id='par_1_5' title="bbox 183 2413 210 2433">
     <span class='ocr_line' id='line_1_16' title="bbox 183 2413 210 2433; baseline 0 0"><span class='ocrx_word' id='word_1_171' title='bbox 183 2413 210 2433; x_wconf 77' lang='lat'><strong>⁴0</strong></span> 
     </span>
    </p>
   </div>
   <div class='ocr_carea' id='block_1_6' title="bbox 234 915 1893 1062">
    <p class='ocr_par' dir='ltr' id='par_1_6' title="bbox 234 915 1893 1062">
     <span class='ocr_line' id='line_1_17' title="bbox 234 915 1893 960; baseline 0.002 -13"><span class='ocrx_word' id='word_1_172' title='bbox 234 916 399 958; x_wconf 78' lang='lat' dir='ltr'><strong>negotium</strong></span> <span class='ocrx_word' id='word_1_173' title='bbox 422 919 635 947; x_wconf 89' lang='lat' dir='ltr'><strong>memoratum</strong></span> <span class='ocrx_word' id='word_1_174' title='bbox 660 917 704 947; x_wconf 87' lang='lat' dir='ltr'><strong>sic</strong></span> <span class='ocrx_word' id='word_1_175' title='bbox 726 926 783 948; x_wconf 84' lang='lat' dir='ltr'><strong>vos</strong></span> <span class='ocrx_word' id='word_1_176' title='bbox 806 915 962 958; x_wconf 89' lang='lat' dir='ltr'><strong>benignos</strong></span> <span class='ocrx_word' id='word_1_177' title='bbox 986 919 1019 948; x_wconf 88' lang='lat' dir='ltr'><strong>et</strong></span> <span class='ocrx_word' id='word_1_178' title='bbox 1040 916 1208 948; x_wconf 84' lang='lat' dir='ltr'><strong>benivolos</strong></span> <span class='ocrx_word' id='word_1_179' title='bbox 1231 915 1400 958; x_wconf 84' lang='lat' dir='ltr'><strong>exhibere,</strong></span> <span class='ocrx_word' id='word_1_180' title='bbox 1424 917 1470 948; x_wconf 90' lang='lat' dir='ltr'><strong>sic</strong></span> <span class='ocrx_word' id='word_1_181' title='bbox 1493 920 1603 958; x_wconf 86' lang='lat' dir='ltr'><strong>gratos</strong></span> <span class='ocrx_word' id='word_1_182' title='bbox 1626 920 1659 949; x_wconf 90' lang='lat' dir='ltr'><strong>et</strong></span> <span class='ocrx_word' id='word_1_183' title='bbox 1682 918 1893 960; x_wconf 80' lang='lat' dir='ltr'><strong>obsequiosus</strong></span> 
     </span>
     <span class='ocr_line' id='line_1_18' title="bbox 236 966 1893 1012; baseline 0.002 -14"><span class='ocrx_word' id='word_1_184' title='bbox 236 966 352 999; x_wconf 86' lang='lat' dir='ltr'><strong>offerre</strong></span> <span class='ocrx_word' id='word_1_185' title='bbox 375 970 409 999; x_wconf 91' lang='lat' dir='ltr'><strong>et</strong></span> <span class='ocrx_word' id='word_1_186' title='bbox 431 967 476 999; x_wconf 88' lang='lat' dir='ltr'><strong>sic</strong></span> <span class='ocrx_word' id='word_1_187' title='bbox 499 967 742 999; x_wconf 83' lang='lat' dir='ltr'><strong>honorificentia</strong></span> <span class='ocrx_word' id='word_1_188' title='bbox 765 967 925 1010; x_wconf 89' lang='lat' dir='ltr'><strong>condigna</strong></span> <span class='ocrx_word' id='word_1_189' title='bbox 941 970 1079 1000; x_wconf 88' lang='lat' dir='ltr'><strong>tractare</strong></span> <span class='ocrx_word' id='word_1_190' title='bbox 1103 968 1231 1009; x_wconf 86' lang='lat' dir='ltr'><strong>curetis,</strong></span> <span class='ocrx_word' id='word_1_191' title='bbox 1255 967 1295 1000; x_wconf 90' lang='lat' dir='ltr'><strong>de</strong></span> <span class='ocrx_word' id='word_1_192' title='bbox 1312 968 1407 1010; x_wconf 86' lang='lat' dir='ltr'><strong>copia</strong></span> <span class='ocrx_word' id='word_1_193' title='bbox 1421 968 1617 1009; x_wconf 82' lang='lat' dir='ltr'><strong>victualium,</strong></span> <span class='ocrx_word' id='word_1_194' title='bbox 1641 973 1676 1001; x_wconf 88' lang='lat' dir='ltr'><strong>ut</strong></span> <span class='ocrx_word' id='word_1_195' title='bbox 1691 969 1747 1001; x_wconf 89' lang='lat' dir='ltr'><strong>illa</strong></span> <span class='ocrx_word' id='word_1_196' title='bbox 1763 980 1893 1012; x_wconf 89' lang='lat' dir='ltr'><strong>semper</strong></span> 
     </span>
     <span class='ocr_line' id='line_1_19' title="bbox 234 1018 1892 1062; baseline 0.002 -12"><span class='ocrx_word' id='word_1_197' title='bbox 234 1028 293 1062; x_wconf 89' lang='lat' dir='ltr'><strong>pro</strong></span> <span class='ocrx_word' id='word_1_198' title='bbox 317 1019 385 1051; x_wconf 84' lang='lat' dir='ltr'><strong>foro</strong></span> <span class='ocrx_word' id='word_1_199' title='bbox 409 1019 530 1051; x_wconf 87' lang='lat' dir='ltr'><strong>habere</strong></span> <span class='ocrx_word' id='word_1_200' title='bbox 554 1019 751 1060; x_wconf 87' lang='lat' dir='ltr'><strong>competenti</strong></span> <span class='ocrx_word' id='word_1_201' title='bbox 774 1019 917 1060; x_wconf 77' lang='lat' dir='ltr'><strong>valeant,</strong></span> <span class='ocrx_word' id='word_1_202' title='bbox 940 1018 1153 1062; x_wconf 85' lang='lat' dir='ltr'><strong>providendo,</strong></span> <span class='ocrx_word' id='word_1_203' title='bbox 1177 1019 1263 1062; x_wconf 92' lang='lat' dir='ltr'><strong>quod</strong></span> <span class='ocrx_word' id='word_1_204' title='bbox 1286 1019 1352 1051; x_wconf 86' lang='lat' dir='ltr'><strong>dux</strong></span> <span class='ocrx_word' id='word_1_205' title='bbox 1374 1019 1444 1061; x_wconf 87' lang='lat' dir='ltr'><strong>ipse</strong></span> <span class='ocrx_word' id='word_1_206' title='bbox 1468 1020 1653 1052; x_wconf 87' lang='lat' dir='ltr'><strong>attencioris</strong></span> <span class='ocrx_word' id='word_1_207' title='bbox 1676 1031 1751 1052; x_wconf 91' lang='lat' dir='ltr'><strong>cure</strong></span> <span class='ocrx_word' id='word_1_208' title='bbox 1779 1021 1892 1053; x_wconf 86' lang='lat' dir='ltr'><strong>studiis</strong></span> 
     </span>
    </p>
   </div>
   <div class='ocr_carea' id='block_1_7' title="bbox 227 1070 1890 1114">
    <p class='ocr_par' dir='ltr' id='par_1_7' title="bbox 227 1070 1890 1114">
     <span class='ocr_line' id='line_1_20' title="bbox 227 1070 1890 1114; baseline 0.001 -11"><span class='ocrx_word' id='word_1_209' title='bbox 227 1077 314 1113; x_wconf 90' lang='lat' dir='ltr'><strong>&#39;opus</strong></span> <span class='ocrx_word' id='word_1_210' title='bbox 345 1070 476 1103; x_wconf 91' lang='lat' dir='ltr'><strong>Domini</strong></span> <span class='ocrx_word' id='word_1_211' title='bbox 506 1070 657 1113; x_wconf 86' lang='lat' dir='ltr'><strong>prosequi</strong></span> <span class='ocrx_word' id='word_1_212' title='bbox 691 1071 798 1102; x_wconf 88' lang='lat' dir='ltr'><strong>valeat</strong></span> <span class='ocrx_word' id='word_1_213' title='bbox 832 1070 1016 1103; x_wconf 89' lang='lat' dir='ltr'><strong>inchoatum</strong></span> <span class='ocrx_word' id='word_1_214' title='bbox 1051 1081 1174 1113; x_wconf 87' lang='lat' dir='ltr'><strong>nosque</strong></span> <span class='ocrx_word' id='word_1_215' title='bbox 1202 1071 1496 1113; x_wconf 86' lang='lat' dir='ltr'><strong>circumspectionis</strong></span> <span class='ocrx_word' id='word_1_216' title='bbox 1535 1075 1642 1103; x_wconf 87' lang='lat' dir='ltr'><strong>vestre</strong></span> <span class='ocrx_word' id='word_1_217' title='bbox 1682 1072 1890 1114; x_wconf 83' lang='lat' dir='ltr'><strong>prudenciam</strong></span> 
     </span>
    </p>
   </div>
   <div class='ocr_carea' id='block_1_8' title="bbox 234 1121 1891 1275">
    <p class='ocr_par' dir='ltr' id='par_1_8' title="bbox 234 1121 1891 1275">
     <span class='ocr_line' id='line_1_21' title="bbox 234 1121 1891 1164; baseline 0.001 -10"><span class='ocrx_word' id='word_1_218' title='bbox 234 1122 339 1164; x_wconf 81' lang='lat' dir='ltr'><strong>dignis</strong></span> <span class='ocrx_word' id='word_1_219' title='bbox 366 1121 516 1154; x_wconf 86' lang='lat' dir='ltr'><strong>laudibus</strong></span> <span class='ocrx_word' id='word_1_220' title='bbox 542 1122 728 1154; x_wconf 84' lang='lat' dir='ltr'><strong>attollamus</strong></span> <span class='ocrx_word' id='word_1_221' title='bbox 755 1125 789 1154; x_wconf 87' lang='lat' dir='ltr'><strong>et</strong></span> <span class='ocrx_word' id='word_1_222' title='bbox 815 1122 906 1154; x_wconf 88' lang='lat' dir='ltr'><strong>vobis</strong></span> <span class='ocrx_word' id='word_1_223' title='bbox 934 1121 1069 1164; x_wconf 86' lang='lat' dir='ltr'><strong>proinde</strong></span> <span class='ocrx_word' id='word_1_224' title='bbox 1099 1125 1240 1154; x_wconf 87' lang='lat' dir='ltr'><strong>nostram</strong></span> <span class='ocrx_word' id='word_1_225' title='bbox 1265 1126 1298 1154; x_wconf 90' lang='lat' dir='ltr'><strong>et</strong></span> <span class='ocrx_word' id='word_1_226' title='bbox 1320 1122 1498 1164; x_wconf 83' lang='lat' dir='ltr'><strong>apostolice</strong></span> <span class='ocrx_word' id='word_1_227' title='bbox 1522 1123 1608 1154; x_wconf 89' lang='lat' dir='ltr'><strong>sedis</strong></span> <span class='ocrx_word' id='word_1_228' title='bbox 1631 1122 1891 1157; x_wconf 85' lang='lat' dir='ltr'><strong>benedictionem</strong></span> 
     </span>
     <span class='ocr_line' id='line_1_22' title="bbox 235 1173 784 1216; baseline -0.002 -10"><span class='ocrx_word' id='word_1_229' title='bbox 235 1177 267 1206; x_wconf 90' lang='lat' dir='ltr'><strong>et</strong></span> <span class='ocrx_word' id='word_1_230' title='bbox 290 1174 427 1216; x_wconf 85' lang='lat' dir='ltr'><strong>gratiam</strong></span> <span class='ocrx_word' id='word_1_231' title='bbox 450 1174 575 1215; x_wconf 87' lang='lat' dir='ltr'><strong>plenius</strong></span> <span class='ocrx_word' id='word_1_232' title='bbox 597 1173 784 1206; x_wconf 87' lang='lat' dir='ltr'><strong>vendicetis.</strong></span> 
     </span>
     <span class='ocr_line' id='line_1_23' title="bbox 342 1224 1199 1275; baseline -0.001 -17"><span class='ocrx_word' id='word_1_233' title='bbox 342 1224 417 1258; x_wconf 85' lang='lat' dir='ltr'><strong>Dat.</strong></span> <span class='ocrx_word' id='word_1_234' title='bbox 441 1225 610 1267; x_wconf 84' lang='lat' dir='ltr'><strong>Avinione,</strong></span> <span class='ocrx_word' id='word_1_235' title='bbox 634 1225 728 1270; x_wconf 85' lang='lat' dir='ltr'>XIII.</span> <span class='ocrx_word' id='word_1_236' title='bbox 748 1225 822 1258; x_wconf 86' lang='lat' dir='ltr'><strong>Kal.</strong></span> <span class='ocrx_word' id='word_1_237' title='bbox 846 1225 940 1268; x_wconf 85' lang='lat' dir='ltr'><strong>Iunii,</strong></span> <span class='ocrx_word' id='word_1_238' title='bbox 963 1236 1047 1275; x_wconf 86' lang='lat' dir='ltr'><strong>anno</strong></span> <span class='ocrx_word' id='word_1_239' title='bbox 1069 1230 1172 1258; x_wconf 83' lang='lat' dir='ltr'><strong>sexto.</strong></span> <span class='ocrx_word' id='word_1_240' title='bbox 1192 1243 1199 1250; x_wconf 90' lang='lat'>-</span> 
     </span>
    </p>
   </div>
   <div class='ocr_carea' id='block_1_9' title="bbox 543 1356 1588 1394">
    <p class='ocr_par' dir='ltr' id='par_1_9' title="bbox 543 1356 1588 1394">
     <span class='ocr_line' id='line_1_24' title="bbox 543 1356 1588 1394; baseline 0.002 -2"><span class='ocrx_word' id='word_1_241' title='bbox 543 1357 629 1393; x_wconf 88' lang='lat'>656.</span> <span class='ocrx_word' id='word_1_242' title='bbox 672 1356 827 1393; x_wconf 72' lang='lat' dir='ltr'><strong>Litterae</strong></span> <span class='ocrx_word' id='word_1_243' title='bbox 854 1358 902 1393; x_wconf 85' lang='lat' dir='ltr'><strong>ad</strong></span> <span class='ocrx_word' id='word_1_244' title='bbox 926 1357 1146 1393; x_wconf 78' lang='lat' dir='ltr'><strong>Lombardos</strong></span> <span class='ocrx_word' id='word_1_245' title='bbox 1172 1357 1308 1393; x_wconf 77' lang='lat' dir='ltr'><strong>missae.</strong></span> <span class='ocrx_word' id='word_1_246' title='bbox 1416 1357 1507 1393; x_wconf 87' lang='lat' dir='ltr'><strong>Mai.</strong></span> <span class='ocrx_word' id='word_1_247' title='bbox 1527 1359 1588 1394; x_wconf 83' lang='lat'><strong>20.</strong></span> 
     </span>
    </p>
   </div>
   <div class='ocr_carea' id='block_1_10' title="bbox 340 1418 1669 1534">
    <p class='ocr_par' dir='ltr' id='par_1_10' title="bbox 340 1418 1669 1534">
     <span class='ocr_line' id='line_1_25' title="bbox 343 1418 1602 1472; baseline 0 -9"><span class='ocrx_word' id='word_1_248' title='bbox 343 1431 440 1471; x_wconf 76' lang='lat' dir='ltr'><strong>Copia</strong></span> <span class='ocrx_word' id='word_1_249' title='bbox 464 1431 516 1471; x_wconf 90' lang='lat' dir='ltr'><strong>(c.)</strong></span> <span class='ocrx_word' id='word_1_250' title='bbox 539 1430 654 1463; x_wconf 77' lang='lat' dir='ltr'><strong>ibidem</strong></span> <span class='ocrx_word' id='word_1_251' title='bbox 676 1430 730 1470; x_wconf 75' lang='lat' dir='ltr'><strong>fol.</strong></span> <span class='ocrx_word' id='word_1_252' title='bbox 748 1432 813 1463; x_wconf 83' lang='lat'><strong>187</strong></span> <span class='ocrx_word' id='word_1_253' title='bbox 833 1442 883 1464; x_wconf 81' lang='lat' dir='ltr'><strong>nr.</strong></span> <span class='ocrx_word' id='word_1_254' title='bbox 901 1418 973 1464; x_wconf 68' lang='lat'><strong><em>78⁶1.</em></strong></span> <span class='ocrx_word' id='word_1_255' title='bbox 1019 1431 1256 1472; x_wconf 52' lang='lat' dir='ltr'><strong>Dasea-ipsimae</strong></span> <span class='ocrx_word' id='word_1_256' title='bbox 1276 1441 1342 1464; x_wconf 81' lang='lat' dir='ltr'><strong>nos.</strong></span> <span class='ocrx_word' id='word_1_257' title='bbox 1367 1449 1406 1455; x_wconf 94' lang='lat'>—</span> <span class='ocrx_word' id='word_1_258' title='bbox 1432 1431 1602 1464; x_wconf 74' lang='lat' dir='ltr'><strong>Ineditum.</strong></span> 
     </span>
     <span class='ocr_line' id='line_1_26' title="bbox 340 1490 1669 1534; baseline 0.002 -12"><span class='ocrx_word' id='word_1_259' title='bbox 340 1491 415 1531; x_wconf 75' lang='lat' dir='ltr'><strong>Rey.</strong></span> <span class='ocrx_word' id='word_1_260' title='bbox 439 1490 541 1523; x_wconf 72' lang='lat' dir='ltr'><strong>Liiher</strong></span> <span class='ocrx_word' id='word_1_261' title='bbox 563 1490 582 1523; x_wconf 81' lang='lat' dir='ltr'><strong>l.</strong></span> <span class='ocrx_word' id='word_1_262' title='bbox 600 1501 625 1523; x_wconf 85' lang='lat' dir='ltr'><strong>c.</strong></span> <span class='ocrx_word' id='word_1_263' title='bbox 643 1501 678 1531; x_wconf 81' lang='lat' dir='ltr'><strong>p.</strong></span> <span class='ocrx_word' id='word_1_264' title='bbox 701 1492 767 1523; x_wconf 81' lang='lat'><strong>247</strong></span> <span class='ocrx_word' id='word_1_265' title='bbox 788 1502 838 1523; x_wconf 80' lang='lat' dir='ltr'><strong>nr.</strong></span> <span class='ocrx_word' id='word_1_266' title='bbox 856 1492 936 1530; x_wconf 86' lang='lat'><strong><em>117;</em></strong></span> <span class='ocrx_word' id='word_1_267' title='bbox 958 1491 1002 1534; x_wconf 83' lang='lat' dir='ltr'><strong>cf.</strong></span> <span class='ocrx_word' id='word_1_268' title='bbox 1018 1491 1309 1533; x_wconf 73' lang='lat' dir='ltr'><strong>Preqer-Reinkens</strong></span> <span class='ocrx_word' id='word_1_269' title='bbox 1325 1502 1361 1531; x_wconf 83' lang='lat' dir='ltr'><strong>p.</strong></span> <span class='ocrx_word' id='word_1_270' title='bbox 1377 1491 1441 1522; x_wconf 78' lang='lat'><strong>241</strong></span> <span class='ocrx_word' id='word_1_271' title='bbox 1464 1492 1508 1523; x_wconf 83' lang='lat' dir='ltr'><strong>ad</strong></span> <span class='ocrx_word' id='word_1_272' title='bbox 1529 1502 1579 1523; x_wconf 81' lang='lat' dir='ltr'><strong>nr.</strong></span> <span class='ocrx_word' id='word_1_273' title='bbox 1596 1492 1669 1524; x_wconf 89' lang='lat'><em>103.</em></span> 
     </span>
    </p>
   </div>
   <div class='ocr_carea' id='block_1_11' title="bbox 231 1551 1891 1645">
    <p class='ocr_par' dir='ltr' id='par_1_11' title="bbox 231 1551 1891 1645">
     <span class='ocr_line' id='line_1_27' title="bbox 342 1551 1891 1594; baseline 0.001 -9"><span class='ocrx_word' id='word_1_274' title='bbox 342 1551 393 1593; x_wconf 78' lang='lat' dir='ltr'><strong>Cf.</strong></span> <span class='ocrx_word' id='word_1_275' title='bbox 415 1551 575 1591; x_wconf 74' lang='lat' dir='ltr'><strong>exemplar</strong></span> <span class='ocrx_word' id='word_1_276' title='bbox 597 1551 803 1591; x_wconf 79' lang='lat' dir='ltr'><strong>patriarchae</strong></span> <span class='ocrx_word' id='word_1_277' title='bbox 825 1551 1042 1594; x_wconf 77' lang='lat' dir='ltr'><strong>Aquileqiensi</strong></span> <span class='ocrx_word' id='word_1_278' title='bbox 1069 1552 1222 1584; x_wconf 80' lang='lat' dir='ltr'><strong>directum</strong></span> <span class='ocrx_word' id='word_1_279' title='bbox 1251 1552 1339 1592; x_wconf 80' lang='lat' dir='ltr'><strong>apud</strong></span> <span class='ocrx_word' id='word_1_280' title='bbox 1361 1551 1652 1592; x_wconf 71' lang='lat' dir='ltr'><strong>Preqer-Reinkem</strong></span> <span class='ocrx_word' id='word_1_281' title='bbox 1674 1551 1694 1584; x_wconf 87' lang='lat' dir='ltr'><strong>l.</strong></span> <span class='ocrx_word' id='word_1_282' title='bbox 1711 1563 1734 1585; x_wconf 82' lang='lat' dir='ltr'><strong>c.</strong></span> <span class='ocrx_word' id='word_1_283' title='bbox 1759 1564 1808 1585; x_wconf 81' lang='lat' dir='ltr'><strong>nr.</strong></span> <span class='ocrx_word' id='word_1_284' title='bbox 1826 1555 1891 1586; x_wconf 88' lang='lat'><strong>103</strong></span> 
     </span>
     <span class='ocr_line' id='line_1_28' title="bbox 231 1603 582 1645; baseline -0.003 -10"><span class='ocrx_word' id='word_1_285' title='bbox 231 1605 287 1645; x_wconf 93' lang='lat'><strong>(=</strong></span> <span class='ocrx_word' id='word_1_286' title='bbox 303 1603 406 1635; x_wconf 71' lang='lat' dir='ltr'><strong>Lo‘her</strong></span> <span class='ocrx_word' id='word_1_287' title='bbox 427 1613 477 1635; x_wconf 80' lang='lat' dir='ltr'><strong>nr.</strong></span> <span class='ocrx_word' id='word_1_288' title='bbox 494 1603 582 1643; x_wconf 88' lang='lat'><em>116).</em></span> 
     </span>
    </p>
   </div>
   <div class='ocr_carea' id='block_1_12' title="bbox 226 1679 1888 2596">
    <p class='ocr_par' dir='ltr' id='par_1_12' title="bbox 339 1679 1712 1723">
     <span class='ocr_line' id='line_1_29' title="bbox 339 1679 1712 1723; baseline 0.001 -12"><span class='ocrx_word' id='word_1_289' title='bbox 339 1680 502 1712; x_wconf 83' lang='lat' dir='ltr'><strong>Universis</strong></span> <span class='ocrx_word' id='word_1_290' title='bbox 526 1680 662 1712; x_wconf 87' lang='lat' dir='ltr'><strong>ecclesie</strong></span> <span class='ocrx_word' id='word_1_291' title='bbox 685 1679 832 1712; x_wconf 88' lang='lat' dir='ltr'><strong>Romane</strong></span> <span class='ocrx_word' id='word_1_292' title='bbox 855 1680 980 1713; x_wconf 85' lang='lat' dir='ltr'><strong>devotis</strong></span> <span class='ocrx_word' id='word_1_293' title='bbox 1003 1691 1061 1722; x_wconf 90' lang='lat' dir='ltr'><strong>per</strong></span> <span class='ocrx_word' id='word_1_294' title='bbox 1083 1680 1278 1713; x_wconf 88' lang='lat' dir='ltr'><strong>Lombardie</strong></span> <span class='ocrx_word' id='word_1_295' title='bbox 1302 1681 1499 1723; x_wconf 87' lang='lat' dir='ltr'><strong>provinciam</strong></span> <span class='ocrx_word' id='word_1_296' title='bbox 1521 1681 1712 1713; x_wconf 85' lang='lat' dir='ltr'><strong>constitutis.</strong></span> 
     </span>
    </p>

    <p class='ocr_par' dir='ltr' id='par_1_13' title="bbox 226 1731 1888 2544">
     <span class='ocr_line' id='line_1_30' title="bbox 337 1731 1886 1766; baseline 0.001 -2"><span class='ocrx_word' id='word_1_297' title='bbox 337 1732 419 1764; x_wconf 83' lang='lat' dir='ltr'><strong>Oum</strong></span> <span class='ocrx_word' id='word_1_298' title='bbox 443 1731 497 1763; x_wconf 89' lang='lat' dir='ltr'><strong>dil.</strong></span> <span class='ocrx_word' id='word_1_299' title='bbox 520 1731 563 1763; x_wconf 81' lang='lat' dir='ltr'><strong>fil.</strong></span> <span class='ocrx_word' id='word_1_300' title='bbox 586 1731 702 1763; x_wconf 91' lang='lat' dir='ltr'><strong>nobilis</strong></span> <span class='ocrx_word' id='word_1_301' title='bbox 724 1732 772 1763; x_wconf 87' lang='lat' dir='ltr'><strong>vir</strong></span> <span class='ocrx_word' id='word_1_302' title='bbox 793 1732 953 1764; x_wconf 85' lang='lat' dir='ltr'><strong>Henricus</strong></span> <span class='ocrx_word' id='word_1_303' title='bbox 984 1732 1050 1764; x_wconf 83' lang='lat' dir='ltr'><strong>dux</strong></span> <span class='ocrx_word' id='word_1_304' title='bbox 1074 1733 1205 1764; x_wconf 81' lang='lat' dir='ltr'><strong>Austrie</strong></span> <span class='ocrx_word' id='word_1_305' title='bbox 1232 1732 1273 1764; x_wconf 91' lang='lat' dir='ltr'><strong>de</strong></span> <span class='ocrx_word' id='word_1_306' title='bbox 1304 1733 1458 1764; x_wconf 77' lang='lat' dir='ltr'><strong>carissimi</strong></span> <span class='ocrx_word' id='word_1_307' title='bbox 1487 1733 1519 1763; x_wconf 93' lang='lat' dir='ltr'><strong>in</strong></span> <span class='ocrx_word' id='word_1_308' title='bbox 1543 1731 1672 1764; x_wconf 86' lang='lat' dir='ltr'><strong>Christo</strong></span> <span class='ocrx_word' id='word_1_309' title='bbox 1700 1733 1756 1764; x_wconf 87' lang='lat' dir='ltr'><strong>filii</strong></span> <span class='ocrx_word' id='word_1_310' title='bbox 1787 1735 1886 1766; x_wconf 84' lang='lat' dir='ltr'><strong>nostri</strong></span> 
     </span>
     <span class='ocr_line' id='line_1_31' title="bbox 229 1782 1888 1825; baseline 0.002 -9"><span class='ocrx_word' id='word_1_311' title='bbox 229 1783 393 1817; x_wconf 84' lang='lat' dir='ltr'><strong>Frederici</strong></span> <span class='ocrx_word' id='word_1_312' title='bbox 417 1782 506 1815; x_wconf 88' lang='lat' dir='ltr'><strong>ducis</strong></span> <span class='ocrx_word' id='word_1_313' title='bbox 529 1783 658 1815; x_wconf 87' lang='lat' dir='ltr'><strong>Austrie</strong></span> <span class='ocrx_word' id='word_1_314' title='bbox 681 1783 712 1814; x_wconf 89' lang='lat' dir='ltr'><strong>in</strong></span> <span class='ocrx_word' id='word_1_315' title='bbox 736 1793 847 1825; x_wconf 87' lang='lat' dir='ltr'><strong>regem</strong></span> <span class='ocrx_word' id='word_1_316' title='bbox 870 1782 1117 1825; x_wconf 79' lang='lat' dir='ltr'><strong>Roman(0rum)</strong></span> <span class='ocrx_word' id='word_1_317' title='bbox 1140 1783 1235 1815; x_wconf 88' lang='lat' dir='ltr'><strong>electi</strong></span> <span class='ocrx_word' id='word_1_318' title='bbox 1258 1783 1460 1825; x_wconf 89' lang='lat' dir='ltr'><strong>beneplacito</strong></span> <span class='ocrx_word' id='word_1_319' title='bbox 1484 1787 1518 1816; x_wconf 92' lang='lat' dir='ltr'><strong>et</strong></span> <span class='ocrx_word' id='word_1_320' title='bbox 1539 1784 1692 1816; x_wconf 83' lang='lat' dir='ltr'><strong>mandato</strong></span> <span class='ocrx_word' id='word_1_321' title='bbox 1716 1787 1831 1818; x_wconf 84' lang='lat' dir='ltr'><strong>nostris</strong></span> <span class='ocrx_word' id='word_1_322' title='bbox 1854 1792 1888 1819; x_wconf 91' lang='lat' dir='ltr'><strong>et</strong></span> 
     </span>
     <span class='ocr_line' id='line_1_32' title="bbox 230 1834 1886 1878; baseline 0.001 -11"><span class='ocrx_word' id='word_1_323' title='bbox 230 1836 407 1878; x_wconf 88' lang='lat' dir='ltr'><strong>apostolice</strong></span> <span class='ocrx_word' id='word_1_324' title='bbox 442 1835 528 1866; x_wconf 92' lang='lat' dir='ltr'><strong>sedis</strong></span> <span class='ocrx_word' id='word_1_325' title='bbox 559 1834 771 1876; x_wconf 86' lang='lat' dir='ltr'><strong>beneplacitis</strong></span> <span class='ocrx_word' id='word_1_326' title='bbox 803 1834 939 1867; x_wconf 82' lang='lat' dir='ltr'><strong>devotus</strong></span> <span class='ocrx_word' id='word_1_327' title='bbox 971 1835 1130 1867; x_wconf 88' lang='lat' dir='ltr'><strong>adherens</strong></span> <span class='ocrx_word' id='word_1_328' title='bbox 1159 1835 1200 1866; x_wconf 91' lang='lat' dir='ltr'><strong>ad</strong></span> <span class='ocrx_word' id='word_1_329' title='bbox 1230 1834 1424 1867; x_wconf 87' lang='lat' dir='ltr'><strong>Lombardie</strong></span> <span class='ocrx_word' id='word_1_330' title='bbox 1459 1839 1568 1877; x_wconf 84' lang='lat' dir='ltr'><strong>partes</strong></span> <span class='ocrx_word' id='word_1_331' title='bbox 1602 1846 1674 1868; x_wconf 88' lang='lat' dir='ltr'><strong>cum</strong></span> <span class='ocrx_word' id='word_1_332' title='bbox 1706 1836 1886 1869; x_wconf 89' lang='lat' dir='ltr'><strong>honorabili</strong></span> 
     </span>
     <span class='ocr_line' id='line_1_33' title="bbox 230 1885 1885 1928; baseline 0.001 -9"><span class='ocrx_word' id='word_1_333' title='bbox 230 1887 398 1919; x_wconf 81' lang='lat' dir='ltr'><strong>comitiva·</strong></span> <span class='ocrx_word' id='word_1_334' title='bbox 414 1889 526 1918; x_wconf 86' lang='lat' dir='ltr'><strong>contra</strong></span> <span class='ocrx_word' id='word_1_335' title='bbox 547 1885 637 1918; x_wconf 91' lang='lat' dir='ltr'><strong>illum</strong></span> <span class='ocrx_word' id='word_1_336' title='bbox 660 1886 854 1928; x_wconf 90' lang='lat' dir='ltr'><strong>perdicionis</strong></span> <span class='ocrx_word' id='word_1_337' title='bbox 877 1886 976 1918; x_wconf 86' lang='lat' dir='ltr'><strong>filium</strong></span> <span class='ocrx_word' id='word_1_338' title='bbox 999 1886 1166 1918; x_wconf 87' lang='lat' dir='ltr'><strong>Matheum</strong></span> <span class='ocrx_word' id='word_1_339' title='bbox 1182 1887 1416 1919; x_wconf 75' lang='lat' dir='ltr'><strong>vicecomitem</strong></span> <span class='ocrx_word' id='word_1_340' title='bbox 1441 1886 1481 1918; x_wconf 93' lang='lat' dir='ltr'><strong>de</strong></span> <span class='ocrx_word' id='word_1_341' title='bbox 1498 1887 1684 1919; x_wconf 80' lang='lat' dir='ltr'><strong>Mediolano</strong></span> <span class='ocrx_word' id='word_1_342' title='bbox 1707 1889 1885 1921; x_wconf 88' lang='lat' dir='ltr'><strong>hereticum</strong></span> 
     </span>
     <span class='ocr_line' id='line_1_34' title="bbox 229 1936 1886 1980; baseline 0.002 -11"><span class='ocrx_word' id='word_1_343' title='bbox 229 1937 435 1980; x_wconf 90' lang='lat' dir='ltr'><strong>pestilentem</strong></span> <span class='ocrx_word' id='word_1_344' title='bbox 459 1941 492 1970; x_wconf 86' lang='lat' dir='ltr'><strong>et</strong></span> <span class='ocrx_word' id='word_1_345' title='bbox 515 1936 670 1979; x_wconf 86' lang='lat' dir='ltr'><strong>perfidum</strong></span> <span class='ocrx_word' id='word_1_346' title='bbox 695 1937 758 1969; x_wconf 92' lang='lat' dir='ltr'><strong>Dei</strong></span> <span class='ocrx_word' id='word_1_347' title='bbox 781 1941 815 1969; x_wconf 90' lang='lat' dir='ltr'><strong>et</strong></span> <span class='ocrx_word' id='word_1_348' title='bbox 837 1937 973 1970; x_wconf 87' lang='lat' dir='ltr'><strong>ecclesie</strong></span> <span class='ocrx_word' id='word_1_349' title='bbox 997 1948 1053 1969; x_wconf 89' lang='lat' dir='ltr'><strong>sue</strong></span> <span class='ocrx_word' id='word_1_350' title='bbox 1077 1937 1295 1970; x_wconf 87' lang='lat' dir='ltr'><strong>adversarium</strong></span> <span class='ocrx_word' id='word_1_351' title='bbox 1320 1942 1353 1969; x_wconf 91' lang='lat' dir='ltr'><strong>et</strong></span> <span class='ocrx_word' id='word_1_352' title='bbox 1375 1938 1502 1970; x_wconf 89' lang='lat' dir='ltr'><strong>hostem</strong></span> <span class='ocrx_word' id='word_1_353' title='bbox 1526 1939 1659 1980; x_wconf 80' lang='lat' dir='ltr'><strong>impium</strong></span> <span class='ocrx_word' id='word_1_354' title='bbox 1683 1950 1720 1972; x_wconf 84' lang='lat' dir='ltr'><strong>ac</strong></span> <span class='ocrx_word' id='word_1_355' title='bbox 1737 1950 1886 1972; x_wconf 80' lang='lat' dir='ltr'><strong>severum</strong></span> 
     </span>
     <span class='ocr_line' id='line_1_35' title="bbox 229 1988 1884 2032; baseline 0.001 -10"><span class='ocrx_word' id='word_1_356' title='bbox 229 1989 362 2032; x_wconf 85' lang='lat' dir='ltr'><strong>eiusque</strong></span> <span class='ocrx_word' id='word_1_357' title='bbox 391 1989 473 2021; x_wconf 81' lang='lat' dir='ltr'><strong>filios</strong></span> <span class='ocrx_word' id='word_1_358' title='bbox 503 1991 536 2020; x_wconf 85' lang='lat' dir='ltr'><strong>et</strong></span> <span class='ocrx_word' id='word_1_359' title='bbox 561 1988 622 2020; x_wconf 90' lang='lat' dir='ltr'><strong>sibi</strong></span> <span class='ocrx_word' id='word_1_360' title='bbox 653 1988 847 2021; x_wconf 86' lang='lat' dir='ltr'><strong>adherentes</strong></span> <span class='ocrx_word' id='word_1_361' title='bbox 880 1999 943 2021; x_wconf 91' lang='lat' dir='ltr'><strong>una</strong></span> <span class='ocrx_word' id='word_1_362' title='bbox 978 2000 1049 2021; x_wconf 91' lang='lat' dir='ltr'><strong>cum</strong></span> <span class='ocrx_word' id='word_1_363' title='bbox 1082 1993 1190 2021; x_wconf 89' lang='lat' dir='ltr'><strong>nostro</strong></span> <span class='ocrx_word' id='word_1_364' title='bbox 1225 1993 1258 2021; x_wconf 84' lang='lat' dir='ltr'><strong>et</strong></span> <span class='ocrx_word' id='word_1_365' title='bbox 1286 1990 1440 2022; x_wconf 82' lang='lat' dir='ltr'><strong>carissimi</strong></span> <span class='ocrx_word' id='word_1_366' title='bbox 1474 1990 1505 2021; x_wconf 93' lang='lat' dir='ltr'><strong>in</strong></span> <span class='ocrx_word' id='word_1_367' title='bbox 1535 1989 1662 2022; x_wconf 85' lang='lat' dir='ltr'><strong>Christo</strong></span> <span class='ocrx_word' id='word_1_368' title='bbox 1694 1991 1750 2023; x_wconf 91' lang='lat' dir='ltr'><strong>filii</strong></span> <span class='ocrx_word' id='word_1_369' title='bbox 1785 1993 1884 2024; x_wconf 85' lang='lat' dir='ltr'><strong>nostri</strong></span> 
     </span>
     <span class='ocr_line' id='line_1_36' title="bbox 227 2039 1886 2084; baseline 0.001 -11"><span class='ocrx_word' id='word_1_370' title='bbox 227 2039 390 2082; x_wconf 80' lang='lat' dir='ltr'><strong>R(oberti)</strong></span> <span class='ocrx_word' id='word_1_371' title='bbox 407 2041 507 2082; x_wconf 66' lang='lat' dir='ltr'><strong>vregis</strong></span> <span class='ocrx_word' id='word_1_372' title='bbox 540 2040 649 2072; x_wconf 86' lang='lat' dir='ltr'><strong>Sicilie</strong></span> <span class='ocrx_word' id='word_1_373' title='bbox 679 2040 810 2072; x_wconf 86' lang='lat' dir='ltr'><strong>illustris</strong></span> <span class='ocrx_word' id='word_1_374' title='bbox 841 2045 873 2073; x_wconf 91' lang='lat' dir='ltr'><strong>et</strong></span> <span class='ocrx_word' id='word_1_375' title='bbox 905 2041 1040 2073; x_wconf 88' lang='lat' dir='ltr'><strong>aliorum</strong></span> <span class='ocrx_word' id='word_1_376' title='bbox 1070 2041 1212 2073; x_wconf 86' lang='lat' dir='ltr'><strong>fidelium</strong></span> <span class='ocrx_word' id='word_1_377' title='bbox 1246 2042 1346 2084; x_wconf 89' lang='lat' dir='ltr'><strong>partis</strong></span> <span class='ocrx_word' id='word_1_378' title='bbox 1375 2041 1493 2073; x_wconf 81' lang='lat' dir='ltr'><strong>Guelfe</strong></span> <span class='ocrx_word' id='word_1_379' title='bbox 1522 2043 1666 2075; x_wconf 85' lang='lat' dir='ltr'><strong>exercitu</strong></span> <span class='ocrx_word' id='word_1_380' title='bbox 1693 2046 1823 2075; x_wconf 88' lang='lat' dir='ltr'><strong>strenue</strong></span> <span class='ocrx_word' id='word_1_381' title='bbox 1854 2045 1886 2075; x_wconf 92' lang='lat' dir='ltr'><strong>in</strong></span> 
     </span>
     <span class='ocr_line' id='line_1_37' title="bbox 228 2091 1885 2138; baseline 0.002 -15"><span class='ocrx_word' id='word_1_382' title='bbox 228 2092 357 2124; x_wconf 91' lang='lat' dir='ltr'><strong>nomine</strong></span> <span class='ocrx_word' id='word_1_383' title='bbox 380 2091 509 2124; x_wconf 90' lang='lat' dir='ltr'><strong>Domini</strong></span> <span class='ocrx_word' id='word_1_384' title='bbox 532 2102 749 2134; x_wconf 86' lang='lat' dir='ltr'><strong>processurus,</strong></span> <span class='ocrx_word' id='word_1_385' title='bbox 766 2093 847 2124; x_wconf 86' lang='lat' dir='ltr'><strong>sicut</strong></span> <span class='ocrx_word' id='word_1_386' title='bbox 862 2093 919 2124; x_wconf 90' lang='lat' dir='ltr'><strong>leti</strong></span> <span class='ocrx_word' id='word_1_387' title='bbox 936 2093 1149 2138; x_wconf 86' lang='lat' dir='ltr'><strong>percepimus,</strong></span> <span class='ocrx_word' id='word_1_388' title='bbox 1171 2103 1274 2135; x_wconf 88' lang='lat' dir='ltr'><strong>nuper</strong></span> <span class='ocrx_word' id='word_1_389' title='bbox 1287 2094 1469 2134; x_wconf 88' lang='lat' dir='ltr'><strong>accesserit,</strong></span> <span class='ocrx_word' id='word_1_390' title='bbox 1486 2094 1728 2126; x_wconf 82' lang='lat' dir='ltr'><strong>universitatem</strong></span> <span class='ocrx_word' id='word_1_391' title='bbox 1744 2099 1885 2128; x_wconf 83' lang='lat' dir='ltr'><strong>vestram</strong></span> 
     </span>
     <span class='ocr_line' id='line_1_38' title="bbox 228 2143 1884 2187; baseline 0.002 -12"><span class='ocrx_word' id='word_1_392' title='bbox 228 2153 380 2185; x_wconf 83' lang='lat' dir='ltr'><strong>rogamus</strong></span> <span class='ocrx_word' id='word_1_393' title='bbox 403 2146 436 2175; x_wconf 87' lang='lat' dir='ltr'><strong>et</strong></span> <span class='ocrx_word' id='word_1_394' title='bbox 458 2143 624 2175; x_wconf 84' lang='lat' dir='ltr'><strong>hortamur</strong></span> <span class='ocrx_word' id='word_1_395' title='bbox 647 2143 819 2184; x_wconf 87' lang='lat' dir='ltr'><strong>attencius,</strong></span> <span class='ocrx_word' id='word_1_396' title='bbox 843 2145 993 2186; x_wconf 86' lang='lat' dir='ltr'><strong>quatinus</strong></span> <span class='ocrx_word' id='word_1_397' title='bbox 1016 2144 1205 2186; x_wconf 88' lang='lat' dir='ltr'><strong>diligencius</strong></span> <span class='ocrx_word' id='word_1_398' title='bbox 1229 2144 1447 2185; x_wconf 83' lang='lat' dir='ltr'><strong>attendentes,</strong></span> <span class='ocrx_word' id='word_1_399' title='bbox 1476 2144 1562 2187; x_wconf 92' lang='lat' dir='ltr'><strong>quod</strong></span> <span class='ocrx_word' id='word_1_400' title='bbox 1586 2155 1645 2187; x_wconf 88' lang='lat' dir='ltr'><strong>per</strong></span> <span class='ocrx_word' id='word_1_401' title='bbox 1667 2156 1741 2178; x_wconf 89' lang='lat' dir='ltr'><strong>eum</strong></span> <span class='ocrx_word' id='word_1_402' title='bbox 1765 2146 1884 2178; x_wconf 89' lang='lat' dir='ltr'><strong>nedum</strong></span> 
     </span>
     <span class='ocr_line' id='line_1_39' title="bbox 227 2193 1885 2239; baseline 0.002 -13"><span class='ocrx_word' id='word_1_403' title='bbox 227 2193 291 2226; x_wconf 89' lang='lat' dir='ltr'><strong>Dei</strong></span> <span class='ocrx_word' id='word_1_404' title='bbox 314 2194 505 2226; x_wconf 73' lang='lat' dir='ltr'><strong>etecclesie</strong></span> <span class='ocrx_word' id='word_1_405' title='bbox 529 2195 681 2236; x_wconf 86' lang='lat' dir='ltr'><strong>negocia,</strong></span> <span class='ocrx_word' id='word_1_406' title='bbox 705 2194 762 2226; x_wconf 90' lang='lat' dir='ltr'><strong>sed</strong></span> <span class='ocrx_word' id='word_1_407' title='bbox 786 2198 820 2226; x_wconf 86' lang='lat' dir='ltr'><strong>et</strong></span> <span class='ocrx_word' id='word_1_408' title='bbox 843 2199 949 2227; x_wconf 82' lang='lat' dir='ltr'><strong>vestra</strong></span> <span class='ocrx_word' id='word_1_409' title='bbox 972 2199 1006 2227; x_wconf 83' lang='lat' dir='ltr'><strong>et</strong></span> <span class='ocrx_word' id='word_1_410' title='bbox 1028 2195 1172 2227; x_wconf 87' lang='lat' dir='ltr'><strong>fidelium</strong></span> <span class='ocrx_word' id='word_1_411' title='bbox 1198 2195 1339 2237; x_wconf 90' lang='lat' dir='ltr'><strong>ipsorum</strong></span> <span class='ocrx_word' id='word_1_412' title='bbox 1368 2206 1420 2227; x_wconf 93' lang='lat' dir='ltr'><strong>res</strong></span> <span class='ocrx_word' id='word_1_413' title='bbox 1446 2196 1552 2238; x_wconf 85' lang='lat' dir='ltr'><strong>agitur</strong></span> <span class='ocrx_word' id='word_1_414' title='bbox 1575 2200 1744 2239; x_wconf 86' lang='lat' dir='ltr'><strong>vestreque</strong></span> <span class='ocrx_word' id='word_1_415' title='bbox 1772 2198 1885 2230; x_wconf 86' lang='lat' dir='ltr'><strong>salutis</strong></span> 
     </span>
     <span class='ocr_line' id='line_1_40' title="bbox 228 2245 1885 2290; baseline 0.002 -13"><span class='ocrx_word' id='word_1_416' title='bbox 228 2249 261 2277; x_wconf 88' lang='lat' dir='ltr'><strong>et</strong></span> <span class='ocrx_word' id='word_1_417' title='bbox 283 2245 371 2288; x_wconf 87' lang='lat' dir='ltr'><strong>pacis</strong></span> <span class='ocrx_word' id='word_1_418' title='bbox 394 2245 563 2278; x_wconf 83' lang='lat' dir='ltr'><strong>commoda</strong></span> <span class='ocrx_word' id='word_1_419' title='bbox 586 2250 810 2288; x_wconf 88' lang='lat' dir='ltr'><strong>procurantur,</strong></span> <span class='ocrx_word' id='word_1_420' title='bbox 835 2247 879 2278; x_wconf 87' lang='lat' dir='ltr'><strong>sic</strong></span> <span class='ocrx_word' id='word_1_421' title='bbox 903 2257 977 2279; x_wconf 90' lang='lat' dir='ltr'><strong>eum</strong></span> <span class='ocrx_word' id='word_1_422' title='bbox 1006 2247 1125 2279; x_wconf 80' lang='lat' dir='ltr'><strong>dictum</strong></span> <span class='ocrx_word' id='word_1_423' title='bbox 1154 2248 1319 2289; x_wconf 85' lang='lat' dir='ltr'><strong>negotium</strong></span> <span class='ocrx_word' id='word_1_424' title='bbox 1349 2250 1599 2290; x_wconf 85' lang='lat' dir='ltr'><strong>prosequentem</strong></span> <span class='ocrx_word' id='word_1_425' title='bbox 1629 2258 1687 2290; x_wconf 91' lang='lat' dir='ltr'><strong>pro</strong></span> <span class='ocrx_word' id='word_1_426' title='bbox 1715 2253 1824 2281; x_wconf 88' lang='lat' dir='ltr'><strong>nostra</strong></span> <span class='ocrx_word' id='word_1_427' title='bbox 1851 2253 1885 2282; x_wconf 89' lang='lat' dir='ltr'><strong>et</strong></span> 
     </span>
     <span class='ocr_line' id='line_1_41' title="bbox 227 2296 1883 2341; baseline 0.002 -13"><span class='ocrx_word' id='word_1_428' title='bbox 227 2296 404 2338; x_wconf 85' lang='lat' dir='ltr'><strong>apostolice</strong></span> <span class='ocrx_word' id='word_1_429' title='bbox 437 2297 522 2329; x_wconf 86' lang='lat' dir='ltr'><strong>sedis</strong></span> <span class='ocrx_word' id='word_1_430' title='bbox 553 2299 740 2330; x_wconf 88' lang='lat' dir='ltr'><strong>reverencia</strong></span> <span class='ocrx_word' id='word_1_431' title='bbox 774 2298 913 2340; x_wconf 88' lang='lat' dir='ltr'><strong>benigne</strong></span> <span class='ocrx_word' id='word_1_432' title='bbox 945 2301 1083 2331; x_wconf 86' lang='lat' dir='ltr'><strong>tractare</strong></span> <span class='ocrx_word' id='word_1_433' title='bbox 1118 2302 1152 2330; x_wconf 91' lang='lat' dir='ltr'><strong>et</strong></span> <span class='ocrx_word' id='word_1_434' title='bbox 1179 2300 1224 2330; x_wconf 92' lang='lat' dir='ltr'><strong>sic</strong></span> <span class='ocrx_word' id='word_1_435' title='bbox 1253 2299 1427 2331; x_wconf 83' lang='lat' dir='ltr'><strong>honorifice</strong></span> <span class='ocrx_word' id='word_1_436' title='bbox 1460 2300 1612 2341; x_wconf 85' lang='lat' dir='ltr'><strong>prosequi</strong></span> <span class='ocrx_word' id='word_1_437' title='bbox 1646 2300 1823 2341; x_wconf 84' lang='lat' dir='ltr'><strong>studeatis,</strong></span> <span class='ocrx_word' id='word_1_438' title='bbox 1854 2302 1883 2333; x_wconf 87' lang='lat' dir='ltr'><strong>ei</strong></span> 
     </span>
     <span class='ocr_line' id='line_1_42' title="bbox 227 2347 1883 2394; baseline 0.003 -15"><span class='ocrx_word' id='word_1_439' title='bbox 227 2347 364 2380; x_wconf 82' lang='lat' dir='ltr'><strong>solerter</strong></span> <span class='ocrx_word' id='word_1_440' title='bbox 385 2351 419 2380; x_wconf 83' lang='lat' dir='ltr'><strong>et</strong></span> <span class='ocrx_word' id='word_1_441' title='bbox 440 2348 579 2381; x_wconf 84' lang='lat' dir='ltr'><strong>fideliter</strong></span> <span class='ocrx_word' id='word_1_442' title='bbox 601 2349 796 2390; x_wconf 87' lang='lat' dir='ltr'><strong>assistendo,</strong></span> <span class='ocrx_word' id='word_1_443' title='bbox 825 2349 911 2391; x_wconf 90' lang='lat' dir='ltr'><strong>quod</strong></span> <span class='ocrx_word' id='word_1_444' title='bbox 939 2351 1007 2392; x_wconf 87' lang='lat' dir='ltr'><strong>ipse</strong></span> <span class='ocrx_word' id='word_1_445' title='bbox 1030 2351 1216 2382; x_wconf 87' lang='lat' dir='ltr'><strong>attencioris</strong></span> <span class='ocrx_word' id='word_1_446' title='bbox 1239 2360 1315 2382; x_wconf 88' lang='lat' dir='ltr'><strong>cure</strong></span> <span class='ocrx_word' id='word_1_447' title='bbox 1337 2350 1450 2382; x_wconf 88' lang='lat' dir='ltr'><strong>studiis</strong></span> <span class='ocrx_word' id='word_1_448' title='bbox 1473 2361 1553 2393; x_wconf 84' lang='lat' dir='ltr'><strong>opus</strong></span> <span class='ocrx_word' id='word_1_449' title='bbox 1575 2351 1706 2383; x_wconf 91' lang='lat' dir='ltr'><strong>Domini</strong></span> <span class='ocrx_word' id='word_1_450' title='bbox 1731 2353 1883 2394; x_wconf 89' lang='lat' dir='ltr'><strong>prosequi</strong></span> 
     </span>
     <span class='ocr_line' id='line_1_43' title="bbox 226 2398 1885 2445; baseline 0.003 -15"><span class='ocrx_word' id='word_1_451' title='bbox 226 2398 335 2430; x_wconf 83' lang='lat' dir='ltr'><strong>valeat</strong></span> <span class='ocrx_word' id='word_1_452' title='bbox 356 2398 540 2432; x_wconf 84' lang='lat' dir='ltr'><strong>inchoatum</strong></span> <span class='ocrx_word' id='word_1_453' title='bbox 569 2403 603 2432; x_wconf 87' lang='lat' dir='ltr'><strong>et</strong></span> <span class='ocrx_word' id='word_1_454' title='bbox 624 2410 682 2432; x_wconf 89' lang='lat' dir='ltr'><strong>nos</strong></span> <span class='ocrx_word' id='word_1_455' title='bbox 710 2401 926 2433; x_wconf 84' lang='lat' dir='ltr'><strong>universitatis</strong></span> <span class='ocrx_word' id='word_1_456' title='bbox 948 2405 1054 2433; x_wconf 87' lang='lat' dir='ltr'><strong>vestre</strong></span> <span class='ocrx_word' id='word_1_457' title='bbox 1077 2402 1342 2443; x_wconf 84' lang='lat' dir='ltr'><strong>circumspectam</strong></span> <span class='ocrx_word' id='word_1_458' title='bbox 1371 2402 1579 2444; x_wconf 87' lang='lat' dir='ltr'><strong>prudenciam</strong></span> <span class='ocrx_word' id='word_1_459' title='bbox 1603 2402 1708 2445; x_wconf 86' lang='lat' dir='ltr'><strong>dignis</strong></span> <span class='ocrx_word' id='word_1_460' title='bbox 1734 2403 1885 2435; x_wconf 86' lang='lat' dir='ltr'><strong>laudibus</strong></span> 
     </span>
     <span class='ocr_line' id='line_1_44' title="bbox 228 2450 1884 2494; baseline 0.004 -13"><span class='ocrx_word' id='word_1_461' title='bbox 228 2450 343 2481; x_wconf 72' lang='lat' dir='ltr'><strong>merito</strong></span> <span class='ocrx_word' id='word_1_462' title='bbox 367 2450 606 2484; x_wconf 87' lang='lat' dir='ltr'><strong>commendare</strong></span> <span class='ocrx_word' id='word_1_463' title='bbox 619 2452 779 2494; x_wconf 89' lang='lat' dir='ltr'><strong>possimus</strong></span> <span class='ocrx_word' id='word_1_464' title='bbox 808 2462 928 2494; x_wconf 85' lang='lat' dir='ltr'><strong>vosque</strong></span> <span class='ocrx_word' id='word_1_465' title='bbox 952 2456 1094 2484; x_wconf 85' lang='lat' dir='ltr'><strong>nostram</strong></span> <span class='ocrx_word' id='word_1_466' title='bbox 1123 2456 1155 2484; x_wconf 88' lang='lat' dir='ltr'><strong>et</strong></span> <span class='ocrx_word' id='word_1_467' title='bbox 1184 2452 1269 2485; x_wconf 90' lang='lat' dir='ltr'><strong>dicte</strong></span> <span class='ocrx_word' id='word_1_468' title='bbox 1297 2452 1384 2485; x_wconf 87' lang='lat' dir='ltr'><strong>sedis</strong></span> <span class='ocrx_word' id='word_1_469' title='bbox 1405 2453 1541 2486; x_wconf 84' lang='lat' dir='ltr'><strong>valeatis</strong></span> <span class='ocrx_word' id='word_1_470' title='bbox 1563 2453 1820 2487; x_wconf 88' lang='lat' dir='ltr'><strong>benedictionem</strong></span> <span class='ocrx_word' id='word_1_471' title='bbox 1850 2459 1884 2487; x_wconf 89' lang='lat' dir='ltr'><strong>et</strong></span> 
     </span>
     <span class='ocr_line' id='line_1_45' title="bbox 226 2500 724 2544; baseline 0.006 -13"><span class='ocrx_word' id='word_1_472' title='bbox 226 2500 364 2542; x_wconf 82' lang='lat' dir='ltr'><strong>gratiam</strong></span> <span class='ocrx_word' id='word_1_473' title='bbox 385 2500 516 2533; x_wconf 89' lang='lat' dir='ltr'><strong>uberius</strong></span> <span class='ocrx_word' id='word_1_474' title='bbox 537 2504 724 2544; x_wconf 89' lang='lat' dir='ltr'><strong>promereri.</strong></span> 
     </span>
    </p>

    <p class='ocr_par' dir='ltr' id='par_1_14' title="bbox 332 2550 789 2596">
     <span class='ocr_line' id='line_1_46' title="bbox 332 2550 789 2596; baseline 0.007 -13"><span class='ocrx_word' id='word_1_475' title='bbox 332 2550 409 2595; x_wconf 84' lang='lat' dir='ltr'><strong>Dat.</strong></span> <span class='ocrx_word' id='word_1_476' title='bbox 431 2555 468 2584; x_wconf 91' lang='lat' dir='ltr'><strong>ut</strong></span> <span class='ocrx_word' id='word_1_477' title='bbox 489 2563 586 2596; x_wconf 86' lang='lat' dir='ltr'><strong>supra</strong></span> <span class='ocrx_word' id='word_1_478' title='bbox 608 2555 755 2596; x_wconf 79' lang='lat' dir='ltr'><strong>proxima</strong></span> <span class='ocrx_word' id='word_1_479' title='bbox 767 2555 789 2585; x_wconf 85' lang='lat'><strong>².</strong></span> 
     </span>
    </p>
   </div>
   <div class='ocr_carea' id='block_1_13' title="bbox 329 2637 1201 2730">
    <p class='ocr_par' dir='ltr' id='par_1_15' title="bbox 329 2637 1201 2730">
     <span class='ocr_line' id='line_1_47' title="bbox 329 2637 1201 2675; baseline 0.003 -10"><span class='ocrx_word' id='word_1_480' title='bbox 329 2637 395 2665; x_wconf 71' lang='lat'><strong>⁰55.</strong></span> <span class='ocrx_word' id='word_1_481' title='bbox 422 2639 446 2670; x_wconf 66' lang='grc' dir='ltr'><strong>ι)</strong></span> <span class='ocrx_word' id='word_1_482' title='bbox 465 2640 588 2665; x_wconf 73' lang='lat' dir='ltr'><strong>comitiva</strong></span> <span class='ocrx_word' id='word_1_483' title='bbox 605 2649 624 2666; x_wconf 82' lang='lat' dir='ltr'><strong>c.</strong></span> <span class='ocrx_word' id='word_1_484' title='bbox 712 2639 738 2672; x_wconf 68' lang='lat'><strong>¹’)</strong></span> <span class='ocrx_word' id='word_1_485' title='bbox 756 2641 824 2667; x_wconf 75' lang='lat' dir='ltr'><strong>decet</strong></span> <span class='ocrx_word' id='word_1_486' title='bbox 842 2650 876 2671; x_wconf 82' lang='grc' dir='ltr'>ο.,·</span> <span class='ocrx_word' id='word_1_487' title='bbox 894 2642 931 2666; x_wconf 76' lang='lat' dir='ltr'><strong>ita</strong></span> <span class='ocrx_word' id='word_1_488' title='bbox 948 2642 1004 2674; x_wconf 78' lang='lat' dir='ltr'><strong>sere</strong></span> <span class='ocrx_word' id='word_1_489' title='bbox 1022 2642 1201 2675; x_wconf 68' lang='lat' dir='ltr'><strong>supplendum.</strong></span> 
     </span>
     <span class='ocr_line' id='line_1_48' title="bbox 330 2696 628 2730; baseline 0.01 -7"><span class='ocrx_word' id='word_1_490' title='bbox 330 2696 398 2724; x_wconf 73' lang='lat'><strong>⁶56.</strong></span> <span class='ocrx_word' id='word_1_491' title='bbox 424 2698 448 2730; x_wconf 73' lang='lat'><strong>⁸)</strong></span> <span class='ocrx_word' id='word_1_492' title='bbox 465 2699 590 2725; x_wconf 69' lang='lat' dir='ltr'><strong>comitiva</strong></span> <span class='ocrx_word' id='word_1_493' title='bbox 607 2707 628 2726; x_wconf 84' lang='grc' dir='ltr'><strong>ο.</strong></span> 
     </span>
    </p>
   </div>
   <div class='ocr_carea' id='block_1_14' title="bbox 330 2764 1671 2849">
    <p class='ocr_par' dir='ltr' id='par_1_16' title="bbox 330 2764 1671 2849">
     <span class='ocr_line' id='line_1_49' title="bbox 330 2764 565 2798; baseline 0.009 -6"><span class='ocrx_word' id='word_1_494' title='bbox 330 2765 357 2798; x_wconf 91' lang='grc'><strong>1)</strong></span> <span class='ocrx_word' id='word_1_495' title='bbox 377 2764 439 2793; x_wconf 71' lang='lat' dir='ltr'><strong>Sca.</strong></span> <span class='ocrx_word' id='word_1_496' title='bbox 458 2773 499 2792; x_wconf 81' lang='lat' dir='ltr'><strong>nr.</strong></span> <span class='ocrx_word' id='word_1_497' title='bbox 512 2769 565 2794; x_wconf 76' lang='lat'><strong>656.</strong></span> 
     </span>
     <span class='ocr_line' id='line_1_50' title="bbox 330 2823 1671 2849; baseline 0.004 -5"><span class='ocrx_word' id='word_1_498' title='bbox 330 2825 370 2844; x_wconf 77' lang='lat' dir='ltr'><strong>u..</strong></span> <span class='ocrx_word' id='word_1_499' title='bbox 382 2825 610 2845; x_wconf 70' lang='lat' dir='ltr'><strong>oonsmurioms</strong></span> <span class='ocrx_word' id='word_1_500' title='bbox 621 2826 647 2845; x_wconf 84' lang='lat' dir='ltr'><strong>v.</strong></span> <span class='ocrx_word' id='word_1_501' title='bbox 1638 2823 1671 2849; x_wconf 81' lang='grc'><strong>66</strong></span> 
     </span>
    </p>
   </div>
  </div>
 </body>
</html>
