2190 3172
312 221 371 251 156
549 216 646 243 ACTA
665 214 777 242 REGNI
797 212 979 240 LUDEWICI
997 211 1044 238 IV.
1063 210 1109 236 ΕΤ
1128 209 1312 236 FRIDERICI
1330 209 1379 236 111.
1416 210 1491 237 1314.
1526 210 1576 236 Nr.
1590 209 1647 237 163.
1668 210 1724 237 164.

415 304 608 336 Ludowicus
629 302 693 333 Dei
716 300 819 342 gratia
842 300 1061 331 Romanorum
1085 307 1144 328 rex
1172 307 1300 339 semper
1326 300 1480 339 augustus
1567 296 1777 338 prudentibus
1800 296 1875 327 viris
1899 300 1955 327 ..⁸

307 356 486 398 magistrisb
503 353 747 396 burgen(sium),
771 351 926 383 scabinis⁰
942 361 979 381 ac
1001 348 1284 381 universitatibusd
1307 348 1517 390 oppidorume
1533 347 1716 390 Bopardie‘
1735 350 1768 379 et
1777 347 1923 378 Wesalie
1931 352 1955 386 Β,

306 408 456 440 fidelibus
479 407 543 438 suis
567 405 690 436 dilectis
778 403 914 444 gratiam
938 412 1028 432 suam
1053 404 1086 432 et
1108 411 1202 431 omne
1226 400 1355 431 bonum.

416 459 497 490 Cum
529 456 748 488 serenissimus
783 454 930 485 dominus
963 452 1124 484 Henricus
1158 452 1233 483 olim
1268 451 1487 483 Romanorum
1520 450 1716 492 imperatorb
1745 450 1956 492 predecessor

308 514 417 542 noster
444 519 501 550 pro
534 513 622 540 certa
652 517 775 537 summa
802 505 950 546 pecuniei
979 503 1100 545 oppida
1132 502 1319 544 Bopardiek
1348 506 1382 534 et
1397 502 1558 534 Wesalie¹
1586 502 1759 544 predictam
1787 512 1860 533 cum
1891 502 1956 533 suis
1987 513 2001 532 ⁵

309 562 431 594 iuribus
455 564 488 592 et
511 559 716 601 pertinenciis
739 557 930 598 obligaverit
951 555 1128 587 venerabili
1143 554 1330 586 Baldewino
1348 554 1538 586 Treverensi
1559 554 1802 595 archiepiscopo
1820 553 1956 595 principi

307 616 415 645 nostro
433 612 549 643 dilecto
574 613 606 641 et
630 609 765 640 ecclesie
782 619 838 639 sue
855 608 1056 646 Treverensi‚
1071 617 1167 649 quam
1185 606 1419 648 obligacionem
1439 616 1496 637 nos
1513 606 1769 637 confirmavimus
1793 608 1826 636 et
1848 604 1956 636 eidem

308 664 489 696 addidimus
513 661 764 693 iurisdictionem
790 659 829 690 de
853 658 1108 700 Galgenscheitn
1131 668 1233 699 prope
1256 657 1453 699 Bopardiam
1477 667 1549 689 cum
1572 658 1636 688 suis
1658 657 1864 699 pertinenciis
1885 656 1956 687 uni-

308 716 423 755 versis,
456 724 580 745 necnon
611 712 651 743 ob
683 711 867 743 evidentem
899 709 1071 741 utilitatem
1094 712 1236 740 nostram
1265 712 1297 740 et
1320 709 1445 750 imperii
1467 709 1528 750 ipsi
1551 708 1738 740 Baldewino
1764 712 1796 740 et
1819 708 1956 740 ecclesie

307 778 364 799 sue
394 765 509 797 eadem
541 763 678 805 oppida⁰
706 773 778 793 cum
808 761 955 793 omnibus
983 762 1048 792 suis
1076 761 1196 792 iuribus
1224 763 1258 792 et
1279 761 1486 802 pertinenciis
1508 771 1566 802 pro
1589 761 1704 792 maiori
1727 770 1851 792 summa
1875 759 2002 791 obli-1⁰

307 819 503 861 gaverimus,
532 818 627 857 prout
653 815 683 845 in
712 813 827 844 litteris
857 814 993 844 nostrisp
1021 823 1118 854 super
1143 812 1206 844 hoc
1234 812 1389 843 confectis
1417 812 1544 853 plenius
1567 813 1747 843 continetur
1757 812 1779 852 ²,
1808 811 1958 843 fidelitati

307 873 432 901 vestreq
460 866 662 910 presentibus
695 865 811 896 nostris
844 864 961 896 litteris
995 864 1053 896 sub
1087 864 1222 896 obtentu
1255 864 1359 905 gratie
1390 867 1498 895 nostre
1530 863 1738 905 precipiendo
1766 862 1957 895 mandamus

308 921 481 953 districtius
513 919 733 960 iniungentes,
761 916 910 958 quatinus
939 915 1045 948 eidem
1068 915 1258 947 Baldewino
1288 919 1320 947 et
1343 917 1408 947 suis
1430 915 1668 947 successoribus
1690 918 1842 957 tanquam
1864 915 1957 947 nobis

307 973 441 1005 firmiter
464 970 622 1002 obediatis
645 970 678 1000 in
702 967 848 999 omnibus
872 968 1035 1009 premissis
1058 971 1091 999 et
1114 967 1257 1010 singulis,
1282 970 1377 1009 prout
1398 968 1432 998 in
1454 966 1607 1009 predictis
1630 968 1745 998 nostris
1768 967 1956 1007 continetur,

309 1028 342 1057 et
365 1035 438 1056 eum
462 1024 494 1054 in
518 1021 640 1053 eisdem
665 1023 776 1052 contra
800 1030 1009 1062 quoscunque
1038 1020 1295 1061 inperturbatum
1325 1020 1521 1051 conservetis
1543 1019 1743 1061 integraliter
1766 1022 1800 1050 et
1820 1018 1957 1060 illesum,
1979 1028 2002 1047 is

307 1078 450 1108 iurantes
478 1074 585 1106 eidem
613 1083 669 1104 suo
702 1076 735 1103 et
762 1071 899 1103 ecclesie
928 1082 985 1103 sue
1007 1072 1135 1103 nomine
1158 1082 1215 1103 vos
1237 1071 1462 1103 universaliter
1483 1074 1517 1102 et
1538 1071 1731 1102 unanimiter
1754 1071 1861 1102 omnia
1883 1081 1957 1112 pre-

309 1128 396 1160 dicta
425 1130 458 1158 et
485 1125 610 1167 singula
637 1127 827 1155 servaturos.
874 1123 1032 1154 Volumus
1059 1124 1172 1163 etiam,
1200 1126 1235 1154 ut
1261 1133 1318 1154 vos
1345 1133 1443 1164 super
1469 1122 1617 1154 omnibus
1643 1123 1808 1164 premissis
1835 1122 1958 1154 eidem¹

309 1178 550 1220 archiepiscopo
586 1179 619 1208 et
651 1186 708 1207 sue
734 1176 869 1207 ecclesie
900 1174 1023 1206 litteras
1052 1178 1201 1216 patentes
1230 1174 1342 1216 sigillis
1369 1178 1548 1206 vestrorum
1582 1173 1790 1215 oppidorum·
1824 1173 1960 1206 tradatis

310 1231 486 1263 efficaciter
513 1228 670 1269 sigillatas
696 1238 734 1258 ac
764 1228 810 1259 eis
837 1230 893 1258 aut
921 1237 1031 1258 eorum
1055 1227 1170 1258 nuncio
1194 1226 1246 1258 vel
1276 1227 1399 1258 nunciis
1429 1226 1470 1257 de
1493 1225 1672 1257 redditibus
1696 1229 1729 1257 et
1751 1226 1959 1267 proventibus

308 1282 464 1315 universis
494 1279 715 1322 respondeatis
743 1282 776 1310 et
803 1278 993 1320 responderi
1020 1278 1160 1319 faciatis,
1193 1277 1465 1320 quemadmodum
1493 1277 1712 1309 Romanorum
1742 1277 1873 1319 regibus
1901 1288 1959 1310 seu
1977 1287 2004 1307 so

308 1333 557 1376 imperatoribus
580 1332 694 1362 nostris
717 1330 999 1373 predecessoribus
1023 1330 1156 1362 obedire
1180 1340 1217 1361 ac
1241 1329 1438 1371 respondere
1462 1329 1502 1361 de
1526 1329 1682 1360 fructibus
1704 1331 1736 1360 et
1750 1329 1959 1371 proventibus

309 1385 533 1424 consuevistis,
558 1393 723 1425 quousque
753 1393 811 1424 per
838 1393 896 1414 nos
925 1393 982 1414 seu
1005 1392 1206 1414 successores
1233 1385 1359 1413 nostros
1381 1381 1601 1413 Romanorum
1623 1391 1718 1422 reges
1741 1383 1797 1412 aut
1818 1379 1958 1422 impera-

309 1441 397 1469 tores
420 1437 460 1468 de
483 1435 635 1478 predictis
658 1435 790 1466 summis
818 1435 851 1465 in
879 1434 950 1465 aliis
971 1434 1088 1465 nostris
1110 1434 1226 1465 litteris
1249 1434 1408 1465 contentis
1430 1433 1491 1464 sibi
1519 1437 1552 1464 et
1574 1443 1631 1464 sue
1655 1432 1790 1464 ecclesie
1814 1432 1958 1475 plenarie

311 1490 407 1522 fuerit
436 1488 645 1520 satisfactum.
692 1486 787 1518 Salvo
815 1497 944 1528 semper
972 1486 1081 1517 debite
1108 1485 1274 1517 fidelitatis
1303 1486 1498 1526 iuramento,
1529 1484 1615 1527 quod
1645 1484 1738 1516 nobis
1767 1488 1800 1516 et
1822 1485 1958 1527 imperio

310 1542 433 1573 salvum
458 1550 528 1571 esse
552 1539 698 1570 volumus
726 1542 759 1570 et
787 1538 990 1580 presentibus
1021 1548 1222 1569 reservamus
1247 1547 1411 1579 expresse.
1499 1536 1538 1568 In
1561 1537 1650 1568 cuius
1671 1537 1718 1568 rei
1742 1537 1958 1568 testimonium
1977 1545 2002 1566 2⁵

310 1594 368 1625 has
390 1593 515 1624 litteras
539 1591 643 1633 sigillo
667 1591 756 1632 regie
781 1591 958 1622 maiestatis
981 1593 1089 1622 nostre
1112 1590 1261 1621 iussimus
1284 1589 1482 1620 communiri.

418 1648 492 1680 Dat.
509 1647 715 1687 Bacharacit,
732 1646 858 1678 XVIII.
872 1647 986 1678 Kalen.
1000 1646 1140 1687 Ianuar,
1156 1656 1239 1677 anno
1250 1645 1382 1676 Domini
1397 1644 1566 1676 millesimo
1583 1644 1809 1676 trecentesimo
1825 1644 1958 1685 XIIII'¹‚

310 1701 400 1742 regni
423 1711 500 1731 vero
524 1700 624 1730 nostri
647 1709 729 1730 anno
753 1699 866 1740 primo.

640 1840 720 1876 164.
762 1839 941 1876 Promisso
968 1838 1113 1875 civitatis
1136 1837 1367 1875 Wesaliensis.
1474 1837 1558 1872 Dec.
1577 1838 1635 1872 18.

422 1914 583 1955 Oriyinale
596 1914 668 1956 (or.)
680 1915 802 1946 ibidem.
842 1914 1039 1947 Contulimus
1052 1923 1119 1945 nos,
1158 1912 1277 1944 Pendet
1291 1911 1430 1952 siyillum
1445 1911 1565 1943 laesum
1579 1911 1645 1943 loro
1660 1912 1901 1945 membranaceo.
1919 1933 1961 1938 —-
1980 1926 2006 1945 so

311 1967 373 1999 Ed.
393 1967 538 2000 Giinther
562 1966 678 1998 ‘Codex
700 1966 928 2006 diplomaticus’
951 1966 1020 2004 III,
1044 1965 1107 1996 164
1129 1975 1178 1996 nr.
1194 1966 1235 1995 64
1257 1975 1296 1996 ex
1318 1975 1364 1996 or.

420 2060 487 2092 Nos
511 2086 542 2092 ..
567 2061 735 2102 scultetus,
777 2085 809 2092 ..
834 2061 970 2099 scabini,
1004 2087 1012 2095 .
1037 2085 1044 2093 .
1075 2061 1221 2092 consules
1255 2063 1388 2101 totaque
1418 2059 1607 2090 universitas
1640 2058 1728 2100 opidi
1750 2058 1962 2091 Wesaliensis

312 2112 485 2144 Treveren.
511 2113 601 2154 dyoc.
626 2113 819 2144 unanimiter
847 2117 879 2145 et
907 2113 1109 2145 concorditer
1141 2112 1329 2144 confitemur
1355 2121 1393 2143 ac
1415 2111 1631 2152 promittimus
1654 2110 1738 2142 bona
1761 2111 1824 2143 fide
1847 2112 1880 2143 in
1901 2111 1963 2144 hiis

312 2164 440 2205 scriptis
464 2164 503 2195 de
527 2164 690 2196 voluntate
715 2169 748 2196 et
770 2165 922 2197 mandato
946 2166 1108 2207 expressis
1131 2164 1325 2196 serenissimi
1348 2163 1500 2205 principis
1523 2172 1560 2194 ac
1584 2161 1705 2194 domini
1727 2163 1827 2194 nostri
1842 2162 1963 2195 domini

312 2215 480 2247 Ludowici
502 2215 564 2247 Dei
588 2217 693 2257 gratia
715 2216 935 2248 Romanorum
958 2218 1044 2258 regis
1067 2227 1196 2258 semper
1218 2215 1355 2257 augusti,
1373 2214 1459 2256 quod
1481 2214 1658 2246 reverendo
1681 2215 1711 2246 in
1729 2213 1856 2246 Christo
1879 2217 1964 2257 patri
1981 2223 2007 2242 ³⁵

313 2277 351 2298 ac
376 2267 506 2298 domino
530 2271 637 2298 nostro
661 2267 831 2309 Balduyno
853 2269 916 2300 Dei
939 2269 1043 2310 gratia
1066 2272 1175 2299 sancte
1199 2267 1407 2299 Treverensis
1431 2266 1586 2298 ecclesie·
1609 2265 1866 2308 archiepiscopo,
1891 2277 1962 2299 snc-

314 2319 493 2350 cessoribus
527 2320 590 2350 suis
621 2322 654 2351 et
681 2320 817 2351 ecclesie
845 2331 902 2351 sue
927 2320 1117 2352 Treverensi
1141 2318 1338 2351 servabimus
1366 2321 1434 2349 toto
1457 2327 1552 2359 posse
1575 2321 1684 2349 nostro
1705 2318 1737 2349 in
1761 2318 1907 2349 omnibus
1930 2321 1963 2350 et

314 2370 446 2412 singulis
463 2381 512 2411 ea,
537 2381 598 2411 que
616 2372 647 2401 in
663 2371 777 2402 litteris
794 2372 853 2403 sibi
870 2373 1029 2404 concessis
1046 2375 1078 2403 et
1093 2371 1185 2403 nobis
1203 2371 1332 2402 directis
1347 2373 1414 2401 tam
1435 2380 1454 2401 a
1470 2369 1543 2400 dive
1560 2369 1796 2401 recordacionis
1812 2369 1962 2402 domino·

314 2421 495 2463 Hein(rico)
524 2422 586 2453 Dei
614 2423 718 2464 gratia
747 2423 966 2455 Romanorum
989 2422 1205 2465 imperatore²
1229 2432 1326 2464 quam
1353 2433 1373 2454 a
1396 2421 1522 2463 prefato
1547 2420 1676 2452 domino
1699 2424 1808 2453 nostro
1832 2421 1961 2454 domino

420 2523 486 2551 163.
513 2523 536 2556 ὓ)
557 2544 582 2550 ..
602 2525 670 2550 deest
687 2525 711 2551 2.
809 2526 833 2559 b)
853 2528 874 2552 is
892 2536 960 2554 corr.
979 2537 1010 2553 ez
1031 2538 1045 2553 ο
1066 2528 1093 2559 1;
1112 2527 1268 2560 magistro
1286 2526 1311 2551 2.
1408 2525 1431 2557 ⁶)
1451 2544 1458 2551 .
1471 2545 1477 2550 .
1491 2525 1626 2558 praecedit
1643 2524 1667 2550 2.
1762 2524 1787 2558 d)
1806 2526 1963 2552 universi·
1980 2532 2008 2551 40

315 2568 379 2593 tati
397 2567 422 2593 2.
519 2568 540 2599 e)
559 2569 649 2601 opidi
668 2568 692 2594 2.
795 2569 816 2603 f)
835 2571 1014 2603 Bopardiensis
1031 2570 1055 2597 2.
1153 2570 1178 2603 8)
1196 2575 1228 2595 et
1245 2569 1394 2595 Wesalie
1416 2568 1482 2594 deut
1500 2567 1524 2594 2.
1621 2567 1647 2601 ¹¹)
1665 2569 1758 2594 ultima
1776 2578 1788 2594 r
1805 2569 1834 2594 in
1851 2577 1919 2596 corr.
1938 2569 1962 2595 1.

317 2610 337 2642 i)
356 2612 479 2644 peccunie
497 2610 521 2636 2.
608 2610 634 2644 k)
652 2613 822 2645 Bopardiense
840 2615 981 2646 predictum
1000 2613 1024 2639 2.
1112 2612 1131 2646 ¹)
1151 2614 1323 2639 Wessaliense
1341 2611 1366 2638 2.
1447 2610 1480 2644 ¹¹¹)
1499 2612 1566 2637 decet
1583 2610 1607 2638 2.
1695 2611 1720 2644 ¹¹)
1737 2612 1919 2646 Galginseheid
1938 2612 1963 2638 2.

315 2653 339 2685 0)
359 2655 434 2687 opida
451 2653 475 2679 2.
572 2654 597 2686 Ρ)
614 2660 672 2686 poet
690 2656 790 2688 plenius
807 2656 832 2681 2.
936 2658 961 2689 q)
980 2666 996 2682 v
1014 2666 1082 2683 corr.
1100 2666 1131 2682 ex
1149 2665 1165 2690 p
1184 2656 1208 2683 1.
1312 2655 1333 2686 ι“)
1352 2673 1358 2680 ·
1372 2674 1378 2680 -
1398 2655 1459 2680 add·
1478 2654 1503 2681 2-
1610 2654 1631 2687 ¹)
1650 2655 1736 2688 81'81110
1755 2656 1834 2681 vestri
1851 2656 1920 2689 opidi
1938 2655 1963 2682 2-

315 2696 336 2730 t)
354 2697 492 2722 Bacheraci
511 2696 535 2722 2.
623 2699 648 2730 “)
668 2699 858 2730 quartodecimo
877 2699 901 2725 2.

421 2764 484 2791 164.
513 2765 537 2798 ¹¹)
555 2767 668 2798 sequitur
687 2786 693 2792 .
707 2786 713 2792 .
733 2776 769 2792 or.
1981 2777 2007 2797 ⁴⁵

422 2847 447 2879 1)
467 2846 557 2880 Supra
576 2855 617 2874 nr.
632 2851 682 2873 156.
769 2848 795 2880 2)
814 2847 903 2881 Supra
921 2851 980 2874 tom.
997 2849 1012 2874 l
1016 2849 1042 2874 V
1055 2857 1097 2875 nr.
1112 2852 1170 2876 889.
