2158 3138
203 1377 256 1398 (3.3.

275 183 314 213 92
557 181 654 208 ACTA
673 181 787 208 REGNI
805 181 989 208 LUDEWICI
1008 181 1056 209 IV.
1075 181 1121 208 ΕΤ
1139 181 1327 210 FRIDERICI
1345 182 1394 209 111.
1432 183 1506 210 1314.
1542 183 1591 210 Nr.
1604 184 1646 210 95.

274 268 415 310 eligendi
441 269 510 300 vice
534 279 572 300 ac
597 269 725 300 nomine
749 269 849 310 ipsius
871 278 1043 310 personam
1060 268 1220 310 ydoneam
1236 269 1270 301 in
1284 279 1396 312 regem
1410 269 1631 302 Romanorum
1654 271 1687 302 in
1702 271 1932 312 imperatorem

273 320 543 362 promovendum,
567 323 663 362 prout
696 321 728 351 in
758 321 858 362 ipsius
887 321 987 362 patris
1015 324 1049 352 et
1079 321 1200 353 domini
1227 322 1446 363 procuratorio
1469 333 1566 364 super
1587 321 1649 354 hoc
1671 322 1783 354 habito
1806 323 1933 365 plenius

273 373 455 404 continetur
466 373 488 412 ¹,
577 371 669 403 nobis
699 371 821 413 placuit
853 372 925 413 ipsa
953 371 1006 404 die
1035 373 1068 403 iu
1094 373 1186 414 ipso·
1214 372 1287 405 loco
1309 378 1460 413 procedere
1484 378 1519 405 ad
1542 378 1711 406 electionem
1733 379 1809 414 regis
1831 379 1932 407 Roma-

273 437 374 456 norum
403 428 433 455 in
460 428 683 463 imperatorem*
713 427 911 462 promovendi,
942 426 1038 464 prout
1065 424 1135 465 ipse
1163 424 1317 455 terminus
1349 425 1545 466 requirebat.
1601 425 1746 458 Tandem
1777 436 1850 459 cum
1877 427 1933 458 alii

274 476 498 518 conprincipes
528 478 562 507 et
592 475 792 507 coelectores
822 475 923 506 nostri
951 474 1037 507 dicta
1059 475 1112 507 die
1136 478 1169 507 et
1191 475 1263 508 loco
1285 475 1433 518 predicto
1459 487 1518 518 per
1540 487 1599 508 nos
1622 476 1746 509 diucius
1769 479 1935 520 expectati

273 527 306 559 in
330 527 475 559 eiusdem
503 526 674 558 electionis
697 526 835 568 negocio
859 526 901 558 ad
923 526 1108 558 huiusmodi
1132 526 1323 560 electionem
1347 527 1577 560 celebrandam
1599 529 1710 560 venire
1739 539 1797 561 seu
1819 540 1935 571 proce-

273 579 352 611 dere
375 579 544 611 nobiscum
574 579 707 610 minime
732 579 915 610 curaverint
937 582 971 610 et
993 579 1038 610 sic
1061 578 1167 620 quoad
1192 579 1278 611 dicte
1302 579 1468 611 electionis
1482 580 1654 622 negocium
1671 579 1712 612 de
1727 581 1796 612 iure
1812 581 1936 614 alienos

272 641 307 662 se
330 630 486 672 fecerunt,
502 635 709 662 reverendus*
732 636 825 669 pater
841 633 874 662 et
895 635 1037 662 dominus
1057 634 1215 663 Heinricus
1238 635 1401 663 Gurcensis
1425 632 1602 674 episcopus
1624 632 1777 664 mandato
1801 643 1820 664 a
1842 633 1935 666 nobis

270 681 455 724 specialiter
478 681 539 712 sibi
563 681 650 712 facto
676 685 738 712 vice
762 687 792 712 et
813 685 944 713 nomine*
966 687 1095 713 nostrum
1118 686 1244 714 omnium
1268 689 1297 714 et
1319 687 1493 723 singulorum
1524 688 1763 723 protestacionem
1791 690 1934 724 quandam

272 737 353 772 legit
375 739 406 765 et
428 737 603 772 publicavit
625 737 656 764 in
678 737 754 764 hunc
776 737 904 764 modum:

426 791 455 821 2.
490 788 558 821 ‘Nos
580 793 730 821 Heius-icus
759 788 823 820 Dei
853 789 963 831 gracia
992 794 1108 822 Boemie
1131 795 1162 821 et
1188 794 1304 822 Polonie
1328 796 1396 822 rex*
1418 795 1475 822 dux
1497 796 1656 830 Karinthie,
1679 794 1816 824 Rfldolfus
1839 805 1933 824 comcs

312 845 458 880 palatinus
480 845 552 873 Reni
575 845 631 872 dux
656 845 782 872 Bawarie
805 854 916 873 necnon
939 843 1076 873 Rfidolfus
1101 846 1158 873 dux
1182 846 1314 880 Saxonie,
1330 847 1474 882 principes
1490 844 1574 875 sacri
1589 849 1702 884 imperii
1722 858 1756 877 ac
1773 845 1933 877 electoresb

313 897 505 925 Romanorum
535 897 611 932 regis
641 897 671 924 in
695 897 899 932 imperatorem
922 898 1116 932 promovendi,
1139 898 1254 926 nomine
1285 899 1404 926 nostro*
1427 900 1478 926 et*
1500 900 1562 927 vice
1591 902 1622 928 et
1645 901 1759 928 nomine
1783 901 1931 928 reverendi

314 949 344 976 in
355 948 469 977 Christo
485 949 576 984 patris
592 949 702 977 domini
714 949 843 976 Heinrici
855 948 1033 976 Coloniensis
1049 949 1255 985 archiepiscopi
1271 950 1344 978 sacri
1360 950 1473 985 imperii
1487 960 1538 986 per
1552 952 1666 979 Italiam
1681 952 1932 986 archicancellarii,

314 1001 506 1036 conprincipis
533 1001 633 1034 nostri,
663 1007 835 1028 monemus
864 1007 976 1028 omnes
1005 998 1318 1038 excommunicatos,
1342 1008 1513 1039 suspensos
1541 1002 1575 1030 et
1596 999 1785 1031 interdictos
1807 1010 1933 1032 necnon

314 1059 535 1091 quoscumque
560 1048 658 1090 alios,
690 1049 746 1090 qui
776 1049 817 1080 de
847 1049 916 1080 iure
940 1051 997 1080 aut
1019 1049 1252 1081 consuetudine
1274 1050 1431 1081 interesse
1459 1051 1491 1081 in
1514 1051 1584 1092 ipso
1608 1051 1775 1083 electionis
1797 1053 1934 1095 negocio

312 1111 375 1132 non
399 1100 536 1140 debent,
568 1100 655 1142 quod
684 1100 839 1132 recedant
861 1112 919 1132 nos
943 1101 1064 1143 eligere
1088 1100 1191 1132 libere
1214 1102 1450 1143 permittentes.
1495 1102 1737 1144 Protestantes,
1761 1103 1848 1146 quod
1870 1115 1935 1137 non

313 1156 363 1184 est
389 1156 499 1184 nostra
531 1153 666 1184 intentio
695 1152 778 1184 tales
806 1152 978 1184 admittere
1009 1156 1174 1194 tamquam
1206 1154 1255 1184 ius
1288 1154 1320 1184 in
1355 1153 1514 1185 electione
1543 1154 1703 1187 habentes
1736 1159 1794 1187 aut
1819 1167 1934 1198 proce—

279 1195 281 1197 ·
315 1204 394 1236 dere
416 1204 469 1236 vel
493 1204 616 1246 eligere
641 1214 714 1236 cum
738 1204 872 1236 eisdem.
918 1204 1023 1236 Immo
1047 1205 1206 1246 volumus,
1229 1205 1316 1246 quod
1339 1216 1436 1237 voces
1459 1205 1583 1247 talium,
1607 1207 1634 1238 si
1656 1207 1711 1249 qui
1733 1209 1936 1249 reperientur

314 1256 510 1297 interfuisse,
533 1259 648 1298 postea
671 1256 750 1287 nulli
773 1259 919 1298 prestent
945 1256 1133 1298 suffragium
1157 1266 1218 1287 nec
1240 1256 1394 1288 afferantc
1417 1257 1513 1289 alicui
1534 1262 1764 1291 nocumentum
1788 1262 1822 1291 et
1842 1270 1935 1302 pror-

313 1319 366 1340 sus
389 1319 448 1350 pro
472 1319 535 1340 non
559 1308 700 1349 receptis
723 1308 790 1339 sive
814 1319 873 1349 pro
896 1319 960 1339 non
983 1307 1102 1339 habitis
1125 1308 1329 1340 habeantur-²

383 1366 411 1396 3.
447 1369 508 1401 Qua
530 1369 762 1404 protestatione*
786 1369 924 1404 premissa
956 1368 989 1396 et
1017 1367 1091 1407 post
1119 1364 1238 1396 multos
1267 1368 1423 1397 tractatus
1445 1366 1551 1398 varios
1578 1369 1612 1398 et
1637 1366 1845 1410 multiplices,
1868 1381 1933 1401 oon-

270 1420 401 1448 sideratis
417 1416 553 1448 sollicite
572 1419 605 1448 et
622 1416 797 1458 diligenter
813 1421 1048 1454 circumstanciis,
1067 1416 1304 1448 conditionibus
1321 1421 1354 1449 et
1377 1421 1463 1449 statu
1479 1428 1697 1460 personarum
1719 1419 1934 1453 diversamur‘

268 1478 328 1509 per
352 1478 432 1510 quas
455 1479 557 1511 regno
583 1469 712 1499 vacanti
734 1472 848 1510 posset
871 1468 1031 1500 salubrius
1047 1468 1222 1510 provideri,
1239 1473 1375 1501 tandem·
1399 1474 1429 1501 in
1453 1474 1593 1502 illustrem
1615 1475 1774 1511 prinoipem
1788 1476 1932 1505 dominum

269 1524 442 1552 Fridericum
465 1525 564 1553 ducem
581 1525 697 1552 Austrie
722 1526 752 1552 et
775 1525 878 1560 Styrie,
903 1525 993 1552 virum
1018 1525 1118 1559 utique
1140 1520 1351 1563 katholicum‚
1376 1526 1513 1554 ortodoxe
1536 1526 1602 1554 fidei
1617 1527 1757 1555 fervidum
1771 1528 1933 1567 zelatorem,

269 1578 436 1604 strennuum
459 1579 489 1604 et
512 1586 658 1612 sagacem,
682 1572 983 1604 conversacionibus
1013 1576 1046 1604 et
1073 1572 1217 1604 moribus
1248 1584 1311 1605 non
1340 1573 1503 1606 modicum
1535 1578 1698 1615 ornatum,
1723 1575 1876 1608 devotum
1900 1580 1934 1608 et

269 1624 434 1665 humilem,
458 1629 492 1656 de
516 1629 709 1656 Romanorum
732 1638 831 1664 regum
854 1629 989 1664 prosapia
1013 1629 1170 1662 oriundum,
1195 1629 1268 1657 sacri
1290 1629 1403 1665 imperii
1425 1629 1618 1665 gubernacula
1640 1640 1739 1667 regere
1762 1632 1930 1668 magnifice‘

270 1682 305 1708 et
327 1680 391 1708 iura
418 1681 508 1716 ipsius
538 1682 724 1708 manutenere
748 1683 897 1716 potentem
921 1690 1032 1708 necnon
1056 1681 1212 1716 reipublice
1235 1690 1348 1716 preesse
1379 1682 1490 1710 utiliter
1513 1684 1543 1710 et
1564 1683 1698 1718 prodesse
1721 1684 1879 1719 valentem,
1903 1681 1936 1712 in

269 1729 356 1760 omni
378 1739 504 1760 morum
528 1728 699 1761 honestate
723 1729 932 1770 perspicuum
957 1732 991 1761 et
1010 1729 1204 1771 preclarum,
1221 1729 1397 1771 affabilem,
1413 1729 1589 1772 benignum
1613 1733 1647 1762 et
1668 1735 1873 1764 mansuetum
1897 1742 1935 1764 ac

268 1781 301 1811 in
324 1781 395 1812 aliis
419 1780 592 1822 agibilibus
621 1791 680 1822 pro
709 1781 867 1822 regimine
898 1780 1076 1822 reipublice
1105 1780 1278 1822 plurimum
1309 1781 1597 1823 circumspectum,
1621 1787 1719 1814 divina
1742 1788 1856 1816 favente
1880 1788 1933 1816 cle·

267 1837 379 1864 mencia
406 1832 625 1864 consensimus
648 1836 681 1864 et
703 1833 735 1863 in
758 1833 863 1874 ipsum
889 1835 963 1864 vota
986 1835 1096 1864 nostra
1118 1837 1272 1864 direximus
1295 1833 1464 1875 ipsumque
1487 1834 1723 1866 nominavimus
1747 1835 1933 1878 eligendum

268 1885 300 1915 in
324 1895 435 1926 regem
461 1884 682 1916 Romanorum
710 1885 741 1915 in
766 1885 997 1926 imperatorem
1021 1883 1276 1926 promovendum
1301 1884 1359 1916 sub
1383 1885 1487 1916 forma
1510 1885 1728 1928 infrascripta:

421 1969 449 1998 4.
481 1966 561 1998 ‘Nos
586 1966 762 1998 Heinricus
785 1966 850 1998 Dei
877 1967 987 2008 gracia
1013 1966 1150 1998 Boemie
1179 1970 1213 1998 et
1237 1967 1373 1998 Polonie
1401 1977 1461 1999 rex
1488 1967 1554 1999 dux
1580 1968 1751 2001 Karinthie
1774 1971 1935 2002 consenti·

311 2029 382 2050 mus
405 2020 437 2050 in
461 2019 619 2050 illustrem
649 2019 828 2061 principem
857 2018 1023 2050 dominum
1046 2018 1248 2050 Fridericum
1273 2019 1389 2051 ducem
1412 2020 1544 2051 Austrie
1573 2024 1607 2052 et
1634 2019 1740 2063 Styrie
1763 2022 1934 2065 ipsumque

311 2071 515 2102 nominamus
539 2071 726 2113 eligendum
752 2072 784 2102 in
807 2081 919 2112 regem
942 2070 1163 2102 Romanorum
1187 2071 1220 2102 in
1242 2071 1473 2112 imperatorem
1496 2073 1776 2113 promovendum.²

418 2149 497 2181 ‘Nos
520 2149 680 2182 Rfidolfus
703 2161 812 2182 comes
835 2151 998 2193 palatinus
1020 2150 1106 2182 Reni
1129 2150 1196 2182 dux
1219 2150 1368 2182 Bawarie
1395 2151 1525 2182 nomine
1548 2154 1657 2182 nostro
1681 2151 1739 2183 acs
1760 2152 1932 2184 reverendi

311 2201 343 2232 in
367 2201 494 2233 Christo
518 2203 619 2244 patris
643 2202 764 2234 domini
787 2202 933 2234 Heinrici
958 2202 1160 2234 Coloniensis
1191 2202 1427 2245 archiepiscopi
1460 2203 1542 2234 sacri
1569 2203 1697 2245 imperii
1719 2214 1779 2246 per
1801 2204 1931 2236 Italiam

311 2253 595 2294 archicancellarii,
619 2255 778 2287 habentes
801 2265 900 2296 super
921 2255 983 2286 hoc
1007 2254 1048 2286 ab
1071 2255 1142 2296 ipso
1159 2254 1288 2286 domino
1312 2254 1558 2297 archiepiscopo
1582 2254 1712 2297 plenam
1737 2260 1770 2288 et
1793 2256 1930 2288 liberam

311 2308 519 2346 potestatem,
548 2307 764 2338 consentimus
787 2308 820 2338 in
848 2307 1006 2339 illustrem
1034 2307 1212 2349 principem
1241 2306 1408 2338 dominum
1431 2306 1633 2339 Fridericum
1658 2307 1774 2340 ducem
1798 2308 1930 2341 Austrie

313 2359 346 2388 et
369 2356 475 2399 Styrie
503 2359 673 2400 ipsumque
698 2359 827 2390 nomine
859 2370 922 2401 quo
953 2370 1050 2402 supra
1072 2360 1275 2391 nominamus
1300 2358 1485 2401 eligendum
1517 2360 1549 2391 in
1573 2369 1685 2401 regem
1708 2359 1929 2392 Romanorum

310 2410 341 2440 in
366 2409 596 2451 imperatorem
620 2411 898 2452 promovendum.'

418 2487 498 2519 ‘Nos
521 2486 680 2520 Rfidolfus
704 2489 770 2520 dux
793 2489 934 2522 Saxonie
959 2491 1176 2522 consentimus
1198 2490 1231 2521 in
1254 2490 1412 2522 illustrem
1436 2491 1616 2532 principem
1633 2490 1799 2523 dominum
1815 2491 1930 2523 Fride—

312 2539 414 2570 ricum
442 2538 557 2571 ducem
587 2541 717 2572 Austrie
749 2544 782 2572 et
811 2541 916 2583 Styrie
940 2543 1110 2584 ipsumque
1133 2543 1335 2574 nominamus
1359 2542 1546 2584 eligendum
1569 2543 1602 2574 in
1625 2553 1737 2583 regem
1763 2543 1929 2575 Romano-

310 2601 381 2622 rum
406 2591 439 2622 in
461 2591 692 2633 imperatorem
716 2593 996 2635 promovendum.²

371 2691 419 2717 95.
447 2691 471 2723 ι)
490 2693 574 2718 dicto
593 2692 616 2718 2.
715 2692 740 2726 b)
755 2694 844 2726 prima
862 2703 876 2720 e
899 2694 927 2719 in
946 2694 1001 2720 loco
1019 2703 1080 2720 meo
1102 2694 1124 2721 l.
1222 2694 1246 2726 e)
1264 2695 1357 2720 afferat
1376 2694 1400 2720 1.
1496 2693 1522 2727 d)
1539 2695 1654 2727 sequium·
1671 2694 1700 2719 in
1722 2694 1738 2720 ‘2
1764 2695 1835 2720 locus
1853 2703 1930 2720 raum

268 2734 365 2760 calami
381 2735 460 2761 ducta
478 2736 599 2768 aptetur.
691 2736 713 2768 e)
733 2746 774 2762 ma
791 2738 818 2762 in
837 2738 892 2763 loco
910 2747 972 2763 rato
990 2737 1015 2764 2.
1103 2736 1123 2771 ί)
1143 2737 1248 2764 nomine
1265 2743 1291 2763 et
1310 2739 1370 2764 vice
1388 2738 1451 2764 aad.
1472 2737 1497 2764 2.

372 2820 399 2854 1)
419 2820 511 2854 Supra
528 2829 570 2848 nr.
587 2824 625 2847 91.

1952 745 1977 765 1⁰

1951 1009 1977 1029 25

1953 1267 1980 1288 2⁰

1951 1531 1976 1551 2⁵

1950 1793 1977 1814 ³⁰

1952 2089 1978 2109 ³³

1948 2376 1975 2395 60

1947 2708 1973 2727 45
