2158 3138
306 173 372 203 ⁴130
504 169 603 196 ACTA
622 169 736 197 REGNI
756 170 942 197 LUDEWICI
960 170 1008 197 IV.
1027 169 1073 197 ΕΤ
1093 169 1279 198 FRIDERICI
1297 170 1346 198 111.
1383 170 1459 198 1314.
1494 170 1544 198 Nr,
1558 171 1615 199 131.
1635 171 1694 200 132.
1713 171 1772 199 133.

306 256 499 288 mandatum
521 259 666 288 nostrum
692 259 816 288 temere
839 257 949 288 venire
972 257 1214 299 presumpserit,
1238 257 1494 300 indignationem
1509 258 1633 300 regiam
1657 268 1691 290 se
1714 259 1840 290 noverit
1862 260 1967 291 incur-

310 319 427 339 surum.
517 308 555 339 In
579 308 668 339 cuius
691 309 739 339 rei
762 308 982 340 testimonium
1005 308 1145 350 sigillum
1168 311 1313 341 nostrum
1335 309 1538 351 presentibus
1561 309 1676 342 litteris
1699 309 1849 342 duximus
1865 321 1967 353 appo-

308 359 460 390 nendum.

417 410 538 442 Datum
568 411 705 452 Aequis,
737 411 890 442 vicesima
918 412 1029 453 quinta
1060 411 1113 443 die
1140 412 1260 443 mensis
1287 411 1495 454 Novembris,
1526 423 1610 445 anno
1637 413 1768 445 Domini
1795 413 1966 446 millesimo

307 462 536 494 trecentesimo
561 462 815 503 quartodecimo,
839 463 932 504 regni
954 473 1031 494 vero
1055 463 1157 494 nostri
1178 473 1262 494 anno
1286 464 1399 505 primo.
1998 476 2011 496 ι

704 575 786 611 132.
828 576 1043 622 Approbatio
1071 577 1296 622 obliyationis.
1403 578 1491 614 Nov.
1511 579 1574 614 25.

420 641 580 682 Oriyinale
595 642 631 673 in
646 641 807 674 tabulario
821 642 987 674 Montensi
1001 643 1020 675 Z.
1037 653 1064 674 c.
1079 653 1129 675 nr.
1141 643 1206 674 369
1226 642 1315 684 (olim
1330 643 1364 675 F
1373 644 1439 686 52).
1479 643 1594 676 Denuo
1610 643 1808 677 contulimus.
1847 644 1968 677 Pendet

304 692 445 733 siyillum
471 693 536 732 fere
563 693 709 724 illaesum
735 693 803 733 filis
828 694 939 726 sericis
966 695 1057 726 rubei
1078 694 1199 727 color-is.
1244 695 1288 726 In
1308 705 1395 728 verso
1417 695 1547 737 legitur:
1569 697 1617 735 R,
1650 697 1810 736 itemque:
1829 699 1966 729 mortua.

310 744 411 784 Copia
434 744 487 786 (c.)
510 745 546 776 in
573 744 758 778 Cartulario
781 747 878 779 citato
900 758 949 780 nr.
966 748 1021 781 32.
1044 766 1084 771 -
1107 749 1170 780 Ed.
1193 748 1350 780 Devillers
1372 747 1392 779 l.
1409 758 1435 780 c.
1458 748 1529 786 III,
1551 749 1594 779 43
1615 758 1666 780 nr.
1683 747 1746 779 136
1767 758 1807 780 ex
1829 758 1857 781 c.

417 799 565 838 Bfflamer,
587 800 664 841 Rey.
688 801 801 834 Ludw.
824 813 857 842 p.
874 804 939 835 269
961 813 1012 835 nr.
1028 805 1114 835 2600
1137 804 1265 845 (Addit.
1281 805 1325 846 1).
1988 810 2013 830 ¹⁰

415 869 610 901 Ludowicus
634 869 698 901 Dei
721 872 827 912 gratia
842 871 1063 904 Romanorum
1080 883 1138 904 rex
1163 876 1195 904 et
1211 883 1340 915 semper
1356 875 1511 915 augustus
1526 872 1569 904 ad
1583 872 1804 904 universorum
1820 873 1968 905 notitiam

306 920 454 952 volumus
489 922 678 962 pervenire,
714 923 801 964 quod
836 934 909 955 cum
943 924 1138 956 venerabilis
1168 926 1216 956 vir
1244 924 1416 966 Adulphus
1445 923 1637 956 Leodiensis
1664 924 1834 966 episcopus
1863 924 1968 956 fidelis

307 975 417 1004 noster
437 973 608 1014 spectabili
623 974 692 1005 viro
710 973 885 1007 Guillelmo
907 976 1017 1007 comiti
1033 976 1225 1018 Haynonye,
1249 976 1436 1018 Hollandie,
1459 976 1635 1007 Zeelandie
1652 975 1847 1018 dominoque
1862 975 1967 1008 Frizie

306 1023 400 1055 villas
424 1035 497 1055 suas
521 1024 561 1056 de
584 1025 772 1057 Machilinia
797 1029 830 1058 et
853 1027 894 1058 de
909 1027 994 1059 Hest
1017 1038 1089 1059 cum
1113 1028 1261 1060 omnibus
1283 1028 1420 1068 iuribus,
1444 1027 1644 1069 appendiciis
1667 1030 1700 1060 et
1722 1029 1968 1070 appertinentiis

307 1075 484 1107 earundem
509 1075 703 1117 obligaverit
725 1088 784 1119 pro
809 1079 904 1109 certis
924 1079 1134 1121 pecuniarum
1150 1081 1293 1120 summis,
1317 1083 1412 1121 prout
1434 1080 1467 1111 in
1486 1079 1602 1111 litteris
1618 1089 1714 1121 super
1735 1079 1797 1111 hoc
1813 1079 1968 1111 confectis
1988 1089 2012 1109 is

305 1126 433 1168 plenius
461 1127 656 1168 continetur,
690 1139 749 1160 nos
778 1129 898 1161 dictam
930 1130 1162 1172 obligationem
1190 1133 1358 1173 tamquam
1390 1131 1536 1173 superior
1564 1130 1712 1162 dominus
1739 1130 1967 1172 approbamus,

306 1178 502 1210 ratificamus
527 1182 559 1210 et
582 1180 817 1211 confirmamus.
863 1181 989 1213 Harum
1013 1183 1197 1214 testimonio
1221 1182 1402 1214 litterarum
1426 1182 1530 1225 sigillo
1554 1186 1663 1214 nostro
1687 1183 1894 1224 signatarum.

414 1229 536 1262 Datum
553 1231 705 1262 vicesima
729 1232 840 1273 quinta
864 1232 917 1264 die
940 1233 1060 1265 mensis
1076 1233 1281 1274 Novembris,
1304 1244 1387 1266 anno
1403 1234 1535 1266 Domini
1554 1234 1726 1266 millesimo
1747 1234 1966 1266 tricentesimo

301 1275 562 1323 'quartodecimQ
588 1283 679 1324 regni
702 1294 780 1315 vero
804 1285 905 1316 nostri
929 1295 1011 1316 anno
1036 1285 1150 1326 primo.

744 1414 815 1444 133.
842 1414 913 1444 134.
951 1412 1247 1446 ASSIGNATIO
1276 1413 1534 1447 PECUNIAE.
1984 1426 2010 1446 2⁰

873 1461 880 1471 ⁹
966 1469 1048 1501 NoV.
1065 1471 1117 1502 26.
1129 1487 1172 1492 -—
1183 1469 1263 1502 Dec.
1280 1472 1309 1502 4.

787 1558 870 1594 133.
911 1557 1087 1603 Scriptum
1113 1560 1213 1604 reqis.
1321 1559 1408 1595 Nov.
1427 1560 1489 1595 26.

419 1621 579 1662 Oriyinale
603 1623 676 1662 (or.)
699 1623 812 1655 ibidem
841 1623 860 1655 l.
882 1635 908 1656 c.
936 1635 986 1656 nr.
1006 1626 1071 1656 370
1099 1624 1188 1666 (olim
1209 1625 1242 1657 Z
1253 1626 1322 1666 30).
1363 1624 1563 1657 Contulimus
1584 1634 1649 1657 nos,
1696 1624 1856 1665 Siyillum,
1882 1626 1967 1666 quod

300 1671 370 1712 filis
396 1673 507 1705 sericis
528 1674 701 1713 pendebat,
734 1675 944 1708 desideratur.
1001 1676 1045 1708 In
1072 1687 1159 1709 verso
1186 1676 1319 1717 leyitur:
1347 1678 1388 1715 R.
1441 1677 1687 1708 Transsumtum
1710 1677 1966 1710 documentorum

304 1735 353 1755 nr.
366 1725 431 1755 133
445 1727 474 1756 et
490 1726 552 1756 134
605 1736 635 1757 a.
653 1726 748 1759 1338.
765 1727 828 1759 Iul.
841 1729 871 1759 8.
888 1728 946 1759 sub
962 1728 1064 1768 siqillo
1080 1729 1204 1760 abbatis
1225 1728 1421 1761 Viconiensis
1435 1729 1608 1767 confectum
1624 1729 1660 1760 in
1675 1728 1834 1760 tabulario
1850 1731 1965 1775 secreto
1983 1747 2008 1768 2⁵

304 1775 417 1807 domus
438 1777 542 1817 reyiae
564 1777 764 1810 Bawaricae.
814 1778 914 1819 Copia
934 1779 991 1822 (c.)
1019 1781 1056 1812 in
1081 1780 1265 1812 cartulario
1288 1781 1384 1812 citato
1406 1791 1456 1812 nr.
1472 1781 1546 1812 295.
1578 1799 1616 1804 —
1645 1780 1708 1813 Ed.
1726 1780 1882 1813 Devillers
1904 1781 1924 1814 l.
1941 1791 1965 1813 c.

305 1827 376 1866 III,
392 1828 434 1859 44
457 1839 506 1860 nr.
524 1830 588 1860 138
610 1839 649 1860 ex
672 1840 699 1861 c.

415 1884 561 1923 Rfflmzer,
585 1885 661 1925 Rey.
684 1885 796 1918 Ludw.
814 1897 850 1926 p.
870 1889 888 1917 1
910 1897 961 1918 nr.
980 1887 1009 1919 5.

410 1940 534 1972 Eadem
556 1951 658 1972 manu
680 1942 834 1991 scriptum
856 1945 902 1974 est
924 1953 963 1974 ac
984 1953 1034 1975 nr.
1053 1943 1129 1975 130.

413 2010 597 2042 Ludovicus
620 2011 683 2042 Dei
707 2012 811 2052 gratia
834 2011 1056 2043 Romanorum
1079 2022 1138 2043 rex
1162 2015 1195 2044 et
1218 2023 1347 2054 semper
1369 2016 1525 2054 augustus
1598 2013 1754 2045 universis
1778 2017 1811 2045 et
1833 2013 1966 2056 singulis
1985 2029 2011 2050 ω

306 2064 475 2103 presentes
498 2062 623 2093 litteras
646 2063 838 2104 inspecturis
926 2063 1065 2105 gratiam
1090 2074 1181 2095 suam
1205 2068 1238 2096 et
1261 2074 1356 2096 omne
1380 2064 1510 2096 bonum.

414 2113 572 2145 Noverint
595 2115 747 2155 universi,
771 2114 858 2156 quod
881 2125 940 2146 nos
964 2115 1135 2156 spectabili
1158 2115 1226 2147 viro
1243 2114 1544 2148 Guillelmo‘comiti
1559 2115 1737 2148 Hollandie
1753 2116 1842 2148 fideli
1856 2120 1965 2149 nostro

305 2164 424 2196 dilecto
452 2176 510 2206 pro
538 2166 635 2197 certis
665 2166 822 2207 serviciis,
853 2177 916 2208 que
943 2167 1036 2198 nobis
1067 2171 1100 2199 et
1128 2168 1265 2209 imperio
1299 2167 1390 2209 fecit,
1423 2179 1481 2200 nos
1509 2168 1616 2200 eidem
1644 2167 1722 2201 dare
1750 2169 1967 2211 promittimus

307 2217 539 2258 quinquaginta
573 2217 637 2248 duo
672 2218 761 2249 milia
789 2218 944 2250 librarum
977 2219 1211 2251 Turonensium
1243 2230 1435 2261 parvorum,
1465 2219 1506 2251 de
1533 2219 1651 2262 'quibus
1677 2219 1840 2252 Iohannes
1866 2219 1967 2252 frater

306 2266 383 2298 dicti
418 2269 543 2299 comitis
577 2268 712 2300 habebit
746 2269 860 2302 decem
893 2270 983 2302 milia
1012 2270 1166 2302 librarum
1194 2271 1445 2312 Turonensium,
1475 2275 1508 2303 et
1535 2282 1575 2303 ea
1603 2272 1768 2314 assignare
1795 2272 1829 2303 in
1857 2272 1966 2314 aliquo
1985 2287 2009 2306 ιε.

306 2319 480 2351 theoloneo
512 2331 609 2362 supra
641 2321 784 2362 Renum,
819 2323 851 2353 in
885 2333 948 2364 quo
983 2323 1148 2364 assignare
1182 2323 1338 2355 debemus
1368 2323 1539 2365 spectabili
1574 2324 1642 2355 viro
1675 2323 1823 2356 Gerardo
1857 2324 1967 2356 comiti

297 2370 479 2403 ‚Iuliacensi
506 2371 595 2403 fideli
625 2375 734 2404 nostro
763 2372 882 2405 dilecto
906 2375 1094 2415 pecuniam,
1126 2385 1224 2416 quam
1247 2375 1307 2406 sibi
1331 2374 1488 2407 debemus
1517 2385 1576 2416 pro
1599 2376 1735 2407 servicio
1758 2375 1850 2407 nobis
1873 2375 1966 2407 exhi-

305 2422 373 2454 bito
402 2422 443 2454 ab
477 2423 613 2465 eodem,
643 2423 781 2456 levanda
806 2428 839 2456 et
862 2426 1072 2467 percipienda
1095 2426 1419 2468 proporcionabiliter
1446 2437 1518 2458 cum
1542 2426 1628 2458 dicto
1652 2427 1771 2458 comite
1794 2427 1966 2460 Iuliacensi

302 2474 439 2516 singulis
462 2476 553 2506 annis
577 2475 618 2507 ab
642 2476 759 2508 eodem
783 2487 840 2508 seu
863 2476 1037 2509 heredibus
1060 2481 1117 2509 aut
1139 2478 1377 2510 successoribus
1398 2478 1473 2518 suis,
1498 2489 1665 2520 quousque
1681 2479 1722 2510 de
1739 2478 1826 2510 dicta
1840 2488 1965 2511 summa

297 2525 443 2567 ‘pecunie
472 2525 568 2558 fuerit
594 2527 798 2568 integraliter
824 2528 1044 2569 satisfactum,
1074 2529 1166 2560 iuxta
1193 2528 1429 2560 ordinationem
1453 2529 1647 2561 venerabilis
1669 2529 1821 2562 Balduini
1844 2530 1965 2563 Treve-
1983 2546 2009 2566 ιο

305 2577 407 2608 rensis
435 2577 672 2620 archiepiscopi
698 2579 852 2620 principis
879 2580 979 2621 nostri
1008 2580 1118 2612 dilecti
1147 2590 1186 2612 ac
1208 2580 1334 2612 comitis
1357 2580 1545 2612 Iuliacensis
1569 2581 1733 2613 antedicti.
1815 2581 1854 2613 In
1877 2582 1966 2614 cuius

305 2628 353 2660 rei
376 2629 595 2660 testimonium
619 2630 760 2671 sigillum
783 2634 927 2662 nostrum
951 2631 1155 2672 presentibus
1179 2631 1294 2664 litteris
1318 2632 1468 2663 duximus
1491 2632 1730 2675 apponendum.

414 2680 535 2712 Datum
551 2682 664 2723 Aquis,
687 2682 840 2713 vicesima
856 2685 950 2714 sexta
974 2682 1027 2714 die
1043 2683 1162 2715 mensis
1178 2683 1379 2725 Novembris,
1403 2694 1487 2716 anno
1502 2683 1634 2716 Domini
1649 2685 1822 2717 millesimo
1838 2688 1965 2717 trecen-

298 2732 422 2764 ,tesimo
446 2733 700 2774 quartodecimo,
724 2734 835 2775 regni⁸
858 2745 935 2766 vero
958 2735 1059 2766 nostri
1082 2745 1165 2767 anno
1189 2736 1323 2777 primo⁸.

411 2801 475 2828 133.
504 2803 527 2835 ⁸)
547 2803 756 2836 regni—primo
774 2808 918 2829 atramento
936 2803 1046 2837 fusciori
1063 2809 1160 2830 mutato
1178 2804 1255 2830 ducta
1274 2804 1337 2830 add.
1355 2813 1394 2831 or.
1400 2814 1409 2835 ,-
1427 2806 1462 2838 cf.
1479 2814 1521 2830 nr.
1535 2806 1583 2831 130
1599 2809 1651 2830 not.
1664 2813 1687 2830 a.
1981 2810 2007 2830 45
