2184 3126
267 157 274 164 Ι
304 179 367 210 458
575 177 672 204 ACTA
692 176 806 203 REGNI
825 175 1007 203 LUDEWIOI
1027 175 1074 203 IV.
1093 175 1139 202 ET
1158 173 1343 201 FRIDERICI
1362 173 1410 200 111.
1449 173 1523 202 1320.
1559 173 1608 201 Nr.
1621 173 1680 200 570.

372 310 624 355 570—573.
670 308 971 354 EIUSDEM
1007 308 1287 354 SCRIPTA
1315 304 1444 352 PRO
1475 304 1890 352 CASTRUCOIO

804 372 890 417 DE
918 369 1462 418 ANTELMINELLIS.

883 448 989 483 1320.
1032 448 1121 492 Apr.
1142 447 1326 483 4.-Mai.
1352 447 1382 482 1.

416 506 467 547 Cf.
490 515 592 545 supra
613 516 662 537 nr.
680 505 753 537 314.
776 506 850 538 315.

633 602 716 637 570.
758 602 957 638 Commissio
985 603 1175 638 vicariatus
1199 602 1382 647 qeneralis.
1489 602 1576 647 Apr.
1595 602 1630 636 4.
1989 612 2001 632 s

415 668 513 707 Copia
536 667 591 708 (c.)
615 668 651 699 iri
676 667 824 707 Copiario
848 667 1009 699 ‘Armario
1024 668 1068 699 II
1079 678 1128 699 nr.
1146 667 1222 698 116’
1245 678 1324 699 saec.
1341 666 1438 699 XIV.
1462 666 1619 707 (Capitoli
1634 665 1705 707 IV)
1725 664 1784 707 fol.
1801 665 1844 696 47
1866 665 1958 697 tabu-

302 719 378 750 larii
399 719 479 759 reyii
494 718 631 750 Lucani.
674 717 874 750 Contulimus
888 729 954 751 nos.
978 737 1021 742 —
1044 718 1106 750 Ed.
1122 719 1280 750 Mamwci
1301 718 1365 750 loco
1388 729 1488 758 supra
1510 718 1556 750 ad
1575 728 1625 750 nr.
1644 719 1707 748 168
1729 718 1825 749 citato
1842 727 1879 756 p.
1897 717 1960 747 198

301 781 350 802 nr.
368 770 409 801 10
432 780 470 801 eoe
493 780 520 801 o.

411 825 559 863 Bahmem
582 824 657 864 Rey.
675 825 788 857 Ludw.
810 836 842 865 p.
859 825 924 856 293
946 825 1115 857 Friedrich
1138 836 1188 856 nr.
1205 825 1270 855 256
1292 826 1419 864 (Addit.
1436 826 1479 862 Ι).

411 894 618 925 Fridericus²
640 894 703 925 Dei
725 895 830 935 gratia
853 893 1074 926 Romanorum
1097 904 1155 925 rex
1179 904 1308 936 semper
1330 898 1484 936 augustus
1558 893 1659 930 nobili
1681 894 1748 924 viro
1773 893 1958 924 Castruccio
1980 902 2005 921 ιο

303 946 343 978 de
369 944 606 977 Antelminellis
630 956 686 977 suo
712 949 744 977 et
766 946 894 987 imperii
917 945 1005 976 fideli
1029 945 1147 977 dilecto
1235 946 1373 986 gratiam
1397 956 1488 977 suam
1512 948 1545 977 et
1568 955 1662 976 omne
1686 944 1815 975 bonum.

411 997 543 1028 Totiens
559 998 648 1038 regie
666 996 864 1028 celsitudinis
880 999 1043 1038 sceptrum
1066 996 1162 1027 altius
1178 996 1344 1027 extollitur
1365 1000 1398 1028 et
1412 997 1512 1038 ipsius
1529 999 1631 1028 status
1646 995 1779 1027 solidius
1794 994 1960 1035 solidatur,

303 1048 452 1090 quotiens
474 1047 618 1079 fidelium
647 1047 864 1079 subiectorum
887 1051 963 1079 vota
986 1047 1126 1088 benigno
1155 1048 1361 1089 prosequitur
1383 1048 1502 1079 affectu
1525 1051 1558 1079 et
1580 1047 1623 1079 ad
1645 1048 1786 1089 ipsorum
1810 1047 1879 1078 iura
1903 1046 1960 1078 ob-

303 1099 462 1131 servanda
487 1102 518 1130 et
541 1099 663 1140 gratias
685 1098 870 1140 largiendas
893 1098 1034 1140 benigna
1056 1099 1209 1140 principis
1233 1099 1406 1130 clementia
1427 1099 1596 1130 invenitur.
1646 1099 1727 1130 Cum
1751 1098 1835 1130 enim
1859 1097 1961 1139 gloria

302 1152 369 1182 sive
393 1150 591 1192 principatus
614 1150 759 1191 potentia
782 1151 814 1180 in
837 1149 1052 1181 subiectorum
1076 1150 1228 1191 precipue
1252 1150 1406 1181 consistat
1434 1149 1573 1181 solidata
1596 1149 1763 1190 fortunisb,
1784 1148 1962 1189 expediens
1980 1159 2004 1178 ιο

302 1202 496 1234 arbitramur
519 1203 552 1232 et
575 1201 769 1240 condecens,
800 1205 835 1232 ut
865 1202 963 1232 simus
994 1200 1130 1232 subditis
1158 1204 1191 1233 et
1218 1201 1250 1232 in
1277 1202 1399 1232 iustitia
1428 1202 1540 1233 faciles
1563 1201 1649 1232 etin
1673 1200 1778 1242 gratia
1800 1199 1960 1231 liberales.

303 1253 480 1294 Cupientes
503 1252 601 1294 igitur
623 1254 854 1294 premissorum
878 1252 1150 1294 contemplatione
1175 1257 1229 1284 tue
1258 1253 1514 1284 constantissime
1542 1252 1618 1284 fidei
1641 1252 1814 1294 puritatem
1841 1254 1961 1292 tueque

302 1314 440 1346 persone
464 1303 679 1345 approbatam
702 1303 904 1343 fidelitatem,
929 1315 1026 1346 quam
1046 1304 1088 1335 ad
1104 1305 1419 1346 augmentationemc
1434 1304 1535 1335 nostri
1550 1303 1697 1336 culminis
1715 1305 1961 1344 nostrorumque

303 1355 569 1397 predecessorum
601 1366 638 1386 ac
669 1356 751 1386 sacri
779 1355 918 1387 Romani
946 1356 1073 1397 imperii
1102 1355 1364 1388 sublimationem
1393 1367 1413 1387 a
1435 1356 1539 1398 longis
1569 1355 1736 1388 retroactis
1763 1353 1962 1396 temporibus

301 1407 521 1438 fidelissimam
545 1416 674 1447 semper
696 1407 875 1438 invenimus
899 1410 932 1438 et
955 1406 1117 1446 devotam,
1142 1406 1309 1449 condignis
1332 1407 1577 1449 retributionum
1600 1407 1732 1448 premiis
1755 1406 1818 1437 tuis
1839 1404 1963 1437 meritis
1980 1413 2008 1434 no

302 1458 524 1499 multipliciter
547 1457 752 1499 exigentibus
775 1459 936 1500 premiare
961 1469 998 1490 ac
1022 1458 1167 1500 spetialis
1189 1459 1293 1500 gratie
1311 1459 1480 1500 privilegio
1496 1458 1695 1500 benignitate
1710 1458 1801 1500 regia
1815 1457 1962 1499 largiflue

301 1509 480 1549 honorare,
513 1512 544 1540 te
569 1513 734 1551 tamquam
758 1509 864 1550 illum,
896 1510 927 1540 in
952 1521 1015 1552 quo
1044 1521 1168 1542 summe
1196 1513 1306 1542 nostra
1333 1510 1465 1542 confidit
1492 1510 1746 1551 magnificentia,
1773 1509 1806 1540 in
1832 1508 1962 1540 civitate

302 1562 434 1593 Lucana
458 1562 591 1605 eiusque
609 1561 754 1592 districtu
777 1572 835 1593 sex
851 1562 1060 1593 miliariorum
1085 1565 1118 1593 et
1133 1561 1389 1594 suburbanorum
1404 1561 1457 1592 vel
1473 1562 1563 1603 quasi
1586 1564 1620 1592 et
1634 1561 1805 1602 provinciis
1819 1559 1960 1591 Vallium

303 1612 442 1653 Nebule,
466 1613 587 1644 Ariane
610 1616 643 1644 et
658 1613 772 1644 Lime‘¹
789 1617 821 1645 et
839 1614 931 1645 terris
947 1614 1063 1645 civium
1080 1613 1344 1655 Garfagnane⁰›1‚
1369 1613 1461 1644 terris
1485 1623 1548 1654 que
1572 1612 1719 1643 dicuntur
1733 1611 1929 1642 Blancorum
1937 1609 1960 1650 ²,

303 1664 465 1696 Verucola
481 1665 677 1695 Bossorum³
695 1668 727 1696 et
751 1665 819 1696 eius
843 1666 940 1703 curia,
964 1666 1156 1707 Lunigiana,
1179 1665 1287 1696 Massa
1304 1667 1337 1696 et
1352 1664 1501 1704 Versilia,
1521 1662 1678 1695 Seravalli
1694 1672 1767 1693 cum
1782 1662 1853 1693 aliis
1867 1661 1961 1693 terris
1979 1670 2004 1690 ἐ

304 1716 404 1756 partis
436 1716 614 1756 imperialis
637 1715 768 1747 Pistorii
795 1716 948 1747 subiectis
977 1716 1035 1747 tibi
1064 1720 1098 1747 et
1120 1716 1216 1747 Valle
1240 1716 1339 1747 Arni²
1369 1726 1442 1747 cum
1469 1725 1558 1746 mero
1587 1718 1620 1745 et
1642 1714 1743 1745 mixto
1767 1713 1903 1755 imperio
1928 1716 1967 1757 et.

305 1766 452 1798 omnibus
475 1766 737 1807 iurisditionibus,
762 1767 893 1807 iuribus,
917 1767 1090 1798 honoribus
1114 1771 1147 1798 et
1168 1767 1359 1798 utilitatibus
1381 1767 1456 1806 suis,
1480 1776 1552 1797 cum
1575 1765 1679 1803 territi,
1702 1765 1839 1806 pascuis,
1863 1764 1960 1804 silvis,

303 1817 538 1858 venationibus,
555 1818 664 1859 pratia,
689 1818 883 1858 nemoribus,
907 1818 1088 1859 paludibus,
1112 1818 1280 1858 theloneis,
1303 1817 1495 1857 fluminibus,
1519 1818 1620 1858 aquis,
1643 1827 1799 1858 aquarum
1818 1816 1959 1847 decursi-

304 1868 377 1908 bus,
412 1868 642 1909 piscationibus
673 1874 706 1899 et
735 1869 851 1899 ceteris
880 1869 1081 1909 pertinentiis
1113 1869 1273 1909 omnibus,
1307 1879 1498 1910 quocunque
1527 1869 1656 1899 nomine
1690 1870 1893 1908 censeantur,
1927 1867 1959 1898 in

303 1918 373 1960 ipsa
390 1920 518 1950 civitate
544 1920 675 1960 eiusque
700 1919 843 1950 districtu
867 1920 1120 1951 suburbanorum
1145 1923 1178 1950 et
1201 1930 1259 1951 sex
1279 1920 1489 1951 miliariorum
1505 1919 1557 1951 vel
1573 1920 1675 1960 quasi,
1698 1919 1802 1959 terris,
1824 1918 1960 1949 vallibus
1979 1928 2004 1948 so

305 1973 338 2001 et
361 1970 522 2001 montibus
553 1980 590 2001 ac
614 1970 692 2001 locis
716 1970 907 2011 supradictis
935 1970 977 2001 ad
1004 1971 1174 2012 imperium
1205 1970 1246 2002 de
1274 1972 1343 2002 iure
1366 1970 1584 2012 spectantibus
1610 1974 1753 2002 nostrum
1777 1974 1810 2001 et
1832 1970 1959 2011 imperii

304 2022 491 2063 generalem
504 2022 659 2052 vicarium
675 2032 776 2062 usque
793 2021 835 2052 ad
851 2025 992 2053 nostrum
1017 2025 1050 2053 et
1065 2022 1192 2063 imperii
1208 2022 1445 2063 beneplacitum
1470 2022 1509 2054 de
1533 2023 1665 2063 speciali
1683 2023 1786 2063 gratia
1803 2025 1835 2053 et
1850 2024 1958 2052 nostre

304 2072 507 2103 liberalitatis
529 2072 748 2103 munificentia
778 2073 998 2104 constituimus
1027 2084 1085 2114 per
1113 2076 1296 2114 presentes,
1323 2077 1359 2104 ut
1386 2073 1520 2115 proinde
1545 2074 1628 2105 circa
1651 2085 1709 2105 nos
1733 2076 1765 2105 et
1788 2073 1959 2114 imperium

305 2122 446 2153 delectet
468 2126 499 2154 te
523 2124 653 2154 maioris
677 2123 885 2154 solicitudinis
901 2124 1006 2155 studio
1022 2124 1165 2166 vigilare.
1210 2124 1283 2156 Tibi
1306 2125 1529 2156 nichilominus
1551 2125 1768 2166 indulgemus,
1791 2127 1827 2156 ut
1849 2124 1960 2156 huius-

304 2173 393 2204 modi
405 2183 529 2204 merum
543 2176 575 2204 et
587 2174 723 2204 mixtum
735 2175 906 2215 imperium
919 2176 1021 2216 possis
1035 2179 1068 2206 et
1080 2175 1188 2207 valeas
1201 2186 1260 2216 per
1272 2179 1303 2207 te
1317 2176 1367 2207 vel
1380 2176 1477 2207 alium
1491 2179 1546 2207 aut
1557 2176 1636 2207 alios
1650 2186 1812 2207 exercere.
1871 2175 1960 2207 Nulli
1978 2186 2003 2206 ss

307 2234 385 2265 ergo
403 2225 531 2255 omnino
548 2225 712 2256 hominum
728 2226 826 2257 liceat
841 2226 922 2258 hanc
939 2228 1091 2268 paginam
1111 2231 1218 2258 nostre
1235 2228 1448 2259 concessionis
1472 2230 1505 2258 et
1527 2228 1761 2258 constitutionis
1783 2227 1959 2269 infringere

305 2278 361 2306 aut
385 2276 414 2306 ei
438 2286 517 2306 ausu
541 2277 712 2307 temerario
737 2278 904 2309 contraire.
957 2278 991 2309 Si
1018 2279 1088 2320 quis
1115 2282 1223 2310 autem
1247 2279 1307 2310 hoc
1331 2283 1524 2320 attemptare
1548 2279 1788 2320 presumpserit,
1811 2279 1959 2322 indigna-

306 2327 427 2357 tionem
450 2329 591 2358 nostram
617 2330 650 2358 et
672 2338 789 2368 penam
814 2330 1060 2370 quingentarum
1084 2329 1236 2362 librarum
1262 2331 1330 2362 auri
1353 2341 1411 2372 pro
1428 2330 1561 2361 dimidia
1578 2334 1670 2371 parte
1693 2330 1770 2362 fisco
1794 2334 1902 2362 nostro
1927 2334 1960 2362 et

306 2387 364 2417 pro
389 2377 514 2418 reliqua
538 2377 669 2409 dimidia
691 2389 785 2420 passo
810 2380 957 2411 iniuriam
980 2381 1205 2412 solvendarum
1229 2392 1263 2412 se
1287 2383 1411 2413 noverit
1434 2383 1642 2413 incursurum.
1734 2382 1773 2413 In
1800 2383 1890 2413 cuius
1912 2383 1959 2414 rei

305 2428 521 2459 testimonium
533 2433 698 2470 presentes
709 2430 832 2461 litteras
844 2431 960 2462 exinde
973 2432 1127 2463 conscribi
1139 2436 1172 2464 et
1184 2437 1290 2464 nostre
1299 2434 1476 2465 maiestatis
1487 2433 1591 2474 sigillo
1602 2434 1751 2464 iussimus
1760 2434 1957 2465 communiri.
1976 2443 2003 2462 ω

413 2479 486 2561 ξῗῢ.
503 2480 588 2521 apud
611 2480 818 2521 Lfintzamf<n
843 2482 885 2513 ΙΙ.
903 2482 1012 2514 Nonas
1028 2484 1159 2525 Aprilis,
1183 2495 1266 2515 anno
1283 2484 1413 2515 Domini
1428 2484 1622 2525 MGOCXX,
1645 2486 1736 2526 regni
1759 2495 1835 2516 vero
1859 2486 1958 2516 nostri

306 2540 389 2560 anno
464 2555 470 2561 .

408 2597 475 2624 570.
502 2598 525 2632 Β)
538 2601 674 2626 Federicus
687 2610 707 2626 c.
777 2601 802 2633 b)
816 2603 911 2628 sorcius
924 2612 943 2628 c.
1013 2603 1036 2635 ο)
1049 2605 1303 2636 augumentationem
1317 2614 1338 2630 c.
1408 2603 1433 2637 d)
1446 2605 1474 2630 in
1487 2605 1541 2630 loco
1554 2614 1615 2630 raso
1628 2614 1651 2630 c.
1722 2605 1744 2638 θ)
1757 2607 1924 2639 Garfagnana
1936 2615 1957 2632 c.

304 2639 324 2673 s)
343 2639 470 2666 Luiitzam
489 2650 510 2667 c.

410 2692 435 2725 1)
461 2691 502 2724 C'f.
524 2700 610 2725 supra
633 2695 693 2718 tom.
711 2693 759 2719 IV
776 2703 841 2728 pay.
864 2699 913 2722 879
921 2704 974 2729 sqq.
1071 2697 1097 2730 2)
1125 2696 1166 2729 Cf.
1186 2697 1292 2731 Repetti
1311 2698 1484 2724 ‘fflwnario
1503 2698 1650 2733 yeoqrafi'oo
1670 2698 1746 2731 fir-sico
1769 2699 1866 2725 sitrico
1887 2698 1956 2725 della
1973 2709 2000 2728 45

308 2733 442 2759 Toscana’
467 2735 530 2766 III,
550 2738 598 2761 326
622 2735 653 2760 in
676 2739 727 2762 art.
748 2737 842 2764 Monte
867 2738 1040 2765 de’Bianchi
1069 2740 1136 2773 (ναὶ
1153 2740 1182 2766 di
1199 2740 1322 2775 Mayra).
1422 2741 1448 2774 3)
1474 2741 1618 2767 Verruaeola
1636 2740 1704 2767 Bou·
1728 2749 1745 2767 ο
1764 2741 1793 2768 dn·
1811 2741 1957 2768 Fivt‘mno

307 2775 375 2810 (Val
392 2776 420 2802 di
439 2777 560 2810 Magna),
581 2777 685 2811 Bepetti
703 2779 732 2812 V,
746 2783 798 2806 701.
886 2782 913 2815 4>
935 2782 973 2814 Cf.
992 2782 1118 2816 Βόὴνηεν,
1138 2783 1202 2817 Rey.
1217 2783 1313 2810 Ludw.
1329 2792 1357 2817 p.
1371 2787 1422 2810 423
1440 2783 1476 2810 ad
1490 2792 1552 2818 paq.
1566 2787 1615 2810 293
1633 2791 1675 2811 nr.
1688 2787 1741 2810 256.
