<?xml version="1.0" encoding="UTF-8"?>
<!DOCTYPE html PUBLIC "-//W3C//DTD XHTML 1.0 Transitional//EN"
    "http://www.w3.org/TR/xhtml1/DTD/xhtml1-transitional.dtd">
<html xmlns="http://www.w3.org/1999/xhtml" xml:lang="en" lang="en">
 <head>
  <title>
</title>
<meta http-equiv="Content-Type" content="text/html;charset=utf-8" />
  <meta name='ocr-system' content='tesseract 3.04.00' />
  <meta name='ocr-capabilities' content='ocr_page ocr_carea ocr_par ocr_line ocrx_word'/>
</head>
<body>
  <div class='ocr_page' id='page_1' title='image "./monumentagerma05geseuoft_0855.png"; bbox 0 0 2184 3126; ppageno 0'>
   <div class='ocr_carea' id='block_1_1' title="bbox 421 185 1808 235">
    <p class='ocr_par' dir='ltr' id='par_1_1' title="bbox 421 185 1808 235">
     <span class='ocr_line' id='line_1_1' title="bbox 421 185 1808 235; baseline -0.001 -3"><span class='ocrx_word' id='word_1_1' title='bbox 421 203 518 232; x_wconf 76' lang='lat' dir='ltr'>ACTA</span> <span class='ocrx_word' id='word_1_2' title='bbox 536 203 649 231; x_wconf 83' lang='lat' dir='ltr'><strong>REGNI</strong></span> <span class='ocrx_word' id='word_1_3' title='bbox 668 202 852 231; x_wconf 84' lang='lat' dir='ltr'><strong>LUDEWICI</strong></span> <span class='ocrx_word' id='word_1_4' title='bbox 872 201 919 230; x_wconf 83' lang='lat' dir='ltr'><strong>lv.</strong></span> <span class='ocrx_word' id='word_1_5' title='bbox 938 202 983 230; x_wconf 80' lang='grc' dir='ltr'><strong>ΕΤ</strong></span> <span class='ocrx_word' id='word_1_6' title='bbox 1003 201 1187 230; x_wconf 79' lang='lat' dir='ltr'><strong>FRIDERICI</strong></span> <span class='ocrx_word' id='word_1_7' title='bbox 1208 201 1256 228; x_wconf 91' lang='lat'><em>111.</em></span> <span class='ocrx_word' id='word_1_8' title='bbox 1294 201 1368 229; x_wconf 83' lang='lat'><strong>1324.</strong></span> <span class='ocrx_word' id='word_1_9' title='bbox 1406 201 1453 228; x_wconf 66' lang='grc' dir='ltr'><strong>Νι.</strong></span> <span class='ocrx_word' id='word_1_10' title='bbox 1472 203 1531 230; x_wconf 78' lang='grc'>977.</span> <span class='ocrx_word' id='word_1_11' title='bbox 1678 185 1685 190; x_wconf 41' lang='lat'><em>¹</em></span> <span class='ocrx_word' id='word_1_12' title='bbox 1747 206 1808 235; x_wconf 67' lang='lat'><strong>*915</strong></span> 
     </span>
    </p>
   </div>
   <div class='ocr_carea' id='block_1_2' title="bbox 124 288 1809 539">
    <p class='ocr_par' dir='ltr' id='par_1_2' title="bbox 153 288 1809 333">
     <span class='ocr_line' id='line_1_2' title="bbox 153 288 1809 333; baseline -0.001 -11"><span class='ocrx_word' id='word_1_13' title='bbox 153 290 277 322; x_wconf 78' lang='lat' dir='ltr'><strong>litteras</strong></span> <span class='ocrx_word' id='word_1_14' title='bbox 307 293 451 323; x_wconf 88' lang='lat' dir='ltr'><strong>tenorem</strong></span> <span class='ocrx_word' id='word_1_15' title='bbox 474 290 689 333; x_wconf 85' lang='lat' dir='ltr'><strong>predictarum</strong></span> <span class='ocrx_word' id='word_1_16' title='bbox 713 290 892 322; x_wconf 89' lang='lat' dir='ltr'><strong>litterarum</strong></span> <span class='ocrx_word' id='word_1_17' title='bbox 920 289 1168 332; x_wconf 86' lang='lat' dir='ltr'><strong>apostolicarum</strong></span> <span class='ocrx_word' id='word_1_18' title='bbox 1192 289 1233 321; x_wconf 90' lang='lat' dir='ltr'><strong>de</strong></span> <span class='ocrx_word' id='word_1_19' title='bbox 1257 289 1355 321; x_wconf 81' lang='lat' dir='ltr'><strong>verbo</strong></span> <span class='ocrx_word' id='word_1_20' title='bbox 1384 288 1427 321; x_wconf 85' lang='lat' dir='ltr'><strong>nd</strong></span> <span class='ocrx_word' id='word_1_21' title='bbox 1450 289 1583 321; x_wconf 78' lang='lat' dir='ltr'><strong>verbum</strong></span> <span class='ocrx_word' id='word_1_22' title='bbox 1607 290 1809 321; x_wconf 77' lang='lat' dir='ltr'><strong>continentes</strong></span> 
     </span>
    </p>

    <p class='ocr_par' dir='ltr' id='par_1_3' title="bbox 153 340 1808 384">
     <span class='ocr_line' id='line_1_3' title="bbox 153 340 1808 384; baseline -0.001 -11"><span class='ocrx_word' id='word_1_23' title='bbox 153 341 284 374; x_wconf 90' lang='lat' dir='ltr'><strong>domino</strong></span> <span class='ocrx_word' id='word_1_24' title='bbox 314 365 321 374; x_wconf 85' lang='lat'><strong>.</strong></span> <span class='ocrx_word' id='word_1_25' title='bbox 339 365 346 373; x_wconf 95' lang='lat'>.</span> <span class='ocrx_word' id='word_1_26' title='bbox 375 341 535 384; x_wconf 84' lang='lat' dir='ltr'>subpriori</span> <span class='ocrx_word' id='word_1_27' title='bbox 562 342 696 374; x_wconf 77' lang='lat' dir='ltr'><strong>fratrum</strong></span> <span class='ocrx_word' id='word_1_28' title='bbox 723 341 969 373; x_wconf 87' lang='lat' dir='ltr'><strong>Predicatorum</strong></span> <span class='ocrx_word' id='word_1_29' title='bbox 996 340 1111 373; x_wconf 88' lang='lat' dir='ltr'><strong>domus</strong></span> <span class='ocrx_word' id='word_1_30' title='bbox 1139 340 1342 373; x_wconf 87' lang='lat' dir='ltr'><strong>Coloniensis</strong></span> <span class='ocrx_word' id='word_1_31' title='bbox 1371 340 1492 372; x_wconf 86' lang='lat' dir='ltr'><strong>ibidem</strong></span> <span class='ocrx_word' id='word_1_32' title='bbox 1521 341 1663 382; x_wconf 82' lang='lat' dir='ltr'><strong>presenti</strong></span> <span class='ocrx_word' id='word_1_33' title='bbox 1692 346 1723 372; x_wconf 89' lang='lat' dir='ltr'><strong>et</strong></span> <span class='ocrx_word' id='word_1_34' title='bbox 1753 352 1808 373; x_wconf 75' lang='lat' dir='ltr'><strong>ens</strong></span> 
     </span>
    </p>

    <p class='ocr_par' dir='ltr' id='par_1_4' title="bbox 153 391 1807 435">
     <span class='ocr_line' id='line_1_4' title="bbox 153 391 1807 435; baseline -0.001 -11"><span class='ocrx_word' id='word_1_35' title='bbox 153 393 321 435; x_wconf 83' lang='lat' dir='ltr'><strong>recipienti</strong></span> <span class='ocrx_word' id='word_1_36' title='bbox 344 392 545 425; x_wconf 87' lang='lat' dir='ltr'><strong>tradiderunt</strong></span> <span class='ocrx_word' id='word_1_37' title='bbox 567 393 634 425; x_wconf 90' lang='lat' dir='ltr'><strong>sive</strong></span> <span class='ocrx_word' id='word_1_38' title='bbox 656 392 740 424; x_wconf 89' lang='lat' dir='ltr'><strong>tradi</strong></span> <span class='ocrx_word' id='word_1_39' title='bbox 763 392 918 425; x_wconf 85' lang='lat' dir='ltr'><strong>fecerunt.</strong></span> <span class='ocrx_word' id='word_1_40' title='bbox 964 392 1088 430; x_wconf 82' lang='lat' dir='ltr'><strong>Quibus</strong></span> <span class='ocrx_word' id='word_1_41' title='bbox 1103 391 1235 435; x_wconf 90' lang='lat' dir='ltr'><strong>quidem</strong></span> <span class='ocrx_word' id='word_1_42' title='bbox 1258 392 1438 424; x_wconf 87' lang='lat' dir='ltr'><strong>litterarum</strong></span> <span class='ocrx_word' id='word_1_43' title='bbox 1462 392 1563 434; x_wconf 86' lang='lat' dir='ltr'><strong>copiis</strong></span> <span class='ocrx_word' id='word_1_44' title='bbox 1586 391 1691 424; x_wconf 84' lang='lat' dir='ltr'><strong>littere</strong></span> <span class='ocrx_word' id='word_1_45' title='bbox 1716 403 1807 424; x_wconf 85' lang='lat' dir='ltr'><strong>reve-</strong></span> 
     </span>
    </p>

    <p class='ocr_par' dir='ltr' id='par_1_5' title="bbox 124 442 1808 539">
     <span class='ocr_line' id='line_1_5' title="bbox 153 442 1808 487; baseline 0.001 -12"><span class='ocrx_word' id='word_1_46' title='bbox 153 443 245 476; x_wconf 89' lang='lat' dir='ltr'><strong>rendi</strong></span> <span class='ocrx_word' id='word_1_47' title='bbox 268 445 368 486; x_wconf 86' lang='lat' dir='ltr'><strong>patris</strong></span> <span class='ocrx_word' id='word_1_48' title='bbox 391 448 424 476; x_wconf 88' lang='lat' dir='ltr'><strong>et</strong></span> <span class='ocrx_word' id='word_1_49' title='bbox 456 444 576 476; x_wconf 90' lang='lat' dir='ltr'><strong>domini</strong></span> <span class='ocrx_word' id='word_1_50' title='bbox 603 444 725 476; x_wconf 91' lang='lat' dir='ltr'><strong>domini</strong></span> <span class='ocrx_word' id='word_1_51' title='bbox 747 444 910 487; x_wconf 87' lang='lat' dir='ltr'><strong>H(enriei)</strong></span> <span class='ocrx_word' id='word_1_52' title='bbox 940 443 1176 487; x_wconf 86' lang='lat' dir='ltr'><strong>archiepiscopi</strong></span> <span class='ocrx_word' id='word_1_53' title='bbox 1199 442 1400 477; x_wconf 85' lang='lat' dir='ltr'><strong>Goloniensis</strong></span> <span class='ocrx_word' id='word_1_54' title='bbox 1427 447 1519 476; x_wconf 88' lang='lat' dir='ltr'><strong>erant</strong></span> <span class='ocrx_word' id='word_1_55' title='bbox 1546 443 1714 483; x_wconf 81' lang='lat' dir='ltr'><strong>transfixe,</strong></span> <span class='ocrx_word' id='word_1_56' title='bbox 1746 454 1808 486; x_wconf 86' lang='lat' dir='ltr'><strong>quc</strong></span> 
     </span>
     <span class='ocr_line' id='line_1_6' title="bbox 124 494 1429 539; baseline 0.001 -13"><span class='ocrx_word' id='word_1_57' title='bbox 124 506 136 526; x_wconf 73' lang='grc' dir='ltr'><strong>υ</strong></span> <span class='ocrx_word' id='word_1_58' title='bbox 155 494 260 537; x_wconf 84' lang='lat' dir='ltr'><strong>sigillo</strong></span> <span class='ocrx_word' id='word_1_59' title='bbox 284 506 341 526; x_wconf 88' lang='lat' dir='ltr'><strong>suo</strong></span> <span class='ocrx_word' id='word_1_60' title='bbox 365 495 478 527; x_wconf 90' lang='lat' dir='ltr'><strong>maiori</strong></span> <span class='ocrx_word' id='word_1_61' title='bbox 502 499 594 528; x_wconf 88' lang='lat' dir='ltr'><strong>erant</strong></span> <span class='ocrx_word' id='word_1_62' title='bbox 616 496 766 539; x_wconf 77' lang='lat' dir='ltr'><strong>sigillata,</strong></span> <span class='ocrx_word' id='word_1_63' title='bbox 790 495 830 528; x_wconf 88' lang='lat' dir='ltr'><strong>de</strong></span> <span class='ocrx_word' id='word_1_64' title='bbox 853 495 952 528; x_wconf 89' lang='lat' dir='ltr'><strong>verbo</strong></span> <span class='ocrx_word' id='word_1_65' title='bbox 975 495 1017 527; x_wconf 86' lang='lat' dir='ltr'><strong>ad</strong></span> <span class='ocrx_word' id='word_1_66' title='bbox 1041 494 1175 527; x_wconf 86' lang='lat' dir='ltr'><strong>verbum</strong></span> <span class='ocrx_word' id='word_1_67' title='bbox 1198 495 1271 527; x_wconf 89' lang='lat' dir='ltr'><strong>talis</strong></span> <span class='ocrx_word' id='word_1_68' title='bbox 1294 496 1429 528; x_wconf 89' lang='lat' dir='ltr'><strong>tenoris:</strong></span> 
     </span>
    </p>
   </div>
   <div class='ocr_carea' id='block_1_3' title="bbox 260 554 1560 598">
    <p class='ocr_par' dir='ltr' id='par_1_6' title="bbox 260 554 1560 598">
     <span class='ocr_line' id='line_1_7' title="bbox 260 554 1560 598; baseline 0.001 -12"><span class='ocrx_word' id='word_1_69' title='bbox 260 554 433 587; x_wconf 84' lang='lat' dir='ltr'><strong>‘Henricus</strong></span> <span class='ocrx_word' id='word_1_70' title='bbox 455 555 518 588; x_wconf 89' lang='lat' dir='ltr'><strong>Dei</strong></span> <span class='ocrx_word' id='word_1_71' title='bbox 540 557 646 598; x_wconf 85' lang='lat' dir='ltr'><strong>gratia</strong></span> <span class='ocrx_word' id='word_1_72' title='bbox 669 558 778 588; x_wconf 86' lang='lat' dir='ltr'><strong>sancte</strong></span> <span class='ocrx_word' id='word_1_73' title='bbox 796 574 830 579; x_wconf 98' lang='lat'><strong>—</strong></span> <span class='ocrx_word' id='word_1_74' title='bbox 847 555 972 588; x_wconf 86' lang='lat' dir='ltr'><strong>decimo</strong></span> <span class='ocrx_word' id='word_1_75' title='bbox 996 559 1110 588; x_wconf 87' lang='lat' dir='ltr'><strong>octavo</strong></span> <span class='ocrx_word' id='word_1_76' title='bbox 1134 555 1300 588; x_wconf 86' lang='lat' dir='ltr'><strong>Kalendas</strong></span> <span class='ocrx_word' id='word_1_77' title='bbox 1323 555 1560 598; x_wconf 79' lang='lat' dir='ltr'><strong>Septembris’1.</strong></span> 
     </span>
    </p>
   </div>
   <div class='ocr_carea' id='block_1_4' title="bbox 111 615 1811 1071">
    <p class='ocr_par' dir='ltr' id='par_1_7' title="bbox 124 615 1810 762">
     <span class='ocr_line' id='line_1_8' title="bbox 124 615 1808 658; baseline 0.001 -11"><span class='ocrx_word' id='word_1_78' title='bbox 124 654 125 657; x_wconf 11' lang='grc' dir='ltr'><strong>Ἴ</strong></span> <span class='ocrx_word' id='word_1_79' title='bbox 261 615 346 648; x_wconf 91' lang='lat' dir='ltr'><strong>Item</strong></span> <span class='ocrx_word' id='word_1_80' title='bbox 369 615 490 648; x_wconf 91' lang='lat' dir='ltr'><strong>similes</strong></span> <span class='ocrx_word' id='word_1_81' title='bbox 513 616 622 658; x_wconf 87' lang='lat' dir='ltr'><strong>copias</strong></span> <span class='ocrx_word' id='word_1_82' title='bbox 651 616 718 649; x_wconf 91' lang='lat' dir='ltr'><strong>sive</strong></span> <span class='ocrx_word' id='word_1_83' title='bbox 747 616 871 648; x_wconf 87' lang='lat' dir='ltr'><strong>litteras</strong></span> <span class='ocrx_word' id='word_1_84' title='bbox 898 616 1018 649; x_wconf 88' lang='lat' dir='ltr'><strong>tenoris</strong></span> <span class='ocrx_word' id='word_1_85' title='bbox 1048 616 1246 658; x_wconf 87' lang='lat' dir='ltr'><strong>prefatamm</strong></span> <span class='ocrx_word' id='word_1_86' title='bbox 1276 615 1455 648; x_wconf 87' lang='lat' dir='ltr'><strong>litterarum</strong></span> <span class='ocrx_word' id='word_1_87' title='bbox 1487 616 1738 658; x_wconf 85' lang='lat' dir='ltr'><strong>apostolicarum</strong></span> <span class='ocrx_word' id='word_1_88' title='bbox 1768 616 1808 648; x_wconf 92' lang='lat' dir='ltr'><strong>dc</strong></span> 
     </span>
     <span class='ocr_line' id='line_1_9' title="bbox 153 666 1808 710; baseline 0 -11"><span class='ocrx_word' id='word_1_89' title='bbox 153 667 252 704; x_wconf 84' lang='lat' dir='ltr'><strong>verbo</strong></span> <span class='ocrx_word' id='word_1_90' title='bbox 275 666 316 699; x_wconf 90' lang='lat' dir='ltr'><strong>ad</strong></span> <span class='ocrx_word' id='word_1_91' title='bbox 333 667 467 699; x_wconf 82' lang='lat' dir='ltr'><strong>verbum</strong></span> <span class='ocrx_word' id='word_1_92' title='bbox 488 668 688 699; x_wconf 80' lang='lat' dir='ltr'><strong>continentes</strong></span> <span class='ocrx_word' id='word_1_93' title='bbox 711 691 718 699; x_wconf 95' lang='lat'>.</span> <span class='ocrx_word' id='word_1_94' title='bbox 737 692 743 700; x_wconf 91' lang='lat'>.</span> <span class='ocrx_word' id='word_1_95' title='bbox 767 667 982 710; x_wconf 82' lang='lat' dir='ltr'><strong>subgardiano</strong></span> <span class='ocrx_word' id='word_1_96' title='bbox 1006 667 1140 699; x_wconf 80' lang='lat' dir='ltr'><strong>fratrum</strong></span> <span class='ocrx_word' id='word_1_97' title='bbox 1156 668 1316 700; x_wconf 86' lang='lat' dir='ltr'><strong>Minorum</strong></span> <span class='ocrx_word' id='word_1_98' title='bbox 1341 667 1455 699; x_wconf 89' lang='lat' dir='ltr'><strong>domus</strong></span> <span class='ocrx_word' id='word_1_99' title='bbox 1470 667 1672 700; x_wconf 88' lang='lat' dir='ltr'><strong>Coloniensis</strong></span> <span class='ocrx_word' id='word_1_100' title='bbox 1688 667 1808 700; x_wconf 81' lang='lat' dir='ltr'><strong>ibidem</strong></span> 
     </span>
     <span class='ocr_line' id='line_1_10' title="bbox 153 718 1810 762; baseline 0.001 -12"><span class='ocrx_word' id='word_1_101' title='bbox 153 718 295 762; x_wconf 84' lang='lat' dir='ltr'><strong>presenti</strong></span> <span class='ocrx_word' id='word_1_102' title='bbox 322 722 354 751; x_wconf 89' lang='lat' dir='ltr'><strong>et</strong></span> <span class='ocrx_word' id='word_1_103' title='bbox 377 729 434 752; x_wconf 84' lang='lat' dir='ltr'><strong>eas</strong></span> <span class='ocrx_word' id='word_1_104' title='bbox 455 719 622 761; x_wconf 79' lang='lat' dir='ltr'><strong>recipienti</strong></span> <span class='ocrx_word' id='word_1_105' title='bbox 646 718 848 752; x_wconf 86' lang='lat' dir='ltr'><strong>tradiderunt</strong></span> <span class='ocrx_word' id='word_1_106' title='bbox 870 718 938 751; x_wconf 89' lang='lat' dir='ltr'><strong>sive</strong></span> <span class='ocrx_word' id='word_1_107' title='bbox 962 718 1045 751; x_wconf 87' lang='lat' dir='ltr'><strong>tradi</strong></span> <span class='ocrx_word' id='word_1_108' title='bbox 1067 719 1222 751; x_wconf 88' lang='lat' dir='ltr'><strong>fecerunt.</strong></span> <span class='ocrx_word' id='word_1_109' title='bbox 1269 719 1392 756; x_wconf 78' lang='lat' dir='ltr'><strong>Quibus</strong></span> <span class='ocrx_word' id='word_1_110' title='bbox 1416 719 1523 751; x_wconf 89' lang='lat' dir='ltr'><strong>littere</strong></span> <span class='ocrx_word' id='word_1_111' title='bbox 1547 719 1665 762; x_wconf 88' lang='lat' dir='ltr'><strong>prefati</strong></span> <span class='ocrx_word' id='word_1_112' title='bbox 1688 720 1810 752; x_wconf 86' lang='lat' dir='ltr'><strong>domini</strong></span> 
     </span>
    </p>

    <p class='ocr_par' dir='ltr' id='par_1_8' title="bbox 111 769 1811 1019">
     <span class='ocr_line' id='line_1_11' title="bbox 111 769 1809 813; baseline 0.001 -11"><span class='ocrx_word' id='word_1_113' title='bbox 111 779 136 800; x_wconf 82' lang='grc' dir='ltr'><strong>ιο</strong></span> <span class='ocrx_word' id='word_1_114' title='bbox 154 770 390 813; x_wconf 85' lang='lat' dir='ltr'><strong>archiepiscopi</strong></span> <span class='ocrx_word' id='word_1_115' title='bbox 411 769 613 803; x_wconf 82' lang='lat' dir='ltr'><strong>Coloniensis</strong></span> <span class='ocrx_word' id='word_1_116' title='bbox 635 781 693 802; x_wconf 93' lang='lat' dir='ltr'><strong>suo</strong></span> <span class='ocrx_word' id='word_1_117' title='bbox 721 770 827 813; x_wconf 81' lang='lat' dir='ltr'><strong>sigillo</strong></span> <span class='ocrx_word' id='word_1_118' title='bbox 856 769 995 812; x_wconf 80' lang='lat' dir='ltr'><strong>sigillata</strong></span> <span class='ocrx_word' id='word_1_119' title='bbox 1023 773 1115 802; x_wconf 84' lang='lat' dir='ltr'><strong>erant</strong></span> <span class='ocrx_word' id='word_1_120' title='bbox 1142 770 1294 802; x_wconf 86' lang='lat' dir='ltr'><strong>transfixe</strong></span> <span class='ocrx_word' id='word_1_121' title='bbox 1327 770 1439 802; x_wconf 88' lang='lat' dir='ltr'><strong>similis</strong></span> <span class='ocrx_word' id='word_1_122' title='bbox 1466 771 1587 803; x_wconf 77' lang='lat' dir='ltr'><strong>tenoris</strong></span> <span class='ocrx_word' id='word_1_123' title='bbox 1613 771 1672 803; x_wconf 88' lang='lat' dir='ltr'><strong>sub</strong></span> <span class='ocrx_word' id='word_1_124' title='bbox 1700 771 1809 804; x_wconf 88' lang='lat' dir='ltr'><strong>debito</strong></span> 
     </span>
     <span class='ocr_line' id='line_1_12' title="bbox 153 821 1810 866; baseline 0 -11"><span class='ocrx_word' id='word_1_125' title='bbox 153 822 256 862; x_wconf 93' lang='lat' dir='ltr'><strong>titulo,</strong></span> <span class='ocrx_word' id='word_1_126' title='bbox 281 832 343 865; x_wconf 89' lang='lat' dir='ltr'><strong>que</strong></span> <span class='ocrx_word' id='word_1_127' title='bbox 366 822 411 854; x_wconf 89' lang='lat' dir='ltr'><strong>sic</strong></span> <span class='ocrx_word' id='word_1_128' title='bbox 435 822 636 864; x_wconf 88' lang='lat' dir='ltr'><strong>inceperunt:</strong></span> <span class='ocrx_word' id='word_1_129' title='bbox 724 821 896 855; x_wconf 81' lang='lat' dir='ltr'><strong>‘Henrieus</strong></span> <span class='ocrx_word' id='word_1_130' title='bbox 917 821 981 854; x_wconf 91' lang='lat' dir='ltr'><strong>Dei</strong></span> <span class='ocrx_word' id='word_1_131' title='bbox 1002 822 1108 864; x_wconf 82' lang='lat' dir='ltr'><strong>gratia</strong></span> <span class='ocrx_word' id='word_1_132' title='bbox 1130 825 1240 854; x_wconf 86' lang='lat' dir='ltr'><strong>sancte</strong></span> <span class='ocrx_word' id='word_1_133' title='bbox 1265 821 1466 854; x_wconf 76' lang='lat' dir='ltr'><strong>coloniensis</strong></span> <span class='ocrx_word' id='word_1_134' title='bbox 1490 823 1627 855; x_wconf 83' lang='lat' dir='ltr'><strong>ecclesie</strong></span> <span class='ocrx_word' id='word_1_135' title='bbox 1650 823 1810 866; x_wconf 84' lang='lat' dir='ltr'><strong>archiepi-</strong></span> 
     </span>
     <span class='ocr_line' id='line_1_13' title="bbox 153 872 1810 917; baseline 0.001 -11"><span class='ocrx_word' id='word_1_136' title='bbox 153 884 269 916; x_wconf 80' lang='lat' dir='ltr'><strong>scopus</strong></span> <span class='ocrx_word' id='word_1_137' title='bbox 300 874 383 906; x_wconf 85' lang='lat' dir='ltr'><strong>sacri</strong></span> <span class='ocrx_word' id='word_1_138' title='bbox 410 874 536 915; x_wconf 88' lang='lat' dir='ltr'><strong>imperii</strong></span> <span class='ocrx_word' id='word_1_139' title='bbox 564 884 623 916; x_wconf 91' lang='lat' dir='ltr'><strong>per</strong></span> <span class='ocrx_word' id='word_1_140' title='bbox 649 874 779 906; x_wconf 89' lang='lat' dir='ltr'><strong>Italiam</strong></span> <span class='ocrx_word' id='word_1_141' title='bbox 811 873 1112 907; x_wconf 76' lang='lat' dir='ltr'><strong>archicancellarius</strong></span> <span class='ocrx_word' id='word_1_142' title='bbox 1223 872 1349 905; x_wconf 89' lang='lat' dir='ltr'><strong>dilectis</strong></span> <span class='ocrx_word' id='word_1_143' title='bbox 1376 874 1409 905; x_wconf 89' lang='lat' dir='ltr'><strong>in</strong></span> <span class='ocrx_word' id='word_1_144' title='bbox 1436 873 1564 907; x_wconf 84' lang='lat' dir='ltr'><strong>Christo</strong></span> <span class='ocrx_word' id='word_1_145' title='bbox 1593 875 1749 917; x_wconf 80' lang='lat' dir='ltr'><strong>gardiano</strong></span> <span class='ocrx_word' id='word_1_146' title='bbox 1777 879 1810 907; x_wconf 90' lang='lat' dir='ltr'><strong>ct</strong></span> 
     </span>
     <span class='ocr_line' id='line_1_14' title="bbox 152 924 1811 968; baseline 0 -10"><span class='ocrx_word' id='word_1_147' title='bbox 152 924 367 968; x_wconf 79' lang='lat' dir='ltr'><strong>subgardiano</strong></span> <span class='ocrx_word' id='word_1_148' title='bbox 401 928 433 957; x_wconf 89' lang='lat' dir='ltr'><strong>et</strong></span> <span class='ocrx_word' id='word_1_149' title='bbox 462 925 575 958; x_wconf 88' lang='lat' dir='ltr'><strong>lectori</strong></span> <span class='ocrx_word' id='word_1_150' title='bbox 605 926 741 958; x_wconf 76' lang='lat' dir='ltr'><strong>fratrum</strong></span> <span class='ocrx_word' id='word_1_151' title='bbox 764 926 924 958; x_wconf 85' lang='lat' dir='ltr'><strong>Minorum</strong></span> <span class='ocrx_word' id='word_1_152' title='bbox 947 924 1062 957; x_wconf 88' lang='lat' dir='ltr'><strong>domus</strong></span> <span class='ocrx_word' id='word_1_153' title='bbox 1084 924 1284 958; x_wconf 77' lang='lat' dir='ltr'><strong>coloniensis</strong></span> <span class='ocrx_word' id='word_1_154' title='bbox 1383 926 1521 968; x_wconf 81' lang='lat' dir='ltr'><strong>salutem</strong></span> <span class='ocrx_word' id='word_1_155' title='bbox 1551 927 1583 958; x_wconf 93' lang='lat' dir='ltr'><strong>in</strong></span> <span class='ocrx_word' id='word_1_156' title='bbox 1607 926 1746 958; x_wconf 89' lang='lat' dir='ltr'><strong>Domino</strong></span> <span class='ocrx_word' id='word_1_157' title='bbox 1777 930 1811 958; x_wconf 87' lang='lat' dir='ltr'><strong>et</strong></span> 
     </span>
     <span class='ocr_line' id='line_1_15' title="bbox 153 973 1809 1019; baseline 0 -9"><span class='ocrx_word' id='word_1_158' title='bbox 153 977 313 1010; x_wconf 87' lang='lat' dir='ltr'><strong>mandatis</strong></span> <span class='ocrx_word' id='word_1_159' title='bbox 336 977 521 1019; x_wconf 86' lang='lat' dir='ltr'><strong>apostolicis</strong></span> <span class='ocrx_word' id='word_1_160' title='bbox 544 977 679 1010; x_wconf 87' lang='lat' dir='ltr'><strong>firmiter</strong></span> <span class='ocrx_word' id='word_1_161' title='bbox 701 977 834 1010; x_wconf 85' lang='lat' dir='ltr'><strong>obedire</strong></span> <span class='ocrx_word' id='word_1_162' title='bbox 858 973 928 1010; x_wconf 74' lang='lat' dir='ltr'><strong>etc?</strong></span> <span class='ocrx_word' id='word_1_163' title='bbox 954 980 988 1010; x_wconf 92' lang='lat' dir='ltr'><strong>et</strong></span> <span class='ocrx_word' id='word_1_164' title='bbox 1008 977 1054 1009; x_wconf 90' lang='lat' dir='ltr'><strong>sic</strong></span> <span class='ocrx_word' id='word_1_165' title='bbox 1077 976 1259 1009; x_wconf 84' lang='lat' dir='ltr'><strong>finiverunt:</strong></span> <span class='ocrx_word' id='word_1_166' title='bbox 1287 976 1420 1009; x_wconf 88' lang='lat' dir='ltr'><strong>‘Datum</strong></span> <span class='ocrx_word' id='word_1_167' title='bbox 1444 988 1527 1010; x_wconf 86' lang='lat' dir='ltr'><strong>anno</strong></span> <span class='ocrx_word' id='word_1_168' title='bbox 1551 978 1680 1010; x_wconf 91' lang='lat' dir='ltr'><strong>Domini</strong></span> <span class='ocrx_word' id='word_1_169' title='bbox 1705 978 1809 1010; x_wconf 88' lang='lat' dir='ltr'><strong>mille-</strong></span> 
     </span>
    </p>

    <p class='ocr_par' dir='ltr' id='par_1_9' title="bbox 111 1028 1405 1071">
     <span class='ocr_line' id='line_1_16' title="bbox 111 1028 1405 1071; baseline -0.002 -9"><span class='ocrx_word' id='word_1_170' title='bbox 111 1034 135 1056; x_wconf 77' lang='lat'><strong>¹⁰</strong></span> <span class='ocrx_word' id='word_1_171' title='bbox 156 1029 236 1062; x_wconf 85' lang='lat' dir='ltr'><strong>simo</strong></span> <span class='ocrx_word' id='word_1_172' title='bbox 259 1028 341 1062; x_wconf 87' lang='lat' dir='ltr'><strong>CCC</strong></span> <span class='ocrx_word' id='word_1_173' title='bbox 362 1029 515 1061; x_wconf 88' lang='lat' dir='ltr'><strong>vicesimo</strong></span> <span class='ocrx_word' id='word_1_174' title='bbox 539 1033 663 1071; x_wconf 84' lang='lat' dir='ltr'><strong>quarto,</strong></span> <span class='ocrx_word' id='word_1_175' title='bbox 687 1029 812 1062; x_wconf 90' lang='lat' dir='ltr'><strong>decimo</strong></span> <span class='ocrx_word' id='word_1_176' title='bbox 836 1032 950 1062; x_wconf 90' lang='lat' dir='ltr'><strong>octavo</strong></span> <span class='ocrx_word' id='word_1_177' title='bbox 974 1028 1140 1061; x_wconf 85' lang='lat' dir='ltr'><strong>Kalendas</strong></span> <span class='ocrx_word' id='word_1_178' title='bbox 1162 1028 1405 1071; x_wconf 79' lang='lat' dir='ltr'><strong>Septembris²².</strong></span> 
     </span>
    </p>
   </div>
   <div class='ocr_carea' id='block_1_5' title="bbox 111 1084 1812 1541">
    <p class='ocr_par' dir='ltr' id='par_1_10' title="bbox 153 1084 1812 1283">
     <span class='ocr_line' id='line_1_17' title="bbox 263 1084 1810 1127; baseline 0.001 -11"><span class='ocrx_word' id='word_1_179' title='bbox 263 1084 348 1117; x_wconf 88' lang='lat' dir='ltr'><strong>Item</strong></span> <span class='ocrx_word' id='word_1_180' title='bbox 378 1085 500 1116; x_wconf 87' lang='lat' dir='ltr'><strong>similes</strong></span> <span class='ocrx_word' id='word_1_181' title='bbox 527 1086 638 1127; x_wconf 84' lang='lat' dir='ltr'><strong>copias</strong></span> <span class='ocrx_word' id='word_1_182' title='bbox 668 1086 735 1118; x_wconf 87' lang='lat' dir='ltr'><strong>sive</strong></span> <span class='ocrx_word' id='word_1_183' title='bbox 767 1085 892 1118; x_wconf 83' lang='lat' dir='ltr'><strong>litteras</strong></span> <span class='ocrx_word' id='word_1_184' title='bbox 922 1087 1069 1117; x_wconf 86' lang='lat' dir='ltr'><strong>tenorem</strong></span> <span class='ocrx_word' id='word_1_185' title='bbox 1099 1084 1317 1126; x_wconf 87' lang='lat' dir='ltr'><strong>predictarum</strong></span> <span class='ocrx_word' id='word_1_186' title='bbox 1350 1085 1530 1117; x_wconf 86' lang='lat' dir='ltr'><strong>litterarum</strong></span> <span class='ocrx_word' id='word_1_187' title='bbox 1559 1085 1810 1127; x_wconf 84' lang='lat' dir='ltr'><strong>apostolicarum</strong></span> 
     </span>
     <span class='ocr_line' id='line_1_18' title="bbox 155 1136 1812 1178; baseline 0 -10"><span class='ocrx_word' id='word_1_188' title='bbox 155 1136 356 1170; x_wconf 84' lang='lat' dir='ltr'><strong>continentes</strong></span> <span class='ocrx_word' id='word_1_189' title='bbox 380 1136 420 1168; x_wconf 89' lang='lat' dir='ltr'><strong>de</strong></span> <span class='ocrx_word' id='word_1_190' title='bbox 437 1136 535 1168; x_wconf 87' lang='lat' dir='ltr'><strong>verbo</strong></span> <span class='ocrx_word' id='word_1_191' title='bbox 559 1136 600 1169; x_wconf 86' lang='lat' dir='ltr'><strong>ad</strong></span> <span class='ocrx_word' id='word_1_192' title='bbox 617 1137 752 1169; x_wconf 89' lang='lat' dir='ltr'><strong>verbum</strong></span> <span class='ocrx_word' id='word_1_193' title='bbox 769 1136 898 1169; x_wconf 90' lang='lat' dir='ltr'><strong>domino</strong></span> <span class='ocrx_word' id='word_1_194' title='bbox 913 1136 1010 1178; x_wconf 82' lang='lat' dir='ltr'><strong>priori</strong></span> <span class='ocrx_word' id='word_1_195' title='bbox 1026 1136 1160 1168; x_wconf 82' lang='lat' dir='ltr'><strong>fratrum</strong></span> <span class='ocrx_word' id='word_1_196' title='bbox 1175 1136 1464 1178; x_wconf 87' lang='lat' dir='ltr'><strong>Augustinensium</strong></span> <span class='ocrx_word' id='word_1_197' title='bbox 1480 1136 1595 1169; x_wconf 90' lang='lat' dir='ltr'><strong>domus</strong></span> <span class='ocrx_word' id='word_1_198' title='bbox 1610 1136 1812 1169; x_wconf 84' lang='lat' dir='ltr'><strong>Coloniensis</strong></span> 
     </span>
     <span class='ocr_line' id='line_1_19' title="bbox 153 1183 1811 1231; baseline -0.001 -10"><span class='ocrx_word' id='word_1_199' title='bbox 153 1187 274 1221; x_wconf 87' lang='lat' dir='ltr'><strong>ibidem</strong></span> <span class='ocrx_word' id='word_1_200' title='bbox 298 1189 439 1231; x_wconf 85' lang='lat' dir='ltr'><strong>presenti</strong></span> <span class='ocrx_word' id='word_1_201' title='bbox 464 1192 497 1220; x_wconf 90' lang='lat' dir='ltr'><strong>et</strong></span> <span class='ocrx_word' id='word_1_202' title='bbox 521 1198 576 1220; x_wconf 87' lang='lat' dir='ltr'><strong>eas</strong></span> <span class='ocrx_word' id='word_1_203' title='bbox 599 1183 766 1231; x_wconf 85' lang='lat' dir='ltr'><strong>recipienti</strong></span> <span class='ocrx_word' id='word_1_204' title='bbox 791 1187 991 1221; x_wconf 87' lang='lat' dir='ltr'><strong>tradiderunt</strong></span> <span class='ocrx_word' id='word_1_205' title='bbox 1013 1188 1080 1220; x_wconf 90' lang='lat' dir='ltr'><strong>sive</strong></span> <span class='ocrx_word' id='word_1_206' title='bbox 1105 1187 1187 1220; x_wconf 88' lang='lat' dir='ltr'><strong>tradi</strong></span> <span class='ocrx_word' id='word_1_207' title='bbox 1211 1188 1371 1226; x_wconf 81' lang='lat' dir='ltr'><strong>fecerunt,</strong></span> <span class='ocrx_word' id='word_1_208' title='bbox 1395 1189 1510 1231; x_wconf 87' lang='lat' dir='ltr'><strong>quibus</strong></span> <span class='ocrx_word' id='word_1_209' title='bbox 1533 1189 1681 1221; x_wconf 88' lang='lat' dir='ltr'><strong>similiter</strong></span> <span class='ocrx_word' id='word_1_210' title='bbox 1704 1189 1811 1221; x_wconf 81' lang='lat' dir='ltr'><strong>littere</strong></span> 
     </span>
     <span class='ocr_line' id='line_1_20' title="bbox 154 1239 1811 1283; baseline 0 -11"><span class='ocrx_word' id='word_1_211' title='bbox 154 1239 271 1282; x_wconf 89' lang='lat' dir='ltr'><strong>prefati</strong></span> <span class='ocrx_word' id='word_1_212' title='bbox 300 1239 422 1272; x_wconf 88' lang='lat' dir='ltr'><strong>domini</strong></span> <span class='ocrx_word' id='word_1_213' title='bbox 446 1265 453 1272; x_wconf 91' lang='lat'><strong>.</strong></span> <span class='ocrx_word' id='word_1_214' title='bbox 472 1264 479 1271; x_wconf 92' lang='lat'>.</span> <span class='ocrx_word' id='word_1_215' title='bbox 510 1240 746 1282; x_wconf 87' lang='lat' dir='ltr'><strong>archiepiscopi</strong></span> <span class='ocrx_word' id='word_1_216' title='bbox 773 1240 975 1272; x_wconf 84' lang='lat' dir='ltr'><strong>Coloniensis</strong></span> <span class='ocrx_word' id='word_1_217' title='bbox 1003 1250 1060 1272; x_wconf 88' lang='lat' dir='ltr'><strong>suo</strong></span> <span class='ocrx_word' id='word_1_218' title='bbox 1091 1239 1197 1283; x_wconf 84' lang='lat' dir='ltr'><strong>sigillo</strong></span> <span class='ocrx_word' id='word_1_219' title='bbox 1225 1240 1365 1282; x_wconf 80' lang='lat' dir='ltr'><strong>sigillata</strong></span> <span class='ocrx_word' id='word_1_220' title='bbox 1395 1244 1486 1272; x_wconf 87' lang='lat' dir='ltr'><strong>erant</strong></span> <span class='ocrx_word' id='word_1_221' title='bbox 1518 1240 1669 1273; x_wconf 86' lang='lat' dir='ltr'><strong>transfixe</strong></span> <span class='ocrx_word' id='word_1_222' title='bbox 1699 1241 1811 1272; x_wconf 84' lang='lat' dir='ltr'><strong>similis</strong></span> 
     </span>
    </p>

    <p class='ocr_par' dir='ltr' id='par_1_11' title="bbox 111 1290 1812 1541">
     <span class='ocr_line' id='line_1_21' title="bbox 111 1290 1812 1334; baseline -0.001 -9"><span class='ocrx_word' id='word_1_223' title='bbox 111 1292 276 1325; x_wconf 62' lang='lat' dir='ltr'><strong>”tenoris</strong></span> <span class='ocrx_word' id='word_1_224' title='bbox 299 1291 358 1324; x_wconf 91' lang='lat' dir='ltr'><strong>sub</strong></span> <span class='ocrx_word' id='word_1_225' title='bbox 382 1291 492 1324; x_wconf 88' lang='lat' dir='ltr'><strong>debito</strong></span> <span class='ocrx_word' id='word_1_226' title='bbox 516 1292 619 1333; x_wconf 87' lang='lat' dir='ltr'><strong>titulo,</strong></span> <span class='ocrx_word' id='word_1_227' title='bbox 643 1302 704 1334; x_wconf 87' lang='lat' dir='ltr'><strong>que</strong></span> <span class='ocrx_word' id='word_1_228' title='bbox 728 1292 773 1324; x_wconf 88' lang='lat' dir='ltr'><strong>sic</strong></span> <span class='ocrx_word' id='word_1_229' title='bbox 795 1291 999 1334; x_wconf 87' lang='lat' dir='ltr'><strong>inceperunt:</strong></span> <span class='ocrx_word' id='word_1_230' title='bbox 1088 1290 1260 1323; x_wconf 83' lang='lat' dir='ltr'><strong>‘Henricus</strong></span> <span class='ocrx_word' id='word_1_231' title='bbox 1275 1291 1338 1324; x_wconf 88' lang='lat' dir='ltr'><strong>Dei</strong></span> <span class='ocrx_word' id='word_1_232' title='bbox 1362 1292 1467 1334; x_wconf 87' lang='lat' dir='ltr'><strong>gratia</strong></span> <span class='ocrx_word' id='word_1_233' title='bbox 1483 1296 1592 1324; x_wconf 87' lang='lat' dir='ltr'><strong>sancte</strong></span> <span class='ocrx_word' id='word_1_234' title='bbox 1610 1291 1812 1325; x_wconf 80' lang='lat' dir='ltr'><strong>Coloniensis</strong></span> 
     </span>
     <span class='ocr_line' id='line_1_22' title="bbox 154 1342 1811 1386; baseline 0.001 -11"><span class='ocrx_word' id='word_1_235' title='bbox 154 1343 291 1376; x_wconf 84' lang='lat' dir='ltr'><strong>ecclesie</strong></span> <span class='ocrx_word' id='word_1_236' title='bbox 315 1343 576 1386; x_wconf 82' lang='lat' dir='ltr'><strong>archiepiscopus</strong></span> <span class='ocrx_word' id='word_1_237' title='bbox 599 1345 682 1376; x_wconf 87' lang='lat' dir='ltr'><strong>sacri</strong></span> <span class='ocrx_word' id='word_1_238' title='bbox 708 1344 836 1386; x_wconf 87' lang='lat' dir='ltr'><strong>imperii</strong></span> <span class='ocrx_word' id='word_1_239' title='bbox 858 1353 917 1386; x_wconf 89' lang='lat' dir='ltr'><strong>per</strong></span> <span class='ocrx_word' id='word_1_240' title='bbox 938 1342 1066 1375; x_wconf 85' lang='lat' dir='ltr'><strong>Italiam</strong></span> <span class='ocrx_word' id='word_1_241' title='bbox 1089 1343 1390 1376; x_wconf 84' lang='lat' dir='ltr'><strong>archicancellarius</strong></span> <span class='ocrx_word' id='word_1_242' title='bbox 1477 1343 1604 1376; x_wconf 86' lang='lat' dir='ltr'><strong>dilectis</strong></span> <span class='ocrx_word' id='word_1_243' title='bbox 1627 1345 1658 1376; x_wconf 89' lang='lat' dir='ltr'><strong>in</strong></span> <span class='ocrx_word' id='word_1_244' title='bbox 1683 1343 1811 1376; x_wconf 87' lang='lat' dir='ltr'><strong>Christo</strong></span> 
     </span>
     <span class='ocr_line' id='line_1_23' title="bbox 153 1394 1812 1437; baseline 0 -10"><span class='ocrx_word' id='word_1_245' title='bbox 153 1395 227 1428; x_wconf 91' lang='lat' dir='ltr'><strong>filiis</strong></span> <span class='ocrx_word' id='word_1_246' title='bbox 243 1418 267 1427; x_wconf 93' lang='lat'><strong>..</strong></span> <span class='ocrx_word' id='word_1_247' title='bbox 286 1395 395 1437; x_wconf 80' lang='lat' dir='ltr'><strong>priori,</strong></span> <span class='ocrx_word' id='word_1_248' title='bbox 413 1419 420 1427; x_wconf 92' lang='lat'><strong><em>.</em></strong></span> <span class='ocrx_word' id='word_1_249' title='bbox 434 1420 439 1427; x_wconf 96' lang='lat'>.</span> <span class='ocrx_word' id='word_1_250' title='bbox 457 1395 615 1437; x_wconf 88' lang='lat' dir='ltr'><strong>subpriori</strong></span> <span class='ocrx_word' id='word_1_251' title='bbox 632 1398 664 1427; x_wconf 90' lang='lat' dir='ltr'><strong>et</strong></span> <span class='ocrx_word' id='word_1_252' title='bbox 679 1395 792 1428; x_wconf 89' lang='lat' dir='ltr'><strong>lectori</strong></span> <span class='ocrx_word' id='word_1_253' title='bbox 809 1394 943 1428; x_wconf 80' lang='lat' dir='ltr'><strong>fratrum</strong></span> <span class='ocrx_word' id='word_1_254' title='bbox 955 1395 1241 1436; x_wconf 82' lang='lat' dir='ltr'><strong>Augustinensium</strong></span> <span class='ocrx_word' id='word_1_255' title='bbox 1257 1395 1372 1428; x_wconf 90' lang='lat' dir='ltr'><strong>domus</strong></span> <span class='ocrx_word' id='word_1_256' title='bbox 1383 1395 1586 1428; x_wconf 85' lang='lat' dir='ltr'><strong>Coloniensis</strong></span> <span class='ocrx_word' id='word_1_257' title='bbox 1673 1396 1812 1428; x_wconf 84' lang='lat' dir='ltr'><strong>salutem</strong></span> 
     </span>
     <span class='ocr_line' id='line_1_24' title="bbox 154 1446 1810 1490; baseline 0.001 -11"><span class='ocrx_word' id='word_1_258' title='bbox 154 1448 187 1479; x_wconf 94' lang='lat' dir='ltr'><strong>in</strong></span> <span class='ocrx_word' id='word_1_259' title='bbox 208 1446 349 1479; x_wconf 89' lang='lat' dir='ltr'><strong>Domino</strong></span> <span class='ocrx_word' id='word_1_260' title='bbox 373 1451 406 1479; x_wconf 92' lang='lat' dir='ltr'><strong>et</strong></span> <span class='ocrx_word' id='word_1_261' title='bbox 428 1447 589 1479; x_wconf 87' lang='lat' dir='ltr'><strong>mandatis</strong></span> <span class='ocrx_word' id='word_1_262' title='bbox 612 1446 798 1490; x_wconf 90' lang='lat' dir='ltr'><strong>apostolicis</strong></span> <span class='ocrx_word' id='word_1_263' title='bbox 819 1447 954 1479; x_wconf 80' lang='lat' dir='ltr'><strong>fimiter</strong></span> <span class='ocrx_word' id='word_1_264' title='bbox 976 1446 1110 1479; x_wconf 88' lang='lat' dir='ltr'><strong>obedire</strong></span> <span class='ocrx_word' id='word_1_265' title='bbox 1135 1446 1209 1479; x_wconf 69' lang='lat' dir='ltr'><strong>etc.²</strong></span> <span class='ocrx_word' id='word_1_266' title='bbox 1231 1450 1264 1479; x_wconf 89' lang='lat' dir='ltr'><strong>et</strong></span> <span class='ocrx_word' id='word_1_267' title='bbox 1290 1447 1335 1479; x_wconf 88' lang='lat' dir='ltr'><strong>sic</strong></span> <span class='ocrx_word' id='word_1_268' title='bbox 1359 1447 1542 1480; x_wconf 85' lang='lat' dir='ltr'><strong>finiverunt:</strong></span> <span class='ocrx_word' id='word_1_269' title='bbox 1572 1447 1703 1480; x_wconf 87' lang='lat' dir='ltr'><strong>‘Datum</strong></span> <span class='ocrx_word' id='word_1_270' title='bbox 1727 1458 1810 1480; x_wconf 89' lang='lat' dir='ltr'><strong>anno</strong></span> 
     </span>
     <span class='ocr_line' id='line_1_25' title="bbox 154 1498 1654 1541; baseline 0 -10"><span class='ocrx_word' id='word_1_271' title='bbox 154 1498 285 1531; x_wconf 89' lang='lat' dir='ltr'><strong>Domini</strong></span> <span class='ocrx_word' id='word_1_272' title='bbox 308 1499 479 1531; x_wconf 88' lang='lat' dir='ltr'><strong>millesimo</strong></span> <span class='ocrx_word' id='word_1_273' title='bbox 504 1498 586 1531; x_wconf 76' lang='lat' dir='ltr'><strong>OOC</strong></span> <span class='ocrx_word' id='word_1_274' title='bbox 609 1499 762 1531; x_wconf 86' lang='lat' dir='ltr'><strong>vicesimo</strong></span> <span class='ocrx_word' id='word_1_275' title='bbox 785 1501 910 1541; x_wconf 89' lang='lat' dir='ltr'><strong>quarto,</strong></span> <span class='ocrx_word' id='word_1_276' title='bbox 934 1498 1061 1531; x_wconf 88' lang='lat' dir='ltr'><strong>decimo</strong></span> <span class='ocrx_word' id='word_1_277' title='bbox 1085 1502 1200 1531; x_wconf 88' lang='lat' dir='ltr'><strong>octavo</strong></span> <span class='ocrx_word' id='word_1_278' title='bbox 1223 1499 1388 1531; x_wconf 85' lang='lat' dir='ltr'><strong>Kalendas</strong></span> <span class='ocrx_word' id='word_1_279' title='bbox 1411 1499 1654 1541; x_wconf 78' lang='lat' dir='ltr'><strong>Septembris‘2.</strong></span> 
     </span>
    </p>
   </div>
   <div class='ocr_carea' id='block_1_6' title="bbox 111 1554 1815 1958">
    <p class='ocr_par' dir='ltr' id='par_1_12' title="bbox 111 1554 1815 1958">
     <span class='ocr_line' id='line_1_26' title="bbox 111 1554 1811 1598; baseline 0.001 -12"><span class='ocrx_word' id='word_1_280' title='bbox 111 1564 137 1586; x_wconf 68' lang='lat' dir='ltr'><strong>as</strong></span> <span class='ocrx_word' id='word_1_281' title='bbox 242 1554 326 1587; x_wconf 90' lang='lat' dir='ltr'><strong>Item</strong></span> <span class='ocrx_word' id='word_1_282' title='bbox 350 1555 471 1587; x_wconf 88' lang='lat' dir='ltr'><strong>similes</strong></span> <span class='ocrx_word' id='word_1_283' title='bbox 495 1555 605 1597; x_wconf 86' lang='lat' dir='ltr'><strong>copias</strong></span> <span class='ocrx_word' id='word_1_284' title='bbox 633 1565 692 1587; x_wconf 92' lang='lat' dir='ltr'><strong>seu</strong></span> <span class='ocrx_word' id='word_1_285' title='bbox 721 1555 844 1588; x_wconf 87' lang='lat' dir='ltr'><strong>litteras</strong></span> <span class='ocrx_word' id='word_1_286' title='bbox 873 1558 1019 1588; x_wconf 87' lang='lat' dir='ltr'><strong>tenorem</strong></span> <span class='ocrx_word' id='word_1_287' title='bbox 1049 1555 1264 1597; x_wconf 86' lang='lat' dir='ltr'><strong>predictarum</strong></span> <span class='ocrx_word' id='word_1_288' title='bbox 1293 1555 1472 1587; x_wconf 86' lang='lat' dir='ltr'><strong>litterarum</strong></span> <span class='ocrx_word' id='word_1_289' title='bbox 1495 1556 1746 1598; x_wconf 86' lang='lat' dir='ltr'><strong>apostolicarum</strong></span> <span class='ocrx_word' id='word_1_290' title='bbox 1770 1556 1811 1588; x_wconf 90' lang='lat' dir='ltr'><strong>dc</strong></span> 
     </span>
     <span class='ocr_line' id='line_1_27' title="bbox 157 1605 1812 1649; baseline 0.001 -11"><span class='ocrx_word' id='word_1_291' title='bbox 157 1605 256 1639; x_wconf 86' lang='lat' dir='ltr'><strong>verbo</strong></span> <span class='ocrx_word' id='word_1_292' title='bbox 280 1606 322 1638; x_wconf 89' lang='lat' dir='ltr'><strong>ad</strong></span> <span class='ocrx_word' id='word_1_293' title='bbox 344 1606 479 1638; x_wconf 88' lang='lat' dir='ltr'><strong>verbum</strong></span> <span class='ocrx_word' id='word_1_294' title='bbox 502 1607 703 1639; x_wconf 87' lang='lat' dir='ltr'><strong>continentes</strong></span> <span class='ocrx_word' id='word_1_295' title='bbox 725 1606 855 1639; x_wconf 88' lang='lat' dir='ltr'><strong>domino</strong></span> <span class='ocrx_word' id='word_1_296' title='bbox 879 1631 886 1638; x_wconf 96' lang='lat'>.</span> <span class='ocrx_word' id='word_1_297' title='bbox 905 1631 911 1639; x_wconf 94' lang='lat'>.</span> <span class='ocrx_word' id='word_1_298' title='bbox 940 1606 1038 1649; x_wconf 88' lang='lat' dir='ltr'><strong>priori</strong></span> <span class='ocrx_word' id='word_1_299' title='bbox 1065 1606 1198 1638; x_wconf 86' lang='lat' dir='ltr'><strong>fratrum</strong></span> <span class='ocrx_word' id='word_1_300' title='bbox 1227 1606 1323 1639; x_wconf 84' lang='lat' dir='ltr'><strong>beate</strong></span> <span class='ocrx_word' id='word_1_301' title='bbox 1347 1606 1448 1639; x_wconf 87' lang='lat' dir='ltr'><strong>Marie</strong></span> <span class='ocrx_word' id='word_1_302' title='bbox 1473 1607 1514 1639; x_wconf 88' lang='lat' dir='ltr'><strong>dc</strong></span> <span class='ocrx_word' id='word_1_303' title='bbox 1537 1607 1647 1640; x_wconf 85' lang='lat' dir='ltr'><strong>Monte</strong></span> <span class='ocrx_word' id='word_1_304' title='bbox 1671 1606 1812 1640; x_wconf 88' lang='lat' dir='ltr'><strong>Carmeli</strong></span> 
     </span>
     <span class='ocr_line' id='line_1_28' title="bbox 158 1657 1814 1701; baseline 0.003 -12"><span class='ocrx_word' id='word_1_305' title='bbox 158 1657 272 1690; x_wconf 89' lang='lat' dir='ltr'><strong>domus</strong></span> <span class='ocrx_word' id='word_1_306' title='bbox 303 1657 506 1690; x_wconf 83' lang='lat' dir='ltr'><strong>Coloniensis</strong></span> <span class='ocrx_word' id='word_1_307' title='bbox 535 1657 656 1690; x_wconf 86' lang='lat' dir='ltr'><strong>ibidem</strong></span> <span class='ocrx_word' id='word_1_308' title='bbox 686 1659 828 1700; x_wconf 86' lang='lat' dir='ltr'><strong>presenti</strong></span> <span class='ocrx_word' id='word_1_309' title='bbox 861 1661 894 1690; x_wconf 89' lang='lat' dir='ltr'><strong>et</strong></span> <span class='ocrx_word' id='word_1_310' title='bbox 927 1668 982 1690; x_wconf 86' lang='lat' dir='ltr'><strong>eas</strong></span> <span class='ocrx_word' id='word_1_311' title='bbox 1017 1658 1186 1701; x_wconf 87' lang='lat' dir='ltr'><strong>recipienti</strong></span> <span class='ocrx_word' id='word_1_312' title='bbox 1216 1658 1419 1691; x_wconf 87' lang='lat' dir='ltr'><strong>tradiderunt</strong></span> <span class='ocrx_word' id='word_1_313' title='bbox 1445 1659 1512 1691; x_wconf 88' lang='lat' dir='ltr'><strong>sive</strong></span> <span class='ocrx_word' id='word_1_314' title='bbox 1547 1659 1630 1691; x_wconf 78' lang='lat' dir='ltr'><strong>tradi</strong></span> <span class='ocrx_word' id='word_1_315' title='bbox 1658 1660 1814 1694; x_wconf 86' lang='lat' dir='ltr'><strong>fecerunt.</strong></span> 
     </span>
     <span class='ocr_line' id='line_1_29' title="bbox 158 1708 1815 1754; baseline 0.003 -14"><span class='ocrx_word' id='word_1_316' title='bbox 158 1708 283 1746; x_wconf 88' lang='lat' dir='ltr'><strong>Quibus</strong></span> <span class='ocrx_word' id='word_1_317' title='bbox 305 1709 452 1741; x_wconf 86' lang='lat' dir='ltr'><strong>similiter</strong></span> <span class='ocrx_word' id='word_1_318' title='bbox 474 1708 581 1741; x_wconf 87' lang='lat' dir='ltr'><strong>littere</strong></span> <span class='ocrx_word' id='word_1_319' title='bbox 598 1708 715 1751; x_wconf 89' lang='lat' dir='ltr'><strong>prefati</strong></span> <span class='ocrx_word' id='word_1_320' title='bbox 738 1709 858 1741; x_wconf 90' lang='lat' dir='ltr'><strong>domini</strong></span> <span class='ocrx_word' id='word_1_321' title='bbox 881 1709 1115 1752; x_wconf 86' lang='lat' dir='ltr'><strong>archiepiscopi</strong></span> <span class='ocrx_word' id='word_1_322' title='bbox 1132 1709 1333 1742; x_wconf 86' lang='lat' dir='ltr'><strong>Coloniensis</strong></span> <span class='ocrx_word' id='word_1_323' title='bbox 1356 1721 1413 1742; x_wconf 89' lang='lat' dir='ltr'><strong>suo</strong></span> <span class='ocrx_word' id='word_1_324' title='bbox 1437 1711 1543 1753; x_wconf 88' lang='lat' dir='ltr'><strong>sigillo</strong></span> <span class='ocrx_word' id='word_1_325' title='bbox 1559 1712 1699 1754; x_wconf 77' lang='lat' dir='ltr'><strong>sigillato</strong></span> <span class='ocrx_word' id='word_1_326' title='bbox 1724 1718 1815 1746; x_wconf 86' lang='lat' dir='ltr'><strong>erant</strong></span> 
     </span>
     <span class='ocr_line' id='line_1_30' title="bbox 158 1760 1814 1803; baseline 0.003 -12"><span class='ocrx_word' id='word_1_327' title='bbox 158 1760 321 1801; x_wconf 81' lang='lat' dir='ltr'><strong>transfixe,</strong></span> <span class='ocrx_word' id='word_1_328' title='bbox 346 1771 408 1802; x_wconf 88' lang='lat' dir='ltr'><strong>que</strong></span> <span class='ocrx_word' id='word_1_329' title='bbox 423 1760 477 1792; x_wconf 79' lang='lat' dir='ltr'><strong>-sic</strong></span> <span class='ocrx_word' id='word_1_330' title='bbox 499 1761 702 1803; x_wconf 87' lang='lat' dir='ltr'><strong>inceperunt:</strong></span> <span class='ocrx_word' id='word_1_331' title='bbox 790 1761 962 1793; x_wconf 85' lang='lat' dir='ltr'><strong>&#39;Henricus</strong></span> <span class='ocrx_word' id='word_1_332' title='bbox 985 1761 1046 1794; x_wconf 90' lang='lat' dir='ltr'><strong>Dei</strong></span> <span class='ocrx_word' id='word_1_333' title='bbox 1069 1762 1174 1803; x_wconf 87' lang='lat' dir='ltr'><strong>gratia</strong></span> <span class='ocrx_word' id='word_1_334' title='bbox 1196 1765 1306 1794; x_wconf 87' lang='lat' dir='ltr'><strong>sancte</strong></span> <span class='ocrx_word' id='word_1_335' title='bbox 1323 1761 1524 1795; x_wconf 81' lang='lat' dir='ltr'><strong>coloniensis</strong></span> <span class='ocrx_word' id='word_1_336' title='bbox 1547 1763 1685 1796; x_wconf 88' lang='lat' dir='ltr'><strong>ecclesie</strong></span> <span class='ocrx_word' id='word_1_337' title='bbox 1709 1765 1814 1797; x_wconf 88' lang='lat' dir='ltr'><strong>archi-</strong></span> 
     </span>
     <span class='ocr_line' id='line_1_31' title="bbox 112 1812 1813 1859; baseline 0.003 -16"><span class='ocrx_word' id='word_1_338' title='bbox 112 1824 140 1844; x_wconf 75' lang='lat' dir='ltr'><strong>so</strong></span> <span class='ocrx_word' id='word_1_339' title='bbox 159 1812 330 1854; x_wconf 87' lang='lat' dir='ltr'><strong>episcopus</strong></span> <span class='ocrx_word' id='word_1_340' title='bbox 358 1812 440 1844; x_wconf 86' lang='lat' dir='ltr'><strong>sacri</strong></span> <span class='ocrx_word' id='word_1_341' title='bbox 469 1812 597 1854; x_wconf 90' lang='lat' dir='ltr'><strong>imperii</strong></span> <span class='ocrx_word' id='word_1_342' title='bbox 626 1822 686 1854; x_wconf 89' lang='lat' dir='ltr'><strong>per</strong></span> <span class='ocrx_word' id='word_1_343' title='bbox 712 1812 840 1844; x_wconf 86' lang='lat' dir='ltr'><strong>Italiam</strong></span> <span class='ocrx_word' id='word_1_344' title='bbox 867 1812 1168 1845; x_wconf 86' lang='lat' dir='ltr'><strong>archicancellarius</strong></span> <span class='ocrx_word' id='word_1_345' title='bbox 1277 1813 1402 1846; x_wconf 89' lang='lat' dir='ltr'><strong>dilectis</strong></span> <span class='ocrx_word' id='word_1_346' title='bbox 1429 1814 1461 1846; x_wconf 94' lang='lat' dir='ltr'><strong>in</strong></span> <span class='ocrx_word' id='word_1_347' title='bbox 1489 1815 1617 1847; x_wconf 87' lang='lat' dir='ltr'><strong>Christo</strong></span> <span class='ocrx_word' id='word_1_348' title='bbox 1642 1841 1649 1847; x_wconf 96' lang='lat'>.</span> <span class='ocrx_word' id='word_1_349' title='bbox 1667 1840 1674 1847; x_wconf 92' lang='lat'>.</span> <span class='ocrx_word' id='word_1_350' title='bbox 1706 1817 1813 1859; x_wconf 80' lang='lat' dir='ltr'><strong>priori,</strong></span> 
     </span>
     <span class='ocr_line' id='line_1_32' title="bbox 156 1863 1813 1905; baseline 0.004 -11"><span class='ocrx_word' id='word_1_351' title='bbox 156 1863 315 1905; x_wconf 83' lang='lat' dir='ltr'><strong>subpriori</strong></span> <span class='ocrx_word' id='word_1_352' title='bbox 347 1867 380 1896; x_wconf 90' lang='lat' dir='ltr'><strong>et</strong></span> <span class='ocrx_word' id='word_1_353' title='bbox 411 1863 525 1896; x_wconf 88' lang='lat' dir='ltr'><strong>lectori</strong></span> <span class='ocrx_word' id='word_1_354' title='bbox 554 1864 688 1896; x_wconf 90' lang='lat' dir='ltr'><strong>fratrum</strong></span> <span class='ocrx_word' id='word_1_355' title='bbox 717 1864 837 1896; x_wconf 90' lang='lat' dir='ltr'><strong>ordinis</strong></span> <span class='ocrx_word' id='word_1_356' title='bbox 864 1863 960 1897; x_wconf 89' lang='lat' dir='ltr'><strong>beate</strong></span> <span class='ocrx_word' id='word_1_357' title='bbox 987 1864 1090 1896; x_wconf 75' lang='lat' dir='ltr'><strong>Mario</strong></span> <span class='ocrx_word' id='word_1_358' title='bbox 1119 1864 1160 1897; x_wconf 89' lang='lat' dir='ltr'><strong>de</strong></span> <span class='ocrx_word' id='word_1_359' title='bbox 1189 1865 1300 1897; x_wconf 87' lang='lat' dir='ltr'><strong>Monte</strong></span> <span class='ocrx_word' id='word_1_360' title='bbox 1324 1865 1474 1898; x_wconf 84' lang='lat' dir='ltr'><strong>Carmelo</strong></span> <span class='ocrx_word' id='word_1_361' title='bbox 1503 1867 1617 1899; x_wconf 91' lang='lat' dir='ltr'><strong>domus</strong></span> <span class='ocrx_word' id='word_1_362' title='bbox 1641 1868 1813 1900; x_wconf 86' lang='lat' dir='ltr'><strong>Colonien-</strong></span> 
     </span>
     <span class='ocr_line' id='line_1_33' title="bbox 155 1914 1811 1958; baseline 0.004 -12"><span class='ocrx_word' id='word_1_363' title='bbox 155 1916 198 1947; x_wconf 89' lang='lat' dir='ltr'><strong>sis</strong></span> <span class='ocrx_word' id='word_1_364' title='bbox 286 1914 424 1947; x_wconf 82' lang='lat' dir='ltr'><strong>salutem</strong></span> <span class='ocrx_word' id='word_1_365' title='bbox 448 1915 480 1947; x_wconf 90' lang='lat' dir='ltr'><strong>in</strong></span> <span class='ocrx_word' id='word_1_366' title='bbox 497 1914 638 1947; x_wconf 87' lang='lat' dir='ltr'><strong>Domino</strong></span> <span class='ocrx_word' id='word_1_367' title='bbox 661 1918 694 1947; x_wconf 87' lang='lat' dir='ltr'><strong>et</strong></span> <span class='ocrx_word' id='word_1_368' title='bbox 716 1915 876 1948; x_wconf 81' lang='lat' dir='ltr'><strong>mandatis</strong></span> <span class='ocrx_word' id='word_1_369' title='bbox 899 1916 1084 1958; x_wconf 81' lang='lat' dir='ltr'><strong>apostolicis</strong></span> <span class='ocrx_word' id='word_1_370' title='bbox 1106 1916 1241 1948; x_wconf 89' lang='lat' dir='ltr'><strong>firmiter</strong></span> <span class='ocrx_word' id='word_1_371' title='bbox 1264 1917 1398 1950; x_wconf 88' lang='lat' dir='ltr'><strong>obedire</strong></span> <span class='ocrx_word' id='word_1_372' title='bbox 1415 1918 1489 1950; x_wconf 67' lang='lat' dir='ltr'><strong>etc.³</strong></span> <span class='ocrx_word' id='word_1_373' title='bbox 1505 1923 1538 1950; x_wconf 90' lang='lat' dir='ltr'><strong>et</strong></span> <span class='ocrx_word' id='word_1_374' title='bbox 1559 1919 1605 1950; x_wconf 88' lang='lat' dir='ltr'><strong>sic</strong></span> <span class='ocrx_word' id='word_1_375' title='bbox 1628 1920 1811 1952; x_wconf 79' lang='lat' dir='ltr'><strong>finiverunt:</strong></span> 
     </span>
    </p>
   </div>
   <div class='ocr_carea' id='block_1_7' title="bbox 152 1966 1812 2051">
    <p class='ocr_par' dir='ltr' id='par_1_13' title="bbox 152 1966 1812 2051">
     <span class='ocr_line' id='line_1_34' title="bbox 152 1966 1812 2014; baseline 0.003 -16"><span class='ocrx_word' id='word_1_376' title='bbox 152 1966 286 1999; x_wconf 80' lang='lat' dir='ltr'><strong>‘Datum</strong></span> <span class='ocrx_word' id='word_1_377' title='bbox 315 1976 398 1998; x_wconf 90' lang='lat' dir='ltr'><strong>anno</strong></span> <span class='ocrx_word' id='word_1_378' title='bbox 429 1966 560 1999; x_wconf 89' lang='lat' dir='ltr'><strong>Domini</strong></span> <span class='ocrx_word' id='word_1_379' title='bbox 583 1966 700 2000; x_wconf 81' lang='lat' dir='ltr'>MGGO</span> <span class='ocrx_word' id='word_1_380' title='bbox 732 1968 884 2000; x_wconf 88' lang='lat' dir='ltr'><strong>vicesimo</strong></span> <span class='ocrx_word' id='word_1_381' title='bbox 913 1971 1044 2010; x_wconf 85' lang='lat' dir='ltr'><strong>quarto,</strong></span> <span class='ocrx_word' id='word_1_382' title='bbox 1080 1968 1207 2000; x_wconf 89' lang='lat' dir='ltr'><strong>decimo</strong></span> <span class='ocrx_word' id='word_1_383' title='bbox 1238 1974 1352 2001; x_wconf 85' lang='lat' dir='ltr'><strong>octavo</strong></span> <span class='ocrx_word' id='word_1_384' title='bbox 1384 1969 1549 2002; x_wconf 84' lang='lat' dir='ltr'><strong>Kalendas</strong></span> <span class='ocrx_word' id='word_1_385' title='bbox 1583 1971 1701 2003; x_wconf 90' lang='lat' dir='ltr'><strong>mensis</strong></span> <span class='ocrx_word' id='word_1_386' title='bbox 1732 1971 1812 2014; x_wconf 83' lang='lat' dir='ltr'><strong>Sep-</strong></span> 
     </span>
     <span class='ocr_line' id='line_1_35' title="bbox 155 2018 331 2051; baseline -0.011 0"><span class='ocrx_word' id='word_1_387' title='bbox 155 2018 331 2051; x_wconf 73' lang='lat' dir='ltr'><strong>tembris’2.</strong></span> 
     </span>
    </p>
   </div>
   <div class='ocr_carea' id='block_1_8' title="bbox 107 2095 1813 2446">
    <p class='ocr_par' dir='ltr' id='par_1_14' title="bbox 107 2095 1813 2347">
     <span class='ocr_line' id='line_1_36' title="bbox 107 2095 1812 2141; baseline 0.004 -15"><span class='ocrx_word' id='word_1_388' title='bbox 107 2105 133 2126; x_wconf 76' lang='lat'><strong>³⁵</strong></span> <span class='ocrx_word' id='word_1_389' title='bbox 261 2096 343 2139; x_wconf 90' lang='grc' dir='ltr'>(ΙΙΙ)</span> <span class='ocrx_word' id='word_1_390' title='bbox 367 2095 451 2128; x_wconf 89' lang='lat' dir='ltr'><strong>Item</strong></span> <span class='ocrx_word' id='word_1_391' title='bbox 474 2096 595 2128; x_wconf 87' lang='lat' dir='ltr'><strong>similes</strong></span> <span class='ocrx_word' id='word_1_392' title='bbox 619 2097 728 2139; x_wconf 89' lang='lat' dir='ltr'><strong>copias</strong></span> <span class='ocrx_word' id='word_1_393' title='bbox 751 2097 818 2130; x_wconf 85' lang='lat' dir='ltr'><strong>sive</strong></span> <span class='ocrx_word' id='word_1_394' title='bbox 841 2097 966 2130; x_wconf 89' lang='lat' dir='ltr'><strong>litteras</strong></span> <span class='ocrx_word' id='word_1_395' title='bbox 989 2101 1132 2131; x_wconf 87' lang='lat' dir='ltr'><strong>tenorem</strong></span> <span class='ocrx_word' id='word_1_396' title='bbox 1151 2098 1349 2140; x_wconf 87' lang='lat' dir='ltr'><strong>prefatarum</strong></span> <span class='ocrx_word' id='word_1_397' title='bbox 1366 2098 1545 2131; x_wconf 89' lang='lat' dir='ltr'><strong>litterarum</strong></span> <span class='ocrx_word' id='word_1_398' title='bbox 1562 2100 1812 2141; x_wconf 85' lang='lat' dir='ltr'><strong>apostolicarum</strong></span> 
     </span>
     <span class='ocr_line' id='line_1_37' title="bbox 153 2147 1812 2192; baseline 0.002 -12"><span class='ocrx_word' id='word_1_399' title='bbox 153 2148 353 2181; x_wconf 83' lang='lat' dir='ltr'><strong>continentes</strong></span> <span class='ocrx_word' id='word_1_400' title='bbox 382 2147 422 2180; x_wconf 89' lang='lat' dir='ltr'><strong>de</strong></span> <span class='ocrx_word' id='word_1_401' title='bbox 452 2147 551 2180; x_wconf 90' lang='lat' dir='ltr'><strong>verbo</strong></span> <span class='ocrx_word' id='word_1_402' title='bbox 579 2148 621 2180; x_wconf 88' lang='lat' dir='ltr'><strong>ad</strong></span> <span class='ocrx_word' id='word_1_403' title='bbox 650 2148 784 2181; x_wconf 89' lang='lat' dir='ltr'><strong>verbum</strong></span> <span class='ocrx_word' id='word_1_404' title='bbox 814 2149 944 2182; x_wconf 83' lang='lat' dir='ltr'><strong>domino</strong></span> <span class='ocrx_word' id='word_1_405' title='bbox 973 2150 1106 2192; x_wconf 86' lang='lat' dir='ltr'><strong>Symoni</strong></span> <span class='ocrx_word' id='word_1_406' title='bbox 1134 2173 1141 2181; x_wconf 92' lang='lat'><strong>.</strong></span> <span class='ocrx_word' id='word_1_407' title='bbox 1159 2174 1166 2181; x_wconf 94' lang='lat'><em>.</em></span> <span class='ocrx_word' id='word_1_408' title='bbox 1194 2149 1334 2191; x_wconf 86' lang='lat' dir='ltr'><strong>plebano</strong></span> <span class='ocrx_word' id='word_1_409' title='bbox 1362 2151 1463 2182; x_wconf 89' lang='lat' dir='ltr'><strong>sancti</strong></span> <span class='ocrx_word' id='word_1_410' title='bbox 1493 2150 1584 2182; x_wconf 89' lang='lat' dir='ltr'><strong>Petri</strong></span> <span class='ocrx_word' id='word_1_411' title='bbox 1612 2151 1812 2184; x_wconf 79' lang='lat' dir='ltr'><strong>Coloniensis</strong></span> 
     </span>
     <span class='ocr_line' id='line_1_38' title="bbox 154 2199 1812 2244; baseline 0.003 -13"><span class='ocrx_word' id='word_1_412' title='bbox 154 2200 331 2232; x_wconf 83' lang='lat' dir='ltr'><strong>camerario</strong></span> <span class='ocrx_word' id='word_1_413' title='bbox 365 2199 579 2242; x_wconf 88' lang='lat' dir='ltr'><strong>plebanorum</strong></span> <span class='ocrx_word' id='word_1_414' title='bbox 610 2201 677 2233; x_wconf 87' lang='lat' dir='ltr'><strong>sive</strong></span> <span class='ocrx_word' id='word_1_415' title='bbox 707 2203 868 2233; x_wconf 88' lang='lat' dir='ltr'><strong>rectorum</strong></span> <span class='ocrx_word' id='word_1_416' title='bbox 899 2201 1108 2234; x_wconf 89' lang='lat' dir='ltr'><strong>ecclesiarum</strong></span> <span class='ocrx_word' id='word_1_417' title='bbox 1140 2201 1390 2244; x_wconf 87' lang='lat' dir='ltr'><strong>parrochialium</strong></span> <span class='ocrx_word' id='word_1_418' title='bbox 1422 2201 1664 2235; x_wconf 84' lang='lat' dir='ltr'><strong>Coloniensium</strong></span> <span class='ocrx_word' id='word_1_419' title='bbox 1692 2203 1812 2236; x_wconf 88' lang='lat' dir='ltr'><strong>ibidem</strong></span> 
     </span>
     <span class='ocr_line' id='line_1_39' title="bbox 154 2251 1813 2299; baseline 0.004 -17"><span class='ocrx_word' id='word_1_420' title='bbox 154 2251 296 2292; x_wconf 80' lang='lat' dir='ltr'><strong>presenti</strong></span> <span class='ocrx_word' id='word_1_421' title='bbox 319 2254 352 2299; x_wconf 80' lang='lat' dir='ltr'><strong>et</strong></span> <span class='ocrx_word' id='word_1_422' title='bbox 375 2261 430 2284; x_wconf 88' lang='lat' dir='ltr'><strong>eas</strong></span> <span class='ocrx_word' id='word_1_423' title='bbox 453 2252 620 2294; x_wconf 87' lang='lat' dir='ltr'><strong>recipienti</strong></span> <span class='ocrx_word' id='word_1_424' title='bbox 643 2252 773 2284; x_wconf 91' lang='lat' dir='ltr'><strong>nomine</strong></span> <span class='ocrx_word' id='word_1_425' title='bbox 796 2263 853 2285; x_wconf 91' lang='lat' dir='ltr'><strong>suo</strong></span> <span class='ocrx_word' id='word_1_426' title='bbox 884 2257 918 2286; x_wconf 88' lang='lat' dir='ltr'><strong>et</strong></span> <span class='ocrx_word' id='word_1_427' title='bbox 939 2253 1075 2286; x_wconf 86' lang='lat' dir='ltr'><strong>aliorum</strong></span> <span class='ocrx_word' id='word_1_428' title='bbox 1099 2253 1311 2296; x_wconf 90' lang='lat' dir='ltr'><strong>plebanorum</strong></span> <span class='ocrx_word' id='word_1_429' title='bbox 1335 2254 1402 2286; x_wconf 84' lang='lat' dir='ltr'><strong>sive</strong></span> <span class='ocrx_word' id='word_1_430' title='bbox 1426 2257 1587 2286; x_wconf 86' lang='lat' dir='ltr'><strong>rectorum</strong></span> <span class='ocrx_word' id='word_1_431' title='bbox 1611 2254 1813 2288; x_wconf 81' lang='lat' dir='ltr'><strong>tradiderunt</strong></span> 
     </span>
     <span class='ocr_line' id='line_1_40' title="bbox 155 2301 1811 2347; baseline 0.004 -15"><span class='ocrx_word' id='word_1_432' title='bbox 155 2301 222 2333; x_wconf 82' lang='lat' dir='ltr'><strong>sive</strong></span> <span class='ocrx_word' id='word_1_433' title='bbox 245 2301 328 2334; x_wconf 81' lang='lat' dir='ltr'><strong>tradi</strong></span> <span class='ocrx_word' id='word_1_434' title='bbox 350 2302 512 2343; x_wconf 85' lang='lat' dir='ltr'><strong>fecerunt,</strong></span> <span class='ocrx_word' id='word_1_435' title='bbox 536 2303 739 2346; x_wconf 85' lang='lat' dir='ltr'><strong>presentibus</strong></span> <span class='ocrx_word' id='word_1_436' title='bbox 762 2303 883 2336; x_wconf 89' lang='lat' dir='ltr'><strong>ibidem</strong></span> <span class='ocrx_word' id='word_1_437' title='bbox 907 2304 1115 2337; x_wconf 89' lang='lat' dir='ltr'><strong>ecclesiarum</strong></span> <span class='ocrx_word' id='word_1_438' title='bbox 1138 2304 1285 2346; x_wconf 89' lang='lat' dir='ltr'><strong>plebanis</strong></span> <span class='ocrx_word' id='word_1_439' title='bbox 1309 2304 1530 2347; x_wconf 87' lang='lat' dir='ltr'><strong>infrascriptis.</strong></span> <span class='ocrx_word' id='word_1_440' title='bbox 1577 2305 1701 2343; x_wconf 87' lang='lat' dir='ltr'><strong>Quibus</strong></span> <span class='ocrx_word' id='word_1_441' title='bbox 1724 2307 1811 2338; x_wconf 89' lang='lat' dir='ltr'><strong>simi-</strong></span> 
     </span>
    </p>

    <p class='ocr_par' dir='ltr' id='par_1_15' title="bbox 109 2351 1812 2446">
     <span class='ocr_line' id='line_1_41' title="bbox 109 2351 1812 2398; baseline 0.004 -14"><span class='ocrx_word' id='word_1_442' title='bbox 109 2361 137 2382; x_wconf 73' lang='grc' dir='ltr'><strong><em>ω</em></strong></span> <span class='ocrx_word' id='word_1_443' title='bbox 155 2351 230 2384; x_wconf 88' lang='lat' dir='ltr'><strong>liter</strong></span> <span class='ocrx_word' id='word_1_444' title='bbox 251 2352 357 2386; x_wconf 88' lang='lat' dir='ltr'><strong>littere</strong></span> <span class='ocrx_word' id='word_1_445' title='bbox 380 2354 506 2396; x_wconf 87' lang='lat' dir='ltr'><strong>prefate</strong></span> <span class='ocrx_word' id='word_1_446' title='bbox 529 2354 650 2387; x_wconf 91' lang='lat' dir='ltr'><strong>domini</strong></span> <span class='ocrx_word' id='word_1_447' title='bbox 673 2355 907 2398; x_wconf 87' lang='lat' dir='ltr'><strong>archiepiscopi</strong></span> <span class='ocrx_word' id='word_1_448' title='bbox 931 2355 1132 2388; x_wconf 82' lang='lat' dir='ltr'><strong>Coloniensis</strong></span> <span class='ocrx_word' id='word_1_449' title='bbox 1158 2366 1216 2388; x_wconf 87' lang='lat' dir='ltr'><strong>suo</strong></span> <span class='ocrx_word' id='word_1_450' title='bbox 1240 2355 1345 2398; x_wconf 88' lang='lat' dir='ltr'><strong>sigillo</strong></span> <span class='ocrx_word' id='word_1_451' title='bbox 1369 2356 1509 2398; x_wconf 85' lang='lat' dir='ltr'><strong>sigillate</strong></span> <span class='ocrx_word' id='word_1_452' title='bbox 1533 2359 1625 2389; x_wconf 83' lang='lat' dir='ltr'><strong>erant</strong></span> <span class='ocrx_word' id='word_1_453' title='bbox 1648 2358 1812 2391; x_wconf 81' lang='lat' dir='ltr'><strong>transfixe.</strong></span> 
     </span>
     <span class='ocr_line' id='line_1_42' title="bbox 155 2403 894 2446; baseline 0.005 -11"><span class='ocrx_word' id='word_1_454' title='bbox 155 2413 217 2446; x_wconf 88' lang='lat' dir='ltr'><strong>que</strong></span> <span class='ocrx_word' id='word_1_455' title='bbox 241 2403 281 2436; x_wconf 88' lang='lat' dir='ltr'><strong>de</strong></span> <span class='ocrx_word' id='word_1_456' title='bbox 305 2403 402 2437; x_wconf 82' lang='lat' dir='ltr'><strong>verbo</strong></span> <span class='ocrx_word' id='word_1_457' title='bbox 425 2405 468 2438; x_wconf 84' lang='lat' dir='ltr'><strong>ad</strong></span> <span class='ocrx_word' id='word_1_458' title='bbox 490 2405 623 2438; x_wconf 83' lang='lat' dir='ltr'><strong>verbum</strong></span> <span class='ocrx_word' id='word_1_459' title='bbox 646 2407 729 2439; x_wconf 87' lang='lat' dir='ltr'><strong>tales</strong></span> <span class='ocrx_word' id='word_1_460' title='bbox 752 2407 894 2439; x_wconf 88' lang='lat' dir='ltr'><strong>fuerunt:</strong></span> 
     </span>
    </p>
   </div>
   <div class='ocr_carea' id='block_1_9' title="bbox 261 2463 1589 2511">
    <p class='ocr_par' dir='ltr' id='par_1_16' title="bbox 261 2463 1589 2511">
     <span class='ocr_line' id='line_1_43' title="bbox 261 2463 1589 2511; baseline 0.005 -16"><span class='ocrx_word' id='word_1_461' title='bbox 261 2463 432 2497; x_wconf 86' lang='lat' dir='ltr'><strong>‘Henricus</strong></span> <span class='ocrx_word' id='word_1_462' title='bbox 453 2464 515 2498; x_wconf 85' lang='lat' dir='ltr'><strong>Dei</strong></span> <span class='ocrx_word' id='word_1_463' title='bbox 538 2467 643 2509; x_wconf 84' lang='lat' dir='ltr'><strong>gratia</strong></span> <span class='ocrx_word' id='word_1_464' title='bbox 666 2471 776 2500; x_wconf 86' lang='lat' dir='ltr'><strong>sancte</strong></span> <span class='ocrx_word' id='word_1_465' title='bbox 790 2468 969 2500; x_wconf 89' lang='lat' dir='ltr'><strong>—decimo</strong></span> <span class='ocrx_word' id='word_1_466' title='bbox 993 2469 1130 2510; x_wconf 89' lang='lat' dir='ltr'><strong>septimo</strong></span> <span class='ocrx_word' id='word_1_467' title='bbox 1154 2467 1320 2500; x_wconf 87' lang='lat' dir='ltr'><strong>Kalendas</strong></span> <span class='ocrx_word' id='word_1_468' title='bbox 1344 2467 1557 2511; x_wconf 85' lang='lat' dir='ltr'><strong>Septembris‘</strong></span> <span class='ocrx_word' id='word_1_469' title='bbox 1567 2471 1589 2502; x_wconf 83' lang='lat'><strong>³.</strong></span> 
     </span>
    </p>
   </div>
   <div class='ocr_carea' id='block_1_10' title="bbox 99 2523 1812 2779">
    <p class='ocr_par' dir='ltr' id='par_1_17' title="bbox 261 2523 1810 2573">
     <span class='ocr_line' id='line_1_44' title="bbox 261 2523 1810 2573; baseline 0.004 -17"><span class='ocrx_word' id='word_1_470' title='bbox 261 2523 335 2564; x_wconf 82' lang='lat' dir='ltr'><strong>(IV)</strong></span> <span class='ocrx_word' id='word_1_471' title='bbox 359 2524 483 2562; x_wconf 88' lang='lat' dir='ltr'><strong>Quibus</strong></span> <span class='ocrx_word' id='word_1_472' title='bbox 505 2525 636 2568; x_wconf 86' lang='lat' dir='ltr'><strong>quidem</strong></span> <span class='ocrx_word' id='word_1_473' title='bbox 659 2527 807 2560; x_wconf 88' lang='lat' dir='ltr'><strong>omnibus</strong></span> <span class='ocrx_word' id='word_1_474' title='bbox 829 2529 969 2570; x_wconf 88' lang='lat' dir='ltr'><strong>peractis</strong></span> <span class='ocrx_word' id='word_1_475' title='bbox 993 2528 1109 2571; x_wconf 85' lang='lat' dir='ltr'><strong>prefati</strong></span> <span class='ocrx_word' id='word_1_476' title='bbox 1126 2528 1247 2560; x_wconf 91' lang='lat' dir='ltr'><strong>domini</strong></span> <span class='ocrx_word' id='word_1_477' title='bbox 1271 2529 1483 2562; x_wconf 86' lang='lat' dir='ltr'><strong>commissarii</strong></span> <span class='ocrx_word' id='word_1_478' title='bbox 1506 2535 1721 2573; x_wconf 89' lang='lat' dir='ltr'><strong>preceperunt</strong></span> <span class='ocrx_word' id='word_1_479' title='bbox 1744 2532 1810 2563; x_wconf 70' lang='lat' dir='ltr'><strong>six-c</strong></span> 
     </span>
    </p>

    <p class='ocr_par' dir='ltr' id='par_1_18' title="bbox 155 2574 1810 2621">
     <span class='ocr_line' id='line_1_45' title="bbox 155 2574 1810 2621; baseline 0.006 -16"><span class='ocrx_word' id='word_1_480' title='bbox 155 2574 276 2616; x_wconf 86' lang='lat' dir='ltr'><strong>precipi</strong></span> <span class='ocrx_word' id='word_1_481' title='bbox 292 2574 437 2607; x_wconf 87' lang='lat' dir='ltr'><strong>fecerunt</strong></span> <span class='ocrx_word' id='word_1_482' title='bbox 459 2576 606 2609; x_wconf 89' lang='lat' dir='ltr'><strong>omnibus</strong></span> <span class='ocrx_word' id='word_1_483' title='bbox 626 2577 746 2611; x_wconf 91' lang='lat' dir='ltr'><strong>ibidem</strong></span> <span class='ocrx_word' id='word_1_484' title='bbox 763 2579 974 2621; x_wconf 88' lang='lat' dir='ltr'><strong>presentibus,</strong></span> <span class='ocrx_word' id='word_1_485' title='bbox 998 2583 1033 2611; x_wconf 91' lang='lat' dir='ltr'><strong>ut</strong></span> <span class='ocrx_word' id='word_1_486' title='bbox 1049 2583 1197 2612; x_wconf 87' lang='lat' dir='ltr'><strong>contenta</strong></span> <span class='ocrx_word' id='word_1_487' title='bbox 1224 2581 1256 2612; x_wconf 93' lang='lat' dir='ltr'><strong>in</strong></span> <span class='ocrx_word' id='word_1_488' title='bbox 1272 2580 1394 2613; x_wconf 87' lang='lat' dir='ltr'><strong>eisdem</strong></span> <span class='ocrx_word' id='word_1_489' title='bbox 1411 2581 1527 2614; x_wconf 88' lang='lat' dir='ltr'><strong>litteris</strong></span> <span class='ocrx_word' id='word_1_490' title='bbox 1542 2582 1676 2615; x_wconf 86' lang='lat' dir='ltr'><strong>firmiter</strong></span> <span class='ocrx_word' id='word_1_491' title='bbox 1699 2583 1810 2615; x_wconf 87' lang='lat' dir='ltr'><strong>obscr-</strong></span> 
     </span>
    </p>

    <p class='ocr_par' dir='ltr' id='par_1_19' title="bbox 108 2626 1812 2728">
     <span class='ocr_line' id='line_1_46' title="bbox 108 2626 1811 2675; baseline 0.004 -16"><span class='ocrx_word' id='word_1_492' title='bbox 108 2640 135 2659; x_wconf 74' lang='lat'><strong>⁴5</strong></span> <span class='ocrx_word' id='word_1_493' title='bbox 154 2629 267 2658; x_wconf 89' lang='lat' dir='ltr'><strong>varent</strong></span> <span class='ocrx_word' id='word_1_494' title='bbox 289 2629 328 2658; x_wconf 89' lang='lat' dir='ltr'><strong>et.</strong></span> <span class='ocrx_word' id='word_1_495' title='bbox 344 2626 390 2659; x_wconf 90' lang='lat' dir='ltr'><strong>eis</strong></span> <span class='ocrx_word' id='word_1_496' title='bbox 413 2631 599 2660; x_wconf 81' lang='lat' dir='ltr'><strong>reverenter</strong></span> <span class='ocrx_word' id='word_1_497' title='bbox 621 2629 800 2662; x_wconf 86' lang='lat' dir='ltr'><strong>obedirent.</strong></span> <span class='ocrx_word' id='word_1_498' title='bbox 845 2630 1067 2673; x_wconf 87' lang='lat' dir='ltr'><strong>Preceperunt</strong></span> <span class='ocrx_word' id='word_1_499' title='bbox 1090 2632 1194 2663; x_wconf 89' lang='lat' dir='ltr'><strong>eciam</strong></span> <span class='ocrx_word' id='word_1_500' title='bbox 1217 2632 1285 2665; x_wconf 84' lang='lat' dir='ltr'><strong>sive</strong></span> <span class='ocrx_word' id='word_1_501' title='bbox 1302 2634 1423 2675; x_wconf 89' lang='lat' dir='ltr'><strong>precipi</strong></span> <span class='ocrx_word' id='word_1_502' title='bbox 1441 2632 1587 2666; x_wconf 86' lang='lat' dir='ltr'><strong>fecerunt</strong></span> <span class='ocrx_word' id='word_1_503' title='bbox 1602 2635 1811 2667; x_wconf 76' lang='lat' dir='ltr'><strong>ecclesiarum</strong></span> 
     </span>
     <span class='ocr_line' id='line_1_47' title="bbox 153 2677 1812 2728; baseline 0.005 -20"><span class='ocrx_word' id='word_1_504' title='bbox 153 2677 300 2718; x_wconf 89' lang='lat' dir='ltr'><strong>plebanis</strong></span> <span class='ocrx_word' id='word_1_505' title='bbox 323 2678 390 2710; x_wconf 85' lang='lat' dir='ltr'><strong>sive</strong></span> <span class='ocrx_word' id='word_1_506' title='bbox 413 2679 591 2712; x_wconf 86' lang='lat' dir='ltr'><strong>rectoribus</strong></span> <span class='ocrx_word' id='word_1_507' title='bbox 603 2679 849 2714; x_wconf 86' lang='lat' dir='ltr'><strong>Coloniensibus</strong></span> <span class='ocrx_word' id='word_1_508' title='bbox 872 2692 910 2714; x_wconf 84' lang='lat' dir='ltr'><strong>ac</strong></span> <span class='ocrx_word' id='word_1_509' title='bbox 935 2682 1104 2724; x_wconf 82' lang='lat' dir='ltr'><strong>prioribus,</strong></span> <span class='ocrx_word' id='word_1_510' title='bbox 1128 2683 1350 2725; x_wconf 87' lang='lat' dir='ltr'><strong>subprioribus</strong></span> <span class='ocrx_word' id='word_1_511' title='bbox 1373 2687 1406 2716; x_wconf 91' lang='lat' dir='ltr'><strong>et</strong></span> <span class='ocrx_word' id='word_1_512' title='bbox 1429 2685 1653 2728; x_wconf 84' lang='lat' dir='ltr'><strong>subgardianis</strong></span> <span class='ocrx_word' id='word_1_513' title='bbox 1676 2697 1714 2718; x_wconf 79' lang='lat' dir='ltr'><strong>ac</strong></span> <span class='ocrx_word' id='word_1_514' title='bbox 1739 2686 1812 2717; x_wconf 82' lang='lat' dir='ltr'><strong>reli-</strong></span> 
     </span>
    </p>

    <p class='ocr_par' dir='ltr' id='par_1_20' title="bbox 99 2728 1812 2779">
     <span class='ocr_line' id='line_1_48' title="bbox 99 2728 1812 2779; baseline 0.004 -19"><span class='ocrx_word' id='word_1_515' title='bbox 99 2730 101 2733; x_wconf 90' lang='grc'><strong>’</strong></span> <span class='ocrx_word' id='word_1_516' title='bbox 152 2729 251 2770; x_wconf 82' lang='lat' dir='ltr'><strong>giosis</strong></span> <span class='ocrx_word' id='word_1_517' title='bbox 281 2728 428 2762; x_wconf 90' lang='lat' dir='ltr'><strong>ordinum</strong></span> <span class='ocrx_word' id='word_1_518' title='bbox 458 2730 691 2773; x_wconf 87' lang='lat' dir='ltr'><strong>predictorum,</strong></span> <span class='ocrx_word' id='word_1_519' title='bbox 722 2736 757 2765; x_wconf 88' lang='lat' dir='ltr'><strong>ut</strong></span> <span class='ocrx_word' id='word_1_520' title='bbox 783 2733 958 2766; x_wconf 89' lang='lat' dir='ltr'><strong>secundum</strong></span> <span class='ocrx_word' id='word_1_521' title='bbox 989 2734 1220 2767; x_wconf 89' lang='lat' dir='ltr'><strong>continentiam</strong></span> <span class='ocrx_word' id='word_1_522' title='bbox 1252 2734 1366 2769; x_wconf 88' lang='lat' dir='ltr'><strong>directi</strong></span> <span class='ocrx_word' id='word_1_523' title='bbox 1396 2737 1472 2779; x_wconf 87' lang='lat' dir='ltr'><strong>ipsis</strong></span> <span class='ocrx_word' id='word_1_524' title='bbox 1506 2737 1649 2770; x_wconf 82' lang='lat' dir='ltr'><strong>mandati</strong></span> <span class='ocrx_word' id='word_1_525' title='bbox 1682 2737 1812 2769; x_wconf 70' lang='lat' dir='ltr'><strong>easdem</strong></span> 
     </span>
    </p>
   </div>
   <div class='ocr_carea' id='block_1_11' title="bbox 257 2831 1172 2870">
    <p class='ocr_par' dir='ltr' id='par_1_21' title="bbox 257 2831 1172 2870">
     <span class='ocr_line' id='line_1_49' title="bbox 257 2831 1172 2870; baseline 0.008 -12"><span class='ocrx_word' id='word_1_526' title='bbox 257 2831 282 2866; x_wconf 88' lang='lat'><strong>1)</strong></span> <span class='ocrx_word' id='word_1_527' title='bbox 301 2832 392 2866; x_wconf 70' lang='lat' dir='ltr'><strong>Supra</strong></span> <span class='ocrx_word' id='word_1_528' title='bbox 412 2840 453 2860; x_wconf 83' lang='lat' dir='ltr'><strong>nr.</strong></span> <span class='ocrx_word' id='word_1_529' title='bbox 466 2836 523 2861; x_wconf 72' lang='lat'><strong>964.</strong></span> <span class='ocrx_word' id='word_1_530' title='bbox 611 2834 638 2867; x_wconf 79' lang='lat'><strong>2)</strong></span> <span class='ocrx_word' id='word_1_531' title='bbox 660 2835 701 2869; x_wconf 74' lang='lat' dir='ltr'><strong>Cf.</strong></span> <span class='ocrx_word' id='word_1_532' title='bbox 720 2835 818 2863; x_wconf 71' lang='lat' dir='ltr'><strong>t&#39;bidem.</strong></span> <span class='ocrx_word' id='word_1_533' title='bbox 905 2837 932 2870; x_wconf 84' lang='lat'><strong>3)</strong></span> <span class='ocrx_word' id='word_1_534' title='bbox 950 2836 1039 2870; x_wconf 77' lang='lat' dir='ltr'><strong>Supra</strong></span> <span class='ocrx_word' id='word_1_535' title='bbox 1058 2844 1100 2863; x_wconf 75' lang='lat' dir='ltr'><strong>nr.</strong></span> <span class='ocrx_word' id='word_1_536' title='bbox 1120 2839 1172 2865; x_wconf 81' lang='grc'><strong><em>965.</em></strong></span> 
     </span>
    </p>
   </div>
  </div>
 </body>
</html>
