<?xml version="1.0" encoding="UTF-8"?>
<!DOCTYPE html PUBLIC "-//W3C//DTD XHTML 1.0 Transitional//EN"
    "http://www.w3.org/TR/xhtml1/DTD/xhtml1-transitional.dtd">
<html xmlns="http://www.w3.org/1999/xhtml" xml:lang="en" lang="en">
 <head>
  <title>
</title>
<meta http-equiv="Content-Type" content="text/html;charset=utf-8" />
  <meta name='ocr-system' content='tesseract 3.04.00' />
  <meta name='ocr-capabilities' content='ocr_page ocr_carea ocr_par ocr_line ocrx_word'/>
</head>
<body>
  <div class='ocr_page' id='page_1' title='image "./monumentagerma05geseuoft_0712.png"; bbox 0 0 2184 3126; ppageno 0'>
   <div class='ocr_carea' id='block_1_1' title="bbox 315 157 1730 199">
    <p class='ocr_par' dir='ltr' id='par_1_1' title="bbox 315 157 1730 199">
     <span class='ocr_line' id='line_1_1' title="bbox 315 157 1730 199; baseline -0.011 0"><span class='ocrx_word' id='word_1_1' title='bbox 315 170 377 199; x_wconf 77' lang='lat'>672</span> <span class='ocrx_word' id='word_1_2' title='bbox 546 163 641 192; x_wconf 87' lang='lat' dir='ltr'>ACTA</span> <span class='ocrx_word' id='word_1_3' title='bbox 660 162 774 190; x_wconf 86' lang='lat' dir='ltr'>REGNI</span> <span class='ocrx_word' id='word_1_4' title='bbox 793 159 976 188; x_wconf 87' lang='lat' dir='ltr'>LUDEWIOI</span> <span class='ocrx_word' id='word_1_5' title='bbox 996 160 1043 187; x_wconf 89' lang='lat' dir='ltr'>IV.</span> <span class='ocrx_word' id='word_1_6' title='bbox 1062 159 1107 186; x_wconf 86' lang='grc' dir='ltr'>ΕΤ</span> <span class='ocrx_word' id='word_1_7' title='bbox 1127 158 1314 186; x_wconf 84' lang='lat' dir='ltr'><strong>FRIDERICI</strong></span> <span class='ocrx_word' id='word_1_8' title='bbox 1332 158 1382 186; x_wconf 91' lang='lat'>111.</span> <span class='ocrx_word' id='word_1_9' title='bbox 1421 158 1495 185; x_wconf 73' lang='lat'>1324,</span> <span class='ocrx_word' id='word_1_10' title='bbox 1531 158 1580 185; x_wconf 88' lang='lat' dir='ltr'>Nr.</span> <span class='ocrx_word' id='word_1_11' title='bbox 1593 157 1652 185; x_wconf 83' lang='lat'>848.</span> <span class='ocrx_word' id='word_1_12' title='bbox 1671 157 1730 184; x_wconf 80' lang='lat'>849.</span> 
     </span>
    </p>
   </div>
   <div class='ocr_carea' id='block_1_2' title="bbox 312 244 2018 1525">
    <p class='ocr_par' dir='ltr' id='par_1_2' title="bbox 312 244 2018 1525">
     <span class='ocr_line' id='line_1_2' title="bbox 315 244 1965 294; baseline -0.004 -10"><span class='ocrx_word' id='word_1_13' title='bbox 315 255 418 294; x_wconf 88' lang='lat' dir='ltr'>ipsum</span> <span class='ocrx_word' id='word_1_14' title='bbox 441 252 595 282; x_wconf 87' lang='lat' dir='ltr'>insertum</span> <span class='ocrx_word' id='word_1_15' title='bbox 619 248 822 291; x_wconf 82' lang='lat' dir='ltr'>presentibus</span> <span class='ocrx_word' id='word_1_16' title='bbox 840 247 993 288; x_wconf 87' lang='lat' dir='ltr'>publicari</span> <span class='ocrx_word' id='word_1_17' title='bbox 1009 246 1185 277; x_wconf 80' lang='lat' dir='ltr'>solenniter</span> <span class='ocrx_word' id='word_1_18' title='bbox 1208 247 1241 276; x_wconf 92' lang='lat' dir='ltr'>et</span> <span class='ocrx_word' id='word_1_19' title='bbox 1263 245 1295 275; x_wconf 91' lang='lat' dir='ltr'>in</span> <span class='ocrx_word' id='word_1_20' title='bbox 1317 244 1428 286; x_wconf 78' lang='lat' dir='ltr'>lingua</span> <span class='ocrx_word' id='word_1_21' title='bbox 1443 247 1590 276; x_wconf 87' lang='lat' dir='ltr'>materna</span> <span class='ocrx_word' id='word_1_22' title='bbox 1606 244 1725 285; x_wconf 83' lang='lat' dir='ltr'><strong>exponi</strong></span> <span class='ocrx_word' id='word_1_23' title='bbox 1740 245 1965 278; x_wconf 86' lang='lat' dir='ltr'>mandavimus</span> 
     </span>
     <span class='ocr_line' id='line_1_3' title="bbox 316 295 1966 344; baseline -0.003 -9"><span class='ocrx_word' id='word_1_24' title='bbox 316 304 487 344; x_wconf 84' lang='lat' dir='ltr'>diligenter</span> <span class='ocrx_word' id='word_1_25' title='bbox 511 304 544 333; x_wconf 92' lang='lat' dir='ltr'>et</span> <span class='ocrx_word' id='word_1_26' title='bbox 565 301 639 332; x_wconf 90' lang='lat' dir='ltr'>inde</span> <span class='ocrx_word' id='word_1_27' title='bbox 662 311 759 331; x_wconf 91' lang='lat' dir='ltr'>unum</span> <span class='ocrx_word' id='word_1_28' title='bbox 782 309 841 340; x_wconf 90' lang='lat' dir='ltr'>per</span> <span class='ocrx_word' id='word_1_29' title='bbox 856 297 1072 329; x_wconf 89' lang='lat' dir='ltr'>Rolandinum</span> <span class='ocrx_word' id='word_1_30' title='bbox 1096 296 1136 327; x_wconf 92' lang='lat' dir='ltr'>de</span> <span class='ocrx_word' id='word_1_31' title='bbox 1152 296 1252 327; x_wconf 90' lang='lat' dir='ltr'>Bonis</span> <span class='ocrx_word' id='word_1_32' title='bbox 1275 296 1435 327; x_wconf 90' lang='lat' dir='ltr'>notarium</span> <span class='ocrx_word' id='word_1_33' title='bbox 1451 298 1595 326; x_wconf 89' lang='lat' dir='ltr'>nostrum</span> <span class='ocrx_word' id='word_1_34' title='bbox 1612 295 1726 328; x_wconf 85' lang='lat' dir='ltr'>confici</span> <span class='ocrx_word' id='word_1_35' title='bbox 1748 300 1782 329; x_wconf 91' lang='lat' dir='ltr'>et</span> <span class='ocrx_word' id='word_1_36' title='bbox 1803 308 1862 339; x_wconf 90' lang='lat' dir='ltr'>per</span> <span class='ocrx_word' id='word_1_37' title='bbox 1883 298 1966 330; x_wconf 83' lang='lat' dir='ltr'>alios</span> 
     </span>
     <span class='ocr_line' id='line_1_4' title="bbox 314 346 1965 396; baseline -0.002 -11"><span class='ocrx_word' id='word_1_38' title='bbox 314 355 422 396; x_wconf 89' lang='lat' dir='ltr'>plures</span> <span class='ocrx_word' id='word_1_39' title='bbox 444 353 585 384; x_wconf 89' lang='lat' dir='ltr'>notarios</span> <span class='ocrx_word' id='word_1_40' title='bbox 607 351 761 382; x_wconf 81' lang='lat' dir='ltr'>subscribi</span> <span class='ocrx_word' id='word_1_41' title='bbox 784 350 948 391; x_wconf 89' lang='lat' dir='ltr'>publicum</span> <span class='ocrx_word' id='word_1_42' title='bbox 971 349 1219 379; x_wconf 77' lang='lat' dir='ltr'>instrumentum</span> <span class='ocrx_word' id='word_1_43' title='bbox 1241 347 1369 388; x_wconf 84' lang='lat' dir='ltr'>prefato</span> <span class='ocrx_word' id='word_1_44' title='bbox 1394 346 1523 378; x_wconf 88' lang='lat' dir='ltr'>domino</span> <span class='ocrx_word' id='word_1_45' title='bbox 1547 349 1656 378; x_wconf 89' lang='lat' dir='ltr'>nostro</span> <span class='ocrx_word' id='word_1_46' title='bbox 1679 357 1805 380; x_wconf 89' lang='lat' dir='ltr'>summo</span> <span class='ocrx_word' id='word_1_47' title='bbox 1821 349 1965 390; x_wconf 87' lang='lat' dir='ltr'>pontifici</span> 
     </span>
     <span class='ocr_line' id='line_1_5' title="bbox 315 397 1965 442; baseline -0.001 -6"><span class='ocrx_word' id='word_1_48' title='bbox 315 404 591 437; x_wconf 82' lang='lat' dir='ltr'>transmittendum</span> <span class='ocrx_word' id='word_1_49' title='bbox 605 404 625 433; x_wconf 84' lang='lat'>¹.</span> <span class='ocrx_word' id='word_1_50' title='bbox 671 402 792 433; x_wconf 87' lang='lat' dir='ltr'>Verum</span> <span class='ocrx_word' id='word_1_51' title='bbox 820 403 856 432; x_wconf 92' lang='lat' dir='ltr'>ut</span> <span class='ocrx_word' id='word_1_52' title='bbox 883 400 956 442; x_wconf 81' lang='lat' dir='ltr'>talis</span> <span class='ocrx_word' id='word_1_53' title='bbox 984 409 1152 440; x_wconf 81' lang='lat' dir='ltr'>processus</span> <span class='ocrx_word' id='word_1_54' title='bbox 1179 401 1212 430; x_wconf 89' lang='lat' dir='ltr'>et</span> <span class='ocrx_word' id='word_1_55' title='bbox 1240 398 1309 429; x_wconf 90' lang='lat' dir='ltr'>eius</span> <span class='ocrx_word' id='word_1_56' title='bbox 1332 397 1508 439; x_wconf 86' lang='lat' dir='ltr'>publicatio</span> <span class='ocrx_word' id='word_1_57' title='bbox 1531 401 1684 439; x_wconf 84' lang='lat' dir='ltr'>pretextu</span> <span class='ocrx_word' id='word_1_58' title='bbox 1712 403 1745 431; x_wconf 96' lang='lat' dir='ltr'>et</span> <span class='ocrx_word' id='word_1_59' title='bbox 1772 401 1965 434; x_wconf 80' lang='lat' dir='ltr'>auctoritate</span> 
     </span>
     <span class='ocr_line' id='line_1_6' title="bbox 315 449 2009 496; baseline -0.004 -8"><span class='ocrx_word' id='word_1_60' title='bbox 315 456 456 487; x_wconf 86' lang='lat' dir='ltr'>mandati</span> <span class='ocrx_word' id='word_1_61' title='bbox 479 454 646 496; x_wconf 86' lang='lat' dir='ltr'>apostolici</span> <span class='ocrx_word' id='word_1_62' title='bbox 668 453 732 483; x_wconf 89' lang='lat' dir='ltr'>iam</span> <span class='ocrx_word' id='word_1_63' title='bbox 756 452 840 483; x_wconf 91' lang='lat' dir='ltr'>dicto</span> <span class='ocrx_word' id='word_1_64' title='bbox 858 451 987 482; x_wconf 92' lang='lat' dir='ltr'>domino</span> <span class='ocrx_word' id='word_1_65' title='bbox 1010 451 1162 492; x_wconf 90' lang='lat' dir='ltr'>episcopo</span> <span class='ocrx_word' id='word_1_66' title='bbox 1186 450 1218 480; x_wconf 91' lang='lat' dir='ltr'>in</span> <span class='ocrx_word' id='word_1_67' title='bbox 1241 449 1301 480; x_wconf 84' lang='lat' dir='ltr'>hac</span> <span class='ocrx_word' id='word_1_68' title='bbox 1324 452 1416 490; x_wconf 85' lang='lat' dir='ltr'>parte</span> <span class='ocrx_word' id='word_1_69' title='bbox 1441 449 1555 494; x_wconf 80' lang='lat' dir='ltr'>directi</span> <span class='ocrx_word' id='word_1_70' title='bbox 1578 450 1619 482; x_wconf 89' lang='lat' dir='ltr'>ad</span> <span class='ocrx_word' id='word_1_71' title='bbox 1643 451 1785 483; x_wconf 91' lang='lat' dir='ltr'>omnium</span> <span class='ocrx_word' id='word_1_72' title='bbox 1807 455 1842 485; x_wconf 86' lang='lat' dir='ltr'>et</span> <span class='ocrx_word' id='word_1_73' title='bbox 1856 454 1964 496; x_wconf 86' lang='lat' dir='ltr'>singu·</span> <span class='ocrx_word' id='word_1_74' title='bbox 1996 462 2009 482; x_wconf 72' lang='lat' dir='ltr'>s</span> 
     </span>
     <span class='ocr_line' id='line_1_7' title="bbox 315 500 1967 546; baseline 0 -8"><span class='ocrx_word' id='word_1_75' title='bbox 315 507 417 538; x_wconf 92' lang='lat' dir='ltr'>lorum</span> <span class='ocrx_word' id='word_1_76' title='bbox 442 516 551 537; x_wconf 90' lang='lat' dir='ltr'>eorum</span> <span class='ocrx_word' id='word_1_77' title='bbox 575 505 740 546; x_wconf 86' lang='lat' dir='ltr'>potissime</span> <span class='ocrx_word' id='word_1_78' title='bbox 770 513 905 544; x_wconf 91' lang='lat' dir='ltr'>quorum</span> <span class='ocrx_word' id='word_1_79' title='bbox 933 503 1066 534; x_wconf 88' lang='lat' dir='ltr'>interest</span> <span class='ocrx_word' id='word_1_80' title='bbox 1094 501 1246 532; x_wconf 80' lang='lat' dir='ltr'>noticiam</span> <span class='ocrx_word' id='word_1_81' title='bbox 1277 500 1414 532; x_wconf 85' lang='lat' dir='ltr'>lucidius</span> <span class='ocrx_word' id='word_1_82' title='bbox 1441 500 1629 542; x_wconf 79' lang='lat' dir='ltr'>deducatur,</span> <span class='ocrx_word' id='word_1_83' title='bbox 1657 513 1714 534; x_wconf 86' lang='lat' dir='ltr'>vos</span> <span class='ocrx_word' id='word_1_84' title='bbox 1740 504 1967 539; x_wconf 85' lang='lat' dir='ltr'>universaliter</span> 
     </span>
     <span class='ocr_line' id='line_1_8' title="bbox 317 552 1965 599; baseline 0.001 -11"><span class='ocrx_word' id='word_1_85' title='bbox 317 558 458 599; x_wconf 88' lang='lat' dir='ltr'>singulos</span> <span class='ocrx_word' id='word_1_86' title='bbox 492 560 524 588; x_wconf 90' lang='lat' dir='ltr'>et</span> <span class='ocrx_word' id='word_1_87' title='bbox 557 555 760 596; x_wconf 80' lang='lat' dir='ltr'>singulariter</span> <span class='ocrx_word' id='word_1_88' title='bbox 793 555 958 585; x_wconf 87' lang='lat' dir='ltr'>universos</span> <span class='ocrx_word' id='word_1_89' title='bbox 987 554 1179 585; x_wconf 88' lang='lat' dir='ltr'>auctoritate</span> <span class='ocrx_word' id='word_1_90' title='bbox 1211 563 1274 594; x_wconf 87' lang='lat' dir='ltr'>qua</span> <span class='ocrx_word' id='word_1_91' title='bbox 1304 552 1468 593; x_wconf 86' lang='lat' dir='ltr'>fungimur</span> <span class='ocrx_word' id='word_1_92' title='bbox 1501 553 1612 594; x_wconf 88' lang='lat' dir='ltr'>semel,</span> <span class='ocrx_word' id='word_1_93' title='bbox 1647 555 1788 587; x_wconf 88' lang='lat' dir='ltr'>secundo</span> <span class='ocrx_word' id='word_1_94' title='bbox 1812 559 1847 588; x_wconf 88' lang='lat' dir='ltr'>et</span> <span class='ocrx_word' id='word_1_95' title='bbox 1868 558 1965 590; x_wconf 87' lang='lat' dir='ltr'>tertio</span> 
     </span>
     <span class='ocr_line' id='line_1_9' title="bbox 314 603 1966 651; baseline 0.002 -12"><span class='ocrx_word' id='word_1_96' title='bbox 314 607 529 650; x_wconf 78' lang='lat' dir='ltr'>pei-hemtorie</span> <span class='ocrx_word' id='word_1_97' title='bbox 552 607 742 648; x_wconf 86' lang='lat' dir='ltr'>requirimus</span> <span class='ocrx_word' id='word_1_98' title='bbox 767 609 799 637; x_wconf 86' lang='lat' dir='ltr'>et</span> <span class='ocrx_word' id='word_1_99' title='bbox 821 615 1004 644; x_wconf 86' lang='lat' dir='ltr'>monemus,</span> <span class='ocrx_word' id='word_1_100' title='bbox 1034 604 1257 636; x_wconf 86' lang='lat' dir='ltr'>nichilominus</span> <span class='ocrx_word' id='word_1_101' title='bbox 1288 603 1348 635; x_wconf 88' lang='lat' dir='ltr'>sub</span> <span class='ocrx_word' id='word_1_102' title='bbox 1375 605 1716 637; x_wconf 76' lang='lat' dir='ltr'>excommunicationis</span> <span class='ocrx_word' id='word_1_103' title='bbox 1740 606 1903 651; x_wconf 84' lang='lat' dir='ltr'>officiique</span> <span class='ocrx_word' id='word_1_104' title='bbox 1933 612 1966 642; x_wconf 90' lang='lat' dir='ltr'>et</span> 
     </span>
     <span class='ocr_line' id='line_1_10' title="bbox 314 655 2018 701; baseline 0.002 -10"><span class='ocrx_word' id='word_1_105' title='bbox 314 659 461 691; x_wconf 90' lang='lat' dir='ltr'>beneficii</span> <span class='ocrx_word' id='word_1_106' title='bbox 484 658 669 700; x_wconf 83' lang='lat' dir='ltr'>privationis</span> <span class='ocrx_word' id='word_1_107' title='bbox 692 658 783 698; x_wconf 89' lang='lat' dir='ltr'>penis</span> <span class='ocrx_word' id='word_1_108' title='bbox 807 657 949 688; x_wconf 84' lang='lat' dir='ltr'>districte</span> <span class='ocrx_word' id='word_1_109' title='bbox 971 656 1171 695; x_wconf 87' lang='lat' dir='ltr'>mandantes,</span> <span class='ocrx_word' id='word_1_110' title='bbox 1196 655 1345 697; x_wconf 78' lang='lat' dir='ltr'>quatinus</span> <span class='ocrx_word' id='word_1_111' title='bbox 1368 665 1425 686; x_wconf 82' lang='lat' dir='ltr'>vos</span> <span class='ocrx_word' id='word_1_112' title='bbox 1446 658 1479 688; x_wconf 92' lang='lat' dir='ltr'>et</span> <span class='ocrx_word' id='word_1_113' title='bbox 1494 656 1631 698; x_wconf 83' lang='lat' dir='ltr'>quilibet</span> <span class='ocrx_word' id='word_1_114' title='bbox 1645 661 1787 690; x_wconf 90' lang='lat' dir='ltr'>vestrum</span> <span class='ocrx_word' id='word_1_115' title='bbox 1802 660 1966 701; x_wconf 83' lang='lat' dir='ltr'>prefatum</span> <span class='ocrx_word' id='word_1_116' title='bbox 2014 692 2018 696; x_wconf 89' lang='grc'><em>,</em></span> 
     </span>
     <span class='ocr_line' id='line_1_11' title="bbox 314 706 2012 752; baseline 0.002 -11"><span class='ocrx_word' id='word_1_117' title='bbox 314 720 495 752; x_wconf 88' lang='lat' dir='ltr'>processum</span> <span class='ocrx_word' id='word_1_118' title='bbox 520 709 732 750; x_wconf 90' lang='lat' dir='ltr'>apostolicum</span> <span class='ocrx_word' id='word_1_119' title='bbox 755 707 958 749; x_wconf 81' lang='lat' dir='ltr'>presentibus</span> <span class='ocrx_word' id='word_1_120' title='bbox 982 710 1016 738; x_wconf 87' lang='lat' dir='ltr'>ut</span> <span class='ocrx_word' id='word_1_121' title='bbox 1040 707 1160 738; x_wconf 90' lang='lat' dir='ltr'>dictum</span> <span class='ocrx_word' id='word_1_122' title='bbox 1190 709 1239 738; x_wconf 91' lang='lat' dir='ltr'>est</span> <span class='ocrx_word' id='word_1_123' title='bbox 1263 706 1419 738; x_wconf 87' lang='lat' dir='ltr'>insertum</span> <span class='ocrx_word' id='word_1_124' title='bbox 1446 708 1479 739; x_wconf 92' lang='lat' dir='ltr'>in</span> <span class='ocrx_word' id='word_1_125' title='bbox 1506 709 1653 740; x_wconf 87' lang='lat' dir='ltr'>ecclesiis</span> <span class='ocrx_word' id='word_1_126' title='bbox 1675 711 1789 742; x_wconf 85' lang='lat' dir='ltr'>vestris</span> <span class='ocrx_word' id='word_1_127' title='bbox 1815 712 1868 743; x_wconf 83' lang='lat' dir='ltr'>vel</span> <span class='ocrx_word' id='word_1_128' title='bbox 1895 712 1966 744; x_wconf 85' lang='lat' dir='ltr'>aliis</span> <span class='ocrx_word' id='word_1_129' title='bbox 1985 725 2012 746; x_wconf 81' lang='grc' dir='ltr'>ιο</span> 
     </span>
     <span class='ocr_line' id='line_1_12' title="bbox 312 757 1966 806; baseline 0.003 -14"><span class='ocrx_word' id='word_1_130' title='bbox 312 762 391 792; x_wconf 90' lang='lat' dir='ltr'>locis</span> <span class='ocrx_word' id='word_1_131' title='bbox 407 761 542 802; x_wconf 89' lang='lat' dir='ltr'>publicis</span> <span class='ocrx_word' id='word_1_132' title='bbox 557 763 735 791; x_wconf 89' lang='lat' dir='ltr'>vestrorum</span> <span class='ocrx_word' id='word_1_133' title='bbox 751 759 949 801; x_wconf 86' lang='lat' dir='ltr'>plebatuum,</span> <span class='ocrx_word' id='word_1_134' title='bbox 974 759 1004 789; x_wconf 89' lang='lat' dir='ltr'>in</span> <span class='ocrx_word' id='word_1_135' title='bbox 1029 758 1143 799; x_wconf 92' lang='lat' dir='ltr'>quibus</span> <span class='ocrx_word' id='word_1_136' title='bbox 1160 757 1315 799; x_wconf 84' lang='lat' dir='ltr'>expedire</span> <span class='ocrx_word' id='word_1_137' title='bbox 1332 758 1486 800; x_wconf 86' lang='lat' dir='ltr'>videritis,</span> <span class='ocrx_word' id='word_1_138' title='bbox 1507 760 1695 794; x_wconf 80' lang='lat' dir='ltr'>immediate</span> <span class='ocrx_word' id='word_1_139' title='bbox 1713 766 1786 804; x_wconf 89' lang='lat' dir='ltr'>post</span> <span class='ocrx_word' id='word_1_140' title='bbox 1800 767 1966 806; x_wconf 80' lang='lat' dir='ltr'>receptam</span> 
     </span>
     <span class='ocr_line' id='line_1_13' title="bbox 313 809 1967 853; baseline 0.004 -10"><span class='ocrx_word' id='word_1_141' title='bbox 313 813 353 844; x_wconf 87' lang='lat' dir='ltr'>ab</span> <span class='ocrx_word' id='word_1_142' title='bbox 375 812 584 853; x_wconf 83' lang='lat' dir='ltr'>infrascriptis</span> <span class='ocrx_word' id='word_1_143' title='bbox 608 811 803 852; x_wconf 87' lang='lat' dir='ltr'>presentium</span> <span class='ocrx_word' id='word_1_144' title='bbox 832 811 958 851; x_wconf 85' lang='lat' dir='ltr'>copiam</span> <span class='ocrx_word' id='word_1_145' title='bbox 987 820 1094 841; x_wconf 87' lang='lat' dir='ltr'>coram</span> <span class='ocrx_word' id='word_1_146' title='bbox 1123 809 1250 851; x_wconf 90' lang='lat' dir='ltr'>populis</span> <span class='ocrx_word' id='word_1_147' title='bbox 1280 810 1393 841; x_wconf 90' lang='lat' dir='ltr'>vestris</span> <span class='ocrx_word' id='word_1_148' title='bbox 1420 811 1586 853; x_wconf 87' lang='lat' dir='ltr'>utriusque</span> <span class='ocrx_word' id='word_1_149' title='bbox 1614 823 1711 845; x_wconf 83' lang='lat' dir='ltr'>sexus</span> <span class='ocrx_word' id='word_1_150' title='bbox 1739 815 1894 848; x_wconf 82' lang='lat' dir='ltr'>vocandis</span> <span class='ocrx_word' id='word_1_151' title='bbox 1924 817 1967 849; x_wconf 89' lang='lat' dir='ltr'>ad</span> 
     </span>
     <span class='ocr_line' id='line_1_14' title="bbox 313 860 1967 910; baseline 0.004 -16"><span class='ocrx_word' id='word_1_152' title='bbox 313 864 374 895; x_wconf 92' lang='lat' dir='ltr'>hoc</span> <span class='ocrx_word' id='word_1_153' title='bbox 401 866 434 895; x_wconf 89' lang='lat' dir='ltr'>et</span> <span class='ocrx_word' id='word_1_154' title='bbox 460 863 644 904; x_wconf 81' lang='lat' dir='ltr'>specialiter</span> <span class='ocrx_word' id='word_1_155' title='bbox 673 861 905 904; x_wconf 86' lang='lat' dir='ltr'>congregandis</span> <span class='ocrx_word' id='word_1_156' title='bbox 937 861 1124 893; x_wconf 88' lang='lat' dir='ltr'>solemniter</span> <span class='ocrx_word' id='word_1_157' title='bbox 1158 860 1328 902; x_wconf 80' lang='lat' dir='ltr'>publicetis</span> <span class='ocrx_word' id='word_1_158' title='bbox 1359 864 1392 893; x_wconf 91' lang='lat' dir='ltr'>et</span> <span class='ocrx_word' id='word_1_159' title='bbox 1428 873 1525 904; x_wconf 90' lang='lat' dir='ltr'>quam</span> <span class='ocrx_word' id='word_1_160' title='bbox 1559 863 1675 897; x_wconf 86' lang='lat' dir='ltr'>clarius</span> <span class='ocrx_word' id='word_1_161' title='bbox 1710 867 1758 898; x_wconf 91' lang='lat' dir='ltr'>eis</span> <span class='ocrx_word' id='word_1_162' title='bbox 1791 868 1967 910; x_wconf 79' lang='lat' dir='ltr'>vulgariter</span> 
     </span>
     <span class='ocr_line' id='line_1_15' title="bbox 314 912 1965 956; baseline 0.004 -9"><span class='ocrx_word' id='word_1_163' title='bbox 314 915 492 956; x_wconf 83' lang='lat' dir='ltr'>exponatis.</span> <span class='ocrx_word' id='word_1_164' title='bbox 536 914 705 946; x_wconf 82' lang='lat' dir='ltr'>Facientes</span> <span class='ocrx_word' id='word_1_165' title='bbox 727 914 796 945; x_wconf 88' lang='lat' dir='ltr'>fieri</span> <span class='ocrx_word' id='word_1_166' title='bbox 820 913 861 944; x_wconf 86' lang='lat' dir='ltr'>de</span> <span class='ocrx_word' id='word_1_167' title='bbox 885 913 1101 954; x_wconf 86' lang='lat' dir='ltr'>publicatione</span> <span class='ocrx_word' id='word_1_168' title='bbox 1124 912 1309 944; x_wconf 87' lang='lat' dir='ltr'>huiusmodi</span> <span class='ocrx_word' id='word_1_169' title='bbox 1332 912 1460 954; x_wconf 89' lang='lat' dir='ltr'>publica</span> <span class='ocrx_word' id='word_1_170' title='bbox 1483 915 1696 949; x_wconf 85' lang='lat' dir='ltr'>instrumenta</span> <span class='ocrx_word' id='word_1_171' title='bbox 1718 918 1832 951; x_wconf 84' lang='lat' dir='ltr'>harum</span> <span class='ocrx_word' id='word_1_172' title='bbox 1848 920 1965 952; x_wconf 86' lang='lat' dir='ltr'>seriem</span> 
     </span>
     <span class='ocr_line' id='line_1_16' title="bbox 314 964 2011 1007; baseline 0.004 -9"><span class='ocrx_word' id='word_1_173' title='bbox 314 967 518 1005; x_wconf 90' lang='lat' dir='ltr'>continentia,</span> <span class='ocrx_word' id='word_1_174' title='bbox 543 977 604 1007; x_wconf 90' lang='lat' dir='ltr'>que</span> <span class='ocrx_word' id='word_1_175' title='bbox 628 965 719 997; x_wconf 88' lang='lat' dir='ltr'>nobis</span> <span class='ocrx_word' id='word_1_176' title='bbox 742 965 800 996; x_wconf 85' lang='lat' dir='ltr'>sub</span> <span class='ocrx_word' id='word_1_177' title='bbox 825 966 916 1006; x_wconf 88' lang='lat' dir='ltr'>penis</span> <span class='ocrx_word' id='word_1_178' title='bbox 944 964 1096 1006; x_wconf 87' lang='lat' dir='ltr'>predictis</span> <span class='ocrx_word' id='word_1_179' title='bbox 1127 975 1223 1006; x_wconf 86' lang='lat' dir='ltr'>quam</span> <span class='ocrx_word' id='word_1_180' title='bbox 1254 965 1350 996; x_wconf 90' lang='lat' dir='ltr'>cicius</span> <span class='ocrx_word' id='word_1_181' title='bbox 1378 966 1525 1007; x_wconf 87' lang='lat' dir='ltr'>poteritis</span> <span class='ocrx_word' id='word_1_182' title='bbox 1554 969 1778 1001; x_wconf 84' lang='lat' dir='ltr'>transmittatis</span> <span class='ocrx_word' id='word_1_183' title='bbox 1805 971 1857 1003; x_wconf 89' lang='lat' dir='ltr'>vel</span> <span class='ocrx_word' id='word_1_184' title='bbox 1885 972 1966 1004; x_wconf 83' lang='lat' dir='ltr'>alias</span> <span class='ocrx_word' id='word_1_185' title='bbox 1985 983 2011 1004; x_wconf 69' lang='grc' dir='ltr'>ιι</span> 
     </span>
     <span class='ocr_line' id='line_1_17' title="bbox 313 1017 1967 1063; baseline 0.004 -14"><span class='ocrx_word' id='word_1_186' title='bbox 313 1029 372 1059; x_wconf 89' lang='lat' dir='ltr'>per</span> <span class='ocrx_word' id='word_1_187' title='bbox 404 1021 527 1050; x_wconf 88' lang='lat' dir='ltr'>vestras</span> <span class='ocrx_word' id='word_1_188' title='bbox 560 1021 707 1058; x_wconf 87' lang='lat' dir='ltr'>patentes</span> <span class='ocrx_word' id='word_1_189' title='bbox 739 1017 862 1048; x_wconf 87' lang='lat' dir='ltr'>litteras</span> <span class='ocrx_word' id='word_1_190' title='bbox 898 1017 1012 1048; x_wconf 88' lang='lat' dir='ltr'>harum</span> <span class='ocrx_word' id='word_1_191' title='bbox 1042 1017 1159 1048; x_wconf 88' lang='lat' dir='ltr'>seriem</span> <span class='ocrx_word' id='word_1_192' title='bbox 1190 1017 1390 1048; x_wconf 87' lang='lat' dir='ltr'>continentes</span> <span class='ocrx_word' id='word_1_193' title='bbox 1417 1018 1476 1049; x_wconf 91' lang='lat' dir='ltr'>sub</span> <span class='ocrx_word' id='word_1_194' title='bbox 1506 1020 1619 1051; x_wconf 81' lang='lat' dir='ltr'>vestris</span> <span class='ocrx_word' id='word_1_195' title='bbox 1648 1021 1762 1063; x_wconf 83' lang='lat' dir='ltr'>sigillis</span> <span class='ocrx_word' id='word_1_196' title='bbox 1791 1022 1967 1056; x_wconf 84' lang='lat' dir='ltr'>solenniter</span> 
     </span>
     <span class='ocr_line' id='line_1_18' title="bbox 314 1067 2007 1120; baseline 0.004 -19"><span class='ocrx_word' id='word_1_197' title='bbox 314 1070 478 1109; x_wconf 89' lang='lat' dir='ltr'>intimetis,</span> <span class='ocrx_word' id='word_1_198' title='bbox 502 1072 537 1100; x_wconf 92' lang='lat' dir='ltr'>ut</span> <span class='ocrx_word' id='word_1_199' title='bbox 553 1070 762 1100; x_wconf 85' lang='lat' dir='ltr'>instrumenta</span> <span class='ocrx_word' id='word_1_200' title='bbox 785 1069 854 1109; x_wconf 89' lang='lat' dir='ltr'>ipsa</span> <span class='ocrx_word' id='word_1_201' title='bbox 878 1079 935 1100; x_wconf 88' lang='lat' dir='ltr'>seu</span> <span class='ocrx_word' id='word_1_202' title='bbox 951 1068 1074 1099; x_wconf 84' lang='lat' dir='ltr'>litteras</span> <span class='ocrx_word' id='word_1_203' title='bbox 1091 1067 1308 1109; x_wconf 85' lang='lat' dir='ltr'>postmodum,</span> <span class='ocrx_word' id='word_1_204' title='bbox 1332 1069 1415 1100; x_wconf 90' lang='lat' dir='ltr'>sicut</span> <span class='ocrx_word' id='word_1_205' title='bbox 1430 1070 1462 1101; x_wconf 93' lang='lat' dir='ltr'>in</span> <span class='ocrx_word' id='word_1_206' title='bbox 1477 1070 1638 1104; x_wconf 86' lang='lat' dir='ltr'>mandatis</span> <span class='ocrx_word' id='word_1_207' title='bbox 1653 1072 1822 1115; x_wconf 84' lang='lat' dir='ltr'>habemus,</span> <span class='ocrx_word' id='word_1_208' title='bbox 1837 1075 1966 1117; x_wconf 80' lang='lat' dir='ltr'>prefato</span> <span class='ocrx_word' id='word_1_209' title='bbox 2000 1116 2007 1120; x_wconf 19' lang='grc' dir='ltr'>ἱ</span> 
     </span>
     <span class='ocr_line' id='line_1_19' title="bbox 315 1119 1967 1169; baseline 0.005 -18"><span class='ocrx_word' id='word_1_210' title='bbox 315 1121 442 1152; x_wconf 84' lang='lat' dir='ltr'>domino</span> <span class='ocrx_word' id='word_1_211' title='bbox 467 1124 574 1151; x_wconf 90' lang='lat' dir='ltr'>nostro</span> <span class='ocrx_word' id='word_1_212' title='bbox 598 1130 721 1151; x_wconf 91' lang='lat' dir='ltr'>summo</span> <span class='ocrx_word' id='word_1_213' title='bbox 745 1120 886 1161; x_wconf 90' lang='lat' dir='ltr'>pontifici</span> <span class='ocrx_word' id='word_1_214' title='bbox 911 1120 1126 1151; x_wconf 88' lang='lat' dir='ltr'>transmittere</span> <span class='ocrx_word' id='word_1_215' title='bbox 1150 1119 1324 1151; x_wconf 83' lang='lat' dir='ltr'>valeamus.</span> <span class='ocrx_word' id='word_1_216' title='bbox 1375 1119 1533 1153; x_wconf 87' lang='lat' dir='ltr'>Volumus</span> <span class='ocrx_word' id='word_1_217' title='bbox 1555 1122 1688 1165; x_wconf 88' lang='lat' dir='ltr'>insuper</span> <span class='ocrx_word' id='word_1_218' title='bbox 1709 1127 1743 1157; x_wconf 91' lang='lat' dir='ltr'>et</span> <span class='ocrx_word' id='word_1_219' title='bbox 1765 1125 1967 1169; x_wconf 83' lang='lat' dir='ltr'>mandamus,</span> 
     </span>
     <span class='ocr_line' id='line_1_20' title="bbox 316 1171 1968 1219; baseline 0.005 -17"><span class='ocrx_word' id='word_1_220' title='bbox 316 1173 462 1212; x_wconf 87' lang='lat' dir='ltr'>quatinus</span> <span class='ocrx_word' id='word_1_221' title='bbox 490 1181 562 1202; x_wconf 91' lang='lat' dir='ltr'>cum</span> <span class='ocrx_word' id='word_1_222' title='bbox 592 1171 681 1202; x_wconf 90' lang='lat' dir='ltr'>vobis</span> <span class='ocrx_word' id='word_1_223' title='bbox 709 1171 856 1202; x_wconf 90' lang='lat' dir='ltr'>omnibus</span> <span class='ocrx_word' id='word_1_224' title='bbox 885 1174 1051 1212; x_wconf 86' lang='lat' dir='ltr'>presentes</span> <span class='ocrx_word' id='word_1_225' title='bbox 1079 1171 1198 1202; x_wconf 88' lang='lat' dir='ltr'>fuerint</span> <span class='ocrx_word' id='word_1_226' title='bbox 1227 1175 1426 1213; x_wconf 86' lang='lat' dir='ltr'>presentate,</span> <span class='ocrx_word' id='word_1_227' title='bbox 1458 1183 1515 1204; x_wconf 85' lang='lat' dir='ltr'>vos</span> <span class='ocrx_word' id='word_1_228' title='bbox 1545 1174 1756 1208; x_wconf 90' lang='lat' dir='ltr'>ecclesiarum</span> <span class='ocrx_word' id='word_1_229' title='bbox 1787 1177 1906 1219; x_wconf 89' lang='lat' dir='ltr'>prelati</span> <span class='ocrx_word' id='word_1_230' title='bbox 1934 1181 1968 1210; x_wconf 84' lang='lat' dir='ltr'>et</span> 
     </span>
     <span class='ocr_line' id='line_1_21' title="bbox 313 1222 2012 1266; baseline 0.005 -13"><span class='ocrx_word' id='word_1_231' title='bbox 313 1226 454 1254; x_wconf 85' lang='lat' dir='ltr'>rectores</span> <span class='ocrx_word' id='word_1_232' title='bbox 477 1222 517 1254; x_wconf 90' lang='lat' dir='ltr'>de</span> <span class='ocrx_word' id='word_1_233' title='bbox 541 1222 693 1254; x_wconf 79' lang='lat' dir='ltr'>Tridento</span> <span class='ocrx_word' id='word_1_234' title='bbox 718 1225 750 1254; x_wconf 92' lang='lat' dir='ltr'>et</span> <span class='ocrx_word' id='word_1_235' title='bbox 773 1222 994 1254; x_wconf 85' lang='lat' dir='ltr'>adiacentibus</span> <span class='ocrx_word' id='word_1_236' title='bbox 1017 1222 1078 1254; x_wconf 91' lang='lat' dir='ltr'>sibi</span> <span class='ocrx_word' id='word_1_237' title='bbox 1102 1222 1246 1264; x_wconf 91' lang='lat' dir='ltr'>partibus</span> <span class='ocrx_word' id='word_1_238' title='bbox 1270 1223 1357 1265; x_wconf 90' lang='lat' dir='ltr'>apud</span> <span class='ocrx_word' id='word_1_239' title='bbox 1380 1224 1542 1266; x_wconf 90' lang='lat' dir='ltr'>prefatum</span> <span class='ocrx_word' id='word_1_240' title='bbox 1563 1225 1783 1260; x_wconf 85' lang='lat' dir='ltr'>Rolandinum</span> <span class='ocrx_word' id='word_1_241' title='bbox 1805 1230 1966 1262; x_wconf 87' lang='lat' dir='ltr'>notarium</span> <span class='ocrx_word' id='word_1_242' title='bbox 1985 1240 2012 1261; x_wconf 68' lang='grc' dir='ltr'>ιο</span> 
     </span>
     <span class='ocr_line' id='line_1_22' title="bbox 314 1274 1966 1322; baseline 0.006 -18"><span class='ocrx_word' id='word_1_243' title='bbox 314 1278 466 1314; x_wconf 85' lang='lat' dir='ltr'>nostrum,</span> <span class='ocrx_word' id='word_1_244' title='bbox 490 1285 546 1305; x_wconf 88' lang='lat' dir='ltr'>vos</span> <span class='ocrx_word' id='word_1_245' title='bbox 575 1274 614 1305; x_wconf 87' lang='lat' dir='ltr'>de</span> <span class='ocrx_word' id='word_1_246' title='bbox 645 1274 788 1315; x_wconf 86' lang='lat' dir='ltr'>partibus</span> <span class='ocrx_word' id='word_1_247' title='bbox 811 1274 1016 1316; x_wconf 85' lang='lat' dir='ltr'>Longiatesis</span> <span class='ocrx_word' id='word_1_248' title='bbox 1047 1274 1237 1306; x_wconf 83' lang='lat' dir='ltr'>Theotonici</span> <span class='ocrx_word' id='word_1_249' title='bbox 1265 1275 1353 1316; x_wconf 88' lang='lat' dir='ltr'>apud</span> <span class='ocrx_word' id='word_1_250' title='bbox 1383 1278 1583 1318; x_wconf 84' lang='lat' dir='ltr'>prepositum</span> <span class='ocrx_word' id='word_1_251' title='bbox 1614 1278 1655 1310; x_wconf 85' lang='lat' dir='ltr'>de</span> <span class='ocrx_word' id='word_1_252' title='bbox 1678 1279 1809 1322; x_wconf 86' lang='lat' dir='ltr'>Augea‚</span> <span class='ocrx_word' id='word_1_253' title='bbox 1837 1291 1895 1313; x_wconf 84' lang='lat' dir='ltr'>vos</span> <span class='ocrx_word' id='word_1_254' title='bbox 1925 1281 1966 1314; x_wconf 86' lang='lat' dir='ltr'>de</span> 
     </span>
     <span class='ocr_line' id='line_1_23' title="bbox 314 1325 1966 1375; baseline 0.007 -20"><span class='ocrx_word' id='word_1_255' title='bbox 314 1325 448 1356; x_wconf 88' lang='lat' dir='ltr'>vallibus</span> <span class='ocrx_word' id='word_1_256' title='bbox 471 1325 619 1357; x_wconf 87' lang='lat' dir='ltr'>Annanie</span> <span class='ocrx_word' id='word_1_257' title='bbox 649 1330 681 1357; x_wconf 86' lang='lat' dir='ltr'>et</span> <span class='ocrx_word' id='word_1_258' title='bbox 704 1325 787 1357; x_wconf 87' lang='lat' dir='ltr'>Solis</span> <span class='ocrx_word' id='word_1_259' title='bbox 809 1326 896 1367; x_wconf 88' lang='lat' dir='ltr'>apud</span> <span class='ocrx_word' id='word_1_260' title='bbox 920 1326 1097 1367; x_wconf 81' lang='lat' dir='ltr'>plebanum</span> <span class='ocrx_word' id='word_1_261' title='bbox 1128 1326 1168 1358; x_wconf 93' lang='lat' dir='ltr'>de</span> <span class='ocrx_word' id='word_1_262' title='bbox 1193 1326 1311 1367; x_wconf 83' lang='lat' dir='ltr'>Clesio,</span> <span class='ocrx_word' id='word_1_263' title='bbox 1341 1338 1397 1359; x_wconf 89' lang='lat' dir='ltr'>vos</span> <span class='ocrx_word' id='word_1_264' title='bbox 1425 1327 1466 1359; x_wconf 87' lang='lat' dir='ltr'>de</span> <span class='ocrx_word' id='word_1_265' title='bbox 1490 1328 1653 1362; x_wconf 86' lang='lat' dir='ltr'>Iudicaria</span> <span class='ocrx_word' id='word_1_266' title='bbox 1675 1331 1761 1373; x_wconf 85' lang='lat' dir='ltr'>apud</span> <span class='ocrx_word' id='word_1_267' title='bbox 1785 1332 1966 1375; x_wconf 86' lang='lat' dir='ltr'>archipres-</span> 
     </span>
     <span class='ocr_line' id='line_1_24' title="bbox 316 1377 1967 1421; baseline 0.006 -14"><span class='ocrx_word' id='word_1_268' title='bbox 316 1377 451 1408; x_wconf 91' lang='lat' dir='ltr'>biterum</span> <span class='ocrx_word' id='word_1_269' title='bbox 476 1377 515 1408; x_wconf 91' lang='lat' dir='ltr'>de</span> <span class='ocrx_word' id='word_1_270' title='bbox 532 1377 626 1418; x_wconf 85' lang='lat' dir='ltr'>Ripa,</span> <span class='ocrx_word' id='word_1_271' title='bbox 650 1387 705 1408; x_wconf 84' lang='lat' dir='ltr'>vos</span> <span class='ocrx_word' id='word_1_272' title='bbox 728 1388 804 1409; x_wconf 91' lang='lat' dir='ltr'>vero</span> <span class='ocrx_word' id='word_1_273' title='bbox 829 1377 868 1408; x_wconf 90' lang='lat' dir='ltr'>de</span> <span class='ocrx_word' id='word_1_274' title='bbox 892 1378 976 1409; x_wconf 88' lang='lat' dir='ltr'>valle</span> <span class='ocrx_word' id='word_1_275' title='bbox 993 1378 1155 1419; x_wconf 87' lang='lat' dir='ltr'>Lagarina</span> <span class='ocrx_word' id='word_1_276' title='bbox 1170 1378 1258 1420; x_wconf 89' lang='lat' dir='ltr'>apud</span> <span class='ocrx_word' id='word_1_277' title='bbox 1274 1379 1579 1421; x_wconf 86' lang='lat' dir='ltr'>archipresbiterum</span> <span class='ocrx_word' id='word_1_278' title='bbox 1595 1381 1636 1413; x_wconf 88' lang='lat' dir='ltr'>de</span> <span class='ocrx_word' id='word_1_279' title='bbox 1652 1383 1773 1415; x_wconf 87' lang='lat' dir='ltr'>Lizana</span> <span class='ocrx_word' id='word_1_280' title='bbox 1789 1383 1967 1418; x_wconf 85' lang='lat' dir='ltr'>Tridentin.</span> 
     </span>
     <span class='ocr_line' id='line_1_25' title="bbox 316 1427 1967 1479; baseline 0.007 -21"><span class='ocrx_word' id='word_1_281' title='bbox 316 1427 395 1459; x_wconf 88' lang='lat' dir='ltr'>dioc.</span> <span class='ocrx_word' id='word_1_282' title='bbox 413 1429 539 1469; x_wconf 87' lang='lat' dir='ltr'>copiam</span> <span class='ocrx_word' id='word_1_283' title='bbox 562 1428 757 1469; x_wconf 90' lang='lat' dir='ltr'>presentium</span> <span class='ocrx_word' id='word_1_284' title='bbox 780 1429 961 1460; x_wconf 88' lang='lat' dir='ltr'>huiusmodi</span> <span class='ocrx_word' id='word_1_285' title='bbox 985 1430 1099 1461; x_wconf 89' lang='lat' dir='ltr'>vestris</span> <span class='ocrx_word' id='word_1_286' title='bbox 1114 1433 1222 1461; x_wconf 88' lang='lat' dir='ltr'>tamen</span> <span class='ocrx_word' id='word_1_287' title='bbox 1239 1431 1418 1472; x_wconf 89' lang='lat' dir='ltr'>sumptibus</span> <span class='ocrx_word' id='word_1_288' title='bbox 1434 1434 1468 1464; x_wconf 89' lang='lat' dir='ltr'>et</span> <span class='ocrx_word' id='word_1_289' title='bbox 1483 1433 1634 1474; x_wconf 84' lang='lat' dir='ltr'>expensis</span> <span class='ocrx_word' id='word_1_290' title='bbox 1649 1434 1806 1467; x_wconf 85' lang='lat' dir='ltr'>studeatis</span> <span class='ocrx_word' id='word_1_291' title='bbox 1821 1437 1967 1479; x_wconf 86' lang='lat' dir='ltr'>recipere</span> 
     </span>
     <span class='ocr_line' id='line_1_26' title="bbox 314 1479 2010 1525; baseline 0.006 -16"><span class='ocrx_word' id='word_1_292' title='bbox 314 1479 468 1519; x_wconf 87' lang='lat' dir='ltr'>indillate,</span> <span class='ocrx_word' id='word_1_293' title='bbox 492 1483 527 1510; x_wconf 90' lang='lat' dir='ltr'>ut</span> <span class='ocrx_word' id='word_1_294' title='bbox 549 1479 692 1520; x_wconf 85' lang='lat' dir='ltr'>predicta</span> <span class='ocrx_word' id='word_1_295' title='bbox 715 1481 822 1511; x_wconf 85' lang='lat' dir='ltr'>omnia</span> <span class='ocrx_word' id='word_1_296' title='bbox 845 1480 1020 1513; x_wconf 89' lang='lat' dir='ltr'>efficaciter</span> <span class='ocrx_word' id='word_1_297' title='bbox 1043 1482 1170 1522; x_wconf 87' lang='lat' dir='ltr'>possitis</span> <span class='ocrx_word' id='word_1_298' title='bbox 1193 1483 1311 1524; x_wconf 85' lang='lat' dir='ltr'>exequi</span> <span class='ocrx_word' id='word_1_299' title='bbox 1334 1493 1397 1525; x_wconf 88' lang='lat' dir='ltr'>que</span> <span class='ocrx_word' id='word_1_300' title='bbox 1420 1484 1621 1518; x_wconf 85' lang='lat' dir='ltr'>mandantur.</span> <span class='ocrx_word' id='word_1_301' title='bbox 1983 1503 2010 1524; x_wconf 72' lang='lat'>2⁵</span> 
     </span>
    </p>
   </div>
   <div class='ocr_carea' id='block_1_3' title="bbox 313 1539 2014 2260">
    <p class='ocr_par' dir='ltr' id='par_1_3' title="bbox 313 1539 2014 2151">
     <span class='ocr_line' id='line_1_27' title="bbox 423 1539 1968 1589; baseline 0.007 -19"><span class='ocrx_word' id='word_1_302' title='bbox 423 1539 469 1580; x_wconf 89' lang='lat'>(3)</span> <span class='ocrx_word' id='word_1_303' title='bbox 505 1540 628 1576; x_wconf 86' lang='lat' dir='ltr'>Quibus</span> <span class='ocrx_word' id='word_1_304' title='bbox 657 1540 850 1581; x_wconf 85' lang='lat' dir='ltr'>Rolandino,</span> <span class='ocrx_word' id='word_1_305' title='bbox 880 1542 1056 1583; x_wconf 88' lang='lat' dir='ltr'>preposit0‚</span> <span class='ocrx_word' id='word_1_306' title='bbox 1085 1541 1223 1583; x_wconf 83' lang='lat' dir='ltr'>plebano</span> <span class='ocrx_word' id='word_1_307' title='bbox 1256 1546 1289 1574; x_wconf 86' lang='lat' dir='ltr'>et</span> <span class='ocrx_word' id='word_1_308' title='bbox 1318 1543 1596 1585; x_wconf 87' lang='lat' dir='ltr'>archipresbiteris</span> <span class='ocrx_word' id='word_1_309' title='bbox 1626 1549 1738 1579; x_wconf 89' lang='lat' dir='ltr'>tenore</span> <span class='ocrx_word' id='word_1_310' title='bbox 1769 1549 1968 1589; x_wconf 88' lang='lat' dir='ltr'>presentium</span> 
     </span>
     <span class='ocr_line' id='line_1_28' title="bbox 315 1590 1966 1639; baseline 0.007 -18"><span class='ocrx_word' id='word_1_311' title='bbox 315 1590 427 1622; x_wconf 88' lang='lat' dir='ltr'>damus</span> <span class='ocrx_word' id='word_1_312' title='bbox 449 1591 582 1622; x_wconf 88' lang='lat' dir='ltr'>firmiter</span> <span class='ocrx_word' id='word_1_313' title='bbox 604 1592 636 1622; x_wconf 91' lang='lat' dir='ltr'>in</span> <span class='ocrx_word' id='word_1_314' title='bbox 658 1592 827 1632; x_wconf 85' lang='lat' dir='ltr'>mandatis,</span> <span class='ocrx_word' id='word_1_315' title='bbox 852 1596 887 1624; x_wconf 91' lang='lat' dir='ltr'>ut</span> <span class='ocrx_word' id='word_1_316' title='bbox 903 1593 1005 1624; x_wconf 88' lang='lat' dir='ltr'>dictas</span> <span class='ocrx_word' id='word_1_317' title='bbox 1020 1596 1146 1624; x_wconf 89' lang='lat' dir='ltr'>nostras</span> <span class='ocrx_word' id='word_1_318' title='bbox 1161 1593 1284 1626; x_wconf 88' lang='lat' dir='ltr'>litteras</span> <span class='ocrx_word' id='word_1_319' title='bbox 1300 1598 1334 1626; x_wconf 89' lang='lat' dir='ltr'>et</span> <span class='ocrx_word' id='word_1_320' title='bbox 1349 1605 1535 1636; x_wconf 87' lang='lat' dir='ltr'>processum</span> <span class='ocrx_word' id='word_1_321' title='bbox 1551 1598 1764 1639; x_wconf 88' lang='lat' dir='ltr'>apostolicum</span> <span class='ocrx_word' id='word_1_322' title='bbox 1781 1603 1966 1633; x_wconf 89' lang='lat' dir='ltr'>contentum</span> 
     </span>
     <span class='ocr_line' id='line_1_29' title="bbox 313 1643 1968 1695; baseline 0.007 -22"><span class='ocrx_word' id='word_1_323' title='bbox 313 1643 345 1673; x_wconf 92' lang='lat' dir='ltr'>in</span> <span class='ocrx_word' id='word_1_324' title='bbox 369 1643 423 1683; x_wconf 89' lang='lat' dir='ltr'>eis,</span> <span class='ocrx_word' id='word_1_325' title='bbox 448 1654 543 1684; x_wconf 82' lang='lat' dir='ltr'>quam</span> <span class='ocrx_word' id='word_1_326' title='bbox 566 1643 662 1674; x_wconf 90' lang='lat' dir='ltr'>cicius</span> <span class='ocrx_word' id='word_1_327' title='bbox 686 1645 732 1675; x_wconf 91' lang='lat' dir='ltr'>eis</span> <span class='ocrx_word' id='word_1_328' title='bbox 748 1648 933 1686; x_wconf 87' lang='lat' dir='ltr'>presentate</span> <span class='ocrx_word' id='word_1_329' title='bbox 950 1646 1068 1677; x_wconf 87' lang='lat' dir='ltr'>fuerint</span> <span class='ocrx_word' id='word_1_330' title='bbox 1091 1649 1124 1677; x_wconf 91' lang='lat' dir='ltr'>et</span> <span class='ocrx_word' id='word_1_331' title='bbox 1148 1656 1206 1688; x_wconf 90' lang='lat' dir='ltr'>per</span> <span class='ocrx_word' id='word_1_332' title='bbox 1230 1657 1297 1687; x_wconf 86' lang='lat' dir='ltr'>eos,</span> <span class='ocrx_word' id='word_1_333' title='bbox 1321 1646 1407 1679; x_wconf 90' lang='lat' dir='ltr'>dicto</span> <span class='ocrx_word' id='word_1_334' title='bbox 1424 1646 1608 1681; x_wconf 85' lang='lat' dir='ltr'>Rolandino</span> <span class='ocrx_word' id='word_1_335' title='bbox 1625 1649 1805 1692; x_wconf 83' lang='lat' dir='ltr'>dumtaxat,</span> <span class='ocrx_word' id='word_1_336' title='bbox 1829 1655 1968 1695; x_wconf 84' lang='lat' dir='ltr'>excepto</span> 
     </span>
     <span class='ocr_line' id='line_1_30' title="bbox 315 1694 1968 1742; baseline 0.007 -17"><span class='ocrx_word' id='word_1_337' title='bbox 315 1694 487 1726; x_wconf 86' lang='lat' dir='ltr'>solenniter</span> <span class='ocrx_word' id='word_1_338' title='bbox 510 1695 682 1736; x_wconf 87' lang='lat' dir='ltr'>publicate,</span> <span class='ocrx_word' id='word_1_339' title='bbox 706 1697 835 1737; x_wconf 90' lang='lat' dir='ltr'>copient</span> <span class='ocrx_word' id='word_1_340' title='bbox 858 1700 891 1728; x_wconf 90' lang='lat' dir='ltr'>et</span> <span class='ocrx_word' id='word_1_341' title='bbox 915 1707 970 1728; x_wconf 88' lang='lat' dir='ltr'>eas</span> <span class='ocrx_word' id='word_1_342' title='bbox 994 1697 1167 1739; x_wconf 84' lang='lat' dir='ltr'>originales</span> <span class='ocrx_word' id='word_1_343' title='bbox 1190 1697 1342 1730; x_wconf 80' lang='lat' dir='ltr'>videlicet</span> <span class='ocrx_word' id='word_1_344' title='bbox 1365 1700 1536 1732; x_wconf 85' lang='lat' dir='ltr'>restituant</span> <span class='ocrx_word' id='word_1_345' title='bbox 1558 1703 1766 1742; x_wconf 87' lang='lat' dir='ltr'>presentanti.</span> <span class='ocrx_word' id='word_1_346' title='bbox 1824 1703 1968 1741; x_wconf 82' lang='lat' dir='ltr'>Quarum</span> 
     </span>
     <span class='ocr_line' id='line_1_31' title="bbox 315 1746 2013 1792; baseline 0.008 -16"><span class='ocrx_word' id='word_1_347' title='bbox 315 1746 479 1787; x_wconf 88' lang='lat' dir='ltr'>copiarum</span> <span class='ocrx_word' id='word_1_348' title='bbox 502 1757 560 1788; x_wconf 91' lang='lat' dir='ltr'>per</span> <span class='ocrx_word' id='word_1_349' title='bbox 582 1748 677 1788; x_wconf 89' lang='lat' dir='ltr'>ipsos,</span> <span class='ocrx_word' id='word_1_350' title='bbox 706 1757 779 1779; x_wconf 92' lang='lat' dir='ltr'>cum</span> <span class='ocrx_word' id='word_1_351' title='bbox 802 1748 843 1779; x_wconf 91' lang='lat' dir='ltr'>ab</span> <span class='ocrx_word' id='word_1_352' title='bbox 868 1749 914 1780; x_wconf 86' lang='lat' dir='ltr'>cis</span> <span class='ocrx_word' id='word_1_353' title='bbox 936 1749 1104 1791; x_wconf 91' lang='lat' dir='ltr'>petieritis,</span> <span class='ocrx_word' id='word_1_354' title='bbox 1137 1749 1260 1792; x_wconf 89' lang='lat' dir='ltr'>absque</span> <span class='ocrx_word' id='word_1_355' title='bbox 1287 1761 1379 1781; x_wconf 87' lang='lat' dir='ltr'>mora</span> <span class='ocrx_word' id='word_1_356' title='bbox 1406 1751 1471 1783; x_wconf 89' lang='lat' dir='ltr'>alia</span> <span class='ocrx_word' id='word_1_357' title='bbox 1493 1751 1585 1784; x_wconf 86' lang='lat' dir='ltr'>vobis</span> <span class='ocrx_word' id='word_1_358' title='bbox 1612 1756 1646 1785; x_wconf 89' lang='lat' dir='ltr'>et</span> <span class='ocrx_word' id='word_1_359' title='bbox 1666 1757 1810 1787; x_wconf 86' lang='lat' dir='ltr'>vestrum</span> <span class='ocrx_word' id='word_1_360' title='bbox 1833 1755 2013 1791; x_wconf 55' lang='lat' dir='ltr'>cuilibet»</span> 
     </span>
     <span class='ocr_line' id='line_1_32' title="bbox 316 1797 1968 1850; baseline 0.007 -22"><span class='ocrx_word' id='word_1_361' title='bbox 316 1807 385 1828; x_wconf 90' lang='lat' dir='ltr'>cum</span> <span class='ocrx_word' id='word_1_362' title='bbox 410 1797 527 1829; x_wconf 85' lang='lat' dir='ltr'>effectu</span> <span class='ocrx_word' id='word_1_363' title='bbox 548 1799 695 1830; x_wconf 88' lang='lat' dir='ltr'>volumus</span> <span class='ocrx_word' id='word_1_364' title='bbox 718 1799 873 1831; x_wconf 87' lang='lat' dir='ltr'>exhiberi.</span> <span class='ocrx_word' id='word_1_365' title='bbox 920 1800 1074 1842; x_wconf 87' lang='lat' dir='ltr'>Alioquin</span> <span class='ocrx_word' id='word_1_366' title='bbox 1096 1802 1123 1832; x_wconf 88' lang='lat' dir='ltr'>si</span> <span class='ocrx_word' id='word_1_367' title='bbox 1145 1801 1289 1833; x_wconf 87' lang='lat' dir='ltr'>mandati</span> <span class='ocrx_word' id='word_1_368' title='bbox 1312 1803 1412 1834; x_wconf 88' lang='lat' dir='ltr'>nostri</span> <span class='ocrx_word' id='word_1_369' title='bbox 1434 1803 1533 1835; x_wconf 91' lang='lat' dir='ltr'>immo</span> <span class='ocrx_word' id='word_1_370' title='bbox 1557 1805 1663 1836; x_wconf 89' lang='lat' dir='ltr'>verius</span> <span class='ocrx_word' id='word_1_371' title='bbox 1678 1806 1858 1849; x_wconf 89' lang='lat' dir='ltr'>apostolici,</span> <span class='ocrx_word' id='word_1_372' title='bbox 1881 1807 1968 1850; x_wconf 93' lang='lat' dir='ltr'>quod</span> 
     </span>
     <span class='ocr_line' id='line_1_33' title="bbox 315 1849 1969 1901; baseline 0.008 -22"><span class='ocrx_word' id='word_1_373' title='bbox 315 1859 377 1879; x_wconf 90' lang='lat' dir='ltr'>non</span> <span class='ocrx_word' id='word_1_374' title='bbox 401 1849 568 1890; x_wconf 82' lang='lat' dir='ltr'>credimus,</span> <span class='ocrx_word' id='word_1_375' title='bbox 592 1851 792 1892; x_wconf 87' lang='lat' dir='ltr'>negligentes</span> <span class='ocrx_word' id='word_1_376' title='bbox 815 1853 847 1882; x_wconf 90' lang='lat' dir='ltr'>in</span> <span class='ocrx_word' id='word_1_377' title='bbox 869 1852 978 1894; x_wconf 91' lang='lat' dir='ltr'>aliquo</span> <span class='ocrx_word' id='word_1_378' title='bbox 1002 1852 1126 1884; x_wconf 89' lang='lat' dir='ltr'>fueritis</span> <span class='ocrx_word' id='word_1_379' title='bbox 1149 1853 1200 1884; x_wconf 91' lang='lat' dir='ltr'>vel</span> <span class='ocrx_word' id='word_1_380' title='bbox 1224 1853 1359 1894; x_wconf 87' lang='lat' dir='ltr'>remissi,</span> <span class='ocrx_word' id='word_1_381' title='bbox 1383 1857 1495 1887; x_wconf 88' lang='lat' dir='ltr'>contra</span> <span class='ocrx_word' id='word_1_382' title='bbox 1511 1866 1567 1887; x_wconf 90' lang='lat' dir='ltr'>vos</span> <span class='ocrx_word' id='word_1_383' title='bbox 1583 1859 1616 1888; x_wconf 90' lang='lat' dir='ltr'>et</span> <span class='ocrx_word' id='word_1_384' title='bbox 1630 1860 1772 1890; x_wconf 84' lang='lat' dir='ltr'>vestrum</span> <span class='ocrx_word' id='word_1_385' title='bbox 1788 1859 1969 1901; x_wconf 84' lang='lat' dir='ltr'>quemlibet</span> 
     </span>
     <span class='ocr_line' id='line_1_34' title="bbox 316 1901 1970 1949; baseline 0.008 -19"><span class='ocrx_word' id='word_1_386' title='bbox 316 1911 377 1931; x_wconf 90' lang='lat' dir='ltr'>non</span> <span class='ocrx_word' id='word_1_387' title='bbox 400 1911 495 1941; x_wconf 87' lang='lat' dir='ltr'>super</span> <span class='ocrx_word' id='word_1_388' title='bbox 518 1901 578 1931; x_wconf 91' lang='lat' dir='ltr'>hoc</span> <span class='ocrx_word' id='word_1_389' title='bbox 602 1902 829 1943; x_wconf 85' lang='lat' dir='ltr'>requirendum</span> <span class='ocrx_word' id='word_1_390' title='bbox 853 1904 986 1935; x_wconf 88' lang='lat' dir='ltr'>ulterius</span> <span class='ocrx_word' id='word_1_391' title='bbox 1009 1915 1068 1936; x_wconf 87' lang='lat' dir='ltr'>nec</span> <span class='ocrx_word' id='word_1_392' title='bbox 1085 1904 1280 1936; x_wconf 89' lang='lat' dir='ltr'>monendum</span> <span class='ocrx_word' id='word_1_393' title='bbox 1300 1906 1524 1948; x_wconf 88' lang='lat' dir='ltr'>procedemus,</span> <span class='ocrx_word' id='word_1_394' title='bbox 1549 1911 1703 1949; x_wconf 85' lang='lat' dir='ltr'>quantum</span> <span class='ocrx_word' id='word_1_395' title='bbox 1726 1911 1913 1943; x_wconf 87' lang='lat' dir='ltr'>sciverimus</span> <span class='ocrx_word' id='word_1_396' title='bbox 1936 1914 1970 1944; x_wconf 86' lang='lat' dir='ltr'>et</span> 
     </span>
     <span class='ocr_line' id='line_1_35' title="bbox 315 1952 1969 2005; baseline 0.008 -23"><span class='ocrx_word' id='word_1_397' title='bbox 315 1952 489 1992; x_wconf 80' lang='lat' dir='ltr'>poterimus</span> <span class='ocrx_word' id='word_1_398' title='bbox 526 1953 652 1984; x_wconf 88' lang='lat' dir='ltr'>iusticia</span> <span class='ocrx_word' id='word_1_399' title='bbox 689 1954 853 1987; x_wconf 87' lang='lat' dir='ltr'>suadente.</span> <span class='ocrx_word' id='word_1_400' title='bbox 921 1956 971 1987; x_wconf 92' lang='lat' dir='ltr'>De</span> <span class='ocrx_word' id='word_1_401' title='bbox 1009 1957 1249 1997; x_wconf 87' lang='lat' dir='ltr'>presentatione</span> <span class='ocrx_word' id='word_1_402' title='bbox 1287 1959 1485 1998; x_wconf 89' lang='lat' dir='ltr'>presentium</span> <span class='ocrx_word' id='word_1_403' title='bbox 1523 1970 1581 1991; x_wconf 89' lang='lat' dir='ltr'>seu</span> <span class='ocrx_word' id='word_1_404' title='bbox 1617 1961 1850 2002; x_wconf 88' lang='lat' dir='ltr'>notificatione,</span> <span class='ocrx_word' id='word_1_405' title='bbox 1889 1974 1969 2005; x_wconf 90' lang='lat' dir='ltr'>quas</span> 
     </span>
     <span class='ocr_line' id='line_1_36' title="bbox 316 2004 2014 2050; baseline 0.008 -17"><span class='ocrx_word' id='word_1_406' title='bbox 316 2004 478 2044; x_wconf 86' lang='lat' dir='ltr'>registrari</span> <span class='ocrx_word' id='word_1_407' title='bbox 510 2004 551 2035; x_wconf 88' lang='lat' dir='ltr'>ad</span> <span class='ocrx_word' id='word_1_408' title='bbox 579 2006 748 2037; x_wconf 83' lang='lat' dir='ltr'>cautellam</span> <span class='ocrx_word' id='word_1_409' title='bbox 777 2009 810 2037; x_wconf 90' lang='lat' dir='ltr'>et</span> <span class='ocrx_word' id='word_1_410' title='bbox 837 2007 943 2049; x_wconf 88' lang='lat' dir='ltr'>sigillo</span> <span class='ocrx_word' id='word_1_411' title='bbox 972 2011 1080 2039; x_wconf 89' lang='lat' dir='ltr'>nostro</span> <span class='ocrx_word' id='word_1_412' title='bbox 1110 2008 1244 2039; x_wconf 84' lang='lat' dir='ltr'>fecimus</span> <span class='ocrx_word' id='word_1_413' title='bbox 1278 2008 1437 2050; x_wconf 87' lang='lat' dir='ltr'>roborari,</span> <span class='ocrx_word' id='word_1_414' title='bbox 1473 2010 1622 2043; x_wconf 83' lang='lat' dir='ltr'>relationi</span> <span class='ocrx_word' id='word_1_415' title='bbox 1646 2037 1653 2044; x_wconf 90' lang='lat'>.</span> <span class='ocrx_word' id='word_1_416' title='bbox 1677 2037 1683 2043; x_wconf 92' lang='lat'><em>.</em></span> <span class='ocrx_word' id='word_1_417' title='bbox 1710 2012 1822 2045; x_wconf 89' lang='lat' dir='ltr'>latoris</span> <span class='ocrx_word' id='word_1_418' title='bbox 1856 2024 1968 2047; x_wconf 85' lang='lat' dir='ltr'>earum</span> <span class='ocrx_word' id='word_1_419' title='bbox 1987 2027 2014 2047; x_wconf 69' lang='lat'>³⁶</span> 
     </span>
     <span class='ocr_line' id='line_1_37' title="bbox 317 2055 1967 2104; baseline 0.008 -19"><span class='ocrx_word' id='word_1_420' title='bbox 317 2055 485 2086; x_wconf 88' lang='lat' dir='ltr'>cuiuslibet</span> <span class='ocrx_word' id='word_1_421' title='bbox 507 2056 698 2098; x_wconf 88' lang='lat' dir='ltr'>episcopalis</span> <span class='ocrx_word' id='word_1_422' title='bbox 722 2059 808 2089; x_wconf 90' lang='lat' dir='ltr'>curie</span> <span class='ocrx_word' id='word_1_423' title='bbox 825 2058 1012 2091; x_wconf 87' lang='lat' dir='ltr'>Tridentine</span> <span class='ocrx_word' id='word_1_424' title='bbox 1036 2060 1130 2091; x_wconf 86' lang='lat' dir='ltr'>iurati</span> <span class='ocrx_word' id='word_1_425' title='bbox 1153 2060 1259 2091; x_wconf 92' lang='lat' dir='ltr'>nuncii</span> <span class='ocrx_word' id='word_1_426' title='bbox 1282 2064 1339 2092; x_wconf 89' lang='lat' dir='ltr'>aut</span> <span class='ocrx_word' id='word_1_427' title='bbox 1360 2060 1490 2102; x_wconf 89' lang='lat' dir='ltr'>publico</span> <span class='ocrx_word' id='word_1_428' title='bbox 1514 2073 1610 2104; x_wconf 90' lang='lat' dir='ltr'>super</span> <span class='ocrx_word' id='word_1_429' title='bbox 1632 2063 1693 2095; x_wconf 88' lang='lat' dir='ltr'>hoc</span> <span class='ocrx_word' id='word_1_430' title='bbox 1715 2064 1844 2096; x_wconf 81' lang='lat' dir='ltr'>condito</span> <span class='ocrx_word' id='word_1_431' title='bbox 1868 2065 1967 2098; x_wconf 86' lang='lat' dir='ltr'>docu-</span> 
     </span>
     <span class='ocr_line' id='line_1_38' title="bbox 318 2106 1001 2151; baseline 0.01 -15"><span class='ocrx_word' id='word_1_432' title='bbox 318 2109 425 2137; x_wconf 91' lang='lat' dir='ltr'>mento</span> <span class='ocrx_word' id='word_1_433' title='bbox 449 2106 544 2138; x_wconf 85' lang='lat' dir='ltr'>fidem</span> <span class='ocrx_word' id='word_1_434' title='bbox 568 2108 812 2146; x_wconf 85' lang='lat' dir='ltr'>indubitabilem</span> <span class='ocrx_word' id='word_1_435' title='bbox 836 2110 1001 2151; x_wconf 86' lang='lat' dir='ltr'>prebituri.</span> 
     </span>
    </p>

    <p class='ocr_par' dir='ltr' id='par_1_4' title="bbox 319 2158 1967 2260">
     <span class='ocr_line' id='line_1_39' title="bbox 424 2158 1967 2209; baseline 0.008 -20"><span class='ocrx_word' id='word_1_436' title='bbox 424 2158 496 2190; x_wconf 85' lang='lat' dir='ltr'>Dat.</span> <span class='ocrx_word' id='word_1_437' title='bbox 521 2159 665 2191; x_wconf 87' lang='lat' dir='ltr'>Tridenti</span> <span class='ocrx_word' id='word_1_438' title='bbox 692 2162 722 2192; x_wconf 91' lang='lat' dir='ltr'>in</span> <span class='ocrx_word' id='word_1_439' title='bbox 747 2162 931 2203; x_wconf 85' lang='lat' dir='ltr'>supradicta</span> <span class='ocrx_word' id='word_1_440' title='bbox 955 2163 1134 2195; x_wconf 84' lang='lat' dir='ltr'>cathedrali</span> <span class='ocrx_word' id='word_1_441' title='bbox 1158 2163 1305 2204; x_wconf 87' lang='lat' dir='ltr'>ecclesia,</span> <span class='ocrx_word' id='word_1_442' title='bbox 1334 2164 1385 2196; x_wconf 91' lang='lat' dir='ltr'>die</span> <span class='ocrx_word' id='word_1_443' title='bbox 1410 2163 1544 2197; x_wconf 84' lang='lat' dir='ltr'>Sabbati</span> <span class='ocrx_word' id='word_1_444' title='bbox 1567 2165 1659 2198; x_wconf 86' lang='lat' dir='ltr'>XXI.</span> <span class='ocrx_word' id='word_1_445' title='bbox 1677 2166 1828 2209; x_wconf 84' lang='lat' dir='ltr'>Ianuarii,</span> <span class='ocrx_word' id='word_1_446' title='bbox 1851 2170 1967 2201; x_wconf 80' lang='lat' dir='ltr'>nativi-</span> 
     </span>
     <span class='ocr_line' id='line_1_40' title="bbox 319 2208 1817 2260; baseline 0.009 -23"><span class='ocrx_word' id='word_1_447' title='bbox 319 2208 392 2238; x_wconf 86' lang='lat' dir='ltr'>tatis</span> <span class='ocrx_word' id='word_1_448' title='bbox 415 2208 572 2241; x_wconf 89' lang='lat' dir='ltr'>dominice</span> <span class='ocrx_word' id='word_1_449' title='bbox 595 2221 676 2242; x_wconf 87' lang='lat' dir='ltr'>anno</span> <span class='ocrx_word' id='word_1_450' title='bbox 700 2212 870 2245; x_wconf 89' lang='lat' dir='ltr'>millesimo</span> <span class='ocrx_word' id='word_1_451' title='bbox 894 2216 1120 2246; x_wconf 89' lang='lat' dir='ltr'>trecentesimo</span> <span class='ocrx_word' id='word_1_452' title='bbox 1145 2216 1300 2257; x_wconf 83' lang='lat' dir='ltr'>vigesimo</span> <span class='ocrx_word' id='word_1_453' title='bbox 1324 2218 1448 2258; x_wconf 90' lang='lat' dir='ltr'>quarto,</span> <span class='ocrx_word' id='word_1_454' title='bbox 1471 2216 1646 2250; x_wconf 89' lang='lat' dir='ltr'>indictione</span> <span class='ocrx_word' id='word_1_455' title='bbox 1670 2219 1817 2260; x_wconf 88' lang='lat' dir='ltr'>septima.</span> 
     </span>
    </p>
   </div>
   <div class='ocr_carea' id='block_1_4' title="bbox 560 2341 2013 2391">
    <p class='ocr_par' dir='ltr' id='par_1_5' title="bbox 560 2341 2013 2391">
     <span class='ocr_line' id='line_1_41' title="bbox 560 2341 2013 2391; baseline 0.009 -15"><span class='ocrx_word' id='word_1_456' title='bbox 560 2341 643 2377; x_wconf 77' lang='lat'>849.</span> <span class='ocrx_word' id='word_1_457' title='bbox 685 2342 875 2380; x_wconf 74' lang='lat' dir='ltr'>Publicatio</span> <span class='ocrx_word' id='word_1_458' title='bbox 902 2346 939 2380; x_wconf 74' lang='lat' dir='ltr'>in</span> <span class='ocrx_word' id='word_1_459' title='bbox 961 2346 1059 2391; x_wconf 76' lang='lat' dir='ltr'>plebe</span> <span class='ocrx_word' id='word_1_460' title='bbox 1093 2346 1204 2382; x_wconf 84' lang='lat' dir='ltr'>Vallis</span> <span class='ocrx_word' id='word_1_461' title='bbox 1230 2347 1445 2384; x_wconf 74' lang='lat' dir='ltr'>Flemarum.</span> <span class='ocrx_word' id='word_1_462' title='bbox 1550 2349 1652 2386; x_wconf 81' lang='lat' dir='ltr'>Febr.</span> <span class='ocrx_word' id='word_1_463' title='bbox 1671 2352 1733 2386; x_wconf 88' lang='grc'><strong>12.</strong></span> <span class='ocrx_word' id='word_1_464' title='bbox 1985 2369 2013 2389; x_wconf 63' lang='grc' dir='ltr'>ιο</span> 
     </span>
    </p>
   </div>
   <div class='ocr_carea' id='block_1_5' title="bbox 323 2411 1967 2508">
    <p class='ocr_par' dir='ltr' id='par_1_6' title="bbox 323 2411 1967 2508">
     <span class='ocr_line' id='line_1_42' title="bbox 430 2411 1967 2466; baseline 0.01 -23"><span class='ocrx_word' id='word_1_465' title='bbox 430 2412 588 2453; x_wconf 76' lang='lat' dir='ltr'>Oriyinale</span> <span class='ocrx_word' id='word_1_466' title='bbox 611 2417 680 2456; x_wconf 89' lang='lat' dir='ltr'>(or.)</span> <span class='ocrx_word' id='word_1_467' title='bbox 708 2417 744 2448; x_wconf 73' lang='lat' dir='ltr'>in</span> <span class='ocrx_word' id='word_1_468' title='bbox 769 2418 872 2450; x_wconf 83' lang='lat' dir='ltr'>eodem</span> <span class='ocrx_word' id='word_1_469' title='bbox 894 2419 1052 2452; x_wconf 82' lang='lat' dir='ltr'>tabulario</span> <span class='ocrx_word' id='word_1_470' title='bbox 1075 2420 1158 2452; x_wconf 78' lang='lat' dir='ltr'>inter</span> <span class='ocrx_word' id='word_1_471' title='bbox 1180 2421 1412 2454; x_wconf 80' lang='lat' dir='ltr'>‘Instrumenta</span> <span class='ocrx_word' id='word_1_472' title='bbox 1435 2422 1634 2455; x_wconf 75' lang='lat' dir='ltr'>miscellanea</span> <span class='ocrx_word' id='word_1_473' title='bbox 1657 2435 1687 2456; x_wconf 86' lang='lat' dir='ltr'>a.</span> <span class='ocrx_word' id='word_1_474' title='bbox 1705 2411 1800 2458; x_wconf 60' lang='lat'><strong><em>1324.</em></strong></span> <span class='ocrx_word' id='word_1_475' title='bbox 1823 2436 1909 2466; x_wconf 76' lang='lat' dir='ltr'>caps.</span> <span class='ocrx_word' id='word_1_476' title='bbox 1924 2426 1967 2459; x_wconf 84' lang='grc' dir='ltr'><strong>Γ.</strong></span> 
     </span>
     <span class='ocr_line' id='line_1_43' title="bbox 323 2462 1193 2508; baseline 0.011 -14"><span class='ocrx_word' id='word_1_477' title='bbox 323 2462 519 2495; x_wconf 79' lang='lat' dir='ltr'>Contulimus</span> <span class='ocrx_word' id='word_1_478' title='bbox 541 2475 606 2498; x_wconf 77' lang='lat' dir='ltr'>nos.</span> <span class='ocrx_word' id='word_1_479' title='bbox 629 2486 669 2490; x_wconf 88' lang='lat'>—-</span> <span class='ocrx_word' id='word_1_480' title='bbox 692 2468 754 2500; x_wconf 86' lang='lat' dir='ltr'>Ed.</span> <span class='ocrx_word' id='word_1_481' title='bbox 771 2469 789 2500; x_wconf 93' lang='lat' dir='ltr'>l.</span> <span class='ocrx_word' id='word_1_482' title='bbox 806 2480 831 2502; x_wconf 79' lang='lat' dir='ltr'>e.</span> <span class='ocrx_word' id='word_1_483' title='bbox 848 2471 875 2508; x_wconf 91' lang='lat' dir='ltr'>I,</span> <span class='ocrx_word' id='word_1_484' title='bbox 892 2471 934 2502; x_wconf 90' lang='grc'>98</span> <span class='ocrx_word' id='word_1_485' title='bbox 956 2482 1005 2503; x_wconf 80' lang='lat' dir='ltr'>nr.</span> <span class='ocrx_word' id='word_1_486' title='bbox 1023 2473 1064 2503; x_wconf 79' lang='lat'>74</span> <span class='ocrx_word' id='word_1_487' title='bbox 1087 2483 1125 2504; x_wconf 77' lang='lat' dir='ltr'>ex</span> <span class='ocrx_word' id='word_1_488' title='bbox 1148 2483 1193 2504; x_wconf 88' lang='lat' dir='ltr'>or.</span> 
     </span>
    </p>
   </div>
   <div class='ocr_carea' id='block_1_6' title="bbox 429 2523 1464 2570">
    <p class='ocr_par' dir='ltr' id='par_1_7' title="bbox 429 2523 1464 2570">
     <span class='ocr_line' id='line_1_44' title="bbox 429 2523 1464 2570; baseline 0.013 -17"><span class='ocrx_word' id='word_1_489' title='bbox 429 2523 502 2564; x_wconf 74' lang='lat' dir='ltr'>Rey.</span> <span class='ocrx_word' id='word_1_490' title='bbox 525 2524 647 2557; x_wconf 71' lang='lat' dir='ltr'>Riezlcr</span> <span class='ocrx_word' id='word_1_491' title='bbox 670 2527 688 2559; x_wconf 84' lang='lat' dir='ltr'>l.</span> <span class='ocrx_word' id='word_1_492' title='bbox 705 2539 729 2561; x_wconf 86' lang='lat' dir='ltr'>c.</span> <span class='ocrx_word' id='word_1_493' title='bbox 747 2540 781 2568; x_wconf 76' lang='lat' dir='ltr'>p.</span> <span class='ocrx_word' id='word_1_494' title='bbox 800 2532 862 2561; x_wconf 84' lang='lat'>173</span> <span class='ocrx_word' id='word_1_495' title='bbox 884 2542 932 2563; x_wconf 80' lang='lat' dir='ltr'>nr.</span> <span class='ocrx_word' id='word_1_496' title='bbox 950 2533 1032 2570; x_wconf 66' lang='lat'>34&amp;</span> <span class='ocrx_word' id='word_1_497' title='bbox 1053 2532 1171 2564; x_wconf 80' lang='lat' dir='ltr'>Mollat</span> <span class='ocrx_word' id='word_1_498' title='bbox 1192 2532 1212 2565; x_wconf 87' lang='lat' dir='ltr'>l.</span> <span class='ocrx_word' id='word_1_499' title='bbox 1228 2543 1254 2564; x_wconf 86' lang='lat' dir='ltr'>c.</span> <span class='ocrx_word' id='word_1_500' title='bbox 1278 2543 1328 2564; x_wconf 76' lang='lat' dir='ltr'>nr.</span> <span class='ocrx_word' id='word_1_501' title='bbox 1343 2533 1464 2566; x_wconf 83' lang='lat'><em>20359.</em></span> 
     </span>
    </p>
   </div>
   <div class='ocr_carea' id='block_1_7' title="bbox 431 2582 1968 2632">
    <p class='ocr_par' dir='ltr' id='par_1_8' title="bbox 431 2582 1968 2632">
     <span class='ocr_line' id='line_1_45' title="bbox 431 2582 1968 2632; baseline 0.012 -20"><span class='ocrx_word' id='word_1_502' title='bbox 431 2582 480 2624; x_wconf 81' lang='lat' dir='ltr'>Cf.</span> <span class='ocrx_word' id='word_1_503' title='bbox 505 2585 595 2615; x_wconf 79' lang='lat' dir='ltr'>etiam</span> <span class='ocrx_word' id='word_1_504' title='bbox 619 2587 847 2626; x_wconf 73' lang='lat' dir='ltr'>publicationes</span> <span class='ocrx_word' id='word_1_505' title='bbox 874 2591 910 2622; x_wconf 76' lang='lat' dir='ltr'>in</span> <span class='ocrx_word' id='word_1_506' title='bbox 939 2592 1071 2624; x_wconf 83' lang='lat' dir='ltr'>diversis</span> <span class='ocrx_word' id='word_1_507' title='bbox 1094 2592 1237 2632; x_wconf 77' lang='lat' dir='ltr'>plebibus</span> <span class='ocrx_word' id='word_1_508' title='bbox 1266 2593 1351 2625; x_wconf 72' lang='lat' dir='ltr'>inter</span> <span class='ocrx_word' id='word_1_509' title='bbox 1380 2594 1447 2626; x_wconf 75' lang='lat' dir='ltr'>dies</span> <span class='ocrx_word' id='word_1_510' title='bbox 1469 2595 1521 2626; x_wconf 83' lang='lat'>29.</span> <span class='ocrx_word' id='word_1_511' title='bbox 1538 2605 1579 2628; x_wconf 88' lang='lat' dir='ltr'>m.</span> <span class='ocrx_word' id='word_1_512' title='bbox 1595 2595 1671 2629; x_wconf 78' lang='lat' dir='ltr'>Ian.</span> <span class='ocrx_word' id='word_1_513' title='bbox 1698 2599 1727 2628; x_wconf 78' lang='lat' dir='ltr'>et</span> <span class='ocrx_word' id='word_1_514' title='bbox 1750 2596 1801 2629; x_wconf 84' lang='lat'>12.</span> <span class='ocrx_word' id='word_1_515' title='bbox 1817 2606 1858 2628; x_wconf 90' lang='lat' dir='ltr'>m.</span> <span class='ocrx_word' id='word_1_516' title='bbox 1875 2596 1968 2630; x_wconf 81' lang='lat' dir='ltr'>Febr.</span> 
     </span>
    </p>
   </div>
   <div class='ocr_carea' id='block_1_8' title="bbox 321 2633 2014 2725">
    <p class='ocr_par' dir='ltr' id='par_1_9' title="bbox 321 2633 2014 2725">
     <span class='ocr_line' id='line_1_46' title="bbox 321 2633 2014 2688; baseline 0.01 -25"><span class='ocrx_word' id='word_1_517' title='bbox 321 2633 445 2665; x_wconf 69' lang='lat' dir='ltr'>habitas</span> <span class='ocrx_word' id='word_1_518' title='bbox 467 2636 553 2674; x_wconf 74' lang='lat' dir='ltr'>apud</span> <span class='ocrx_word' id='word_1_519' title='bbox 575 2636 689 2669; x_wconf 74' lang='lat' dir='ltr'>Mollat</span> <span class='ocrx_word' id='word_1_520' title='bbox 715 2639 734 2671; x_wconf 95' lang='lat' dir='ltr'>l.</span> <span class='ocrx_word' id='word_1_521' title='bbox 751 2650 774 2671; x_wconf 85' lang='lat' dir='ltr'>c.</span> <span class='ocrx_word' id='word_1_522' title='bbox 803 2651 852 2673; x_wconf 74' lang='lat' dir='ltr'>nr.</span> <span class='ocrx_word' id='word_1_523' title='bbox 868 2643 988 2674; x_wconf 87' lang='grc'><strong>20353.</strong></span> <span class='ocrx_word' id='word_1_524' title='bbox 1011 2644 1134 2676; x_wconf 78' lang='grc'><strong>20354.</strong></span> <span class='ocrx_word' id='word_1_525' title='bbox 1160 2646 1204 2677; x_wconf 89' lang='grc'><strong>20</strong></span> <span class='ocrx_word' id='word_1_526' title='bbox 1213 2645 1286 2676; x_wconf 82' lang='grc'><strong>428.</strong></span> <span class='ocrx_word' id='word_1_527' title='bbox 1309 2646 1432 2677; x_wconf 84' lang='grc'><strong>20357.</strong></span> <span class='ocrx_word' id='word_1_528' title='bbox 1455 2646 1577 2678; x_wconf 85' lang='grc'><strong>20358.</strong></span> <span class='ocrx_word' id='word_1_529' title='bbox 1601 2648 1725 2686; x_wconf 81' lang='grc'><strong>20432,</strong></span> <span class='ocrx_word' id='word_1_530' title='bbox 1757 2658 1837 2688; x_wconf 81' lang='lat' dir='ltr'>quas</span> <span class='ocrx_word' id='word_1_531' title='bbox 1859 2648 1969 2680; x_wconf 77' lang='lat' dir='ltr'>ordine</span> <span class='ocrx_word' id='word_1_532' title='bbox 1985 2661 2014 2680; x_wconf 74' lang='lat'>45</span> 
     </span>
     <span class='ocr_line' id='line_1_47' title="bbox 322 2684 778 2725; baseline 0.02 -11"><span class='ocrx_word' id='word_1_533' title='bbox 322 2684 530 2725; x_wconf 71' lang='lat' dir='ltr'>chronoloyico</span> <span class='ocrx_word' id='word_1_534' title='bbox 552 2698 778 2723; x_wconf 55' lang='lat' dir='ltr'>enumeramus</span> 
     </span>
    </p>
   </div>
   <div class='ocr_carea' id='block_1_9' title="bbox 426 2770 686 2804">
    <p class='ocr_par' dir='ltr' id='par_1_10' title="bbox 426 2770 686 2804">
     <span class='ocr_line' id='line_1_48' title="bbox 426 2770 686 2804; baseline 0.019 -9"><span class='ocrx_word' id='word_1_535' title='bbox 426 2770 450 2802; x_wconf 93' lang='lat'>1)</span> <span class='ocrx_word' id='word_1_536' title='bbox 470 2770 558 2804; x_wconf 68' lang='lat' dir='ltr'>Supra</span> <span class='ocrx_word' id='word_1_537' title='bbox 578 2780 618 2799; x_wconf 82' lang='grc' dir='ltr'>ην.</span> <span class='ocrx_word' id='word_1_538' title='bbox 631 2777 686 2800; x_wconf 65' lang='lat'>817.</span> 
     </span>
    </p>
   </div>
  </div>
 </body>
</html>
