2190 3172
448 186 452 191 ·
509 178 608 208 ACTA
626 178 741 207 REGNI
759 178 944 207 LUDE'WICI
962 179 1010 208 IV.
1029 179 1074 208 ΕΤ
1093 178 1281 208 anssmcl
1299 179 1348 208 111.
1386 179 1461 208 1817.
1498 179 1546 207 Nr.
1558 180 1617 208 436.
1832 182 1896 214 363

463 319 654 351 436—438.
690 317 879 351 SCRIPTA
901 317 1045 351 VARIA
1068 318 1131 352 AD
1154 318 1364 351 TELONEA
1387 317 1678 351 SPEGTANTIA.

817 381 908 413 1317.
938 379 1009 413 Iun.
1026 381 1130 412 24.—
1144 378 1228 422 Aug.
1248 382 1275 412 1.

413 477 502 522 436ss
543 483 757 530 amputatio
784 496 887 531 super
912 485 1039 522 teloneo
1066 485 1325 522 Backeracense
1351 486 1460 531 facta.
1567 487 1646 522 Iun.
1665 488 1729 522 24.

355 559 517 600 Oriqinale
540 558 615 601 (or.)
648 559 684 591 in
715 558 873 591 tabulario
900 559 1042 600 ymerali
1072 559 1161 600 reyni
1188 559 1357 592 Bawarici
1384 559 1547 592 ‘Einaelne
1578 559 1689 592 Stddte
1715 561 1786 593 uml
1811 560 1898 593 Orte’

213 624 224 643 a
243 623 268 645 s.
284 623 312 646 v.
327 610 526 644 Bacherach.
575 609 774 643 Contulimus
795 621 861 643 nos.
909 611 1055 652 Quatuor
1076 610 1253 652 siqillorum
1271 611 1456 653 fraqmenta
1477 612 1618 652 pendent
1646 612 1722 644 loris
1745 613 1898 646 membra-

244 664 361 697 meeis.
384 683 424 687 -
448 662 511 695 Ed.
533 661 757 696 Winkelmarm
779 662 872 695 ‘Acta
897 663 1023 704 imperii
1043 663 1180 695 inedita’
1202 663 1252 702 II,
1275 664 1339 695 780
1361 674 1411 696 nr.
1429 664 1514 695 1119
1537 675 1576 696 ex
1599 674 1644 698 or.

351 723 427 764 Rea.
444 723 545 756 Boica
574 722 609 762 V,
632 723 706 755 361.

349 801 517 835 Universis
538 804 707 843 presentes
729 800 854 832 litteras
877 801 1068 843 inspecturis
1090 801 1238 835 volumus
1266 801 1336 833 fieri
1365 805 1492 843 notum,
1522 802 1609 844 quod
1639 813 1698 845 per
1725 814 1784 836 nos
1807 804 1895 836 Her-

243 864 395 887 mannum
411 853 452 885 de
467 851 707 885 Liehtenberch
723 851 899 894 imperialis
913 852 988 885 aule
1004 852 1230 885 cancellarium
1246 854 1438 895 conputacio
1455 853 1541 886 facta
1557 858 1606 887 est
1622 864 1719 897 super
1734 857 1896 898 perceptis

200 917 226 937 ιο
244 907 274 938 ἱη
298 905 450 938 theloneo
472 904 710 938 Bacheracensi
732 914 751 937 a
775 903 855 936 feria
878 899 990 947 quinta
1013 905 1161 947 proxima
1184 908 1258 937 ante
1282 903 1486 938 Dominicam
1516 916 1581 948 que
1609 911 1757 939 cantatur
1780 906 1896 944 Quasi·
1911 903 2007 954 &2⁶5ss

243 958 341 991 modo
368 957 470 1001 geniti
497 956 555 989 sub
583 967 667 989 anno
690 954 822 988 Domini
837 955 956 988 Μο00
979 956 1200 990 sextodecimo
1224 967 1326 999 usque
1350 955 1392 988 ad
1415 956 1501 990 diem
1525 957 1613 990 besti
1629 957 1759 991 Martini
1783 961 1893 1002 proxi·
1908 966 2010 990 Nan.

243 1020 331 1043 mum
361 1009 611 1052 subsequentem
645 1018 717 1042 cum
745 1007 899 1040 Heinrico
929 1007 971 1040 de
999 1007 1228 1040 Lutthinsdorf
1256 1012 1289 1041 et
1316 1007 1476 1041 Gobelino
1510 1010 1598 1042 socio
1633 1021 1692 1042 suo
1727 1022 1769 1043 ex
1804 1017 1896 1054 parte

244 1061 364 1094 domiui
377 1060 596 1102 Treverensis,
612 1059 815 1102 presentibus
831 1059 961 1092 domino
974 1058 1094 1092 Georio
1110 1059 1216 1092 Irsuto
1233 1060 1361 1101 comite,
1378 1059 1488 1093 Ulrico
1505 1060 1545 1093 de
1558 1061 1696 1104 Lepide,
1712 1062 1895 1096 Wolframo

244 1113 285 1146 de
307 1113 530 1153 Lewenstein,
553 1111 705 1145 Ounrado
729 1112 770 1144 de
792 1111 1005 1144 Rudinsheim
1028 1110 1230 1143 vicedomino
1255 1136 1262 1143 .
1279 1135 1287 1142 .
1311 1110 1432 1144 domini
1455 1111 1636 1156 Moguntini
1668 1118 1702 1146 et
1724 1117 1895 1148 castrensi-

200 1176 225 1198 ιι
243 1165 304 1198 bus
331 1165 451 1197 domini
478 1165 574 1207 regis.
627 1163 710 1196 Item
741 1166 774 1196 et
807 1164 871 1196 alia
901 1164 1092 1206 conputacio
1123 1173 1182 1206 per
1207 1174 1266 1196 nos
1293 1163 1379 1196 facta
1408 1167 1457 1196 est
1484 1175 1503 1196 a
1532 1165 1614 1198 festo
1647 1166 1736 1199 beati
1764 1167 1894 1200 Martini
1910 1176 2010 1199 Χοιιι.

244 1216 389 1259 predicto
423 1226 526 1259 usque
559 1216 592 1247 in
624 1214 738 1247 feriam
773 1216 906 1247 terciam
938 1218 1013 1247 ante
1047 1214 1133 1247 diem
1156 1214 1390 1248 Penthecostes
1420 1217 1604 1259 proximum
1631 1218 1893 1262 subsequentem,
1907 1221 2002 1268 ἒξ,

244 1268 448 1311 presentibus
476 1266 649 1300 Chunrado
679 1267 721 1299 de
748 1267 961 1300 Rudinsheim
991 1270 1025 1300 et
1054 1265 1242 1299 thelonariis
1269 1266 1432 1310 predictis.
1539 1268 1725 1302 Invenimus
1754 1275 1821 1303 tam
1853 1271 1894 1304 de

175 1358 177 1360 Ι
244 1321 348 1362 prima
370 1330 467 1363 quam
497 1319 538 1351 de
565 1319 706 1351 secunda
729 1329 870 1360 summa,
904 1318 991 1362 quod
1013 1317 1186 1351 Heinricus
1215 1318 1256 1351 de
1280 1319 1508 1352 Lutthinsdorf
1521 1318 1655 1363 'recepit
1685 1321 1726 1354 de
1758 1327 1895 1366 quatuor

244 1372 364 1414 grossis
397 1374 431 1404 et
464 1371 590 1403 duobus
623 1370 733 1404 Hau·
761 1374 795 1403 et
828 1371 1011 1414 specialiter
1044 1370 1085 1403 de
1119 1381 1235 1403 novem
1268 1371 1356 1403 Hall.
1389 1371 1430 1403 de
1465 1372 1548 1405 festo
1581 1373 1709 1406 Pasche
1743 1376 1892 1416 proximo
1907 1384 1990 1411 Apus.

199 1433 227 1454 so
245 1425 392 1467 sequenti
480 1423 544 1455 duo
567 1422 657 1455 milia
679 1422 734 1454 lib.
759 1423 865 1455 minus
888 1421 1059 1455 duodecim
1081 1422 1138 1455 sol.
1157 1422 1245 1455 Hau.

351 1475 436 1508 Item
459 1475 607 1507 dominus
630 1473 768 1506 Gecrius
791 1474 915 1507 Irsutus
937 1484 1046 1506 comes
1069 1474 1193 1516 recepit
1215 1475 1361 1507 terminis
1384 1475 1539 1517 predictis
1563 1476 1604 1509 de
1628 1476 1753 1509 duobus
1777 1481 1897 1520 grossis

244 1528 445 1570 octingentas
477 1527 647 1569 sexaginta
681 1530 807 1568 septem
840 1526 895 1558 lib.
925 1526 1075 1558 undecim
1110 1526 1278 1559 sol.·Hall.
1388 1527 1472 1559 Item
1502 1529 1628 1571 recepit
1658 1540 1718 1571 pro
1750 1531 1897 1564 custodia

242 1582 421 1612 castrorum
499 1577 679 1611 CCOXLII
706 1578 778 1619 lib.,
813 1578 900 1620 quod
930 1578 963 1610 in
990 1588 1117 1611 summa
1145 1578 1265 1612 domini
1291 1580 1380 1621 regis
1410 1590 1475 1612 non
1503 1579 1698 1622 destineatur,
1777 1586 1810 1615 et
1836 1594 1896 1626 pro

244 1630 378 1663 edificiis
445 1629 471 1662 O
494 1630 548 1662 lib.
566 1630 632 1662 VH
655 1629 710 1663 lib.
1261 1649 1264 1653 ,
1882 1666 1885 1669 Δ

198 1691 225 1714 a
350 1682 434 1714 Item
458 1681 605 1714 dominus
629 1681 670 1714 de
686 1682 872 1715 Brunshorn
895 1682 1019 1724 recepit
1034 1682 1179 1715 terminis
1194 1682 1348 1724 predictis
1371 1682 1413 1715 de
1436 1682 1570 1716 dimidio
1594 1695 1706 1726 grosso
1773 1685 1893 1719 ducen—

240 1736 293 1766 tas
314 1733 368 1766 lib.
392 1733 535 1766 sedecim
558 1733 612 1767 lib.
630 1733 700 1765 IIII
722 1733 780 1765 sol.
804 1743 863 1766 sex
885 1733 972 1766 Hau.

348 1786 433 1819 Item
457 1785 612 1828 ¹dominus
639 1784 866 1828 Engelhardus
900 1785 942 1817 de
965 1785 1158 1818 Winsbereh
1188 1786 1312 1827 recepit
1342 1785 1382 1818 de
1411 1786 1528 1819 XVIII
1555 1787 1644 1820 Han.
1722 1795 1894 1823 sexcentas

245 1839 476 1884 quinquaginta
499 1840 637 1880 quatuor
659 1836 714 1870 lib.
730 1837 816 1869 XIII
839 1837 898 1870 sol.
914 1837 1015 1869 VIIII
1038 1837 1124 1870 Han.
1149 1838 1294 1870 terminis
1316 1837 1480 1880 predictis.

347 1890 435 1923 Item
450 1889 616 1922 Abraham
633 1889 755 1921 Iudeus
777 1889 901 1931 recepit
924 1890 1068 1922 terminis
1092 1889 1245 1931 predictis
1267 1892 1391 1922 tantum
1414 1901 1518 1933 usque
1540 1891 1582 1923 ad
1606 1891 1693 1924 diem
1708 1893 1836 1926 Pasche
1859 1898 1893 1927 et
1906 1908 1990 1934 Apus.

196 1950 225 1972 ,ιο
242 1947 318 1976 tuno
339 1943 400 1976 fuit
421 1944 559 1984 pagatus
581 1941 614 1973 in
636 1944 721 1981 toto,
744 1944 778 1973 et
799 1951 820 1973 a
843 1941 895 1974 die
919 1941 1045 1974 Pascha
1068 1951 1170 1983 usque
1197 1942 1228 1974 in
1252 1941 1366 1975 feriam
1389 1943 1522 1975 terciam
1546 1944 1725 1986 predictam
1750 1956 1805 1987 ea,
1828 1957 1891 1988 qus
1906 1960 2000 1983 mm.

242 1999 374 2038 recepta
388 1995 520 2027 fuerunt
534 1993 642 2026 medio
659 1996 816 2036 tempore,
840 1996 1014 2035 conputata
1034 1998 1108 2026 sunt
1130 2004 1188 2036 pro
1204 1994 1401 2027 medietateb
1425 1994 1555 2028 domino
1572 1995 1763 2029 Treverensi
1785 2001 1818 2030 et
1832 2009 1891 2040 pro

242 2047 419 2080 medietate
443 2046 572 2078 domino
595 2045 796 2087 Moguntino,
819 2049 915 2087 prout
937 2045 1070 2078 inferius
1092 2046 1304 2087 specificatur.

347 2098 431 2130 Item
469 2097 661 2130 universitas
698 2098 821 2139 recepit
858 2096 899 2128 de
937 2097 1022 2129 XIII
1060 2097 1149 2129 Hau.
1187 2098 1331 2130 terminis
1368 2098 1523 2140 predictis
1610 2099 1721 2133 0000
1758 2101 1813 2134 lib.
1842 2101 1890 2133 IX

242 2151 297 2184 1ib.
313 2151 363 2183 IX
384 2150 472 2182 Hau.

200 2207 224 2228 ⁸⁸
349 2202 433 2235 Item
463 2201 582 2234 domini
609 2200 650 2233 de
674 2200 804 2233 Runkel
837 2204 870 2233 et
898 2201 939 2233 de
968 2201 1144 2233 Isenburch
1174 2206 1368 2244 receperunt
1396 2213 1416 2235 a
1438 2204 1548 2246 vigilis
1572 2203 1720 2246 Symonis
1751 2208 1784 2237 et
1806 2205 1887 2237 Iude
1903 2204 1995 2251 03¹3,-

239 2255 475 2299 apostolorum
493 2253 552 2287 sub
579 2263 662 2287 anuo
685 2253 816 2288 Domini
843 2253 990 2296 predicto
1024 2263 1126 2295 usque
1159 2253 1204 2286 ad
1236 2254 1355 2288 festum
1383 2259 1566 2290 sanctorum
1590 2256 1657 2288 Viti
1692 2261 1726 2289 et
1747 2257 1887 2290 Modesti
1904 2265 1995 2312 'gg-⁵⁴

243 2307 409 2340 martirum
432 2305 631 2347 subsequens
654 2305 695 2337 de
719 2308 856 2347 quatuor
878 2306 997 2347 grossis
1020 2305 1259 2339 Turonensibus
1323 2307 1536 2350 noningentas
1559 2309 1730 2351 sexaginte
1753 2309 1807 2341 lib.

347 2357 432 2390 Item
454 2357 649 2390 Berhtoldus
672 2367 781 2389 comes
809 2357 850 2389 de
873 2357 1156 2400 Catzenelnbogen
1186 2358 1310 2400 recepit
1336 2358 1378 2391 de
1406 2358 1530 2391 duobus
1557 2361 1676 2402 grossis
1705 2371 1725 2392 a
1748 2362 1887 2394 crastino
1901 2359 1999 2405 „2322

243 2409 366 2442 'rhomo
389 2408 448 2441 sub
472 2419 555 2441 anno
577 2408 708 2441 Domini
731 2409 877 2451 predicto
900 2420 1001 2452 usque
1023 2411 1055 2443 in
1079 2409 1250 2444 diemviti
1273 2414 1306 2442 et
1324 2410 1464 2443 Modesti
1532 2411 1766 2444 CCCXXXIII
1790 2413 1845 2445 lib.
1904 2419 1987 2465 133¹ss

198 2467 226 2489 ιο
348 2460 432 2493 Item
455 2459 626 2493 Heinricus
649 2460 690 2492 de
715 2460 850 2493 Colonia
872 2462 995 2503 recepit
1017 2461 1076 2493 sub
1100 2472 1183 2493 anno
1213 2465 1245 2493 et
1268 2461 1320 2494 die
1343 2462 1497 2504 predictis
1524 2464 1564 2496 de
1592 2475 1650 2496 sex
1680 2466 1815 2506 grossis,
1846 2466 1887 2497 de
1946 2458 1951 2463 ’
1988 2458 1995 2464 “

241 2512 322 2544 vinis
344 2511 495 2544 Alsaticis
523 2515 556 2544 et
584 2512 655 2544 aliis
677 2513 903 2545 mercemoniis
925 2512 1076 2545 Alsaticis
1156 2513 1244 2545 mille
1267 2514 1468 2556 octingentas
1490 2515 1545 2547 lib.
1561 2515 1697 2547 XXXV-
1715 2516 1768 2548 lib.
1786 2517 1889 2548 XIIII

239 2563 301 2596 sol.
324 2563 412 2596 Hau.
687 2595 689 2598 ,

350 2614 435 2647 Item
458 2614 627 2647 Ouuradus
650 2615 870 2647 vicedominus
902 2615 943 2647 de
970 2615 1182 2648 Rudinsheim
1210 2617 1333 2658 recepit
1367 2628 1409 2650 ex
1436 2622 1528 2661 parte
1558 2619 1679 2652 domini
1707 2620 1888 2661 Moguutini

243 2667 387 2707 terminis
411 2667 596 2709 prescriptis
619 2666 660 2699 de
683 2667 808 2699 duobus
824 2667 911 2699 Hall.
936 2671 969 2699 et
991 2668 1177 2709 specialiter
1198 2678 1218 2700 a
1241 2669 1323 2701 resto
1339 2668 1466 2707 Pesche
1490 2671 1636 2712 proxime
1660 2676 1820 2703 transacto
1844 2672 1885 2703 de
1902 2682 1982 2707 Apus.

198 2724 224 2744 ⁴³
242 2727 358 2750 novem
381 2717 467 2750 Hau.
535 2718 744 2751 LXXXXIX
767 2719 820 2751 lib.
838 2719 922 2751 VIII
944 2719 1001 2751 sol.
1019 2719 1052 2751 11
1076 2719 1163 2751 Han.

345 2802 410 2831 486.
437 2805 460 2836 Ιδ)
479 2803 528 2831 lm.
547 2814 644 2838 temper
663 2814 700 2831 or.
788 2804 814 2838 ι1)
833 2805 874 2831 hie
891 2815 970 2839 supra
987 2815 1069 2839 cupra
1088 2807 1180 2832 lineam
1200 2807 1262 2833 add.
1281 2816 1318 2833 or.

1630 2861 1680 2887 46*
