2190 3172
155 1002 182 1023 ss

477 185 579 220 ACTA,
594 183 708 212 REGNI
726 181 910 211 LUDEWICI
930 182 976 211 IV.
995 182 1041 210 ΕΤ
1060 182 1246 211 mim-:mol
1266 182 1314 210 111.
1351 182 1426 210 1815.
1462 182 1511 210 Νι.
1524 183 1583 211 289.
1792 189 1854 218 249

198 274 251 306 vel
274 274 307 306 in
328 283 412 315 rem,
443 273 484 305 ad
513 283 608 315 quem
638 271 691 304 vel
715 281 796 314 quos
823 270 864 303 de
896 271 965 303 iure
988 281 1046 302 seu
1072 271 1173 312 ipsius
1202 269 1373 302 cardinalis
1401 269 1625 312 dispositione,
1654 271 1855 305 ordinatione

199 325 251 357 vel
274 325 440 357 voluntate
465 324 663 364 devenerint,
687 322 728 355 de
750 333 835 354 novo
851 322 1059 354 concedenda
1075 321 1225 354 duximus
1248 325 1282 353 et
1297 321 1458 362 donanda,
1482 323 1513 353 in
1536 323 1640 364 ipsum
1658 322 1855 355 cardinalem

199 386 238 408 ac
262 376 438 419 prelibatus
461 375 599 408 heredes
628 378 662 407 et
683 384 885 407 successores
912 374 1011 416 ipsius
1038 374 1198 416 prefatam
1227 372 1387 405 bastidam
1415 383 1487 405 cum
1515 374 1663 406 omnibus
1691 376 1855 417 premissis

200 428 400 460 iurisditione
424 430 457 459 et
478 426 601 459 iuribus
622 426 768 469 plenarie
791 425 1022 458 transferentes
1044 426 1213 467 ipsamque
1244 435 1262 456 a
1286 425 1458 457 cuiuslibet
1480 426 1613 457 alterius
1637 430 1798 468 potestate
1823 432 1856 458 et

201 479 342 511 dominio
370 479 401 510 in
423 481 527 510 totum
551 478 731 510 exemimus
763 481 796 509 et
818 478 922 519 ipsam
945 476 1081 508 liberam
1112 486 1183 508 esse
1207 477 1390 508 censuimus
1421 480 1454 508 et
1483 477 1703 519 supplevimus
1726 489 1854 510 omnem

201 530 379 572 defectum,
409 530 435 561 si
459 530 530 572 quis
553 530 660 562 forsan
683 529 715 560 in
739 529 927 569 donatione,
954 528 1162 560 concessione
1191 531 1224 560 et
1247 528 1456 560 translatione
1481 530 1634 571 pretactis
1662 530 1784 570 extitit,
1814 530 1855 561 ‹le

200 585 308 614 nostre
331 581 543 624 precellentis
566 581 745 623 potestatis.
835 581 880 621 (2)
904 579 946 612 Et
968 580 1114 611 volentes
1144 579 1247 611 dictos
1270 579 1467 612 cardinalem
1500 584 1534 612 et
1557 580 1694 613 heredes
1722 591 1760 613 ac
1783 592 1855 612 suc-

200 643 345 665 cessores
368 632 478 665 favore
501 632 654 675 prosequi
676 633 781 674 gratie
804 631 950 674 potioris,
974 641 1038 663 non
1062 631 1210 663 obstante
1234 631 1403 673 privilegio
1427 632 1587 674 imperiali
1610 642 1668 664 seu
1691 633 1855 673 mandato,

200 694 263 726 quo
287 684 403 716 dicitur
432 684 516 716 inter
537 687 647 715 cetera
669 684 840 723 contineri,
869 694 909 715 ne
937 683 1008 725 quis
1034 682 1200 715 hominum
1229 686 1339 725 preter
1366 683 1504 715 electum
1535 684 1586 715 vel
1610 686 1799 727 episcopum
1823 690 1856 716 et

200 735 352 767 comitem
368 733 662 776 Valentin(ensem)
692 745 712 766 a
732 735 863 766 flumine
887 734 976 767 Isare
999 745 1100 776 usque
1124 734 1166 766 ad
1189 738 1329 766 castrum
1354 734 1490 766 Montilii
1515 739 1548 767 et
1570 746 1590 766 a
1613 740 1717 767 castro
1741 735 1855 768 Oreste

199 796 301 829 usque
324 787 366 819 ad
388 785 498 818 villam
523 785 564 818 de
587 786 753 818 Subdione
781 789 814 818 et
840 787 872 818 in
897 789 964 818 toto
989 787 1176 828 episcopatu
1192 785 1344 818 Valentie
1367 786 1542 828 pedagium
1570 787 1621 819 vel
1645 787 1855 830 guidangium

200 838 345 880 recipere
362 837 589 880 quoquomodo
605 841 780 880 presumat,
805 837 891 880 quod
907 837 1038 879 quidem
1055 837 1258 879 privilegium
1274 847 1399 869 necnon
1423 842 1456 870 et
1472 839 1580 870 omnia
1596 838 1661 870 alia
1681 843 1715 871 et
1730 840 1856 882 singula

198 889 379 932 privilegia,
402 889 622 921 immunitates
645 892 679 921 et
693 889 862 921 libertates
877 899 1031 921 concessa
1054 887 1160 920 eidem
1186 889 1322 921 ecclesie
1334 889 1585 930 Valentin(ensi)
1609 900 1668 932 per
1683 891 1856 933 predeces-

199 950 290 973 sores
303 944 430 972 nostros
446 939 664 972 Romanorum
680 941 894 982 imperatores
918 944 952 972 et
966 941 1138 982 principes,
1162 941 1380 982 cuiuscunque
1404 942 1524 973 tenoris
1548 941 1699 981 existant,
1723 942 1856 974 obtentu

200 991 278 1024 dicti
299 991 470 1024 cardinalis
492 1002 551 1023 nos
573 992 757 1034 specialiter
779 1002 876 1034 super
898 991 959 1023 hoc
982 995 1015 1024 et
1037 995 1160 1024 attente
1184 992 1327 1034 rogantis
1350 996 1384 1023 et
1407 1002 1448 1024 ex
1472 996 1562 1024 certa
1584 994 1718 1025 scientia
1741 995 1855 1026 confir-

199 1043 358 1076 mavimus
381 1047 414 1075 et
436 1046 548 1075 tenore
563 1044 760 1086 presentium
785 1043 1020 1083 confirmamus,
1044 1047 1132 1076 certa
1155 1043 1216 1075 sibi
1240 1044 1271 1075 in
1295 1043 1382 1075 dicta
1404 1043 1533 1076 bastida
1556 1048 1590 1076 et
1606 1045 1801 1086 appenditiis
1824 1051 1858 1078 et

200 1094 510 1127 ciroumadiacentiis
541 1095 610 1127 eius
636 1095 777 1138 pedagia
804 1105 862 1127 seu
885 1095 1061 1138 guidangia
1084 1105 1143 1137 per
1165 1106 1284 1138 aquam
1307 1096 1338 1127 in
1362 1095 1554 1138 supradictis
1577 1096 1730 1129 videlicet
1751 1098 1856 1129 flumi-

200 1146 294 1179 nibus
315 1145 444 1178 Rodani
472 1150 505 1178 et
527 1146 617 1179 Isare
644 1151 678 1179 et
705 1157 765 1189 per
790 1150 910 1179 terram
933 1147 1086 1179 videlicet
1117 1158 1174 1189 per
1196 1150 1314 1179 stratas
1340 1146 1485 1189 publicae
1512 1147 1619 1179 eidem
1645 1148 1771 1180 bastide
1795 1150 1856 1180 cir—

201 1197 473 1238 cumadiacentes‚
496 1197 584 1230 illam
601 1197 753 1230 videlicet
776 1209 834 1240 per
857 1208 953 1240 quam
976 1198 1018 1230 ad
1038 1198 1185 1240 predicta
1204 1199 1336 1230 flumina
1353 1197 1481 1230 Rodani
1506 1202 1539 1230 et
1555 1199 1644 1230 Isare
1668 1200 1732 1231 itur
1755 1211 1856 1242 prope

201 1249 362 1282 bastidam
386 1249 576 1291 predictam,
599 1252 733 1281 stratam
756 1250 854 1282 etiam
878 1260 936 1292 per
959 1260 1056 1292 quam
1080 1251 1143 1282 itur
1165 1249 1206 1281 ad
1230 1253 1350 1282 terram
1366 1249 1505 1281 Romani
1529 1251 1559 1281 in
1583 1250 1856 1282 circumadiacen·

201 1301 253 1332 tiis
276 1300 403 1332 bastide
426 1300 581 1343 predicte,
604 1301 670 1333 sive
694 1301 898 1334 ascendendo
921 1302 989 1333 sive
1013 1300 1242 1333 descendendo
1265 1302 1355 1333 iuxta
1371 1302 1585 1343 quantitatem
1609 1306 1641 1333 et
1665 1303 1800 1334 formam
1825 1303 1856 1334 in

201 1352 273 1385 aliis
287 1362 325 1385 ao
340 1352 544 1394 presentibus
560 1353 676 1385 nostris
692 1352 869 1395 privilegiis
889 1363 947 1385 seu
962 1352 1078 1385 litteris
1094 1353 1243 1395 specifice
1262 1352 1522 1395 comprehensas,
1540 1363 1581 1384 ex
1598 1354 1728 1396 proprio
1747 1357 1857 1385 nostro

201 1407 292 1436 motu
315 1406 349 1435 et
370 1403 574 1436 liberalitatis
597 1403 739 1446 arbitrio,
762 1414 831 1436 rem
847 1408 988 1436 nostram
1013 1408 1046 1436 et
1067 1405 1196 1447 imperii
1211 1404 1382 1436 credentes
1405 1414 1446 1436 ex
1470 1404 1532 1437 hoc
1556 1405 1664 1437 facere
1687 1405 1856 1437 meliorem

201 1465 240 1488 ao
263 1465 322 1488 nos
345 1458 379 1487 et
401 1455 520 1487 dictum
543 1456 715 1498 imperium
739 1459 952 1488 exonerantes
975 1456 1162 1488 satisfacere
1187 1455 1228 1488 de
1252 1455 1421 1498 predictis,
1452 1460 1585 1498 propter
1608 1466 1721 1488 causas
1744 1467 1858 1499 supra-

203 1506 320 1548 dictas,
349 1517 430 1549 quas
461 1506 502 1538 ad
526 1507 765 1539 concessionem
794 1507 976 1540 huiusmodi
1004 1508 1104 1540 iustas
1131 1512 1164 1539 et
1190 1507 1353 1549 legitimas
1377 1510 1410 1539 et
1433 1508 1620 1547 canonicas,
1650 1508 1858 1550 sufficientes,

203 1557 347 1601 ydoneas
370 1568 408 1590 ac
431 1558 617 1600 probabiles
639 1558 819 1591 iudicamus
841 1562 940 1601 atque
964 1559 1181 1600 decernimus,
1214 1569 1337 1591 necnon
1367 1562 1400 1590 et
1429 1559 1501 1591 aliis
1530 1559 1620 1591 iustis
1650 1563 1683 1591 et
1706 1560 1859 1602 legitimis

203 1610 309 1642 causis
331 1619 369 1641 ac
392 1609 487 1651 plene
510 1609 645 1652 ydoneis
667 1614 701 1642 et
723 1610 954 1643 sufficientibus
977 1611 1018 1642 ad
1042 1611 1265 1643 concessiones
1288 1610 1461 1652 predictas,
1485 1621 1565 1653 quas
1589 1621 1630 1642 ex
1654 1621 1752 1643 causa
1775 1612 1859 1643 iusta

202 1665 237 1694 et
252 1661 436 1694 rationabili
460 1661 664 1703 presentibus
686 1673 750 1695 non
766 1661 916 1694 duximus
932 1662 1129 1701 inserendas,
1155 1662 1304 1694 duximus
1321 1663 1514 1694 auctoritate
1531 1662 1622 1704 regia
1638 1662 1859 1704 concedenda,

202 1715 299 1755 prout
326 1713 359 1744 in
382 1711 475 1745 dictis
504 1716 537 1744 et
565 1713 636 1745 aliis
663 1723 701 1746 ac
723 1714 927 1756 presentibus
955 1714 1071 1746 nostris
1094 1714 1269 1756 privilegiis
1298 1724 1355 1746 seu
1378 1714 1494 1745 litteris
1523 1715 1602 1756 regii
1631 1715 1729 1745 nostri
1762 1714 1858 1756 sigilli

205 1764 402 1806 appensione
430 1764 560 1811 munitis
583 1766 740 1807 premissa
768 1767 876 1797 omnia
898 1767 1100 1798 continentur
1110 1767 1129 1797 ¹.
1219 1758 1266 1807 (3⁹)
1291 1765 1490 1797 Inhibuimus
1518 1766 1616 1797 etiam
1644 1766 1727 1797 inter
1749 1771 1859 1798 cetera

204 1826 264 1858 per
278 1815 392 1848 eadem
409 1815 578 1858 privilegia
594 1819 702 1849 nostra
718 1827 775 1850 seu
797 1818 922 1849 litteras
938 1818 1093 1850 universis
1109 1821 1142 1850 et
1157 1817 1290 1858 singulis
1306 1817 1512 1859 principibus,
1533 1818 1714 1856 comitibus,
1731 1817 1859 1849 baroni-

206 1867 275 1907 bus,
297 1866 470 1908 nobilibus,
493 1868 686 1908 civitatibus,
710 1869 971 1909 comunitatibus,
1003 1870 1124 1909 castris,
1147 1869 1230 1901 villis
1253 1873 1287 1901 et
1309 1869 1402 1900 terris
1426 1869 1561 1911 aliisque
1585 1868 1720 1900 subditis
1743 1870 1860 1900 nostris

205 1918 431 1957 ecclesiasticis
459 1918 512 1950 vel
540 1920 709 1952 mundanis
736 1920 795 1952 sub
824 1921 1029 1953 ammissione
1052 1921 1311 1963 privilegiorum,
1341 1921 1527 1952 libertatum
1557 1924 1654 1962 atque
1677 1920 1858 1961 feudorum,

205 1980 268 2012 que
290 1969 414 2002 habent
443 1974 476 2002 et
502 1974 614 2003 tenent
641 1982 696 2004 seu
720 1975 831 2004 tenere
856 1972 975 2004 debent
1007 1983 1026 2004 a
1054 1972 1158 2009 nohis,
1195 1972 1310 2015 quibus
1340 1972 1488 2004 omnibus
1519 1982 1631 2003 omnes
1661 1975 1694 2003 et
1716 1972 1859 2013 singulos

205 2022 399 2054 contrarium
422 2022 578 2055 facientes
601 2023 757 2056 dictorum
780 2024 1022 2066 privilegiorum
1045 2029 1225 2057 nostrorum
1250 2024 1441 2056 auctoritate
1459 2023 1663 2065 privavimus,
1687 2022 1861 2055 districtius

204 2073 418 2116 iniungentes,
442 2084 481 2106 ne
505 2074 625 2106 dictum
649 2075 844 2108 cardinalem
873 2082 928 2108 aut
951 2076 1088 2108 heredes
1116 2080 1149 2108 et
1172 2085 1373 2108 successores
1395 2075 1495 2117 ipsius
1518 2075 1549 2106 in
1573 2074 1707 2116 pacifica
1732 2085 1858 2116 posses-

205 2125 295 2157 sione
319 2122 404 2157 diote
426 2123 553 2157 bastide
577 2136 614 2159 ac
638 2126 668 2158 in
693 2127 850 2159 dictorum
868 2127 1078 2170 pedagiorum
1103 2138 1160 2159 seu
1176 2127 1400 2169 guidagiorum
1421 2126 1618 2168 receptione,
1642 2125 1803 2157 levatione
1827 2131 1861 2157 et

205 2176 375 2209 exactione
404 2181 515 2209 contra
545 2177 703 2210 dictorum
732 2179 972 2222 privilegiorum
1001 2184 1180 2212 nostrorum
1208 2183 1355 2211 tenorem
1384 2177 1542 2220 impedire
1567 2182 1755 2219 presumant
1777 2188 1859 2219 quo-

204 2226 384 2260 modolibet
405 2238 464 2261 seu
486 2228 668 2261 molestent.
714 2229 872 2262 Dedimus
896 2231 994 2263 etiam
1018 2231 1103 2263 dicto
1127 2230 1283 2263 cardinali
1306 2240 1344 2262 ac
1367 2229 1541 2262 heredibus
1564 2232 1598 2260 et
1620 2228 1859 2260 successoribus

206 2278 270 2310 suis
286 2277 424 2311 cudendi
444 2282 477 2311 et
493 2279 567 2311 cudi
583 2279 722 2313 faciendi
738 2285 903 2314 monetam
919 2292 1062 2322 auream,
1078 2285 1266 2324 argenteam
1283 2284 1315 2313 et
1332 2291 1441 2313 ercam
1457 2281 1509 2312 vel
1526 2290 1580 2312 ere
1597 2281 1859 2320 contaminatam,

205 2330 421 2372 cuiuscunque
451 2331 558 2374 congii
585 2332 635 2364 vel
668 2333 887 2375 impressionis
915 2334 1048 2373 existat,
1076 2333 1198 2375 absque
1225 2332 1478 2364 contradictione
1506 2333 1695 2373 cuiusquam
1729 2331 1858 2373 plenam

206 2385 240 2414 et
261 2381 397 2414 liberam
420 2393 479 2424 per
502 2384 618 2416 eadem
643 2389 750 2417 nostra
774 2386 944 2428 privilegia
966 2389 1172 2428 potestatem.
1262 2387 1308 2425 (4)
1333 2384 1509 2426 Cupientes
1533 2383 1631 2425 igitur
1654 2386 1688 2414 et
1703 2383 1859 2420 volentes,

204 2436 242 2465 ut
262 2433 445 2466 huiusmodi
468 2438 578 2467 nostra
600 2437 705 2477 gratia
728 2436 814 2469 dicto
837 2437 991 2469 cardinali
1015 2448 1053 2469 ac
1069 2437 1244 2469 heredibus
1267 2440 1301 2468 et
1323 2435 1562 2468 successoribus
1585 2435 1650 2465 suis
1673 2435 1762 2466 iuxta
1785 2444 1860 2465 suos

205 2487 240 2516 et
261 2488 387 2516 nostros
409 2485 543 2518 affectus
558 2489 726 2529 proveniat
748 2489 922 2530 fructuosa,
946 2492 1112 2531 sperantes
1134 2489 1264 2530 insuper
1287 2498 1343 2519 vos
1366 2491 1399 2519 et
1420 2489 1562 2518 vestrum
1580 2484 1758 2527 quemlibet
1782 2494 1860 2526 erga

206 2545 265 2567 nos
287 2538 321 2568 et
341 2535 562 2569 Romanorum
585 2548 719 2581 regnum
743 2543 777 2572 et
795 2540 867 2572 Deo
892 2539 1020 2572 favente
1043 2540 1279 2582 subsequenter
1293 2539 1462 2581 imperium
1485 2539 1569 2569 inter
1584 2540 1710 2568 ceteros
1726 2536 1860 2567 devotos

207 2589 333 2619 nostros
355 2588 488 2630 speciali
506 2588 677 2623 devotione
700 2591 834 2633 pollere,
858 2591 1049 2624 fidelitatem
1065 2595 1204 2624 vestram
1228 2591 1270 2622 ad
1286 2590 1434 2622 vitandas
1450 2599 1550 2631 penas
1573 2589 1604 2619 in
1629 2587 1722 2619 dictis
1744 2587 1860 2618 nostris

207 2638 383 2681 privilegiis
416 2643 582 2673 contentas
609 2645 642 2674 et
664 2642 695 2674 in
719 2643 922 2684 presentibus
945 2645 1114 2685 repetitas,
1143 2653 1222 2685 quas
1251 2643 1348 2674 etiam
1379 2642 1410 2673 in
1435 2639 1638 2682 presentibus
1661 2641 1858 2672 innovamus.

206 2686 404 2732 presentium
433 2695 546 2724 tenore
575 2695 768 2735 requirimus
796 2705 834 2727 ac
866 2699 1018 2737 rogantes
1048 2695 1217 2731 edicimus,
1253 2694 1403 2736 quatinus
1438 2691 1544 2724 eidem
1582 2690 1735 2722 cardinali
1771 2690 1859 2720 iuxta

314 2791 340 2825 1)
359 2790 483 2820 Sea-atae
500 2802 556 2820 non
573 2797 652 2828 sunt5
668 2796 703 2828 cs.
717 2798 889 2830 prooemium.

313 2859 353 2882 u..
366 2861 592 2881 consuwnonns
604 2863 630 2882 V.
