2184 3126
149 1035 173 1056 1⁵

151 2584 175 2604 65

149 2850 175 2869 50

463 213 562 242 ACTA
579 211 693 241 REGNI
713 210 895 239 LUDEWICI
915 210 962 238 IV.
982 210 1027 238 ΕΤ
1046 209 1231 238 FRIDERICI
1250 209 1299 237 111.
1337 209 1411 237 1324.
1448 209 1496 237 Nr.
1509 208 1569 238 910.
1786 213 1847 243 747

193 303 364 340 prescriptes
388 305 418 332 et
439 304 566 331 servatas
588 303 616 330 in
639 301 723 330 factis
744 303 774 330 et
797 301 972 337 processibus
990 300 1101 336 imperii
1120 300 1157 328 ab
1174 308 1208 328 eo
1226 302 1366 334 tempore,
1393 299 1472 327 cuins
1490 300 1624 327 memoria
1642 300 1775 328 contrarii
1794 310 1848 329 non

191 355 297 388 existit,
315 357 366 383 ut*
384 356 466 391 patet
484 355 512 382 in
531 354 659 382 omnibus
677 355 707 382 et
724 352 844 389 singulis
861 351 1048 388 infrascriptis
1066 351 1208 388 capitulis.

295 409 334 436 11.
361 407 382 436 0
399 407 492 435 Primo
503 407 572 442 qnia
585 406 636 434 ille
649 407 779 434 censetur
796 405 825 432 in
844 404 992 432 concordia
1009 404 1116 432 electus
1133 403 1170 431 ad
1189 403 1344 439 imperium.
1363 403 1412 438 qui
1430 409 1466 431 a·
1478 403 1577 431 maiori
1591 405 1672 438 parte
1685 404 1846 439 electorum,

192 462 262 495 puta
280 469 298 488 a
316 461 437 494 quatuor
455 459 562 487 electus
579 458 673 487 fuerit.
709 458 744 486 Et
762 459 856 485 tamen
876 465 939 485 cum
957 465 1007 484 nos
1024 455 1157 484 fuerimus
1175 464 1230 483 non
1243 456 1332 484 solum
1350 464 1369 483 a
1386 454 1486 483 maiori
1504 458 1593 490 parte.
1612 455 1697 484 immo
1710 465 1728 483 a
1739 456 1848 485 duabus

191 511 320 547 partibus
338 510 498 546 principum
516 510 668 538 electorum
687 509 806 542 electus,
828 508 904 536 sicut
920 507 1059 536 notorium
1083 509 1148 541 est‘.
1171 509 1266 535 tamen
1291 507 1455 535 temerarius
1476 508 1506 535 et
1529 507 1666 535 salsitatis
1688 511 1799 537 amator
1819 513 1849 537 et

194 562 324 591 veritatis
347 564 376 590 et
398 561 511 590 iusticie
529 561 659 589 inimicus
677 561 748 589 falso
766 559 858 588 dicere
880 559 992 591 dicitnr.
1017 559 1183 588 electionem
1211 561 1335 587 nostram
1358 558 1387 586 in
1406 559 1546 587 discordia
1565 560 1669 588 factam
1688 568 1755 593 esse,
1774 561 1848 595 quod

190 616 234 642 est
257 615 355 642 contra
380 613 595 642 consuetudines
618 613 792 648 approbatas
814 611 926 647 imperii
950 613 980 639 et
1001 610 1032 638 in
1055 610 1241 646 preiudicium
1266 610 1425 646 principum
1453 610 1564 647 imperii
1591 611 1743 639 electorum
1766 614 1796 640 et
1820 612 1849 640 in

190 664 376 700 preludicium
394 666 424 693 et
442 673 594 699 gravamen
612 664 684 692 sacri
703 663 813 699 imperii
831 666 917 699 atque
935 665 1059 691 nostrum
1083 664 1113 690 et
1130 662 1253 690 omnium
1271 662 1376 690 Christi
1402 663 1526 691 fidelium
1550 663 1684 699 precipue
1702 663 1850 692 Alamanie

189 717 353 745 scandalum
371 715 559 744 msnifestum.

296 769 338 797 12.
363 767 384 798 c
402 768 473 796 Item
492 777 555 795 cum
575 768 746 796 consuetudo
764 768 925 803 approbata
942 765 1068 802 imperii.
1087 775 1142 801 que
1160 766 1235 801 apud
1254 774 1305 793 nos
1323 771 1395 801 prou
1409 766 1468 794 inre
1486 769 1621 799 servatur,
1640 767 1746 795 habeat
1758 767 1849 795 maui-

191 819 270 852 sests,
290 819 363 854 quod
376 819 483 848 electus
501 819 530 847 in
549 820 610 848 loco
628 819 664 847 sd
680 819 841 855 eligendum
858 826 952 854 regem
965 818 1153 846 Romanorum
1172 817 1200 844 in
1219 816 1416 852 imperatorem
1431 818 1608 853 postmodum
1622 818 1848 853 promovendum,

190 870 324 899 videlicet
343 870 374 898 in
391 871 497 906 opidov
515 871 550 899 de
563 871 804 906 ankenssurtss.
823 871 860 899 ab
872 870 1002 899 omnibus
1013 869 1183 898 electoribus
1200 869 1260 897 sive
1279 878 1296 896 a
1315 869 1415 897 maiori
1436 872 1517 904 parte
1536 870 1660 905 ipsorum
1678 870 1738 898 sive
1756 870 1847 899 eciam

190 930 208 950 a
220 922 330 955 minori,
348 922 497 950 dummodo
509 923 559 950 fiat
572 922 674 951 electio
686 931 704 950 a
715 921 823 950 duobus
835 921 1003 950 electoribus
1014 920 1119 948 ibidem
1130 920 1303 956 presentium
1318 921 1354 948 ad
1367 921 1459 948 minus
1471 923 1502 949 et
1514 921 1543 948 in
1556 922 1626 950 die¹
1638 922 1674 949 ad
1686 922 1848 958 eligendum

191 974 298 1009 prefixa
315 983 366 1010 per
383 983 459 1006 eum,
479 974 515 1002 ad
533 983 616 1009 quem
634 975 746 1009 spectat
764 973 911 1009 prefigere,
930 971 1089 1000 huiusmodi
1108 972 1215 1000 electus
1232 973 1276 999 eet
1295 971 1443 1000 habendus
1461 975 1619 1007 tanquamr
1637 973 1666 1000 in
1686 980 1769 1002 vera·
1787 983 1849 1002 con-

192 1025 287 1053 cordia
310 1025 416 1054 electus
435 1028 464 1054 et
481 1026 536 1054 sibi
556 1026 640 1054 debet
659 1026 788 1055 obediri·
806 1028 838 1054 ut
865 1026 925 1062 regi
947 1034 964 1053 s.
981 1025 1103 1053 subditis
1126 1026 1155 1053 et
1172 1024 1288 1053 vasallis
1310 1024 1422 1060 imperii
1446 1027 1476 1053 et
1498 1033 1599 1053 corona
1617 1025 1728 1060 preberi
1747 1025 1801 1053 sibi
1820 1026 1849 1053 in

190 1076 373 1112 Aquisgrnni,
392 1077 615 1112 quandocunque
635 1078 763 1106 voluerit.
798 1077 835 1105 Et
852 1077 876 1104 si
894 1077 943 1112 qui
962 1077 1063 1105 vasalli
1087 1079 1117 1105 et
1135 1076 1230 1104 fideles
1247 1076 1360 1112 imperii
1381 1076 1492 1104 eidem!³
1511 1085 1566 1104 non
1585 1077 1756 1110 obedierint.
1782 1081 1849 1106 sunt

190 1128 253 1163 ipso
271 1129 348 1156 facto
366 1129 507 1162 omnibus,
532 1138 586 1164 que
605 1132 703 1157 tenent
719 1129 756 1157 ab
774 1129 904 1165 imperio,
921 1128 1061 1164 privandi.
1096 1129 1154 1156 Iste
1171 1129 1266 1156 autem
1287 1128 1429 1164 malignus
1449 1128 1573 1164 maligne
1596 1130 1633 1157 ad
1650 1130 1848 1159 exterminium

191 1180 309 1208 tendens
326 1180 398 1208 sacri
416 1180 528 1215 imperii
546 1182 576 1208 et
593 1180 752 1216 principum
769 1181 881 1217 imperii
899 1181 1052 1209 electorum
1069 1181 1100 1207 et
1116 1180 1336 1208 destructionem
1354 1182 1384 1207 et
1400 1179 1608 1208 subversionem
1627 1183 1720 1210 nostre
1735 1182 1847 1211 iusticie

191 1234 278 1267 atque
296 1231 365 1259 iuris
383 1234 413 1260 et
430 1232 662 1260 consuetudinum
679 1234 709 1260 et
726 1232 889 1260 libertatum
912 1231 1133 1268 approbatamm
1158 1231 1282 1266 imperii.
1309 1231 1473 1260 electionem
1496 1231 1531 1260 de
1557 1232 1637 1260 nobis
1661 1233 1767 1261 factam
1794 1242 1848 1262 non

192 1283 281 1311 solum
299 1292 317 1311 a
334 1283 434 1312 maiori
452 1285 541 1319 parte,
560 1284 644 1312 immo
662 1292 681 1311 a
692 1283 800 1311 duabus
818 1284 947 1319 partibus
965 1283 1117 1311 electorum
1135 1285 1166 1310 et
1182 1283 1211 1310 in
1231 1283 1292 1311 loco
1304 1283 1339 1311 de
1352 1282 1555 1311 ankensorte
1567 1283 1604 1311 ad
1622 1284 1675 1311 lioc
1687 1285 1847 1320 antiquitus

191 1335 347 1371 deputato‘¹
359 1337 390 1364 et
406 1335 437 1363 in
455 1335 501 1364 die
519 1335 556 1363 ad
573 1335 733 1372 eligendum
751 1336 857 1371 prefixa
874 1344 925 1371 per
942 1345 1013 1368 eum,
1032 1335 1081 1370 qui
1098 1335 1234 1370 prefigere
1252 1334 1355 1370 potuit,
1372 1335 1444 1362 salso
1463 1336 1492 1363 et
1510 1335 1683 1364 mendaciter
1695 1336 1767 1364 dicit
1785 1345 1845 1365 esse

191 1387 221 1415 in
243 1387 382 1415 discordia
403 1387 573 1416 celebratam
597 1389 626 1416 et
649 1396 699 1415 nos
720 1387 761 1415 sic
784 1388 905 1415 electum
927 1386 1124 1415 administrare
1149 1395 1203 1414 non
1225 1395 1306 1422 posse
1341 1395 1394 1415 nec
1419 1386 1560 1422 legittime
1584 1387 1796 1416 administrasse
1819 1391 1850 1417 et

191 1440 342 1475 homagia·
360 1442 389 1468 et
403 1440 560 1468 iuramenta
572 1439 758 1468 fldelitatnm‘
772 1441 803 1467 et
820 1439 882 1467 iura
893 1438 953 1467 alia
969 1438 1079 1474 imperii
1091 1447 1147 1466 non
1160 1438 1285 1474 potuisse
1297 1438 1424 1474 exegisse
1437 1446 1489 1466 nec
1502 1447 1583 1474 posse
1601 1438 1734 1474 recipere.
1767 1439 1847 1471 Quod

191 1494 288 1520 temen
305 1493 416 1519 constat
438 1491 467 1519 in
485 1491 614 1519 omnibus
631 1500 691 1520 esse
709 1491 889 1519 falsissimum
906 1493 936 1519 et
954 1499 972 1520 a
990 1490 1111 1519 veritate
1129 1490 1306 1518 omnimodess
1324 1489 1446 1518 slienum
1465 1493 1495 1518 et
1513 1492 1612 1518 eontra
1627 1478 1846 1520 consuetudines

194 1543 336 1578 predictas
353 1543 466 1579 imperii
483 1543 664 1579 approbatas.

298 1595 338 1623 18.
366 1595 387 1623 c
414 1595 486 1623 Item
505 1604 567 1623 cum
585 1595 625 1623 sic
644 1595 750 1623 electus
762 1594 888 1622 coronati
901 1594 1036 1623 fuerimus
1052 1595 1082 1622 et
1094 1593 1201 1622 inuncti
1220 1593 1250 1621 iu
1269 1594 1330 1622 loco
1349 1594 1386 1621 ad
1405 1594 1593 1622 coronandum
1612 1596 1642 1622 et
1660 1594 1850 1631 inungendum

192 1655 271 1682 reges
283 1647 512 1682 Romanorumn
525 1647 629 1675 electos
647 1647 676 1674 in
694 1646 877 1682 imperatores
895 1646 1097 1682 promovendos
1116 1645 1273 1681 antiquitus
1291 1645 1437 1681 deputato,
1456 1645 1590 1674 videlicet
1607 1646 1636 1674 in
1649 1646 1735 1682 opido
1747 1646 1848 1682 Aquis·

191 1698 283 1734 grani,
308 1707 341 1727 ex
359 1707 415 1734 qno
439 1700 469 1726 et
491 1698 630 1727 electione
650 1697 785 1734 predicta
802 1697 966 1733 precedenti
987 1698 1086 1726 statim
1107 1698 1259 1726 secundum
1278 1698 1421 1733 predictas
1445 1698 1659 1726 consuetudines
1677 1694 1851 1734 approbatas

192 1759 246 1785 que
271 1759 322 1786 pro
344 1751 407 1787 lege
434 1754 592 1783 servantur,
616 1753 660 1779 est
682 1751 788 1779 electus
811 1759 892 1778 verus
913 1759 960 1778 rex
983 1749 1170 1778 Romanorum
1191 1752 1221 1778 et
1242 1749 1298 1778 sibi
1323 1751 1355 1777 ut
1374 1758 1440 1778 vero
1461 1750 1521 1785 regi
1540 1750 1626 1778 debet
1642 1759 1660 1778 a
1677 1750 1800 1779 subditis
1817 1753 1848 1778 et

193 1802 308 1830 vasallis
326 1802 438 1838 imperil
457 1802 563 1831 obediri
583 1804 612 1831 et
629 1803 720 1831 eidem
738 1802 872 1838 homagia
889 1804 919 1830 et
936 1801 1092 1830 fidelitatis¹
1111 1802 1270 1830 iuramenta
1292 1802 1412 1836 prestari
1431 1804 1462 1830 et
1489 1802 1552 1830 iura
1568 1802 1679 1838 imperii
1698 1802 1844 1838 assignari.

192 1855 207 1874 ¹¹
218 1854 274 1883 Iste
286 1856 381 1882 autem
393 1854 554 1882 maliciosus
565 1855 713 1883 subversor
730 1863 866 1882 canonum
884 1855 914 1882 et
932 1853 1034 1881 iurium
1053 1853 1175 1882 violator
1191 1855 1222 1882 et
1239 1853 1471 1882 consuetudinum
1483 1854 1681 1890 predictarum,
1699 1854 1848 1882 intendens

192 1906 322 1934 totaliter
345 1906 381 1934 sd
399 1906 594 1935 exterminium
620 1906 692 1934 sacri
714 1905 824 1941 imperii
848 1908 877 1934 et
900 1905 1027 1941 imperii¹
1045 1905 1209 1934 libertatum
1232 1908 1261 1934 et
1286 1906 1461 1942 dignitatum
1489 1908 1518 1934 et
1540 1905 1577 1933 ud
1601 1905 1798 1934 exterminium
1821 1908 1851 1933 et

192 1957 400 1986 anullacionem
420 1957 579 1993 principum
602 1958 713 1994 imperii
733 1958 885 1986 electorum
903 1959 933 1985 et
949 1957 1073 1985 omnium
1092 1957 1203 1992 imperii
1229 1958 1420 1986 subiectorum
1439 1959 1469 1986 et
1486 1957 1635 1985 Alamanie
1652 1957 1756 1990 tocius,
1775 1957 1847 1985 falso

192 2007 296 2037 dicitur
313 2009 451 2037 affirmare
470 2009 498 2037 in
517 2018 655 2044 processu,
674 2009 698 2036 si
716 2011 811 2037 tamen
829 2017 974 2044 processus
987 2008 1042 2036 dici
1056 2010 1158 2044 potest.
1176 2009 1225 2044 qui
1238 2009 1335 2044 pocius
1348 2018 1476 2038 exceoeus
1488 2012 1532 2038 est
1544 2009 1754 2044 nuncupandus,
1772 2009 1847 2043 quod

191 2060 272 2088 nobis
290 2061 389 2089 electis
401 2061 500 2089 taliter
517 2063 547 2089 et
565 2061 688 2089 inunctis
706 2062 736 2089 et
749 2061 888 2089 coronatis
906 2061 934 2088 in
953 2069 1046 2096 regem
1064 2061 1156 2088 adhuc
1170 2062 1254 2089 vacat
1271 2061 1428 2096 imperium.
1449 2061 1528 2089 cuius
1541 2060 1652 2096 imperii
1664 2061 1705 2088 sic
1717 2060 1846 2088 vacantis

190 2112 315 2148 regimen
333 2113 370 2141 ad
388 2122 416 2140 se
435 2113 526 2148 ipsum
545 2113 644 2141 asserit
663 2113 812 2148 pertinere.
852 2112 932 2144 Quod
956 2114 1068 2140 constat
1091 2121 1150 2140 esse
1173 2112 1353 2140 falsissimum
1378 2115 1408 2141 et
1433 2113 1470 2140 ab
1493 2113 1568 2140 omni
1591 2112 1711 2140 veritate
1733 2111 1847 2140 omnino

191 2163 323 2205 alienum,
335 2164 410 2194 sicut
421 2173 455 2192 ex
465 2165 600 2200 predictis
609 2167 707 2200 patere
720 2166 814 2200 potest
827 2164 945 2192 cuilibet
956 2164 1088 2193 intuenti.
1116 2164 1153 2192 Et
1161 2165 1236 2199 quod
1246 2174 1295 2192 nos
1307 2165 1536 2192 marchionatum
1548 2163 1850 2199 Brandenburgensem.

191 2223 274 2250 quem
286 2214 581 2253 Magdebfirgensemm
593 2216 728 2249 nominat.
747 2225 829 2251 quem
849 2218 996 2244 vacantem
1014 2219 1044 2244 et
1061 2217 1097 2244 ad
1115 2217 1262 2252 imperium
1281 2217 1443 2245 devolutum
1462 2216 1651 2252 primogenito
1669 2217 1764 2244 nostro
1782 2224 1847 2243 cum

193 2267 309 2295 oonsilio
326 2275 452 2304 magnon
473 2268 642 2297 contulimus
664 2270 693 2296 et
715 2268 773 2296 alia
797 2268 900 2301 multa,
925 2277 979 2303 que
997 2267 1113 2296 fecimus
1130 2269 1160 2296 et
1176 2277 1231 2303 que
1249 2259 1286 2296 nd
1305 2269 1432 2297 eiusdem
1450 2268 1530 2305 reg-ni
1547 2270 1578 2296 et
1594 2267 1706 2303 imperii
1725 2267 1850 2302 regimen

194 2321 323 2355 spectare
344 2323 512 2355 noscuntur,
542 2322 635 2350 facere
657 2330 715 2349 non
737 2321 883 2357 potuimus
907 2323 937 2349 et
960 2321 995 2348 de
1022 2321 1100 2349 facto
1127 2321 1244 2349 fecimus
1273 2320 1307 2349 et
1330 2327 1394 2349 non
1418 2316 1460 2350 de
1483 2318 1568 2359 iure,
1592 2319 1627 2348 et
1653 2315 1739 2358 quod
1766 2315 1851 2347 infra

194 2369 317 2400 certum
340 2370 468 2411 tempus
490 2375 643 2402 revocare
667 2368 859 2410 debeamus,
889 2368 977 2411 quod
1000 2367 1144 2401 fecimus.
1195 2373 1276 2406 Quod
1298 2375 1414 2402 constat
1436 2381 1497 2401 esse
1520 2373 1636 2401 omnino
1659 2372 1798 2400 iniustum
1822 2374 1852 2400 et

195 2422 373 2451 temerarium
391 2425 422 2451 st
438 2423 566 2459 iniquum
587 2426 617 2452 et
634 2433 737 2460 magun
754 2424 882 2452 falsitate
905 2426 1042 2451 assertum
1065 2426 1095 2451 et
1113 2423 1147 2451 dc
1170 2423 1365 2459 profunditate
1392 2432 1498 2452 summe
1522 2422 1636 2451 malicie
1658 2431 1804 2450 emanasse
1821 2424 1852 2450 et

195 2474 292 2501 contra
310 2473 398 2502 Deum
421 2475 451 2502 et
475 2474 617 2503 iusticiam
636 2477 666 2503 et
683 2477 781 2503 contra
800 2475 900 2510 [ἱππ-810
918 2475 1030 2510 imperii
1049 2477 1135 2511 atque
1153 2477 1250 2503 nostra
1272 2478 1303 2504 et
1326 2478 1425 2504 contra
1443 2475 1659 2504 consuetudines
1677 2474 1852 2510 approbatas

194 2523 336 2559 predictas
354 2527 384 2554 et
401 2527 500 2554 contra
517 2526 589 2554 sacri
608 2526 719 2562 imperii
737 2527 899 2555 libertatem
917 2530 947 2555 et
969 2526 1139 2563 dignitatem
1163 2530 1193 2555 et
1222 2526 1380 2556 utilitatem
1404 2529 1434 2556 et
1460 2529 1559 2556 contra
1577 2527 1638 2555 iura
1656 2529 1686 2555 et
1703 2526 1851 2555 libertates

195 2575 354 2612 principum
372 2575 483 2612 imperii
502 2578 654 2607 electorum
674 2582 703 2607 et
720 2578 838 2606 aliorum
858 2578 1016 2614 principum
1034 2581 1064 2607 et
1076 2579 1223 2607 Alamanie
1245 2579 1336 2607 tocius
1354 2581 1384 2607 et
1403 2579 1527 2607 omnium
1545 2579 1656 2614 imperii
1675 2579 1851 2606 subditorum

296 2666 364 2694 81⁰.
389 2668 413 2700 ¹')
425 2672 451 2694 ot
462 2667 487 2694 2.
557 2668 579 2702 ¹)
589 2677 619 2702 (ῃ
629 2668 655 2696 2.
723 2670 745 2702 *)
762 2678 845 2704 supra
856 2671 952 2696 lineam
963 2670 1025 2697 odd.
1040 2669 1065 2697 2.
1136 2671 1162 2702 Ι1)
1181 2671 1224 2705 pio
1235 2670 1260 2697 2.
1334 2670 1359 2703 ⁷)
1378 2680 1437 2705 opp.
1449 2679 1549 2704 emper
1558 2671 1583 2697 2.
1659 2670 1689 2703 ¹¹)
1703 2671 1851 2697 Francken—

194 2710 249 2737 sord
267 2710 292 2737 2.
371 2710 396 2743 ¹)
414 2711 441 2736 in
458 2711 500 2738 dis
517 2719 599 2745 supra
616 2713 712 2738 lineam
729 2713 792 2739 aad.
810 2712 835 2739 2.
913 2712 939 2746 1)
956 2717 1036 2746 tsmq.
1052 2713 1078 2741 2.
1165 2714 1188 2746 Ι)
1206 2714 1274 2740 ἄθεα
1291 2713 1316 2740 2.
1410 2714 1434 2747 ·)
1456 2715 1559 2741 obedire
1577 2713 1602 2740 2.
1695 2713 1721 2746 ¹²)
1740 2714 1810 2740 desa
1825 2713 1851 2739 ⁴2.

194 2752 219 2787 ⁰)
236 2754 422 2780 Franckint'ord
439 2753 463 2781 2.
552 2753 578 2788 ⁸¹)
595 2756 737 2790 opprobato
755 2754 780 2782 2.
867 2756 891 2788 0)
908 2764 992 2790 οπως.
1011 2764 1110 2790 κηρα-
1127 2755 1152 2783 2.
1234 2756 1256 2789 f)
1274 2757 1399 2784 fidelitate
1418 2758 1445 2783 in
1456 2759 1514 2792 fine
1531 2757 1615 2784 lineus
1633 2756 1658 2783 2.
1738 2757 1764 2789 8)
1782 2765 1850 2789 sequ.

194 2797 267 2823 delet.
286 2797 414 2823 auxilium
432 2796 457 2824 2.
535 2796 563 2831 ¹¹)
580 2799 754 2825 Romanorum
773 2798 798 2825 2.
880 2798 900 2832 ¹)
918 2799 1056 2826 fidelitate·
1073 2798 1098 2827 2.
1176 2799 1204 2834 ¹)
1221 2800 1323 2834 οἱςπωη
1332 2801 1502 2834 pamphi
1519 2801 1547 2827 in
1564 2799 1589 2826 2.
1670 2799 1690 2834 ¹)
1708 2805 1733 2826 et
1752 2800 1850 2833 imperii

193 2841 244 2867 des.
263 2839 287 2866 2.
368 2839 400 2873 ¹¹¹)
418 2841 604 2876 Msdeburgsn.
622 2841 647 2868 2.
734 2841 761 2875 ¹³)
779 2844 875 2876 mg—nno
893 2843 916 2869 2.
1005 2843 1030 2875 ⁰)
1048 2842 1142 2869 cncidit
1161 2843 1184 2870 l.
1202 2842 1227 2869 2.

1592 2894 1642 2921 94*

1861 422 1880 437 c.
1892 419 1923 439 u.

1862 775 1882 790 c.
1892 770 1924 791 12-

1863 1606 1883 1621 c.
1895 1602 1927 1626 ss·
