2184 3126
424 243 522 271 ACTA
541 242 654 272 REGNI
673 243 856 282 LUDEwlcl
876 243 922 272 lV.
942 244 987 272 ET
1008 244 1193 273 munemel
1212 244 1261 272 111.
1299 245 1374 273 1824.
1410 244 1458 272 Nr.
1472 244 1531 273 892.
1550 246 1609 274 893.
1777 249 1839 280 707

521 376 608 413 892.
650 376 862 412 Mandatum
889 375 1086 412 castellanis
1107 378 1262 413 misswn.
1367 378 1454 425 Apr.
1473 379 1508 414 5.

288 448 450 489 Oriymale
465 450 540 491 (or.)
555 450 678 483 ibidem.
709 450 790 484 Item
805 450 1039 491 descripsimus.
1070 449 1175 492 8ιῖςίΠί
1189 451 1366 484 maiestatis
1380 462 1468 485 cerae
1483 452 1573 485 albae
1588 453 1680 486 dorso
1696 453 1842 494 impressi

180 500 310 541 vestiyia
332 500 497 533 habentur.
512 519 555 524 —
578 501 750 536 Ineditum.

289 560 337 603 Cf.
352 560 491 594 Biihmer
513 561 532 594 l.
547 572 572 595 c.

151 662 163 681 s
290 646 511 688 Lud(owicus)
534 647 598 680 Dei
627 648 736 691 gracia
765 647 985 680 Romanorum
1014 657 1073 680 rex
1100 658 1230 690 semper
1259 652 1415 692 augustus
1524 651 1681 684 universis
1710 654 1840 686 racione

181 698 275 730 castri
300 697 551 732 Schellenberch
574 699 625 731 vel
655 701 724 732 eius
746 699 930 732 reddituum
952 699 1004 732 vel
1028 700 1297 742 pertinenciarum
1320 705 1377 734 aut
1399 703 1502 735 eciam
1527 703 1663 735 aliorum
1686 715 1838 747 quorum-

181 758 307 792 eunque
330 749 488 783 bonorum
510 750 704 792 feudalium,
733 762 796 793 que
819 751 992 784 Heinricus
1015 751 1055 783 de
1079 750 1331 784 Schellenberch
1354 753 1430 785 olim
1459 753 1500 786 ab
1529 755 1664 797 imperio
1693 756 1839 797 tenebat,

179 802 256 833 tunc
279 801 426 834 eiusdem
441 801 587 834 Heinrici
610 803 755 835 vassallis
778 806 812 836 et
834 802 1026 844 hominibus,
1049 802 1198 836 fidelibus
1221 804 1287 836 suis
1311 804 1437 837 dilectis
1525 807 1668 848 graciam
1691 818 1782 840 suam
1806 812 1840 841 et

181 862 276 885 omne
298 852 429 885 bonum.

137 901 164 937 io
287 903 497 937 Fidelitatem
521 909 659 938 vestram
683 906 874 949 requirimus
897 906 988 939 vobis
1009 906 1233 939 nichilominus
1256 907 1406 940 omnibus
1430 913 1463 940 et
1486 909 1619 952 singulis
1642 910 1838 953 iniungendo

181 955 359 989 districcius
382 959 416 989 et
437 957 632 998 mandando,
657 959 804 1000 quatinus
828 969 900 990 cum
924 969 982 990 nos
998 958 1111 990 illustri
1126 958 1292 991 Friderico
1316 960 1493 992 marchioni
1509 960 1678 994 Misenensi
1702 963 1839 1005 principi

181 1009 214 1040 et
235 1017 357 1050 genero
380 1011 490 1041 nostro
514 1009 684 1041 karissimo
707 1013 844 1042 castrum
875 1009 1055 1052 predictum
1080 1009 1349 1052 Schellenberch,
1379 1011 1526 1044 redditus
1556 1017 1590 1045 et
1623 1015 1839 1055 pertinencias

180 1060 249 1091 eius
272 1069 310 1091 ac
333 1059 398 1092 alia
421 1060 505 1092 bona
527 1060 669 1093 feodalis
691 1060 892 1103 supradicta·
908 1061 1077 1094 collacioni
1101 1065 1208 1094 nostre
1225 1072 1267 1094 ex
1283 1064 1530 1105 proscripcionis
1545 1066 1710 1098 sentencia
1726 1069 1838 1098 contra

179 1110 341 1153 prefatum
369 1110 558 1144 Heinricum
589 1112 630 1144 de
659 1112 910 1145 Schellenberch
938 1113 1035 1145 certis
1062 1113 1127 1145 suis
1155 1113 1342 1146 excessibus
1373 1118 1407 1147 et
1437 1115 1603 1148 forefactis
1632 1118 1838 1160 exigentibus

136 1174 160 1195 ιι
179 1161 302 1195 dudum
324 1163 391 1195 lata
414 1165 567 1196 vacancia
590 1164 787 1197 conferenda
809 1163 996 1197 duxerimus
1019 1168 1053 1197 et
1075 1165 1315 1207 contulerimus,
1339 1170 1434 1208 prout
1454 1168 1487 1199 in
1503 1168 1575 1200 aliis
1591 1170 1708 1201 nostris
1723 1169 1839 1202 litteris

180 1213 319 1256 desuper
341 1215 516 1247 confectis²
539 1215 599 1248 hec
622 1219 792 1258 apparent,
814 1225 872 1248 vos
895 1226 1006 1248 omnes
1029 1219 1062 1248 et
1076 1215 1192 1259 singuli
1209 1216 1317 1249 eidem
1333 1217 1511 1250 marchioni
1526 1219 1691 1252 fidelitatis
1708 1221 1838 1264 omagio

180 1269 213 1298 et
235 1266 307 1298 aliis
329 1266 527 1308 quibuslibet
549 1268 678 1300 racione
694 1267 913 1310 predictorum
929 1267 1087 1300 bonorum
1110 1277 1170 1310 per
1184 1278 1242 1300 vos
1258 1268 1376 1315 debitis
1391 1270 1560 1303 intendere
1577 1275 1611 1303 et
1626 1282 1741 1314 parere
1764 1283 1836 1305 cum

180 1315 299 1349 effectu
322 1317 432 1350 debito
455 1318 621 1351 studeatis.

264 1367 340 1401 Dat.
363 1370 395 1401 in
419 1369 657 1412 Gaylenhusen,
681 1370 763 1403 Non.
788 1369 919 1412 Aprilis,
942 1370 1033 1412 regni
1055 1371 1155 1403 nostri
1177 1381 1261 1403 anno
1284 1371 1421 1405 decimo.

135 1612 161 1634 so
238 1595 492 1641 893—895.
532 1595 876 1642 IOHANNIS
903 1597 1061 1643 XXII.
1089 1598 1306 1643 PAPAE
1334 1599 1662 1647 LITTERAE
1689 1602 1783 1648 AD

179 1663 775 1712 ARCHIEPISCOPUM
809 1665 889 1712 ET
917 1666 1290 1713 CIVITATEM
1327 1667 1834 1718 COLONIENSEM.

795 1746 902 1783 1324.
944 1746 1034 1792 Apr.
1055 1747 1150 1783 6.—
1168 1746 1225 1783 15.

540 1861 627 1898 893.
667 1861 822 1898 Litterae
849 1863 895 1898 ad
922 1862 1224 1910 archiepiscopum.
1332 1865 1422 1910 Apr.
1442 1866 1474 1900 6.

282 1935 380 1976 C'cmia
396 1936 451 1978 (c.)
468 1936 503 1968 in
519 1935 721 1977 Reyestorum
744 1936 972 1970 Vaticanorum
994 1938 1149 1971 tabularii
1172 1939 1320 1972 Vaticani
1341 1941 1412 1971 tom.
1429 1938 1495 1970 112
1507 1939 1543 1965 ΙΙ
1557 1938 1618 1981 fol.
1635 1940 1676 1971 75
1697 1951 1747 1972 nr.
1760 1942 1834 1980 906,

130 1993 156 2015 πο
175 1986 231 2019 ubi
256 1987 440 2027 ihs-scriptio:
463 1987 718 2030 Arc'hiepiscopo
742 1988 935 2021 Coloniensi.
969 2008 1009 2013 —
1038 1989 1099 2023 Ed.
1125 1989 1413 2033 ‘oberbaym'sches
1435 1990 1568 2022 Archiv’
1591 1991 1624 2029 I,
1657 1993 1698 2023 68
1723 2002 1774 2024 nr.
1791 1993 1834 2024 35

174 2049 213 2071 ex
235 2049 279 2078 c.;
302 2038 485 2071 Sauerland
507 2038 696 2072 ‘Urlmnden
721 2040 790 2072 :md
811 2039 976 2081 Reqesten'
999 2041 1026 2080 I,
1049 2043 1115 2074 312
1139 2053 1190 2075 nr.
1207 2043 1270 2075 665
1293 2053 1332 2075 ex
1354 2053 1382 2075 c.
1428 2042 1610 2074 Editionem
1641 2042 1724 2075 hanc
1746 2054 1832 2084 repe-

174 2090 280 2122 timus.

277 2145 423 2184 Bb‘hmer,
447 2145 523 2187 Rey.
548 2146 660 2179 Ludw.
678 2158 714 2187 p.
730 2147 794 2178 305
818 2147 932 2181 Pccbste
953 2159 1002 2181 nr.
1019 2150 1084 2181 213
1107 2150 1235 2190 (Addit.
1251 2151 1296 2191 I).

282 2231 457 2264 Gratanter
483 2233 673 2274 audivimus,
702 2234 788 2276 quod
820 2237 854 2266 tu
877 2234 978 2267 frater
1005 2236 1086 2267 sicut
1109 2235 1246 2268 devotus
1274 2236 1359 2268 filius
1388 2240 1499 2269 sancte
1522 2236 1670 2270 Romane
1694 2239 1831 2271 ecclesie

132 2293 158 2314 so
174 2283 286 2315 matris
307 2285 362 2316 tue
386 2283 520 2326 litteras,
543 2283 647 2328 qua[s]
664 2295 762 2327 super
783 2296 936 2328 processu
959 2297 1017 2328 per
1040 2297 1096 2318 nos
1111 2287 1238 2329 pridem
1253 2287 1366 2320 habito
1379 2292 1491 2320 contra
1506 2289 1609 2321 virum
1626 2290 1830 2332 magnificum

174 2333 372 2367 Lodovioum
388 2334 504 2368 ducem
519 2336 658 2369 Bavarie
675 2336 866 2369 discorditer
881 2338 913 2369 in
928 2338 1149 2370 Romanorum
1166 2349 1277 2382 regem
1294 2340 1433 2372 electum
1450 2340 1575 2382 pridem
1599 2340 1658 2373 tibi
1681 2341 1832 2374 duximus

175 2384 437 2430 [destinandas]··
450 2387 473 2428 ²,
489 2397 562 2420 cum
578 2389 760 2421 reverentia
775 2389 886 2421 debita
902 2391 1063 2432 recepisti.
1098 2390 1171 2422 Non
1195 2394 1303 2423 tamen
1320 2391 1510 2433 audivimus,
1534 2391 1620 2434 quod
1636 2392 1832 2426 haberemus

174 2436 287 2479 procul
309 2437 406 2470 dubio
429 2438 524 2471 valde
548 2442 686 2482 gratum,
710 2440 796 2483 quod
820 2451 876 2473 eas
899 2441 998 2474 fueris
1021 2446 1186 2475 executus.
1236 2442 1280 2474 Et
1302 2443 1377 2485 quia
1401 2454 1442 2476 ex
1465 2443 1605 2486 graviori
1627 2446 1831 2478 contumacia

175 2489 251 2521 dicti
274 2488 364 2522 ducis
385 2500 571 2532 processum
594 2491 714 2524 aliuni⁸
729 2496 865 2535 urgente
882 2494 1006 2526 iusticia
1030 2495 1164 2526 fecimus
1187 2498 1299 2527 contra
1314 2495 1429 2537 ipsum,
1454 2499 1550 2538 prout
1569 2506 1610 2528 ex
1626 2496 1698 2528 aliis
1714 2496 1830 2529 litteris

131 2550 156 2570 as
173 2540 290 2572 nostris
305 2539 363 2573 tibi
375 2540 527 2574 directis·
538 2543 677 2576 eundem
694 2545 930 2577 continentibus
945 2547 1066 2578 seriose
1082 2556 1269 2588 processum
1285 2546 1381 2579 latius
1396 2547 1578 2589 apparebit,
1595 2547 1830 2581 fraternitatem

176 2595 263 2623 tuam
296 2602 448 2634 rogamus
482 2596 515 2625 et
545 2593 713 2627 hortamur
738 2598 872 2635 attente,
907 2597 1056 2638 quatinus
1083 2597 1115 2628 in
1145 2597 1206 2629 hiis
1236 2601 1269 2630 et
1299 2598 1380 2639 aliis,
1415 2609 1479 2641 que
1507 2599 1663 2632 honorem
1692 2601 1829 2632 ecclesio

174 2641 318 2684 predicte
341 2644 524 2686 respiciant,
548 2645 630 2678 siout
652 2645 788 2679 devotus
810 2647 955 2680 eiusdem
979 2648 1116 2682 ecclesie
1144 2649 1228 2681 iilius
1258 2653 1291 2682 et
1318 2660 1414 2682 verus
1441 2650 1596 2684 obediens
1619 2662 1734 2684 munus
1757 2652 1828 2684 dili-

277 2739 342 2768 892.
371 2741 395 2774 ¹)
413 2751 491 2776 supra
509 2752 576 2770 corr.
590 2753 642 2771 use
659 2745 760 2771 videtur
777 2754 808 2771 ex
826 2749 842 2779 ῑ)
861 2755 898 2772 or.

277 2796 343 2824 898.
371 2797 394 2830 ¹)
412 2798 505 2824 excidit
521 2808 544 2826 c.

129 2872 156 2892 ιο
278 2866 303 2898 l)
323 2866 417 2899 Supra
435 2874 476 2893 nr.
489 2869 544 2895 891.
632 2868 659 2901 2)
679 2867 720 2900 Cf.
739 2876 782 2895 nr.
797 2871 856 2896 839.
871 2873 931 2896 840.
1019 2871 1046 2905 3)
1066 2871 1157 2906 Supra
1176 2880 1217 2900 nr.
1230 2876 1286 2901 881.
1374 2874 1401 2906 4)
1421 2873 1464 2906 Cf.
1484 2882 1525 2901 ην.
1541 2877 1601 2902 883.

1571 2925 1621 2952 890
