2184 3126
115 795 140 817 1⁰

113 1051 138 1072 18

340 206 437 235 ACTA
457 195 571 234 REGNI
590 205 774 234 LUDEWICI
792 205 840 234 IV.
859 205 905 233 m·
923 205 1107 233 FRIDERICI
1127 205 1176 233 111.
1213 204 1289 234 1824.
1326 204 1374 231 Nr.
1388 204 1464 233 1010.
1484 204 1559 232 1011.
1572 203 1648 232 1012.
1751 205 1810 237 841

205 278 210 282 ¹
266 292 342 334 Περ.
365 292 469 325 Lb'her
495 292 560 325 loco
585 302 686 333 supra
713 291 756 324 ad
781 302 831 324 nr.
847 292 912 324 289
937 292 1034 324 citato
1058 301 1091 332 p.
1107 291 1172 323 258
1197 300 1246 322 nr.
1263 290 1343 329 236‚·
1368 288 1674 330 Preyw-Reinloens
1697 299 1731 330 p.
1750 290 1817 321 278

156 354 207 376 nr.
226 345 297 378 187.

265 424 401 457 Dilectis
417 425 490 457 filiis
506 448 514 457 .
529 450 536 457 .
561 425 684 457 decano
707 429 740 457 et
763 424 904 467 capitulo
921 424 1094 467 collegiate
1118 423 1255 456 ecclesie
1279 423 1320 455 de
1337 422 1542 465 Aquisgrano
1558 422 1714 455 Leodien.
1732 422 1814 455 dioc.

265 476 405 518 Sperare
422 477 595 519 plurimum
611 477 738 509 debetis
761 478 792 508 in
808 476 948 508 Domino
971 486 1063 518 spem
1079 478 1220 507 vestram
1243 476 1275 507 in
1298 474 1459 516 probabili
1474 474 1591 506 merito
1607 474 1816 515 collocantes,

158 527 235 560 dum
259 537 337 569 erga
360 530 503 560 sanctam
526 527 708 560 Romanam
739 528 910 560 ecclesiam
940 531 1076 560 matrem
1104 531 1246 559 nostram
1277 526 1394 558 devote
1422 527 1518 569 agitis
1545 529 1643 568 atque
1666 526 1815 567 fideliter,

158 578 235 611 dum
262 579 442 619 nobiscum,
471 589 490 611 o
513 580 583 621 filii,
612 580 702 612 velut
731 590 803 612 cum
831 580 989 622 spirituali
1016 582 1109 621 patre
1139 579 1184 610 sic
1213 578 1420 610 laudabiliter
1449 578 1575 620 geritis,
1607 577 1694 620 quod
1725 578 1816 610 beni-

157 630 332 663 volentiam
362 635 504 663 nostram
538 634 571 663 et
599 631 775 673 apostolice
809 631 896 663 sedis
926 630 1104 673 propiciam
1138 631 1252 662 vestris
1286 632 1319 662 et
1352 630 1488 662 ecclesie
1522 633 1628 661 vestre
1662 630 1815 672 profecti-

157 681 217 714 bus
251 682 443 724 agnoscatis.
495 682 608 725 Nuper
641 682 800 725 siquidem
834 682 939 714 missis
972 682 1064 714 nobis
1098 692 1157 724 per
1194 681 1247 713 dil.
1278 681 1321 713 fil.
1355 680 1563 713 Guillelmum
1599 680 1641 714 de
1675 681 1816 714 Stechen

157 734 258 776 ipsius
291 733 429 766 ecclesie
464 737 569 766 vestre
603 737 768 767 cantorem
800 735 915 766 vestris
945 744 1042 775 super
1075 732 1182 765 danda
1211 732 1272 765 sibi
1306 743 1365 775 per
1396 743 1454 764 nos
1486 733 1653 765 credentia
1680 733 1815 766 litteris¹

156 785 296 827 benigne
325 786 477 828 receptis,
513 785 626 818 habuit
655 796 712 818 sue
740 786 905 818 relationis
933 786 1112 826 oraculum,
1148 784 1235 827 quod
1262 784 1339 816 licet
1365 784 1442 816 villa
1473 784 1514 816 de
1542 785 1747 827 Aquisgrano
1775 786 1818 817 sit

157 836 297 869 Romani
326 847 456 869 camera
489 838 661 879 peculiaris
695 838 822 880 imperii
851 841 884 870 et
915 839 947 870 in
981 838 1074 870 terris
1107 847 1144 869 ac
1178 836 1258 868 locis
1285 835 1516 868 adherentibus
1545 836 1614 868 viro
1643 837 1816 878 magnifico

156 887 323 921 Ludovico
347 888 420 920 duci
444 889 581 921 Bavarie
605 889 796 922 discorditer
822 889 898 921 olim
924 890 956 921 in
984 899 1094 931 regem
1118 887 1338 920 Romanorum
1368 887 1473 919 electo
1497 897 1555 929 pro
1578 898 1696 930 magna
1723 891 1816 930 parte

158 940 332 972 consistant
354 943 461 972 vestre
490 941 589 983 ipsius
620 941 756 973 ecclesie
785 941 969 982 facultates,
998 941 1114 983 spretis
1142 950 1200 982 per
1222 950 1279 971 vos
1308 943 1416 971 tamen
1444 938 1558 971 futuris
1585 939 1660 971 inde
1674 939 1816 981 ,quibus-

157 1001 295 1034 cumque
318 992 482 1034 periculis,
511 992 552 1024 ad
575 996 699 1034 partem
730 992 874 1024 eiusdem
902 995 1012 1024 sancte
1035 991 1182 1024 Romane
1212 990 1349 1023 ecclesie
1374 1001 1432 1032 per
1455 1001 1511 1022 vos
1534 995 1568 1023 et
1590 995 1714 1023 vestros
1741 991 1816 1023 sub-

156 1042 241 1075 ditos
262 1043 385 1085 pariter
407 1043 606 1076 declinantes
630 1048 702 1086 post
723 1054 902 1086 processus,
926 1054 1006 1086 quos
1029 1042 1183 1075 adversus
1205 1043 1310 1084 ipsum
1334 1041 1450 1074 ducem
1465 1041 1635 1074 habuimus
1651 1042 1817 1083 hactenus,

156 1095 189 1127 in
205 1094 290 1127 dicta
306 1098 413 1127 vestra
430 1095 567 1128 ecclesia
582 1095 785 1138 presentibus
800 1096 911 1138 utique
935 1095 1022 1127 clero
1046 1097 1080 1126 et
1101 1094 1221 1136 populo
1245 1093 1331 1126 dicte
1354 1094 1429 1126 ville
1445 1093 1621 1126 solenniter
1636 1094 1818 1136 publicatos

157 1146 276 1179 nedum
304 1147 366 1189 ipsi
393 1147 467 1179 duci
493 1158 556 1179 uon
581 1147 705 1179 favistis
733 1148 765 1179 in
789 1147 915 1190 aliquo,
947 1146 1004 1179 sed
1036 1146 1142 1179 eidem
1170 1146 1202 1177 in
1230 1145 1379 1178 omnibus
1401 1144 1600 1189 resti[ti]stis‚
1625 1156 1666 1178 ex
1690 1145 1816 1188 quibus,

156 1202 253 1241 prout
268 1198 433 1231 credentie
450 1200 550 1231 series
565 1199 728 1241 explicata
743 1198 920 1238 subintulit,
944 1198 1113 1230 meremini
1128 1197 1323 1239 specialibus
1345 1197 1386 1229 ab
1410 1197 1526 1229 eadem
1543 1201 1654 1229 sancta
1670 1197 1818 1230 Romana

158 1251 296 1284 ecclesia
326 1251 490 1284 beneficiis
519 1251 679 1283 honorari.
733 1250 836 1282 Porro
871 1261 912 1282 ex
945 1250 1007 1282 hiis
1041 1260 1098 1281 vos
1127 1249 1255 1281 illorum
1285 1251 1474 1291 reputantes
1508 1250 1662 1281 emeritos
1693 1260 1816 1292 nosque

143 1302 330 1346 *dispositos
352 1302 394 1335 ad
417 1303 559 1344 ipsorum
582 1302 799 1344 impendenda
822 1301 978 1344 rependia
1001 1301 1205 1343 profitentes,
1227 1300 1260 1332 in
1282 1299 1343 1332 hac
1366 1303 1459 1342 parte
1482 1300 1663 1333 devotionis
1686 1305 1720 1334 et
1741 1302 1818 1334 fidei

156 1357 263 1387 vestre
286 1355 482 1397 presentiam
506 1354 604 1396 digna
631 1355 664 1385 in
686 1353 826 1385 Domino
851 1353 1050 1385 exultatione
1078 1352 1183 1384 cordis
1210 1355 1244 1385 et
1273 1352 1473 1384 exaltatione
1504 1352 1608 1384 laudis
1631 1353 1818 1386 extollimus

157 1416 196 1439 ac
218 1405 309 1439 vobis
331 1409 440 1448 grates
463 1409 596 1448 paterne
621 1406 800 1438 dulcedinis
823 1405 1012 1446 reserentes,
1035 1405 1106 1447 pias
1128 1405 1255 1447 agimus
1269 1404 1436 1436 Altissimo
1459 1405 1590 1447 gratias,
1614 1406 1668 1447 qui
1691 1407 1816 1439 miseri-

157 1458 299 1491 corditer
320 1459 405 1490 circa
434 1458 496 1490 hoc
519 1459 633 1490 vestris
656 1458 818 1490 mentibus
840 1457 1040 1499 signaculum
1064 1456 1245 1489 intellectus
1267 1456 1395 1498 aperuit
1425 1459 1458 1488 et
1480 1460 1545 1489 tam
1569 1457 1693 1500 insigne
1716 1460 1817 1500 grati-

157 1509 314 1542 ficationis
337 1509 528 1552 obsequium
552 1510 665 1541 vestris
692 1509 839 1541 manibus
866 1508 1042 1551 adaptavit.
1094 1508 1211 1551 Itaque
1235 1511 1375 1541 vestram
1398 1508 1642 1541 universitatem
1664 1519 1818 1552 rogamus

158 1564 192 1594 et
212 1561 379 1594 hortamur
401 1564 524 1594 attente
547 1571 585 1593 ac
610 1561 835 1593 nichilominus
857 1561 889 1592 in
918 1561 1139 1592 remissionem
1169 1560 1390 1602 peccaminum
1421 1559 1641 1602 obsecramus,
1668 1562 1819 1603 quatinus

157 1613 242 1645 inter
263 1612 371 1645 lucida
394 1616 487 1655 gesta
509 1613 692 1645 mortalium
717 1622 875 1644 summam
898 1611 990 1643 vobis
1012 1611 1251 1653 perseverantie
1274 1610 1410 1652 gloriam
1434 1610 1656 1653 vendicantes,
1685 1613 1717 1644 in
1740 1623 1818 1645 con-

158 1665 277 1697 stantia
299 1668 486 1707 prenarrate
510 1665 585 1697 fidei
610 1668 643 1696 et
666 1664 846 1696 devotionis
876 1667 1041 1705 assumpta
1069 1674 1127 1705 pro
1155 1663 1339 1706 reverentia
1364 1665 1474 1694 nostra
1503 1667 1537 1694 et
1559 1662 1645 1695 sedis
1669 1664 1815 1697 eiusdem

158 1716 204 1748 sic
227 1717 343 1749 sinceri
367 1720 400 1748 et
422 1716 531 1757 solidi,
560 1717 605 1748 sic
633 1717 734 1748 securi
760 1719 793 1748 e't
816 1715 999 1748 immobiles
1022 1715 1215 1757 persistatis,
1245 1714 1332 1757 quod
1359 1725 1556 1757 quamquam
1580 1714 1635 1746 illa
1662 1717 1703 1747 sit
1725 1716 1816 1748 vobis

158 1768 307 1802 salutaris
329 1768 372 1801 ad
395 1769 537 1809 veniam,
567 1769 695 1810 possitis
717 1768 792 1800 inde
816 1771 925 1800 tamen
948 1767 1035 1810 apud
1058 1767 1164 1799 Deum
1188 1769 1222 1798 et
1243 1766 1390 1798 homines
1413 1765 1500 1798 clara
1522 1766 1654 1798 laudum
1677 1768 1818 1800 culmina

158 1820 312 1862 consequi
335 1822 368 1852 et
390 1830 448 1852 vos
470 1830 508 1852 ac
531 1820 618 1852 dicta
632 1823 739 1852 vestra
756 1819 893 1852 ecclesia
916 1822 982 1851 tam
1005 1829 1025 1851 a
1047 1818 1140 1850 nobis
1163 1828 1260 1860 quam
1276 1817 1403 1860 prefata
1426 1817 1504 1850 sede
1520 1817 1664 1850 letemini
1679 1821 1819 1861 speratis

158 1874 191 1904 et
213 1871 337 1903 meritis
359 1871 536 1914 gratiarum
565 1872 697 1914 premiis
719 1871 913 1914 prosperari.
963 1870 1143 1903 Petitiones
1172 1879 1312 1911 namque
1340 1878 1400 1911 per
1428 1872 1594 1901 cantorem
1624 1870 1729 1912 ipsum
1758 1882 1817 1914 pro

157 1925 250 1965 parte
274 1925 382 1955 vestra
403 1923 496 1955 nobis
513 1923 637 1955 oblatas
652 1923 806 1955 noveritis
828 1924 892 1955 iam
915 1933 974 1954 nos
989 1922 1247 1954 consideratione
1264 1921 1421 1963 premissa
1437 1920 1609 1953 exaudisse
1625 1921 1818 1965 benigniter,

158 1977 254 2017 prout
277 1985 374 2017 super
395 1975 458 2007 illis
480 1978 588 2007 nostre
612 1974 757 2007 confecto
780 1974 888 2007 littere
910 1974 1053 2006 indicant
1075 1972 1273 2006 evidenter².

266 2035 341 2068 Dat.
359 2035 555 2075 Avin(i0ne),
578 2034 620 2066 X.
636 2034 709 2067 Kal.
734 2034 938 2076 Novembris,
961 2045 1045 2066 anno
1066 2044 1160 2066 nono.

367 2201 476 2238 1011.
512 2201 620 2238 1012.
663 2201 819 2237 Litterae
847 2201 894 2236 ad
918 2200 1095 2245 religiosos
1126 2199 1354 2236 Trem‘renses.
1464 2200 1536 2236 Oct.
1556 2201 1618 2236 27.

268 2283 406 2317 Formae
426 2285 458 2317 A
479 2284 570 2326 mia
592 2284 707 2317 ibidem
729 2283 748 2316 l.
765 2294 791 2316 c.
810 2282 871 2325 fol.
887 2283 932 2315 43
953 2294 1002 2315 nr.
1018 2283 1092 2315 342.
1134 2282 1372 2323 Descripsimus
1386 2293 1452 2315 nos.
1476 2302 1518 2307 -
1542 2281 1752 2315 Decurtaeam
1769 2283 1817 2316 ed.

163 2332 288 2367 Restm
309 2334 475 2369 ‘Vatikm
491 2336 610 2368 Akten'
627 2346 661 2376 p.
679 2336 742 2366 196
764 2345 813 2367 nr.
829 2335 894 2366 414
916 2345 955 2367 ex
976 2335 1023 2373 A,·
1046 2334 1231 2367 Sauerland
1251 2333 1272 2368 Ζ.
1289 2344 1314 2368 c.
1336 2334 1366 2373 Ι,
1390 2334 1455 2366 327
1475 2335 1610 2366 πν.694.

270 2394 345 2437 Ray.
369 2395 471 2429 Lam
492 2396 512 2428 l.
528 2406 554 2428 c.
572 2406 608 2437 p.
623 2396 689 2428 259
710 2406 760 2428 nr.
775 2396 858 2434 240;
879 2394 1012 2435 Prcyer-
1021 2393 1181 2427 Reinkens
1198 2404 1233 2435 p.
1249 2394 1314 2426 280
1336 2404 1387 2426 nr.
1404 2394 1477 2425 191.

270 2462 407 2496 Formae
428 2463 457 2496 B
479 2465 570 2505 copia
595 2464 711 2497 ibidem
737 2464 757 2497 l.
777 2475 804 2498 c.
829 2462 887 2506 fol.
909 2463 951 2495 43
976 2473 1026 2495 nr.
1048 2463 1120 2494 343.
1172 2463 1252 2495 Item
1277 2462 1513 2503 descripsimus.
1541 2479 1585 2486 —
1611 2461 1739 2494 Partim
1769 2463 1815 2494 ed.

119 2526 145 2546 ιο
163 2513 287 2547 Rienler
308 2514 328 2548 1.
344 2525 370 2547 c.
386 2525 422 2555 p.
439 2515 502 2547 196
524 2525 574 2548 nr.
589 2517 654 2548 414
675 2518 739 2548 not.
756 2516 775 2546 1
798 2526 837 2547 ea:
858 2515 904 2554 B,·
927 2514 1110 2547 Sauerltmd
1131 2513 1151 2546 l.
1166 2525 1191 2546 c.
1215 2514 1243 2553 Ι,
1259 2515 1324 2546 327
1345 2525 1395 2546 nr.
1413 2515 1486 2547 694.

271 2574 347 2616 Ray.
363 2575 467 2608 Liihcr
488 2575 509 2609 l.
525 2586 550 2608 c.
567 2586 603 2616 p.
618 2577 683 2608 259
703 2586 753 2608 nr.
769 2575 833 2607 245
857 2575 946 2616 (dato
969 2574 1049 2606 male
1071 2574 1236 2617 indicato).

273 2635 323 2674 Cf.
336 2635 436 2676 infra
457 2646 507 2668 nr.
525 2635 617 2668 1021.

266 2764 293 2797 1)
311 2763 401 2797 Supra
418 2770 460 2790 nr.
474 2767 530 2790 9⁷4.
618 2763 644 2798 2)
662 2763 788 2790 &macae
806 2771 862 2790 non
879 2764 951 2790 sunt.

265 2882 304 2902 u..
316 2882 542 2902 consu-rumosas
554 2883 579 2902 v.
1558 2874 1608 2901 10⁶
