2184 3126
500 195 596 222 ACTA
616 194 728 222 REGNI
748 193 931 222 LUDEWICI
950 192 998 220 IV.
1017 192 1063 220 ET
1083 191 1266 219 FRIDERICI
1284 191 1332 218 111.
1371 191 1445 219 1320.
1482 191 1530 219 Nr.
1543 192 1603 219 58-2.
1816 194 1878 225 467

334 282 508 315 Carissimo
530 282 563 314 in
586 281 714 314 Christo
737 281 803 313 filio
826 279 1000 312 Frederico
1023 280 1055 311 in
1078 289 1190 321 regem
1213 277 1434 310 Romanorum
1458 278 1573 310 electo.

336 341 362 370 1.
387 338 481 370 Licet
503 340 602 379 tuam,
626 337 834 368 dilectissime
857 335 913 376 fili,
937 334 1106 367 credamus
1121 333 1376 376 magnitudinem
1397 333 1569 374 audivisse,
1593 334 1732 376 qualiter
1759 334 1880 366 dudum

226 389 317 431 quasi
344 390 452 422 statim
483 391 557 431 post
588 391 697 420 nostre
728 387 938 430 promotionis
965 387 1107 428 auspicia
1134 385 1176 418 ad
1203 388 1321 417 statum
1349 385 1527 428 apostolice
1558 385 1723 427 dignitatis
1749 386 1791 417 ad
1819 386 1880 417 hoc

226 440 446 472 solicitudines
468 439 684 482 impendimus
711 443 744 471 et
767 439 895 471 labores
921 442 955 470 et
981 438 1023 470 ad
1052 438 1113 470 hoc
1143 437 1314 480 vigilanter
1342 436 1547 469 adhibuimus
1577 437 1743 478 vigilantio
1772 440 1881 469 nostre

194 503 206 522 s
227 502 355 533 causas,
389 494 424 523 ut
451 492 535 523 inter
567 491 766 523 carissimum
795 491 827 522 in
857 490 985 522 Christo
1012 489 1112 521 fllium
1140 492 1284 521 nostrum
1311 488 1489 520 Robertum
1518 488 1628 521 Sicilie
1657 489 1813 521 illustrem
1848 492 1882 521 et

225 543 433 575 Fredericum
449 543 614 575 Trinacrio
638 553 734 585 reges
757 547 866 584 posset
888 542 1006 574 bonum
1030 542 1119 584 pacis
1142 544 1175 573 et
1190 540 1361 573 concordie
1377 540 1556 580 reformari,
1578 544 1687 572 tamen
1711 544 1747 572 ut
1762 540 1803 572 de
1819 540 1881 572 hiis

225 595 284 627 tibi
306 595 407 636 possit
429 594 524 636 plene
554 597 701 626 constare
732 594 873 636 dictique
896 593 1061 626 Frederici
1087 597 1194 625 motus
1222 592 1432 624 detestabiles
1462 595 1496 624 et
1518 592 1672 633 effrenes,
1706 591 1822 634 quibus
1848 593 1881 623 in

225 649 354 688 partum
377 649 532 688 concepte
556 646 704 688 nequicie
728 646 789 677 hiis
818 645 931 677 diebus
954 655 1078 676 venena
1106 643 1272 686 produxit,
1301 643 1417 676 clarius
1445 644 1660 683 innotescant,
1689 654 1765 676 ecce
1794 643 1880 686 quod

225 698 352 740 negocii
375 698 492 731 seriem
516 697 575 729 tibi
598 697 748 730 duximus
771 697 974 739 presentibus
998 695 1219 728 intimandum.

181 765 208 786 ιο
333 755 363 785 2.
386 753 522 785 Noverit
543 753 642 794 igitur
664 751 918 795 magnitud[in]is
941 755 996 784 tue
1019 752 1251 793 circumspecta
1274 749 1455 792 prudentia,
1479 750 1565 793 quod
1588 761 1646 782 nos
1669 754 1704 782 ut
1727 753 1882 782 tractatus

223 804 406 836 huiusmodi
430 804 607 837 feliciorem
630 804 768 836 haberet
790 815 832 836 ex
854 807 962 836 nostre
985 803 1218 845 prosecutionis
1241 802 1418 834 directione
1442 811 1639 843 processum,
1664 806 1794 844 treugas
1817 812 1881 844 que

223 856 313 898 pacis
342 856 526 898 ymaginem
555 858 780 898 representant
808 854 929 887 dudum
956 855 1039 886 inter
1073 864 1129 886 eos
1157 864 1217 895 per
1239 852 1383 896 [nuncios
1406 855 1542 893 nostros,
1566 864 1647 895 quos
1670 853 1711 886 ad
1736 853 1881 897 eorum]-

221 907 419 950 presentiam
443 907 594 939 duximus
617 906 855 946 destinandosb,
884 909 1001 939 extunc
1028 916 1131 948 usque
1158 905 1200 937 ad
1228 905 1346 937 festum
1374 905 1551 936 nativitatis
1572 904 1704 936 Domini
1733 906 1880 947 proxime
1896 914 1996 937 οοαιι.

223 961 408 1000 venturum,
439 958 698 1001 procuratoribus
721 969 834 1000 regum
857 956 1060 1000 presentibus
1082 956 1258 989 eorundem
1287 967 1325 988 ac
1353 956 1497 988 fidelium
1526 959 1652 988 astante
1675 956 1879 990 multitudine

182 1020 207 1040 ιι
226 1011 371 1052 copiosa,
403 1010 500 1042 indici
523 1011 658 1042 facimus
681 1010 867 1050 duraturas,
894 1010 927 1041 in
950 1018 1062 1041 omnes
1085 1011 1119 1040 et
1141 1007 1283 1050 singulos
1305 1007 1517 1050 infringentes
1540 1011 1595 1039 aut
1617 1007 1776 1040 violantes
1799 1019 1879 1050 quo-

225 1061 406 1095 modolibet
436 1062 487 1094 vel
517 1064 649 1103 treugas
676 1072 738 1093 non
769 1063 935 1093 servantes
966 1059 1097 1092 easdem
1128 1059 1469 1092 excommunicationis
1502 1063 1536 1091 et
1570 1060 1602 1090 in
1634 1063 1735 1091 terras
1769 1070 1880 1092 eorum

224 1113 387 1146 interdicti
413 1114 580 1145 sententiis
607 1112 827 1155 promulgatis.
878 1112 988 1154 Nuper
1017 1114 1126 1143 autem
1155 1121 1229 1142 cum
1258 1110 1334 1142 dicti
1362 1110 1527 1142 Frederici
1556 1111 1689 1142 nuncios
1719 1121 1779 1153 per
1806 1122 1881 1143 eum

224 1164 267 1198 ad
290 1167 433 1197 nostram
451 1163 690 1207 [presentiam]⁰
707 1163 915 1196 destinandos
937 1174 996 1206 pro
1013 1162 1196 1195 huiusmodi
1212 1162 1441 1204 prosecutione
1457 1164 1611 1194 tractatus
1626 1163 1722 1194 anxie
1736 1165 1880 1194 nostrum

225 1215 420 1248 desiderium
438 1219 637 1258 expectaret,
660 1215 790 1258 quidam
806 1215 909 1256 miles,
933 1215 988 1257 qui
1005 1214 1081 1246 dicti
1097 1213 1262 1246 Frederici
1278 1214 1428 1245 nuncium
1445 1224 1479 1245 se
1496 1213 1635 1253 dicebat,
1659 1213 1700 1245 ad
1716 1213 1879 1246 civitatem

175 1277 206 1297 ⁷2⁰
223 1266 510 1311 Avi[ni]onensem‚
526 1267 582 1299 ubi
598 1278 656 1299 nos
671 1278 744 1299 cum
759 1266 907 1299 Romana
922 1267 1010 1298 curia
1026 1265 1215 1306 residemus,
1235 1264 1394 1298 accedens
1415 1264 1457 1296 ad
1477 1265 1655 1307 hospicium
1676 1264 1751 1297 dicti
1772 1265 1879 1298 Sicilie

224 1319 312 1361 regis
343 1320 376 1351 in
406 1318 522 1351 eadem
550 1319 757 1351 constitutum
787 1319 917 1350 civitate
949 1327 984 1350 se
1013 1317 1149 1349 contulit
1177 1319 1211 1348 et
1239 1316 1386 1348 eiusdem
1415 1315 1551 1358 hospicii
1582 1317 1689 1348 aulam
1717 1317 1880 1359 ingressus

227 1380 334 1402 coram
358 1369 535 1401 astantibus
558 1368 679 1401 ibidem
702 1367 883 1410 improvide
906 1371 1015 1399 nostra
1039 1367 1242 1409 providentia
1265 1370 1298 1399 et
1321 1367 1498 1409 apostolice
1522 1367 1608 1400 sedis
1631 1368 1770 1408 calcata,
1793 1368 1879 1411 quod

224 1421 312 1453 idem
328 1420 521 1453 Fredericus
544 1420 703 1462 prefatum
721 1419 899 1452 Robertum
915 1418 1024 1451 Sicilie
1046 1429 1159 1460 regem
1181 1429 1319 1460 suosque
1335 1419 1497 1460 valitores,
1514 1419 1668 1451 vassallos
1685 1423 1718 1451 et
1732 1419 1879 1452 homines

224 1483 286 1506 non
303 1472 485 1513 advertens,
510 1471 596 1514 quod
619 1471 659 1503 de
675 1472 816 1513 ipsarum
832 1474 1018 1513 treugarum
1037 1480 1139 1512 usque
1162 1470 1203 1502 ad
1220 1469 1340 1502 dictum
1355 1469 1542 1502 Nativitatis
1557 1469 1719 1514 [festum]⁰
1735 1472 1880 1504 restabat

181 1535 207 1556 π
225 1528 382 1566 tempore,
407 1523 586 1564 diffidabat,
610 1522 793 1566 [nunciavit]
802 1528 822 1554 ⁰.
851 1522 916 1554 Per
932 1521 1018 1564 quod
1034 1525 1183 1564 patenter
1199 1521 1386 1562 ostenditur,
1410 1521 1496 1564 quod
1519 1521 1607 1553 idem
1623 1521 1814 1555 Fredericus
1837 1523 1879 1556 ad

224 1577 324 1619 ipsius
346 1575 433 1618 regis
456 1574 564 1606 Sicilie
589 1574 811 1616 dictorumque
835 1575 926 1616 regni
953 1584 990 1605 ac
1014 1576 1099 1606 terre
1128 1584 1191 1605 non
1222 1573 1344 1615 absque
1372 1577 1482 1605 nostra
1509 1577 1542 1605 et
1570 1573 1715 1605 eiusdem
1743 1574 1879 1607 ecclesie

223 1627 372 1661 Romane
395 1627 547 1658 iniuriosa
570 1626 719 1658 molestia
742 1628 776 1657 et
798 1628 986 1667 contemptu
1007 1625 1283 1666 impugnationem
1299 1624 1448 1656 hostilem
1472 1628 1506 1657 et
1527 1635 1716 1667 guerrarum
1736 1636 1878 1658 commo-

223 1680 344 1712 tionem
367 1677 517 1720 aspiratfl.
563 1677 631 1709 Nos
653 1687 745 1718 vero,
775 1678 830 1719 qui
859 1677 1020 1719 prefatum
1049 1686 1184 1718 regnum
1213 1675 1320 1708 Sicilie
1351 1679 1504 1718 tanquam
1534 1677 1743 1708 recreationis
1770 1681 1878 1710 nostre

222 1731 403 1774 pomerium
426 1730 542 1761 intuitu
565 1731 700 1771 paterne
723 1728 904 1760 dilectionis
926 1727 1110 1769 inspicimus
1139 1730 1172 1758 et
1194 1728 1226 1758 in
1253 1727 1352 1769 ipsius
1379 1738 1442 1758 non
1472 1738 1639 1769 possemus
1666 1727 1787 1760 lesione
1815 1740 1879 1761 non

181 1789 207 1810 ω
224 1781 300 1822 ledi,
316 1781 426 1814 talium
444 1780 612 1813 conatibus
628 1789 795 1812 occurrere
812 1779 960 1821 congruis
977 1782 1010 1810 et
1026 1779 1190 1820 oportunis
1206 1778 1358 1810 remediis
1374 1778 1589 1819 intendentes,
1611 1783 1723 1812 contra
1738 1780 1878 1812 eundem

165 1866 169 1869 ,
223 1833 432 1867 Fredericum
457 1835 490 1864 et
513 1831 676 1874 quoslibet
701 1830 783 1862 alios
810 1834 876 1862 tam
905 1830 1039 1862 clericos
1070 1839 1166 1871 quam
1193 1829 1318 1871 laycos,
1348 1831 1575 1872 cuiuscumque
1603 1834 1719 1872 status,
1746 1831 1878 1873 ordinis,

223 1883 430 1925 conditionis,
460 1883 671 1925 preminentis
700 1883 752 1914 vel
780 1882 946 1924 dignitatis
973 1883 1163 1922 existerent,
1195 1881 1321 1913 etiamsi
1352 1882 1528 1924 pontificali
1557 1882 1609 1914 vel
1634 1883 1794 1925 imperiali
1821 1895 1879 1916 seu

222 1935 326 1978 regali
347 1938 405 1968 aut
420 1935 531 1978 quavis
553 1934 617 1966 alia
633 1934 790 1976 dignitate
806 1934 978 1976 fulgerent,
1002 1933 1227 1965 universitates
1250 1943 1390 1975 quoque,
1413 1934 1659 1966 communitates
1681 1944 1719 1966 ac
1742 1935 1879 1977 populos

224 1988 402 2027 civitatum,
426 1990 597 2028 terrarum,
621 1988 798 2018 castrorum
822 1989 854 2017 et
877 1985 1012 2017 aliorum
1041 1994 1316 2027 quorumcumque
1339 1984 1482 2016 locorum
1511 1985 1632 2017 dictum
1659 1996 1793 2028 regnum
1821 1997 1880 2019 sen

181 2049 207 2070 ss
226 2042 344 2072 terram
369 2039 448 2070 citra
471 2037 589 2070 Fatum
613 2040 647 2069 et
668 2037 788 2068 insulas
811 2036 997 2068 adiacentes
1021 2036 1127 2068 eidem
1150 2035 1203 2067 vel
1226 2037 1367 2078 ipsarum
1396 2035 1543 2068 homines
1569 2047 1629 2078 per
1651 2048 1686 2069 se
1716 2037 1769 2070 vel
1798 2037 1879 2070 alios

225 2091 467 2132 impugnantes,
498 2088 700 2121 offendentes
726 2088 779 2120 vel
808 2088 907 2120 etiam
934 2087 1143 2119 molestantes
1171 2091 1294 2119 certum
1322 2098 1508 2129 processum
1538 2088 1709 2120 habuimus
1736 2089 1879 2122 diversas

225 2141 390 2174 continens
412 2141 593 2172 sentencias
615 2142 714 2181 atque
737 2149 847 2181 penas,
871 2141 967 2180 prout
989 2139 1020 2170 in
1045 2137 1161 2170 eodem
1178 2148 1340 2180 processu,
1363 2139 1395 2170 in
1411 2149 1473 2181 quo
1490 2139 1586 2181 plena
1602 2139 1705 2172 forrna
1721 2139 1877 2173 dictarum

224 2195 411 2235 treugarum
435 2191 625 2234 exprimitur
635 2191 657 2232 ²,
680 2191 800 2233 poteris
823 2190 949 2232 plenius
972 2190 1099 2221 intueri.

333 2250 361 2280 3.
385 2247 458 2280 Hec
479 2248 590 2289 igitur,
619 2246 838 2278 amantissime
861 2245 920 2287 fili,
950 2249 1004 2277 tue
1027 2245 1238 2287 magnitudini
1262 2245 1412 2277 duximus
1434 2246 1626 2286 intimanda,
1654 2247 1736 2279 sicut
1764 2258 1823 2280 nos
1846 2251 1879 2280 et

180 2305 208 2327 4⁰
224 2298 373 2332 Romana
395 2297 533 2331 ecclesia
561 2301 666 2330 mater
693 2301 749 2330 tna
775 2307 947 2339 personam
974 2300 1062 2328 tuam
1092 2299 1257 2338 portamus
1285 2297 1439 2329 sincerius
1465 2297 1498 2329 in
1519 2297 1696 2331 visceribus
1725 2300 1878 2341 caritatis,

224 2351 270 2383 sic
293 2350 352 2382 tibi
369 2349 446 2382 dicti
460 2349 625 2382 Frederici
647 2350 712 2381 iam
736 2359 885 2381 enormes
909 2358 1060 2380 excessus
1084 2351 1116 2380 et
1139 2358 1236 2380 ausus
1252 2348 1422 2380 inconsulti
1437 2348 1628 2391 displiceant
1642 2349 1780 2393 illosque
1796 2351 1879 2383 sicut

225 2401 321 2434 decet
343 2401 495 2434 devotum
517 2401 618 2433 filium
641 2400 821 2433 detesteris.

331 2460 362 2490 4.
393 2457 528 2489 Miretur
554 2460 704 2499 preterea
731 2459 785 2488 tue
813 2455 999 2488 devocionis
1029 2458 1122 2497 grata
1144 2456 1310 2488 sinceritas
1337 2457 1489 2498 preconio
1511 2457 1614 2490 multe
1635 2457 1740 2490 laudis
1762 2458 1877 2497 attolli,

225 2507 312 2550 quod
324 2510 435 2540 contra
447 2507 569 2540 Canem
586 2507 627 2540 de
642 2508 674 2540 la
686 2507 782 2539 Scala
797 2507 941 2539 fidelium
957 2505 1103 2538 eiusdem
1120 2507 1257 2539 ecclesie
1273 2506 1432 2549 perfidum
1445 2511 1687 2550 persecutorem
1702 2512 1736 2541 et
1751 2509 1878 2542 hostem

181 2572 207 2593 a
225 2560 309 2592 sicut
330 2559 564 2592 benedictionis
586 2559 669 2591 filius
691 2559 861 2602 negocium
885 2558 1094 2600 assumpsisti,
1117 2558 1287 2590 intendens
1302 2558 1390 2601 illud,
1414 2559 1496 2592 siout
1509 2561 1702 2602 accepimus,
1726 2562 1877 2604 prosequi

225 2610 371 2643 viriliter.
388 2613 422 2643 et
450 2613 608 2652 potenter.
667 2609 749 2643 Cum
778 2611 877 2653 igitur
907 2610 1051 2642 fidelium
1080 2610 1217 2641 civitatis
1246 2613 1279 2642 et
1307 2609 1469 2643 districtus
1494 2610 1643 2644 Paduani
1673 2622 1710 2644 ac
1733 2612 1877 2646 Marchie

226 2661 392 2694 'I'ervisine
417 2664 450 2694 et
465 2661 600 2694 aliarum
615 2662 754 2704 partium
770 2662 956 2702 vicinarum,
979 2664 1091 2693 contra
1107 2671 1187 2703 quos
1209 2661 1296 2694 idem
1312 2661 1409 2694 Canis
1424 2661 1598 2695 validiores
1620 2673 1677 2695 sue
1701 2663 1877 2705 tyrannidis

328 2746 395 2774 582.
423 2746 450 2778 ΙΙ)
469 2747 618 2773 excidentur
629 2755 665 2779 c.,·
682 2748 800 2780 suppleta
812 2756 843 2773 a
856 2747 926 2773 Actia
939 2747 1056 2780 Arayon.
1122 2745 1147 2780 b)
1165 2747 1361 2774 dedestinandos
1373 2756 1394 2774 c.
1459 2748 1483 2780 θ)
1500 2749 1593 2775 excidit
1605 2758 1626 2775 c.
1688 2748 1714 2782 d)
1732 2751 1842 2776 ostendit
1855 2759 1876 2775 c.

330 2806 356 2839 1)
376 2804 418 2840 Os.
434 2805 605 2839 preconium.

1621 2859 1671 2885 59*
