2184 3126
503 169 599 198 ACTA
618 168 732 197 REGNI
750 167 935 196 LUDEWICI
955 167 1002 195 lv.
1020 166 1065 194 ΕΤ
1086 165 1269 195 ΓΒΙΒΕΒΙΟῘ
1289 167 1338 195 111.
1375 166 1450 194 1328.
1486 166 1535 194 Νι.
1547 167 1607 195 821.
1814 169 1878 200 639

221 258 374 300 principis
398 256 519 289 domini
541 255 696 289 Ludovici
718 255 939 288 Romanorum
961 255 1047 296 regis
1076 264 1206 296 semper
1227 254 1355 296 augusti
1382 254 1415 286 in
1438 253 1584 296 partibus
1607 254 1716 286 Ytalie
1740 254 1878 285 vicarius

221 308 393 351 generalis,
416 308 448 339 in
471 308 634 350 presentia
657 306 859 339 dominorum
875 305 1000 338 Stefani
1015 305 1225 337 vicecomitis
1248 305 1368 346 militis,
1392 305 1543 337 Boschini
1560 305 1762 347 Mantegatfi,
1786 304 1877 336 Mulli

222 359 264 392 de
289 358 440 402 Oorpello
464 358 616 399 militum,
639 358 789 390 Francini
811 357 1020 390 vicecomitis
1042 357 1120 389 iuris
1142 357 1308 400 utriusque
1332 357 1442 399 periti,
1467 357 1595 389 Ottonis
1618 356 1728 395 Burri,
1752 355 1877 397 Pagani

224 410 265 444 de
288 409 452 443 Mandello
476 410 592 442 civium
608 409 784 442 Mediolani
808 410 936 442 testium
960 411 1147 441 vocatorum
1171 411 1204 441 et
1227 411 1421 452 rogatorum.
1460 408 1576 441 Coram
1601 407 1729 451 prefato
1749 407 1878 439 domino

191 472 204 492 ο
224 488 231 496 .
250 487 257 495 .
274 462 392 495 vicario
417 461 598 503 comparuit
613 461 814 493 Vescovinus
836 460 878 493 de
893 460 1048 493 Vescovis
1071 460 1147 492 civis
1170 460 1350 493 Laudensis
1372 460 1513 493 sindicus
1535 464 1568 493 et
1591 462 1780 502 procurator
1802 458 1878 490 dicti

223 514 368 548 comunis
389 511 504 545 Laude
534 513 575 544 ad
604 512 775 544 infradicta
805 512 986 555 spetialiter
1009 512 1198 544 constitutus
1226 512 1256 543 in
1286 513 1449 554 presentia
1479 516 1511 545 et
1534 511 1700 544 voluntate
1723 510 1878 543 nobilium

222 566 363 598 virorum
386 564 588 597 dominorum
611 563 788 606 Bergondii
811 563 852 596 de
868 564 1032 596 Vistarino
1056 566 1090 596 et
1111 563 1257 605 magistri
1280 563 1384 595 Gratii
1409 563 1451 596 de
1473 563 1590 596 Pelato
1618 563 1877 595 ambaxiatorum

223 618 300 651 dicti
316 618 460 651 comunis
475 615 590 649 Laude
615 619 649 648 et
671 626 783 648 eorum
798 616 964 648 voluntate
980 615 1084 648 dictus
1096 615 1296 648 Vescovinus
1319 615 1459 647 sindicus
1479 614 1633 647 nobilium
1651 618 1684 647 et
1699 614 1878 657 potentium

225 670 365 702 virorum
389 668 591 701 dominorum
615 667 726 700 Iacobi
749 667 874 700 Millitis
897 671 930 700 et
953 667 1086 700 Suzonis
1109 667 1149 700 de
1165 667 1330 699 Vistarino
1354 667 1493 700 civitatis
1519 671 1553 699 et
1580 666 1743 699 districtus
1765 665 1879 698 Laude

182 730 207 751 ιο
226 721 428 754 dominorum
451 718 652 762 generalium
681 723 714 751 et
736 719 863 751 Iulliani
888 719 929 752 de
952 719 1092 762 Algixiis
1114 719 1224 751 vicarii
1251 719 1367 751 nobilis
1390 719 1447 751 viri
1476 719 1596 751 domini
1618 718 1740 750 Roffini
1762 717 1880 750 Tetoni

224 771 424 805 honorabilis
439 770 609 813 potestatis
625 772 770 803 comunis
785 770 899 803 Laude
923 774 956 803 ct
979 771 1123 803 comunis
1147 775 1180 803 et
1201 770 1366 803 hominum
1383 771 1469 803 dicte
1485 771 1624 802 civitatis
1645 770 1686 802 ad
1710 769 1879 802 infradicta

224 823 407 866 spetialiter
429 824 620 855 constitutus
649 823 681 854 in
704 823 800 865 pleno
831 826 864 855 et
891 822 1036 865 generali
1062 822 1195 854 consilio
1223 822 1309 855 dicte
1332 823 1471 855 civitatis
1493 822 1607 854 Laude
1636 832 1695 864 per
1718 820 1880 863 predictos

225 875 373 908 dominos
396 878 430 907 et
453 874 574 907 dictum
590 874 745 906 vicarium
761 875 932 916 potestatis
955 877 988 906 et
1010 874 1177 906 consilium
1193 874 1346 917 generale
1363 877 1396 907 et
1416 874 1615 906 consiliarios
1631 873 1716 905 dicte
1732 873 1879 912 civitatis,

225 930 262 960 ut
284 930 375 970 patet
397 937 456 969 per
471 926 634 969 publicum
658 926 903 958 instrumentum
926 925 1001 958 inde
1017 925 1170 958 traditum
1189 936 1247 969 per
1262 925 1441 958 Robertum
1453 925 1619 958 villanum
1641 924 1801 956 notarium
1817 923 1878 955 hoc

182 989 208 1010 ιε
227 989 310 1012 anno
335 978 388 1011 die
411 978 522 1011 Sabati
547 978 673 1010 decimo
697 978 816 1010 mensis
838 977 1031 1010 Decembris
1054 981 1087 1010 et
1109 978 1261 1020 scriptum
1284 988 1343 1020 per
1365 978 1531 1010 Mafietum
1554 976 1697 1009 Brodam
1720 975 1880 1007 notarium

226 1029 433 1064 Laudensem
443 1031 466 1071 ¹,
495 1030 623 1062 nomine
653 1032 686 1061 et
713 1029 782 1061 vice
811 1028 1029 1071 predictorum
1059 1028 1260 1061 dominorum
1282 1029 1484 1072 generalium
1511 1027 1596 1060 dicte
1624 1028 1763 1060 civitatis
1785 1030 1819 1059 et
1843 1051 1850 1058 .
1873 1051 1880 1058 .

227 1082 336 1115 vicarii
352 1083 523 1124 potestatis
547 1085 579 1113 et
603 1081 726 1113 consilii
750 1085 784 1113 et
806 1081 1060 1113 consiliariorum
1085 1084 1118 1113 et
1140 1082 1285 1113 comunis
1308 1084 1342 1113 et
1364 1081 1530 1113 hominum
1546 1079 1632 1112 dicte
1655 1080 1794 1112 civitatis
1809 1089 1880 1111 cum

226 1133 314 1166 omni
337 1134 518 1166 reverentia
542 1133 618 1165 fecit
646 1137 679 1164 et
706 1133 846 1175 prestitit
872 1133 903 1164 in
927 1132 1074 1164 manibus
1099 1132 1217 1174 prefati
1240 1132 1362 1164 domini
1384 1132 1531 1164 Bertoldi
1558 1132 1685 1164 comitis
1708 1131 1749 1163 de
1772 1130 1880 1163 Niffen

227 1185 422 1218 serenissimi
438 1185 591 1227 principis
606 1184 728 1216 domini
743 1183 900 1216 Ludovici
915 1183 1135 1216 Romanorum
1159 1185 1246 1227 regis
1268 1194 1398 1227 semper
1412 1184 1540 1227 augusti
1562 1184 1595 1216 in
1610 1182 1756 1226 partibus
1772 1181 1880 1214 Ytalie

183 1250 210 1271 so
227 1237 339 1269 vicarii
365 1237 527 1279 generalis
554 1235 738 1278 recipientis
764 1236 894 1267 nomine
921 1235 1039 1277 prefati
1067 1235 1188 1267 domini
1215 1235 1434 1268 Romanorum
1463 1235 1550 1278 regis
1577 1239 1610 1267 et
1639 1235 1721 1267 sacri
1752 1234 1878 1276 imperii

226 1288 372 1321 debitum
400 1287 565 1320 fidelitatis
594 1290 830 1320 sacramentum
859 1290 893 1318 et
918 1287 1035 1318 iuravit
1061 1286 1103 1319 ad
1130 1290 1241 1319 sancta
1263 1286 1326 1319 Dei
1354 1288 1527 1329 euangelia
1553 1286 1764 1329 corporaliter
1787 1286 1880 1318 tactis

226 1341 393 1383 scripturis
414 1341 446 1371 in
469 1339 637 1372 animabus
661 1342 694 1371 et
715 1349 813 1381 super
828 1339 951 1371 animas
966 1338 1184 1380 predictorum
1201 1338 1402 1371 dominorum
1418 1338 1618 1381 generalium
1635 1337 1720 1370 dicte
1743 1338 1880 1370 civitatis

226 1392 353 1429 Laude,
377 1391 502 1424 consilii
525 1394 559 1423 et
581 1391 835 1423 consiliariorum
858 1393 892 1422 et
913 1390 1056 1422 comunis
1080 1394 1113 1422 et
1135 1390 1298 1422 hominum
1316 1390 1401 1423 dicte
1418 1391 1565 1431 civitatis,
1582 1400 1719 1432 quorum
1741 1389 1881 1421 sindicus

228 1447 262 1477 et
283 1446 474 1486 procurator
497 1446 559 1484 est,
637 1441 725 1484 quod
748 1443 809 1484 ipsi
832 1445 865 1474 et
887 1441 1024 1484 quilibet
1046 1443 1189 1484 ipsorum
1212 1446 1305 1474 erunt
1326 1442 1441 1474 fideles
1464 1446 1627 1474 amatores
1649 1442 1730 1474 sacri
1754 1441 1881 1483 imperii

184 1506 210 1528 as
272 1498 306 1528 et
320 1495 438 1538 prefati
455 1494 575 1527 domini
598 1495 697 1526 nostri
713 1494 834 1526 domini
850 1493 1006 1526 Ludovici
1022 1493 1240 1526 Romanorum
1263 1495 1350 1536 regis
1373 1505 1502 1536 semper
1516 1494 1644 1536 augusti
1665 1497 1698 1525 et
1720 1517 1728 1525 .
1746 1516 1753 1524 .
1770 1493 1880 1525 vicarii

273 1546 419 1580 eiusdem
448 1549 481 1579 ct
513 1546 620 1578 eidem
647 1545 778 1578 domino
800 1544 956 1578 Bertoldo
984 1546 1092 1578 comiti
1125 1548 1159 1577 et
1186 1546 1305 1578 vicario
1332 1547 1423 1588 regio
1451 1549 1484 1577 et
1510 1545 1638 1587 spetiali
1665 1546 1776 1577 nuntio
1803 1544 1880 1576 dicti

273 1598 394 1631 domini
417 1599 503 1640 regis
527 1597 718 1630 obedientes
747 1601 840 1630 erunt
868 1598 900 1629 in
927 1596 1075 1629 omnibus
1098 1601 1263 1639 tamquam
1286 1607 1363 1629 vero
1391 1601 1425 1630 et
1451 1597 1578 1639 spetiali
1602 1597 1732 1628 domino
1755 1596 1880 1639 sibique

272 1649 515 1692 respondebunt
544 1650 585 1682 de
612 1649 733 1682 iuribus
764 1652 797 1682 et
823 1649 961 1681 servitiis
983 1649 1118 1691 imperio
1141 1648 1259 1681 debitis
1281 1652 1315 1681 et
1338 1649 1527 1690 conspectis.
1572 1649 1756 1680 Promitens
1779 1647 1882 1680 dictus

273 1702 412 1734 sindicus
444 1701 573 1733 nomine
605 1700 763 1733 dictorum
794 1700 994 1733 dominorum
1024 1701 1224 1743 generalium
1253 1700 1473 1732 Laudensium
1504 1703 1537 1733 et
1569 1700 1645 1733 dicti
1673 1700 1818 1732 comunis
1849 1704 1882 1731 et

185 1766 212 1787 so
273 1753 483 1796 singularium
506 1762 716 1795 personarum
743 1752 829 1784 dicte
859 1752 998 1784 civitatis
1020 1752 1148 1793 Laude,
1178 1751 1264 1794 quod
1291 1752 1373 1784 sacri
1400 1752 1528 1794 imperii
1552 1755 1585 1783 et
1614 1751 1731 1794 prefati
1761 1751 1882 1784 domini

272 1805 430 1839 Ludovioi
445 1804 665 1837 Romanorum
689 1805 775 1846 regis
798 1807 831 1836 et
854 1804 931 1836 dicti
955 1827 962 1835 .
980 1827 987 1835 .
1008 1804 1116 1836 vicarii
1140 1803 1270 1836 honoris
1294 1807 1327 1836 et
1349 1807 1451 1836 status
1474 1808 1508 1836 et
1530 1804 1608 1835 iuris
1630 1804 1662 1835 in
1679 1814 1881 1846 quacumque

273 1860 365 1900 parte
390 1860 423 1889 et
445 1859 557 1888 contra
578 1865 796 1898 quascumque
820 1866 974 1897 personas
997 1859 1090 1888 erunt
1113 1859 1275 1887 amatores
1298 1858 1331 1887 et
1354 1855 1580 1888 ferventissimi
1602 1854 1791 1887 defensores
1814 1858 1882 1887 toto

274 1919 368 1951 posse
396 1911 430 1940 et
456 1908 483 1940 si
506 1907 582 1950 quid
610 1907 725 1940 honori
753 1911 809 1939 aut
835 1908 895 1939 iuri
925 1907 1007 1939 sacri
1034 1907 1160 1949 imperii
1191 1910 1224 1939 et
1251 1906 1327 1938 dicti
1350 1907 1471 1938 domini
1494 1906 1714 1939 Romanorum
1738 1907 1823 1948 regis
1850 1910 1883 1938 et

273 1961 350 1993 dicti
376 1984 407 1992 ..
432 1960 542 1992 vicarii
571 1959 729 1991 senserint
757 1958 979 2000 derogativum
1010 1962 1067 1990 aut
1089 1958 1176 2000 quod
1202 1968 1340 2000 persone
1364 1958 1493 1990 honoris
1521 1962 1555 1990 et
1583 1959 1660 1990 iuris
1683 1957 1815 1990 cederet
1841 1957 1883 1989 ad

185 2027 210 2047 ns
273 2011 450 2055 periculum
478 2015 534 2044 aut
561 2011 696 2043 alicuius
723 2010 847 2043 menbri
874 2011 963 2053 regie
991 2011 1180 2052 mayestatis
1207 2010 1380 2050 lesionem,
1415 2009 1445 2041 id
1477 2010 1606 2042 statim·
1627 2011 1688 2052 ipsi
1717 2020 1776 2052 per
1797 2010 1883 2052 ipsos

273 2074 331 2096 seu
359 2063 440 2095 alios
468 2062 625 2095 curabunt
651 2063 792 2094 fideliter
819 2065 852 2094 ct
880 2062 1030 2094 celeriter
1057 2062 1202 2094 revelare
1231 2065 1264 2093 et
1286 2061 1373 2104 quod
1400 2061 1496 2093 alicui
1524 2061 1637 2094 rebelli
1669 2072 1728 2094 nec
1755 2062 1884 2093 inimico

273 2116 356 2148 sacri
379 2115 506 2157 imperii
529 2119 586 2147 aut
609 2114 685 2147 dicti
707 2114 829 2146 domini
852 2114 938 2156 regis
953 2114 1004 2146 vel
1029 2138 1060 2146 ..
1086 2114 1195 2146 vicarii
1219 2114 1288 2146 eius
1311 2113 1432 2145 nullum
1452 2113 1641 2155 prestabunt
1662 2113 1817 2145 auxilium
1833 2112 1885 2145 vel

274 2167 420 2200 favorem
443 2170 476 2200 et
499 2170 610 2199 cetera
633 2165 761 2206 satient,
785 2176 847 2208 que
871 2166 913 2198 ad
937 2166 1035 2198 decus
1058 2169 1091 2198 et
1114 2165 1331 2197 reverentiam
1354 2165 1435 2197 sacri
1460 2164 1586 2207 imperii
1608 2167 1642 2196 et
1664 2164 1742 2196 dicti
1765 2164 1884 2197 domini

273 2219 374 2251 nostri
396 2219 595 2261 perveniant.
636 2218 820 2250 Promitens
842 2217 947 2249 dictus
969 2217 1108 2249 sindicus
1131 2217 1189 2249 sub
1213 2216 1411 2258 obligatione
1434 2217 1575 2248 omnium
1598 2216 1756 2248 bonorum
1780 2216 1884 2248 dicto-

185 2284 214 2305 ω
273 2280 343 2302 rum
361 2269 572 2311 dominorum,
595 2270 719 2302 consilii
743 2273 775 2302 et
798 2269 1051 2302 consiliariorum
1071 2269 1215 2301 comunis
1238 2273 1271 2300 et
1294 2268 1458 2300 bominum
1474 2267 1560 2300 dicte
1583 2268 1722 2300 civitatis
1737 2267 1882 2310 predicta

273 2322 381 2354 omnia
407 2324 442 2354 et
467 2321 594 2364 singula
616 2321 786 2354 attendere
810 2324 843 2353 et
866 2321 1037 2353 observare
1061 2324 1094 2352 et
1120 2324 1278 2362 perpetuo
1302 2324 1414 2352 contra
1441 2330 1504 2352 non
1527 2320 1636 2352 venire
1667 2321 1699 2352 in
1726 2323 1795 2351 toto
1823 2330 1882 2351 noc

273 2373 306 2404 in
328 2374 422 2414 parte
445 2372 542 2414 dicto,
566 2373 663 2414 facto,
687 2373 829 2414 consilio,
854 2373 975 2405 auxilio
998 2373 1050 2405 vel
1074 2382 1183 2414 opere.

337 2423 380 2456 Et
403 2423 443 2456 de
466 2423 620 2466 predictis
643 2425 771 2467 rogavit
793 2435 845 2457 me
868 2425 1044 2464 notarium,
1067 2427 1102 2456 ut
1123 2424 1198 2455 inde
1222 2423 1415 2456 conficerem
1438 2422 1602 2466 publicum
1624 2423 1882 2455 instrumentum.

335 2474 454 2507 Actum
475 2478 512 2507 ut
533 2486 639 2518 supra,
662 2476 867 2518 presentibus
889 2476 1114 2518 suprascriptis
1137 2475 1282 2508 testibus.

186 2572 212 2592 4„
340 2550 385 2594 (S.
402 2551 457 2593 N.)
501 2550 592 2595 Egob
615 2553 812 2586 Rubertinus
842 2554 963 2586 Burrus
991 2553 1075 2585 iilius
1105 2552 1226 2585 domini
1248 2553 1390 2585 Vercelli
1418 2553 1557 2585 civitatis
1585 2552 1760 2585 Mediolani
1793 2559 1884 2595 porto

231 2602 379 2636 Romane
402 2603 549 2645 publicus
571 2605 763 2638 auctoritate
786 2605 947 2648 imperiali
970 2608 1003 2637 et
1026 2604 1104 2637 dicti
1123 2604 1243 2636 domini
1267 2629 1274 2636 .
1290 2629 1298 2636 .
1319 2605 1430 2637 vicarii
1452 2605 1606 2645 notarius,
1629 2614 1757 2636 camere
1774 2603 1887 2646 palatii

231 2655 375 2704 comunis
391 2654 569 2688 Mediolani
592 2656 634 2688 ad
648 2657 896 2690 reformationes
913 2657 1117 2689 consiliorum
1133 2656 1211 2689 dicti
1226 2658 1370 2689 comunis
1385 2656 1586 2697 constitutus,
1610 2656 1763 2699 predictis
1786 2657 1885 2688 inter·

336 2735 401 2764 821.
429 2737 452 2770 ⁸)
470 2746 537 2764 corr.
556 2746 587 2764 ex
605 2741 701 2765 smum
720 2747 758 2765 or.
846 2738 871 2771 b)
890 2739 946 2765 alia
964 2747 1058 2765 manua
1075 2748 1114 2765 or.

336 2792 362 2826 1)
382 2791 522 2819 Sermtum
540 2800 597 2819 non
615 2795 662 2821 est.

1896 985 1949 1006 Dec.
1959 987 1991 1007 10.
