<?xml version="1.0" encoding="UTF-8"?>
<!DOCTYPE html PUBLIC "-//W3C//DTD XHTML 1.0 Transitional//EN"
    "http://www.w3.org/TR/xhtml1/DTD/xhtml1-transitional.dtd">
<html xmlns="http://www.w3.org/1999/xhtml" xml:lang="en" lang="en">
 <head>
  <title>
</title>
<meta http-equiv="Content-Type" content="text/html;charset=utf-8" />
  <meta name='ocr-system' content='tesseract 3.04.00' />
  <meta name='ocr-capabilities' content='ocr_page ocr_carea ocr_par ocr_line ocrx_word'/>
</head>
<body>
  <div class='ocr_page' id='page_1' title='image "./monumentagerma05geseuoft_0573.png"; bbox 0 0 2184 3126; ppageno 0'>
   <div class='ocr_carea' id='block_1_1' title="bbox 157 703 183 723">
    <p class='ocr_par' dir='ltr' id='par_1_1' title="bbox 157 703 183 723">
     <span class='ocr_line' id='line_1_1' title="bbox 157 703 183 723; baseline 0 0"><span class='ocrx_word' id='word_1_1' title='bbox 157 703 183 723; x_wconf 79' lang='lat'><strong>1⁰</strong></span> 
     </span>
    </p>
   </div>
   <div class='ocr_carea' id='block_1_2' title="bbox 156 960 182 981">
    <p class='ocr_par' dir='ltr' id='par_1_2' title="bbox 156 960 182 981">
     <span class='ocr_line' id='line_1_2' title="bbox 156 960 182 981; baseline -0.038 0"><span class='ocrx_word' id='word_1_2' title='bbox 156 960 182 981; x_wconf 73' lang='lat' dir='ltr'><strong>u</strong></span> 
     </span>
    </p>
   </div>
   <div class='ocr_carea' id='block_1_3' title="bbox 157 2698 185 2718">
    <p class='ocr_par' dir='ltr' id='par_1_3' title="bbox 157 2698 185 2718">
     <span class='ocr_line' id='line_1_3' title="bbox 157 2698 185 2718; baseline 0 0"><span class='ocrx_word' id='word_1_3' title='bbox 157 2698 185 2718; x_wconf 65' lang='lat' dir='ltr'>ss</span> 
     </span>
    </p>
   </div>
   <div class='ocr_carea' id='block_1_4' title="bbox 426 140 1858 173">
    <p class='ocr_par' dir='ltr' id='par_1_4' title="bbox 426 140 1858 173">
     <span class='ocr_line' id='line_1_4' title="bbox 426 140 1858 173; baseline -0.002 -3"><span class='ocrx_word' id='word_1_4' title='bbox 426 142 523 170; x_wconf 77' lang='lat' dir='ltr'>ACTA</span> <span class='ocrx_word' id='word_1_5' title='bbox 541 141 655 170; x_wconf 72' lang='lat' dir='ltr'>REGNI</span> <span class='ocrx_word' id='word_1_6' title='bbox 676 141 859 169; x_wconf 79' lang='lat' dir='ltr'>LUDEWICI</span> <span class='ocrx_word' id='word_1_7' title='bbox 880 141 927 168; x_wconf 91' lang='lat' dir='ltr'><strong>1v.</strong></span> <span class='ocrx_word' id='word_1_8' title='bbox 946 140 993 168; x_wconf 80' lang='grc' dir='ltr'><strong>ΕΤ</strong></span> <span class='ocrx_word' id='word_1_9' title='bbox 1011 140 1199 168; x_wconf 73' lang='lat' dir='ltr'><strong>Ffflnssalcl</strong></span> <span class='ocrx_word' id='word_1_10' title='bbox 1219 140 1268 168; x_wconf 79' lang='lat'>1¹1.</span> <span class='ocrx_word' id='word_1_11' title='bbox 1306 140 1380 168; x_wconf 80' lang='lat'>1822.</span> <span class='ocrx_word' id='word_1_12' title='bbox 1417 140 1465 167; x_wconf 87' lang='lat' dir='ltr'><strong>Nr.</strong></span> <span class='ocrx_word' id='word_1_13' title='bbox 1478 140 1536 168; x_wconf 80' lang='lat'>669.</span> <span class='ocrx_word' id='word_1_14' title='bbox 1555 141 1614 168; x_wconf 81' lang='grc'><strong>670.</strong></span> <span class='ocrx_word' id='word_1_15' title='bbox 1795 144 1858 173; x_wconf 79' lang='grc'><strong>533</strong></span> 
     </span>
    </p>
   </div>
   <div class='ocr_carea' id='block_1_5' title="bbox 199 228 1860 1352">
    <p class='ocr_par' dir='ltr' id='par_1_5' title="bbox 199 228 1860 1352">
     <span class='ocr_line' id='line_1_5' title="bbox 202 228 1860 272; baseline -0.002 -10"><span class='ocrx_word' id='word_1_16' title='bbox 202 230 404 272; x_wconf 87' lang='lat' dir='ltr'><strong>imperatoris</strong></span> <span class='ocrx_word' id='word_1_17' title='bbox 428 233 502 261; x_wconf 88' lang='lat' dir='ltr'><strong>tunc</strong></span> <span class='ocrx_word' id='word_1_18' title='bbox 526 230 612 271; x_wconf 86' lang='lat' dir='ltr'><strong>regis</strong></span> <span class='ocrx_word' id='word_1_19' title='bbox 637 232 670 261; x_wconf 90' lang='lat' dir='ltr'><strong>et</strong></span> <span class='ocrx_word' id='word_1_20' title='bbox 693 232 777 261; x_wconf 89' lang='lat' dir='ltr'><strong>ante.</strong></span> <span class='ocrx_word' id='word_1_21' title='bbox 814 228 900 261; x_wconf 86' lang='lat' dir='ltr'><strong>Rata</strong></span> <span class='ocrx_word' id='word_1_22' title='bbox 923 231 956 261; x_wconf 87' lang='lat' dir='ltr'><strong>et</strong></span> <span class='ocrx_word' id='word_1_23' title='bbox 978 228 1070 260; x_wconf 85' lang='lat' dir='ltr'><strong>firma</strong></span> <span class='ocrx_word' id='word_1_24' title='bbox 1085 230 1272 260; x_wconf 80' lang='lat' dir='ltr'><strong>remanente</strong></span> <span class='ocrx_word' id='word_1_25' title='bbox 1288 228 1359 270; x_wconf 84' lang='lat' dir='ltr'><strong>ipsa</strong></span> <span class='ocrx_word' id='word_1_26' title='bbox 1374 228 1534 259; x_wconf 84' lang='lat' dir='ltr'><strong>sententia</strong></span> <span class='ocrx_word' id='word_1_27' title='bbox 1549 230 1661 259; x_wconf 83' lang='lat' dir='ltr'><strong>contra</strong></span> <span class='ocrx_word' id='word_1_28' title='bbox 1677 228 1860 259; x_wconf 81' lang='lat' dir='ltr'><strong>nominatos</strong></span> 
     </span>
     <span class='ocr_line' id='line_1_6' title="bbox 202 278 1859 324; baseline -0.003 -10"><span class='ocrx_word' id='word_1_29' title='bbox 202 283 232 314; x_wconf 92' lang='lat' dir='ltr'><strong>in</strong></span> <span class='ocrx_word' id='word_1_30' title='bbox 257 282 326 324; x_wconf 88' lang='lat' dir='ltr'><strong>ipsa</strong></span> <span class='ocrx_word' id='word_1_31' title='bbox 350 285 383 314; x_wconf 90' lang='lat' dir='ltr'><strong>et</strong></span> <span class='ocrx_word' id='word_1_32' title='bbox 406 291 516 314; x_wconf 90' lang='lat' dir='ltr'><strong>eorum</strong></span> <span class='ocrx_word' id='word_1_33' title='bbox 539 291 696 323; x_wconf 76' lang='lat' dir='ltr'><strong>sequaces</strong></span> <span class='ocrx_word' id='word_1_34' title='bbox 720 280 858 313; x_wconf 82' lang='lat' dir='ltr'><strong>rebelles</strong></span> <span class='ocrx_word' id='word_1_35' title='bbox 881 284 915 312; x_wconf 87' lang='lat' dir='ltr'><strong>et</strong></span> <span class='ocrx_word' id='word_1_36' title='bbox 937 280 1082 312; x_wconf 86' lang='lat' dir='ltr'><strong>inimicos</strong></span> <span class='ocrx_word' id='word_1_37' title='bbox 1105 280 1187 311; x_wconf 85' lang='lat' dir='ltr'><strong>sacri</strong></span> <span class='ocrx_word' id='word_1_38' title='bbox 1210 279 1338 321; x_wconf 88' lang='lat' dir='ltr'><strong>imperii</strong></span> <span class='ocrx_word' id='word_1_39' title='bbox 1361 282 1394 311; x_wconf 90' lang='lat' dir='ltr'><strong>et</strong></span> <span class='ocrx_word' id='word_1_40' title='bbox 1416 289 1527 311; x_wconf 90' lang='lat' dir='ltr'><strong>eorum</strong></span> <span class='ocrx_word' id='word_1_41' title='bbox 1551 288 1603 310; x_wconf 89' lang='lat' dir='ltr'><strong>res</strong></span> <span class='ocrx_word' id='word_1_42' title='bbox 1627 281 1660 310; x_wconf 90' lang='lat' dir='ltr'><strong>et</strong></span> <span class='ocrx_word' id='word_1_43' title='bbox 1683 278 1777 318; x_wconf 84' lang='lat' dir='ltr'><strong>bona,</strong></span> <span class='ocrx_word' id='word_1_44' title='bbox 1801 288 1859 320; x_wconf 90' lang='lat' dir='ltr'><strong>pro</strong></span> 
     </span>
     <span class='ocr_line' id='line_1_7' title="bbox 202 330 1859 376; baseline -0.002 -11"><span class='ocrx_word' id='word_1_45' title='bbox 202 333 318 376; x_wconf 90' lang='lat' dir='ltr'><strong>quibus</strong></span> <span class='ocrx_word' id='word_1_46' title='bbox 346 333 442 365; x_wconf 90' lang='lat' dir='ltr'><strong>nichil</strong></span> <span class='ocrx_word' id='word_1_47' title='bbox 470 333 599 375; x_wconf 90' lang='lat' dir='ltr'><strong>petitur.</strong></span> <span class='ocrx_word' id='word_1_48' title='bbox 645 331 809 364; x_wconf 83' lang='lat' dir='ltr'><strong>Faciendo</strong></span> <span class='ocrx_word' id='word_1_49' title='bbox 838 331 1071 363; x_wconf 82' lang='lat' dir='ltr'><strong>confessionem</strong></span> <span class='ocrx_word' id='word_1_50' title='bbox 1100 333 1134 363; x_wconf 82' lang='lat' dir='ltr'><strong>et</strong></span> <span class='ocrx_word' id='word_1_51' title='bbox 1163 331 1259 363; x_wconf 80' lang='lat' dir='ltr'><strong>finem</strong></span> <span class='ocrx_word' id='word_1_52' title='bbox 1287 334 1321 363; x_wconf 91' lang='lat' dir='ltr'><strong>et</strong></span> <span class='ocrx_word' id='word_1_53' title='bbox 1342 331 1565 362; x_wconf 79' lang='lat' dir='ltr'><strong>remissionem</strong></span> <span class='ocrx_word' id='word_1_54' title='bbox 1588 330 1775 372; x_wconf 77' lang='lat' dir='ltr'><strong>generalem</strong></span> <span class='ocrx_word' id='word_1_55' title='bbox 1799 330 1859 372; x_wconf 90' lang='lat' dir='ltr'><strong>ipsi</strong></span> 
     </span>
     <span class='ocr_line' id='line_1_8' title="bbox 202 381 1859 425; baseline -0.002 -9"><span class='ocrx_word' id='word_1_56' title='bbox 202 385 329 417; x_wconf 90' lang='lat' dir='ltr'><strong>comuni</strong></span> <span class='ocrx_word' id='word_1_57' title='bbox 353 388 386 416; x_wconf 90' lang='lat' dir='ltr'><strong>et</strong></span> <span class='ocrx_word' id='word_1_58' title='bbox 408 385 528 416; x_wconf 90' lang='lat' dir='ltr'><strong>civitati</strong></span> <span class='ocrx_word' id='word_1_59' title='bbox 543 384 767 416; x_wconf 85' lang='lat' dir='ltr'><strong>Vercellarum</strong></span> <span class='ocrx_word' id='word_1_60' title='bbox 791 383 831 415; x_wconf 88' lang='lat' dir='ltr'><strong>de</strong></span> <span class='ocrx_word' id='word_1_61' title='bbox 855 382 1002 415; x_wconf 91' lang='lat' dir='ltr'><strong>omnibus</strong></span> <span class='ocrx_word' id='word_1_62' title='bbox 1024 383 1180 425; x_wconf 83' lang='lat' dir='ltr'><strong>peccunia</strong></span> <span class='ocrx_word' id='word_1_63' title='bbox 1205 381 1447 425; x_wconf 77' lang='lat' dir='ltr'><strong>quantitatibus,</strong></span> <span class='ocrx_word' id='word_1_64' title='bbox 1474 392 1554 424; x_wconf 78' lang='lat' dir='ltr'><strong>quas</strong></span> <span class='ocrx_word' id='word_1_65' title='bbox 1577 381 1698 413; x_wconf 88' lang='lat' dir='ltr'><strong>dictum</strong></span> <span class='ocrx_word' id='word_1_66' title='bbox 1722 391 1859 413; x_wconf 88' lang='lat' dir='ltr'><strong>comune</strong></span> 
     </span>
     <span class='ocr_line' id='line_1_9' title="bbox 202 433 1858 476; baseline -0.002 -8"><span class='ocrx_word' id='word_1_67' title='bbox 202 439 235 468; x_wconf 86' lang='lat' dir='ltr'><strong>et</strong></span> <span class='ocrx_word' id='word_1_68' title='bbox 261 435 407 468; x_wconf 87' lang='lat' dir='ltr'><strong>homines</strong></span> <span class='ocrx_word' id='word_1_69' title='bbox 422 435 644 468; x_wconf 85' lang='lat' dir='ltr'><strong>Vercellarum</strong></span> <span class='ocrx_word' id='word_1_70' title='bbox 668 435 746 467; x_wconf 87' lang='lat' dir='ltr'><strong>dare</strong></span> <span class='ocrx_word' id='word_1_71' title='bbox 775 434 933 467; x_wconf 88' lang='lat' dir='ltr'><strong>deberent</strong></span> <span class='ocrx_word' id='word_1_72' title='bbox 962 438 995 467; x_wconf 89' lang='lat' dir='ltr'><strong>et</strong></span> <span class='ocrx_word' id='word_1_73' title='bbox 1023 438 1209 467; x_wconf 87' lang='lat' dir='ltr'><strong>tenerentur</strong></span> <span class='ocrx_word' id='word_1_74' title='bbox 1238 445 1296 476; x_wconf 88' lang='lat' dir='ltr'><strong>pro</strong></span> <span class='ocrx_word' id='word_1_75' title='bbox 1323 435 1414 476; x_wconf 87' lang='lat' dir='ltr'><strong>penis</strong></span> <span class='ocrx_word' id='word_1_76' title='bbox 1443 438 1477 466; x_wconf 89' lang='lat' dir='ltr'><strong>et</strong></span> <span class='ocrx_word' id='word_1_77' title='bbox 1503 444 1695 476; x_wconf 86' lang='lat' dir='ltr'><strong>quacunque</strong></span> <span class='ocrx_word' id='word_1_78' title='bbox 1725 433 1790 465; x_wconf 88' lang='lat' dir='ltr'><strong>alia</strong></span> <span class='ocrx_word' id='word_1_79' title='bbox 1818 433 1858 465; x_wconf 89' lang='lat' dir='ltr'><strong>dc</strong></span> 
     </span>
     <span class='ocr_line' id='line_1_10' title="bbox 202 485 1815 528; baseline -0.001 -9"><span class='ocrx_word' id='word_1_80' title='bbox 202 498 300 520; x_wconf 85' lang='lat' dir='ltr'><strong>causa</strong></span> <span class='ocrx_word' id='word_1_81' title='bbox 322 487 352 519; x_wconf 91' lang='lat' dir='ltr'><strong>in</strong></span> <span class='ocrx_word' id='word_1_82' title='bbox 377 487 565 528; x_wconf 86' lang='lat' dir='ltr'><strong>preteritum</strong></span> <span class='ocrx_word' id='word_1_83' title='bbox 588 486 669 518; x_wconf 86' lang='lat' dir='ltr'><strong>divis</strong></span> <span class='ocrx_word' id='word_1_84' title='bbox 692 486 911 518; x_wconf 89' lang='lat' dir='ltr'><strong>Romanorum</strong></span> <span class='ocrx_word' id='word_1_85' title='bbox 935 486 1183 528; x_wconf 81' lang='lat' dir='ltr'><strong>imperatoribus</strong></span> <span class='ocrx_word' id='word_1_86' title='bbox 1206 490 1239 518; x_wconf 90' lang='lat' dir='ltr'><strong>et</strong></span> <span class='ocrx_word' id='word_1_87' title='bbox 1262 485 1392 528; x_wconf 81' lang='lat' dir='ltr'><strong>regibus</strong></span> <span class='ocrx_word' id='word_1_88' title='bbox 1415 496 1471 518; x_wconf 88' lang='lat' dir='ltr'><strong>seu</strong></span> <span class='ocrx_word' id='word_1_89' title='bbox 1495 495 1622 517; x_wconf 87' lang='lat' dir='ltr'><strong>camere</strong></span> <span class='ocrx_word' id='word_1_90' title='bbox 1646 485 1815 527; x_wconf 87' lang='lat' dir='ltr'><strong>imperiali.</strong></span> 
     </span>
     <span class='ocr_line' id='line_1_11' title="bbox 310 536 1858 580; baseline -0.001 -10"><span class='ocrx_word' id='word_1_91' title='bbox 310 540 339 570; x_wconf 87' lang='lat'><strong>3.</strong></span> <span class='ocrx_word' id='word_1_92' title='bbox 363 538 446 570; x_wconf 87' lang='lat' dir='ltr'><strong>Item</strong></span> <span class='ocrx_word' id='word_1_93' title='bbox 470 538 556 580; x_wconf 90' lang='lat' dir='ltr'><strong>quod</strong></span> <span class='ocrx_word' id='word_1_94' title='bbox 579 539 649 580; x_wconf 89' lang='lat' dir='ltr'><strong>ipse</strong></span> <span class='ocrx_word' id='word_1_95' title='bbox 673 537 820 569; x_wconf 89' lang='lat' dir='ltr'><strong>dominus</strong></span> <span class='ocrx_word' id='word_1_96' title='bbox 848 548 905 569; x_wconf 86' lang='lat' dir='ltr'><strong>rex</strong></span> <span class='ocrx_word' id='word_1_97' title='bbox 930 537 1027 570; x_wconf 86' lang='lat' dir='ltr'><strong>faciet</strong></span> <span class='ocrx_word' id='word_1_98' title='bbox 1057 542 1090 570; x_wconf 89' lang='lat' dir='ltr'><strong>et</strong></span> <span class='ocrx_word' id='word_1_99' title='bbox 1112 537 1268 569; x_wconf 83' lang='lat' dir='ltr'><strong>concedet</strong></span> <span class='ocrx_word' id='word_1_100' title='bbox 1292 538 1419 569; x_wconf 90' lang='lat' dir='ltr'><strong>comuni</strong></span> <span class='ocrx_word' id='word_1_101' title='bbox 1443 542 1475 570; x_wconf 90' lang='lat' dir='ltr'><strong>et</strong></span> <span class='ocrx_word' id='word_1_102' title='bbox 1498 537 1619 569; x_wconf 82' lang='lat' dir='ltr'><strong>civitati</strong></span> <span class='ocrx_word' id='word_1_103' title='bbox 1636 536 1858 569; x_wconf 84' lang='lat' dir='ltr'><strong>Vercellarum</strong></span> 
     </span>
     <span class='ocr_line' id='line_1_12' title="bbox 200 588 1860 631; baseline -0.001 -9"><span class='ocrx_word' id='word_1_104' title='bbox 200 593 234 622; x_wconf 85' lang='lat' dir='ltr'><strong>et</strong></span> <span class='ocrx_word' id='word_1_105' title='bbox 256 589 404 622; x_wconf 85' lang='lat' dir='ltr'><strong>fidelibus</strong></span> <span class='ocrx_word' id='word_1_106' title='bbox 426 589 553 631; x_wconf 85' lang='lat' dir='ltr'><strong>imperii</strong></span> <span class='ocrx_word' id='word_1_107' title='bbox 575 599 657 621; x_wconf 90' lang='lat' dir='ltr'><strong>nunc</strong></span> <span class='ocrx_word' id='word_1_108' title='bbox 680 590 784 631; x_wconf 83' lang='lat' dir='ltr'><strong>ipsam</strong></span> <span class='ocrx_word' id='word_1_109' title='bbox 800 590 962 621; x_wconf 85' lang='lat' dir='ltr'><strong>civitatem</strong></span> <span class='ocrx_word' id='word_1_110' title='bbox 985 588 1168 621; x_wconf 88' lang='lat' dir='ltr'><strong>tenentibus</strong></span> <span class='ocrx_word' id='word_1_111' title='bbox 1191 588 1280 628; x_wconf 89' lang='lat' dir='ltr'><strong>illud,</strong></span> <span class='ocrx_word' id='word_1_112' title='bbox 1305 588 1390 631; x_wconf 89' lang='lat' dir='ltr'><strong>quod</strong></span> <span class='ocrx_word' id='word_1_113' title='bbox 1414 589 1491 621; x_wconf 78' lang='lat' dir='ltr'><strong>fecit</strong></span> <span class='ocrx_word' id='word_1_114' title='bbox 1513 591 1546 620; x_wconf 88' lang='lat' dir='ltr'><strong>et</strong></span> <span class='ocrx_word' id='word_1_115' title='bbox 1569 589 1736 629; x_wconf 85' lang='lat' dir='ltr'><strong>concessit,</strong></span> <span class='ocrx_word' id='word_1_116' title='bbox 1761 588 1860 620; x_wconf 82' lang='lat' dir='ltr'><strong>faciet</strong></span> 
     </span>
     <span class='ocr_line' id='line_1_13' title="bbox 201 639 1858 682; baseline -0.002 -8"><span class='ocrx_word' id='word_1_117' title='bbox 201 645 234 673; x_wconf 83' lang='lat' dir='ltr'><strong>et</strong></span> <span class='ocrx_word' id='word_1_118' title='bbox 256 641 413 674; x_wconf 84' lang='lat' dir='ltr'><strong>concedet</strong></span> <span class='ocrx_word' id='word_1_119' title='bbox 436 641 563 673; x_wconf 89' lang='lat' dir='ltr'><strong>comuni</strong></span> <span class='ocrx_word' id='word_1_120' title='bbox 587 644 620 672; x_wconf 88' lang='lat' dir='ltr'><strong>et</strong></span> <span class='ocrx_word' id='word_1_121' title='bbox 643 641 762 672; x_wconf 88' lang='lat' dir='ltr'><strong>civitati</strong></span> <span class='ocrx_word' id='word_1_122' title='bbox 779 640 954 672; x_wconf 79' lang='lat' dir='ltr'><strong>Mediolani</strong></span> <span class='ocrx_word' id='word_1_123' title='bbox 978 644 1011 673; x_wconf 92' lang='lat' dir='ltr'><strong>et</strong></span> <span class='ocrx_word' id='word_1_124' title='bbox 1027 640 1173 672; x_wconf 84' lang='lat' dir='ltr'><strong>fidelibus</strong></span> <span class='ocrx_word' id='word_1_125' title='bbox 1189 639 1334 672; x_wconf 86' lang='lat' dir='ltr'><strong>eiusdem</strong></span> <span class='ocrx_word' id='word_1_126' title='bbox 1351 641 1490 672; x_wconf 83' lang='lat' dir='ltr'><strong>civitatis</strong></span> <span class='ocrx_word' id='word_1_127' title='bbox 1500 641 1521 680; x_wconf 81' lang='lat'><strong>¹,</strong></span> <span class='ocrx_word' id='word_1_128' title='bbox 1545 650 1642 682; x_wconf 85' lang='lat' dir='ltr'><strong>super</strong></span> <span class='ocrx_word' id='word_1_129' title='bbox 1664 643 1748 672; x_wconf 81' lang='lat' dir='ltr'><strong>statu</strong></span> <span class='ocrx_word' id='word_1_130' title='bbox 1772 639 1858 671; x_wconf 89' lang='lat' dir='ltr'><strong>dicte</strong></span> 
     </span>
     <span class='ocr_line' id='line_1_14' title="bbox 200 691 1857 734; baseline -0.001 -10"><span class='ocrx_word' id='word_1_131' title='bbox 200 693 338 725; x_wconf 86' lang='lat' dir='ltr'><strong>civitatis</strong></span> <span class='ocrx_word' id='word_1_132' title='bbox 362 692 584 725; x_wconf 88' lang='lat' dir='ltr'><strong>Vercellarum</strong></span> <span class='ocrx_word' id='word_1_133' title='bbox 613 695 645 724; x_wconf 89' lang='lat' dir='ltr'><strong>et</strong></span> <span class='ocrx_word' id='word_1_134' title='bbox 668 691 836 724; x_wconf 78' lang='lat' dir='ltr'><strong>rebellium</strong></span> <span class='ocrx_word' id='word_1_135' title='bbox 862 693 974 734; x_wconf 88' lang='lat' dir='ltr'><strong>ipsius,</strong></span> <span class='ocrx_word' id='word_1_136' title='bbox 1007 697 1040 724; x_wconf 90' lang='lat' dir='ltr'><strong>et</strong></span> <span class='ocrx_word' id='word_1_137' title='bbox 1066 691 1153 734; x_wconf 89' lang='lat' dir='ltr'><strong>quod</strong></span> <span class='ocrx_word' id='word_1_138' title='bbox 1181 692 1251 734; x_wconf 90' lang='lat' dir='ltr'><strong>ipse</strong></span> <span class='ocrx_word' id='word_1_139' title='bbox 1279 692 1427 723; x_wconf 89' lang='lat' dir='ltr'><strong>dominus</strong></span> <span class='ocrx_word' id='word_1_140' title='bbox 1456 701 1514 723; x_wconf 86' lang='lat' dir='ltr'><strong>rex</strong></span> <span class='ocrx_word' id='word_1_141' title='bbox 1538 691 1661 723; x_wconf 85' lang='lat' dir='ltr'><strong>tenebit</strong></span> <span class='ocrx_word' id='word_1_142' title='bbox 1683 691 1857 729; x_wconf 87' lang='lat' dir='ltr'><strong>civitatem,</strong></span> 
     </span>
     <span class='ocr_line' id='line_1_15' title="bbox 200 741 1858 785; baseline -0.002 -9"><span class='ocrx_word' id='word_1_143' title='bbox 200 754 336 776; x_wconf 86' lang='lat' dir='ltr'><strong>comune</strong></span> <span class='ocrx_word' id='word_1_144' title='bbox 360 746 393 776; x_wconf 89' lang='lat' dir='ltr'><strong>et</strong></span> <span class='ocrx_word' id='word_1_145' title='bbox 415 744 561 776; x_wconf 87' lang='lat' dir='ltr'><strong>homines</strong></span> <span class='ocrx_word' id='word_1_146' title='bbox 583 747 616 776; x_wconf 91' lang='lat' dir='ltr'><strong>et</strong></span> <span class='ocrx_word' id='word_1_147' title='bbox 639 743 816 775; x_wconf 89' lang='lat' dir='ltr'><strong>districtum</strong></span> <span class='ocrx_word' id='word_1_148' title='bbox 832 743 1053 776; x_wconf 85' lang='lat' dir='ltr'><strong>Vercellarum</strong></span> <span class='ocrx_word' id='word_1_149' title='bbox 1077 744 1109 775; x_wconf 87' lang='lat' dir='ltr'><strong>in</strong></span> <span class='ocrx_word' id='word_1_150' title='bbox 1132 743 1201 775; x_wconf 89' lang='lat' dir='ltr'><strong>eius</strong></span> <span class='ocrx_word' id='word_1_151' title='bbox 1216 743 1416 785; x_wconf 86' lang='lat' dir='ltr'><strong>protectione</strong></span> <span class='ocrx_word' id='word_1_152' title='bbox 1441 745 1474 775; x_wconf 90' lang='lat' dir='ltr'><strong>et</strong></span> <span class='ocrx_word' id='word_1_153' title='bbox 1495 743 1610 785; x_wconf 84' lang='lat' dir='ltr'><strong>gratia,</strong></span> <span class='ocrx_word' id='word_1_154' title='bbox 1634 741 1858 774; x_wconf 87' lang='lat' dir='ltr'><strong>tantummodo</strong></span> 
     </span>
     <span class='ocr_line' id='line_1_16' title="bbox 199 794 1858 837; baseline -0.001 -10"><span class='ocrx_word' id='word_1_155' title='bbox 199 795 278 828; x_wconf 89' lang='lat' dir='ltr'><strong>nulli</strong></span> <span class='ocrx_word' id='word_1_156' title='bbox 305 795 360 828; x_wconf 89' lang='lat' dir='ltr'><strong>alii</strong></span> <span class='ocrx_word' id='word_1_157' title='bbox 387 806 458 827; x_wconf 88' lang='lat' dir='ltr'><strong>eam</strong></span> <span class='ocrx_word' id='word_1_158' title='bbox 483 795 647 827; x_wconf 88' lang='lat' dir='ltr'><strong>civitatem</strong></span> <span class='ocrx_word' id='word_1_159' title='bbox 670 794 886 827; x_wconf 85' lang='lat' dir='ltr'><strong>concedendo.</strong></span> <span class='ocrx_word' id='word_1_160' title='bbox 932 794 975 827; x_wconf 87' lang='lat' dir='ltr'><strong>Et</strong></span> <span class='ocrx_word' id='word_1_161' title='bbox 998 794 1084 837; x_wconf 92' lang='lat' dir='ltr'><strong>quod</strong></span> <span class='ocrx_word' id='word_1_162' title='bbox 1110 805 1174 826; x_wconf 91' lang='lat' dir='ltr'><strong>non</strong></span> <span class='ocrx_word' id='word_1_163' title='bbox 1202 794 1299 826; x_wconf 74' lang='lat' dir='ltr'><strong>faciet</strong></span> <span class='ocrx_word' id='word_1_164' title='bbox 1322 804 1380 826; x_wconf 90' lang='lat' dir='ltr'><strong>nec</strong></span> <span class='ocrx_word' id='word_1_165' title='bbox 1410 794 1566 826; x_wconf 87' lang='lat' dir='ltr'><strong>concedet</strong></span> <span class='ocrx_word' id='word_1_166' title='bbox 1595 794 1692 825; x_wconf 88' lang='lat' dir='ltr'><strong>alicui</strong></span> <span class='ocrx_word' id='word_1_167' title='bbox 1720 803 1858 836; x_wconf 81' lang='lat' dir='ltr'><strong>persone</strong></span> 
     </span>
     <span class='ocr_line' id='line_1_17' title="bbox 199 845 1856 889; baseline -0.002 -10"><span class='ocrx_word' id='word_1_168' title='bbox 199 847 402 889; x_wconf 85' lang='lat' dir='ltr'><strong>privilegium</strong></span> <span class='ocrx_word' id='word_1_169' title='bbox 426 846 477 878; x_wconf 85' lang='lat' dir='ltr'><strong>vel</strong></span> <span class='ocrx_word' id='word_1_170' title='bbox 500 847 642 889; x_wconf 81' lang='lat' dir='ltr'><strong>graciam</strong></span> <span class='ocrx_word' id='word_1_171' title='bbox 666 846 807 888; x_wconf 83' lang='lat' dir='ltr'><strong>aliquam</strong></span> <span class='ocrx_word' id='word_1_172' title='bbox 831 847 863 878; x_wconf 91' lang='lat' dir='ltr'><strong>in</strong></span> <span class='ocrx_word' id='word_1_173' title='bbox 879 845 1122 878; x_wconf 87' lang='lat' dir='ltr'><strong>diminutionem</strong></span> <span class='ocrx_word' id='word_1_174' title='bbox 1143 846 1277 878; x_wconf 89' lang='lat' dir='ltr'><strong>alicuius</strong></span> <span class='ocrx_word' id='word_1_175' title='bbox 1300 846 1376 877; x_wconf 88' lang='lat' dir='ltr'><strong>iuris</strong></span> <span class='ocrx_word' id='word_1_176' title='bbox 1396 846 1540 877; x_wconf 88' lang='lat' dir='ltr'><strong>comunis</strong></span> <span class='ocrx_word' id='word_1_177' title='bbox 1564 850 1598 877; x_wconf 90' lang='lat' dir='ltr'><strong>et</strong></span> <span class='ocrx_word' id='word_1_178' title='bbox 1618 846 1758 877; x_wconf 83' lang='lat' dir='ltr'><strong>civitatis</strong></span> <span class='ocrx_word' id='word_1_179' title='bbox 1776 845 1856 877; x_wconf 88' lang='lat' dir='ltr'><strong>Ver-</strong></span> 
     </span>
     <span class='ocr_line' id='line_1_18' title="bbox 200 896 1857 940; baseline -0.002 -9"><span class='ocrx_word' id='word_1_180' title='bbox 200 898 353 931; x_wconf 88' lang='lat' dir='ltr'><strong>cellarum</strong></span> <span class='ocrx_word' id='word_1_181' title='bbox 377 898 418 930; x_wconf 89' lang='lat' dir='ltr'><strong>de</strong></span> <span class='ocrx_word' id='word_1_182' title='bbox 442 898 549 940; x_wconf 84' lang='lat' dir='ltr'><strong>aliquo</strong></span> <span class='ocrx_word' id='word_1_183' title='bbox 573 901 687 937; x_wconf 77' lang='lat' dir='ltr'><strong>castro,</strong></span> <span class='ocrx_word' id='word_1_184' title='bbox 713 897 829 939; x_wconf 90' lang='lat' dir='ltr'><strong>burgo,</strong></span> <span class='ocrx_word' id='word_1_185' title='bbox 854 897 942 938; x_wconf 90' lang='lat' dir='ltr'><strong>villa,</strong></span> <span class='ocrx_word' id='word_1_186' title='bbox 967 897 1148 930; x_wconf 89' lang='lat' dir='ltr'><strong>hominibus</strong></span> <span class='ocrx_word' id='word_1_187' title='bbox 1172 901 1206 929; x_wconf 90' lang='lat' dir='ltr'><strong>et</strong></span> <span class='ocrx_word' id='word_1_188' title='bbox 1228 897 1300 929; x_wconf 86' lang='lat' dir='ltr'><strong>loco</strong></span> <span class='ocrx_word' id='word_1_189' title='bbox 1324 907 1383 929; x_wconf 89' lang='lat' dir='ltr'><strong>nec</strong></span> <span class='ocrx_word' id='word_1_190' title='bbox 1407 896 1663 939; x_wconf 81' lang='lat' dir='ltr'><strong>possessionibus</strong></span> <span class='ocrx_word' id='word_1_191' title='bbox 1686 896 1857 939; x_wconf 82' lang='lat' dir='ltr'><strong>aliquibus,</strong></span> 
     </span>
     <span class='ocr_line' id='line_1_19' title="bbox 200 948 1813 992; baseline -0.002 -10"><span class='ocrx_word' id='word_1_192' title='bbox 200 960 262 992; x_wconf 86' lang='lat' dir='ltr'><strong>que</strong></span> <span class='ocrx_word' id='word_1_193' title='bbox 286 950 338 982; x_wconf 85' lang='lat' dir='ltr'><strong>vel</strong></span> <span class='ocrx_word' id='word_1_194' title='bbox 362 961 442 992; x_wconf 86' lang='lat' dir='ltr'><strong>quas</strong></span> <span class='ocrx_word' id='word_1_195' title='bbox 466 960 602 981; x_wconf 89' lang='lat' dir='ltr'><strong>comune</strong></span> <span class='ocrx_word' id='word_1_196' title='bbox 627 952 660 981; x_wconf 88' lang='lat' dir='ltr'><strong>et</strong></span> <span class='ocrx_word' id='word_1_197' title='bbox 682 949 828 981; x_wconf 89' lang='lat' dir='ltr'><strong>homines</strong></span> <span class='ocrx_word' id='word_1_198' title='bbox 843 948 1064 981; x_wconf 87' lang='lat' dir='ltr'><strong>Vercellarum</strong></span> <span class='ocrx_word' id='word_1_199' title='bbox 1089 949 1165 980; x_wconf 91' lang='lat' dir='ltr'><strong>olim</strong></span> <span class='ocrx_word' id='word_1_200' title='bbox 1189 952 1300 981; x_wconf 89' lang='lat' dir='ltr'><strong>tenere</strong></span> <span class='ocrx_word' id='word_1_201' title='bbox 1323 952 1356 980; x_wconf 89' lang='lat' dir='ltr'><strong>et</strong></span> <span class='ocrx_word' id='word_1_202' title='bbox 1378 948 1546 990; x_wconf 89' lang='lat' dir='ltr'><strong>possidere</strong></span> <span class='ocrx_word' id='word_1_203' title='bbox 1569 951 1813 980; x_wconf 86' lang='lat' dir='ltr'><strong>consueverunt.</strong></span> 
     </span>
     <span class='ocr_line' id='line_1_20' title="bbox 309 998 1859 1043; baseline -0.002 -10"><span class='ocrx_word' id='word_1_204' title='bbox 309 1004 338 1033; x_wconf 88' lang='grc'><strong>4.</strong></span> <span class='ocrx_word' id='word_1_205' title='bbox 367 1001 410 1033; x_wconf 77' lang='lat' dir='ltr'><strong>Et</strong></span> <span class='ocrx_word' id='word_1_206' title='bbox 436 1002 462 1032; x_wconf 88' lang='lat' dir='ltr'><strong>si</strong></span> <span class='ocrx_word' id='word_1_207' title='bbox 491 1001 662 1043; x_wconf 86' lang='lat' dir='ltr'><strong>contigerit</strong></span> <span class='ocrx_word' id='word_1_208' title='bbox 692 1002 766 1042; x_wconf 86' lang='lat' dir='ltr'><strong>post</strong></span> <span class='ocrx_word' id='word_1_209' title='bbox 793 1000 968 1032; x_wconf 90' lang='lat' dir='ltr'><strong>adventum</strong></span> <span class='ocrx_word' id='word_1_210' title='bbox 996 1001 1096 1042; x_wconf 90' lang='lat' dir='ltr'><strong>ipsius</strong></span> <span class='ocrx_word' id='word_1_211' title='bbox 1126 1000 1246 1032; x_wconf 90' lang='lat' dir='ltr'><strong>domini</strong></span> <span class='ocrx_word' id='word_1_212' title='bbox 1274 1000 1360 1042; x_wconf 83' lang='lat' dir='ltr'><strong>regis</strong></span> <span class='ocrx_word' id='word_1_213' title='bbox 1389 999 1467 1031; x_wconf 87' lang='lat' dir='ltr'><strong>dare</strong></span> <span class='ocrx_word' id='word_1_214' title='bbox 1502 1003 1644 1032; x_wconf 86' lang='lat' dir='ltr'><strong>rectores</strong></span> <span class='ocrx_word' id='word_1_215' title='bbox 1677 998 1859 1031; x_wconf 82' lang='lat' dir='ltr'><strong>civitatibus</strong></span> 
     </span>
     <span class='ocr_line' id='line_1_21' title="bbox 199 1052 1858 1095; baseline -0.001 -11"><span class='ocrx_word' id='word_1_216' title='bbox 199 1052 406 1094; x_wconf 86' lang='lat' dir='ltr'><strong>Lombardie,</strong></span> <span class='ocrx_word' id='word_1_217' title='bbox 432 1053 517 1095; x_wconf 91' lang='lat' dir='ltr'><strong>quod</strong></span> <span class='ocrx_word' id='word_1_218' title='bbox 541 1053 602 1094; x_wconf 92' lang='lat' dir='ltr'><strong>ipsi</strong></span> <span class='ocrx_word' id='word_1_219' title='bbox 626 1053 758 1093; x_wconf 86' lang='lat' dir='ltr'><strong>civitati,</strong></span> <span class='ocrx_word' id='word_1_220' title='bbox 786 1053 912 1084; x_wconf 89' lang='lat' dir='ltr'><strong>comuni</strong></span> <span class='ocrx_word' id='word_1_221' title='bbox 937 1056 971 1085; x_wconf 85' lang='lat' dir='ltr'><strong>et</strong></span> <span class='ocrx_word' id='word_1_222' title='bbox 993 1052 1174 1084; x_wconf 89' lang='lat' dir='ltr'><strong>hominibus</strong></span> <span class='ocrx_word' id='word_1_223' title='bbox 1197 1062 1260 1084; x_wconf 93' lang='lat' dir='ltr'><strong>non</strong></span> <span class='ocrx_word' id='word_1_224' title='bbox 1284 1052 1376 1084; x_wconf 89' lang='lat' dir='ltr'><strong>dabit</strong></span> <span class='ocrx_word' id='word_1_225' title='bbox 1398 1055 1558 1084; x_wconf 83' lang='lat' dir='ltr'><strong>rectorem</strong></span> <span class='ocrx_word' id='word_1_226' title='bbox 1582 1062 1641 1084; x_wconf 91' lang='lat' dir='ltr'><strong>nec</strong></span> <span class='ocrx_word' id='word_1_227' title='bbox 1663 1055 1858 1094; x_wconf 81' lang='lat' dir='ltr'><strong>potestatem</strong></span> 
     </span>
     <span class='ocr_line' id='line_1_22' title="bbox 200 1103 1859 1146; baseline -0.001 -10"><span class='ocrx_word' id='word_1_228' title='bbox 200 1105 260 1136; x_wconf 90' lang='lat' dir='ltr'><strong>nisi</strong></span> <span class='ocrx_word' id='word_1_229' title='bbox 283 1104 325 1136; x_wconf 87' lang='lat' dir='ltr'><strong>ad</strong></span> <span class='ocrx_word' id='word_1_230' title='bbox 348 1115 407 1136; x_wconf 87' lang='lat' dir='ltr'><strong>sex</strong></span> <span class='ocrx_word' id='word_1_231' title='bbox 422 1115 550 1136; x_wconf 87' lang='lat' dir='ltr'><strong>menses</strong></span> <span class='ocrx_word' id='word_1_232' title='bbox 575 1115 634 1136; x_wconf 90' lang='lat' dir='ltr'><strong>nec</strong></span> <span class='ocrx_word' id='word_1_233' title='bbox 657 1104 697 1136; x_wconf 90' lang='lat' dir='ltr'><strong>ad</strong></span> <span class='ocrx_word' id='word_1_234' title='bbox 714 1105 817 1136; x_wconf 88' lang='lat' dir='ltr'><strong>maius</strong></span> <span class='ocrx_word' id='word_1_235' title='bbox 833 1108 968 1146; x_wconf 85' lang='lat' dir='ltr'><strong>tempus.</strong></span> <span class='ocrx_word' id='word_1_236' title='bbox 1007 1104 1069 1141; x_wconf 86' lang='lat' dir='ltr'><strong>Qui</strong></span> <span class='ocrx_word' id='word_1_237' title='bbox 1092 1107 1198 1136; x_wconf 88' lang='lat' dir='ltr'><strong>rector</strong></span> <span class='ocrx_word' id='word_1_238' title='bbox 1220 1113 1350 1135; x_wconf 83' lang='lat' dir='ltr'><strong>servare</strong></span> <span class='ocrx_word' id='word_1_239' title='bbox 1373 1103 1493 1136; x_wconf 88' lang='lat' dir='ltr'><strong>debeat</strong></span> <span class='ocrx_word' id='word_1_240' title='bbox 1507 1107 1638 1143; x_wconf 83' lang='lat' dir='ltr'><strong>statuta,</strong></span> <span class='ocrx_word' id='word_1_241' title='bbox 1661 1103 1762 1135; x_wconf 88' lang='lat' dir='ltr'><strong>bonos</strong></span> <span class='ocrx_word' id='word_1_242' title='bbox 1784 1114 1859 1135; x_wconf 85' lang='lat' dir='ltr'><strong>usus</strong></span> 
     </span>
     <span class='ocr_line' id='line_1_23' title="bbox 202 1155 1859 1198; baseline -0.001 -10"><span class='ocrx_word' id='word_1_243' title='bbox 202 1159 235 1188; x_wconf 87' lang='lat' dir='ltr'><strong>et</strong></span> <span class='ocrx_word' id='word_1_244' title='bbox 257 1155 504 1188; x_wconf 86' lang='lat' dir='ltr'><strong>consuetudines</strong></span> <span class='ocrx_word' id='word_1_245' title='bbox 532 1155 616 1187; x_wconf 91' lang='lat' dir='ltr'><strong>dicte</strong></span> <span class='ocrx_word' id='word_1_246' title='bbox 640 1156 789 1188; x_wconf 89' lang='lat' dir='ltr'><strong>civitatis.</strong></span> <span class='ocrx_word' id='word_1_247' title='bbox 835 1156 939 1193; x_wconf 86' lang='lat' dir='ltr'><strong>Quem</strong></span> <span class='ocrx_word' id='word_1_248' title='bbox 963 1159 1122 1188; x_wconf 88' lang='lat' dir='ltr'><strong>rectorem</strong></span> <span class='ocrx_word' id='word_1_249' title='bbox 1145 1156 1214 1198; x_wconf 87' lang='lat' dir='ltr'><strong>ipse</strong></span> <span class='ocrx_word' id='word_1_250' title='bbox 1238 1155 1387 1187; x_wconf 88' lang='lat' dir='ltr'><strong>dominus</strong></span> <span class='ocrx_word' id='word_1_251' title='bbox 1412 1166 1469 1187; x_wconf 82' lang='lat' dir='ltr'><strong>rex</strong></span> <span class='ocrx_word' id='word_1_252' title='bbox 1492 1165 1551 1187; x_wconf 90' lang='lat' dir='ltr'><strong>nec</strong></span> <span class='ocrx_word' id='word_1_253' title='bbox 1575 1156 1644 1187; x_wconf 89' lang='lat' dir='ltr'><strong>eius</strong></span> <span class='ocrx_word' id='word_1_254' title='bbox 1667 1155 1772 1186; x_wconf 89' lang='lat' dir='ltr'><strong>nuncii</strong></span> <span class='ocrx_word' id='word_1_255' title='bbox 1795 1165 1859 1186; x_wconf 91' lang='lat' dir='ltr'><strong>non</strong></span> 
     </span>
     <span class='ocr_line' id='line_1_24' title="bbox 201 1205 1858 1250; baseline -0.001 -11"><span class='ocrx_word' id='word_1_256' title='bbox 201 1207 322 1239; x_wconf 89' lang='lat' dir='ltr'><strong>dabunt</strong></span> <span class='ocrx_word' id='word_1_257' title='bbox 342 1208 419 1250; x_wconf 88' lang='lat' dir='ltr'><strong>ipsis</strong></span> <span class='ocrx_word' id='word_1_258' title='bbox 436 1208 563 1239; x_wconf 91' lang='lat' dir='ltr'><strong>comuni</strong></span> <span class='ocrx_word' id='word_1_259' title='bbox 580 1211 613 1239; x_wconf 90' lang='lat' dir='ltr'><strong>et</strong></span> <span class='ocrx_word' id='word_1_260' title='bbox 627 1208 748 1239; x_wconf 88' lang='lat' dir='ltr'><strong>civitati</strong></span> <span class='ocrx_word' id='word_1_261' title='bbox 762 1207 983 1239; x_wconf 88' lang='lat' dir='ltr'><strong>Vercellarum</strong></span> <span class='ocrx_word' id='word_1_262' title='bbox 999 1218 1100 1249; x_wconf 89' lang='lat' dir='ltr'><strong>usque</strong></span> <span class='ocrx_word' id='word_1_263' title='bbox 1121 1207 1163 1239; x_wconf 82' lang='lat' dir='ltr'><strong>ad</strong></span> <span class='ocrx_word' id='word_1_264' title='bbox 1184 1206 1304 1239; x_wconf 87' lang='lat' dir='ltr'><strong>dictum</strong></span> <span class='ocrx_word' id='word_1_265' title='bbox 1326 1207 1394 1238; x_wconf 90' lang='lat' dir='ltr'><strong>eius</strong></span> <span class='ocrx_word' id='word_1_266' title='bbox 1410 1206 1583 1239; x_wconf 85' lang='lat' dir='ltr'><strong>adventum</strong></span> <span class='ocrx_word' id='word_1_267' title='bbox 1604 1207 1635 1238; x_wconf 92' lang='lat' dir='ltr'><strong>in</strong></span> <span class='ocrx_word' id='word_1_268' title='bbox 1651 1205 1858 1238; x_wconf 87' lang='lat' dir='ltr'><strong>Lombardia.</strong></span> 
     </span>
     <span class='ocr_line' id='line_1_25' title="bbox 309 1258 1860 1301; baseline -0.001 -11"><span class='ocrx_word' id='word_1_269' title='bbox 309 1262 338 1291; x_wconf 86' lang='lat'><strong>5.</strong></span> <span class='ocrx_word' id='word_1_270' title='bbox 374 1259 416 1291; x_wconf 85' lang='lat' dir='ltr'><strong>Et</strong></span> <span class='ocrx_word' id='word_1_271' title='bbox 443 1258 530 1301; x_wconf 92' lang='lat' dir='ltr'><strong>quod</strong></span> <span class='ocrx_word' id='word_1_272' title='bbox 557 1259 626 1300; x_wconf 89' lang='lat' dir='ltr'><strong>ipse</strong></span> <span class='ocrx_word' id='word_1_273' title='bbox 651 1258 798 1290; x_wconf 90' lang='lat' dir='ltr'><strong>dominus</strong></span> <span class='ocrx_word' id='word_1_274' title='bbox 825 1269 883 1291; x_wconf 88' lang='lat' dir='ltr'><strong>rex</strong></span> <span class='ocrx_word' id='word_1_275' title='bbox 911 1269 974 1291; x_wconf 91' lang='lat' dir='ltr'><strong>non</strong></span> <span class='ocrx_word' id='word_1_276' title='bbox 1002 1259 1095 1291; x_wconf 86' lang='lat' dir='ltr'><strong>mitet</strong></span> <span class='ocrx_word' id='word_1_277' title='bbox 1122 1269 1180 1291; x_wconf 91' lang='lat' dir='ltr'><strong>nec</strong></span> <span class='ocrx_word' id='word_1_278' title='bbox 1209 1259 1277 1290; x_wconf 90' lang='lat' dir='ltr'><strong>eius</strong></span> <span class='ocrx_word' id='word_1_279' title='bbox 1304 1259 1410 1290; x_wconf 92' lang='lat' dir='ltr'><strong>nuncii</strong></span> <span class='ocrx_word' id='word_1_280' title='bbox 1434 1258 1569 1290; x_wconf 62' lang='lat' dir='ltr'><strong>ducente</strong></span> <span class='ocrx_word' id='word_1_281' title='bbox 1597 1258 1722 1300; x_wconf 90' lang='lat' dir='ltr'><strong>aliquas</strong></span> <span class='ocrx_word' id='word_1_282' title='bbox 1745 1260 1860 1299; x_wconf 84' lang='lat' dir='ltr'><strong>gentes</strong></span> 
     </span>
     <span class='ocr_line' id='line_1_26' title="bbox 200 1309 1856 1352; baseline -0.001 -10"><span class='ocrx_word' id='word_1_283' title='bbox 200 1310 339 1343; x_wconf 87' lang='lat' dir='ltr'><strong>rebelles</strong></span> <span class='ocrx_word' id='word_1_284' title='bbox 362 1314 396 1342; x_wconf 89' lang='lat' dir='ltr'><strong>et</strong></span> <span class='ocrx_word' id='word_1_285' title='bbox 418 1311 562 1342; x_wconf 85' lang='lat' dir='ltr'><strong>inimicas</strong></span> <span class='ocrx_word' id='word_1_286' title='bbox 586 1310 627 1342; x_wconf 87' lang='lat' dir='ltr'><strong>ad</strong></span> <span class='ocrx_word' id='word_1_287' title='bbox 651 1311 753 1352; x_wconf 90' lang='lat' dir='ltr'><strong>ipsam</strong></span> <span class='ocrx_word' id='word_1_288' title='bbox 778 1311 940 1343; x_wconf 83' lang='lat' dir='ltr'><strong>civitatem</strong></span> <span class='ocrx_word' id='word_1_289' title='bbox 957 1310 1180 1342; x_wconf 88' lang='lat' dir='ltr'><strong>Vercellarum</strong></span> <span class='ocrx_word' id='word_1_290' title='bbox 1209 1310 1293 1342; x_wconf 88' lang='lat' dir='ltr'><strong>ultra</strong></span> <span class='ocrx_word' id='word_1_291' title='bbox 1316 1310 1515 1342; x_wconf 87' lang='lat' dir='ltr'><strong>voluntatem</strong></span> <span class='ocrx_word' id='word_1_292' title='bbox 1545 1309 1703 1341; x_wconf 89' lang='lat' dir='ltr'><strong>dictorum</strong></span> <span class='ocrx_word' id='word_1_293' title='bbox 1727 1310 1856 1341; x_wconf 86' lang='lat' dir='ltr'><strong>civium.</strong></span> 
     </span>
    </p>
   </div>
   <div class='ocr_carea' id='block_1_6' title="bbox 623 1441 1437 1487">
    <p class='ocr_par' dir='ltr' id='par_1_6' title="bbox 623 1441 1437 1487">
     <span class='ocr_line' id='line_1_27' title="bbox 623 1441 1437 1487; baseline -0.001 -9"><span class='ocrx_word' id='word_1_294' title='bbox 623 1443 709 1478; x_wconf 90' lang='grc'>670.</span> <span class='ocrx_word' id='word_1_295' title='bbox 751 1443 944 1478; x_wconf 61' lang='lat' dir='ltr'><strong>Promis-sio</strong></span> <span class='ocrx_word' id='word_1_296' title='bbox 973 1443 1182 1478; x_wconf 69' lang='lat' dir='ltr'><strong>nuntiorum.</strong></span> <span class='ocrx_word' id='word_1_297' title='bbox 1291 1441 1383 1487; x_wconf 76' lang='lat' dir='ltr'><strong>Sept.</strong></span> <span class='ocrx_word' id='word_1_298' title='bbox 1402 1443 1437 1477; x_wconf 82' lang='lat'><strong>4.</strong></span> 
     </span>
    </p>
   </div>
   <div class='ocr_carea' id='block_1_7' title="bbox 201 1515 1858 1609">
    <p class='ocr_par' dir='ltr' id='par_1_7' title="bbox 201 1515 1858 1609">
     <span class='ocr_line' id='line_1_28' title="bbox 311 1515 1858 1559; baseline -0.001 -11"><span class='ocrx_word' id='word_1_299' title='bbox 311 1516 472 1558; x_wconf 68' lang='lat' dir='ltr'><strong>oriyinale</strong></span> <span class='ocrx_word' id='word_1_300' title='bbox 495 1518 568 1559; x_wconf 85' lang='lat' dir='ltr'><strong>(or.)</strong></span> <span class='ocrx_word' id='word_1_301' title='bbox 591 1517 627 1549; x_wconf 71' lang='lat' dir='ltr'><strong>in</strong></span> <span class='ocrx_word' id='word_1_302' title='bbox 651 1516 810 1549; x_wconf 78' lang='lat' dir='ltr'><strong>tabulario</strong></span> <span class='ocrx_word' id='word_1_303' title='bbox 833 1516 1028 1550; x_wconf 78' lang='lat' dir='ltr'><strong>Vercellensi.</strong></span> <span class='ocrx_word' id='word_1_304' title='bbox 1070 1515 1269 1549; x_wconf 75' lang='lat' dir='ltr'><strong>Contulimus</strong></span> <span class='ocrx_word' id='word_1_305' title='bbox 1288 1526 1354 1548; x_wconf 72' lang='lat' dir='ltr'><strong>nos.</strong></span> <span class='ocrx_word' id='word_1_306' title='bbox 1394 1516 1510 1557; x_wconf 74' lang='lat' dir='ltr'><strong>Siqilla</strong></span> <span class='ocrx_word' id='word_1_307' title='bbox 1525 1516 1690 1556; x_wconf 75' lang='lat' dir='ltr'><strong>deperdita</strong></span> <span class='ocrx_word' id='word_1_308' title='bbox 1705 1518 1791 1548; x_wconf 79' lang='lat' dir='ltr'><strong>sunt.</strong></span> <span class='ocrx_word' id='word_1_309' title='bbox 1816 1535 1858 1539; x_wconf 97' lang='lat'><strong>—</strong></span> 
     </span>
     <span class='ocr_line' id='line_1_29' title="bbox 201 1567 1403 1609; baseline -0.001 -9"><span class='ocrx_word' id='word_1_310' title='bbox 201 1567 264 1600; x_wconf 79' lang='lat' dir='ltr'><strong>Ea.</strong></span> <span class='ocrx_word' id='word_1_311' title='bbox 287 1568 511 1602; x_wconf 81' lang='lat' dir='ltr'><strong>Winkelmann</strong></span> <span class='ocrx_word' id='word_1_312' title='bbox 535 1570 627 1600; x_wconf 77' lang='lat' dir='ltr'><strong>‘Acta</strong></span> <span class='ocrx_word' id='word_1_313' title='bbox 651 1569 778 1609; x_wconf 79' lang='lat' dir='ltr'><strong>imperii</strong></span> <span class='ocrx_word' id='word_1_314' title='bbox 799 1569 937 1601; x_wconf 80' lang='lat' dir='ltr'><strong>inedita’</strong></span> <span class='ocrx_word' id='word_1_315' title='bbox 961 1568 1011 1606; x_wconf 88' lang='lat' dir='ltr'><strong>II,</strong></span> <span class='ocrx_word' id='word_1_316' title='bbox 1035 1568 1097 1599; x_wconf 83' lang='lat'><strong>785</strong></span> <span class='ocrx_word' id='word_1_317' title='bbox 1120 1578 1170 1600; x_wconf 80' lang='lat' dir='ltr'><strong>nr.</strong></span> <span class='ocrx_word' id='word_1_318' title='bbox 1190 1568 1274 1599; x_wconf 87' lang='grc'><em>1123</em></span> <span class='ocrx_word' id='word_1_319' title='bbox 1295 1578 1334 1600; x_wconf 78' lang='lat' dir='ltr'><strong>ex</strong></span> <span class='ocrx_word' id='word_1_320' title='bbox 1357 1579 1403 1599; x_wconf 91' lang='lat' dir='ltr'><strong>or.</strong></span> 
     </span>
    </p>
   </div>
   <div class='ocr_carea' id='block_1_8' title="bbox 198 1656 1858 2534">
    <p class='ocr_par' dir='ltr' id='par_1_8' title="bbox 198 1656 1858 2372">
     <span class='ocr_line' id='line_1_30' title="bbox 307 1656 1858 1699; baseline -0.001 -9"><span class='ocrx_word' id='word_1_321' title='bbox 307 1658 375 1690; x_wconf 89' lang='lat' dir='ltr'><strong>Nos</strong></span> <span class='ocrx_word' id='word_1_322' title='bbox 386 1658 546 1691; x_wconf 85' lang='lat' dir='ltr'><strong>Rudolfus</strong></span> <span class='ocrx_word' id='word_1_323' title='bbox 559 1659 600 1691; x_wconf 86' lang='lat' dir='ltr'><strong>de</strong></span> <span class='ocrx_word' id='word_1_324' title='bbox 612 1656 738 1691; x_wconf 45' lang='lat' dir='ltr'><strong>Hexffen</strong></span> <span class='ocrx_word' id='word_1_325' title='bbox 754 1663 788 1691; x_wconf 90' lang='lat' dir='ltr'><strong>et</strong></span> <span class='ocrx_word' id='word_1_326' title='bbox 808 1659 969 1691; x_wconf 86' lang='lat' dir='ltr'><strong>Iohannes</strong></span> <span class='ocrx_word' id='word_1_327' title='bbox 987 1658 1028 1690; x_wconf 89' lang='lat' dir='ltr'><strong>de</strong></span> <span class='ocrx_word' id='word_1_328' title='bbox 1046 1658 1139 1690; x_wconf 83' lang='lat' dir='ltr'><strong>Turri</strong></span> <span class='ocrx_word' id='word_1_329' title='bbox 1157 1657 1304 1690; x_wconf 89' lang='lat' dir='ltr'><strong>dominus</strong></span> <span class='ocrx_word' id='word_1_330' title='bbox 1321 1657 1518 1690; x_wconf 81' lang='lat' dir='ltr'><strong>Oastillionis</strong></span> <span class='ocrx_word' id='word_1_331' title='bbox 1533 1658 1564 1689; x_wconf 91' lang='lat' dir='ltr'><strong>in</strong></span> <span class='ocrx_word' id='word_1_332' title='bbox 1580 1657 1732 1689; x_wconf 84' lang='lat' dir='ltr'><strong>Vallexio</strong></span> <span class='ocrx_word' id='word_1_333' title='bbox 1749 1658 1858 1699; x_wconf 85' lang='lat' dir='ltr'><strong>legati,</strong></span> 
     </span>
     <span class='ocr_line' id='line_1_31' title="bbox 199 1709 1858 1753; baseline -0.001 -11"><span class='ocrx_word' id='word_1_334' title='bbox 199 1709 439 1742; x_wconf 84' lang='lat' dir='ltr'><strong>ambaxiatores</strong></span> <span class='ocrx_word' id='word_1_335' title='bbox 463 1715 496 1743; x_wconf 90' lang='lat' dir='ltr'><strong>et</strong></span> <span class='ocrx_word' id='word_1_336' title='bbox 512 1711 616 1742; x_wconf 87' lang='lat' dir='ltr'><strong>nuncii</strong></span> <span class='ocrx_word' id='word_1_337' title='bbox 633 1711 826 1743; x_wconf 86' lang='lat' dir='ltr'><strong>serenissimi</strong></span> <span class='ocrx_word' id='word_1_338' title='bbox 842 1711 994 1753; x_wconf 77' lang='lat' dir='ltr'><strong>principis</strong></span> <span class='ocrx_word' id='word_1_339' title='bbox 1017 1710 1137 1742; x_wconf 87' lang='lat' dir='ltr'><strong>domini</strong></span> <span class='ocrx_word' id='word_1_340' title='bbox 1154 1709 1309 1742; x_wconf 86' lang='lat' dir='ltr'><strong>Friderici</strong></span> <span class='ocrx_word' id='word_1_341' title='bbox 1325 1709 1388 1741; x_wconf 86' lang='lat' dir='ltr'><strong>Dei</strong></span> <span class='ocrx_word' id='word_1_342' title='bbox 1410 1710 1515 1751; x_wconf 86' lang='lat' dir='ltr'><strong>gratia</strong></span> <span class='ocrx_word' id='word_1_343' title='bbox 1530 1709 1750 1741; x_wconf 87' lang='lat' dir='ltr'><strong>Romanorum</strong></span> <span class='ocrx_word' id='word_1_344' title='bbox 1773 1709 1858 1751; x_wconf 85' lang='lat' dir='ltr'><strong>regis</strong></span> 
     </span>
     <span class='ocr_line' id='line_1_32' title="bbox 199 1760 1857 1805; baseline -0.001 -12"><span class='ocrx_word' id='word_1_345' title='bbox 199 1771 327 1804; x_wconf 88' lang='lat' dir='ltr'><strong>semper</strong></span> <span class='ocrx_word' id='word_1_346' title='bbox 350 1763 478 1804; x_wconf 85' lang='lat' dir='ltr'><strong>augusti</strong></span> <span class='ocrx_word' id='word_1_347' title='bbox 501 1764 532 1794; x_wconf 95' lang='lat' dir='ltr'><strong>in</strong></span> <span class='ocrx_word' id='word_1_348' title='bbox 556 1762 702 1805; x_wconf 85' lang='lat' dir='ltr'><strong>partibus</strong></span> <span class='ocrx_word' id='word_1_349' title='bbox 725 1762 939 1803; x_wconf 85' lang='lat' dir='ltr'><strong>Lombardie,</strong></span> <span class='ocrx_word' id='word_1_350' title='bbox 970 1762 1088 1794; x_wconf 86' lang='lat' dir='ltr'><strong>auditis</strong></span> <span class='ocrx_word' id='word_1_351' title='bbox 1120 1765 1154 1794; x_wconf 92' lang='lat' dir='ltr'><strong>et</strong></span> <span class='ocrx_word' id='word_1_352' title='bbox 1182 1761 1354 1793; x_wconf 85' lang='lat' dir='ltr'><strong>intellectis</strong></span> <span class='ocrx_word' id='word_1_353' title='bbox 1377 1760 1525 1792; x_wconf 92' lang='lat' dir='ltr'><strong>omnibus</strong></span> <span class='ocrx_word' id='word_1_354' title='bbox 1547 1765 1580 1792; x_wconf 91' lang='lat' dir='ltr'><strong>et</strong></span> <span class='ocrx_word' id='word_1_355' title='bbox 1602 1760 1736 1802; x_wconf 86' lang='lat' dir='ltr'><strong>singulis</strong></span> <span class='ocrx_word' id='word_1_356' title='bbox 1759 1760 1857 1792; x_wconf 86' lang='lat' dir='ltr'><strong>infra-</strong></span> 
     </span>
     <span class='ocr_line' id='line_1_33' title="bbox 198 1812 1858 1856; baseline -0.001 -11"><span class='ocrx_word' id='word_1_357' title='bbox 198 1813 324 1856; x_wconf 84' lang='lat' dir='ltr'><strong>scriptis</strong></span> <span class='ocrx_word' id='word_1_358' title='bbox 346 1813 440 1846; x_wconf 90' lang='lat' dir='ltr'><strong>nobis</strong></span> <span class='ocrx_word' id='word_1_359' title='bbox 462 1814 627 1846; x_wconf 87' lang='lat' dir='ltr'><strong>humiliter</strong></span> <span class='ocrx_word' id='word_1_360' title='bbox 650 1815 811 1856; x_wconf 85' lang='lat' dir='ltr'><strong>requisitis</strong></span> <span class='ocrx_word' id='word_1_361' title='bbox 842 1818 875 1846; x_wconf 88' lang='lat' dir='ltr'><strong>et</strong></span> <span class='ocrx_word' id='word_1_362' title='bbox 902 1815 1010 1856; x_wconf 87' lang='lat' dir='ltr'><strong>petitis</strong></span> <span class='ocrx_word' id='word_1_363' title='bbox 1033 1814 1221 1856; x_wconf 88' lang='lat' dir='ltr'><strong>suppliciter</strong></span> <span class='ocrx_word' id='word_1_364' title='bbox 1243 1824 1263 1845; x_wconf 81' lang='lat' dir='ltr'><strong>a</strong></span> <span class='ocrx_word' id='word_1_365' title='bbox 1287 1838 1293 1844; x_wconf 90' lang='lat'>.</span> <span class='ocrx_word' id='word_1_366' title='bbox 1313 1838 1319 1844; x_wconf 93' lang='lat'>.</span> <span class='ocrx_word' id='word_1_367' title='bbox 1344 1816 1523 1855; x_wconf 83' lang='lat' dir='ltr'><strong>potestate,</strong></span> <span class='ocrx_word' id='word_1_368' title='bbox 1548 1837 1555 1844; x_wconf 92' lang='lat'><strong><em>.</em></strong></span> <span class='ocrx_word' id='word_1_369' title='bbox 1573 1837 1580 1844; x_wconf 89' lang='lat'><strong>.</strong></span> <span class='ocrx_word' id='word_1_370' title='bbox 1604 1812 1803 1854; x_wconf 88' lang='lat' dir='ltr'><strong>sapientibus</strong></span> <span class='ocrx_word' id='word_1_371' title='bbox 1826 1818 1858 1844; x_wconf 91' lang='lat' dir='ltr'><strong>et</strong></span> 
     </span>
     <span class='ocr_line' id='line_1_34' title="bbox 201 1863 1858 1907; baseline -0.001 -11"><span class='ocrx_word' id='word_1_372' title='bbox 201 1866 327 1897; x_wconf 89' lang='lat' dir='ltr'><strong>comuni</strong></span> <span class='ocrx_word' id='word_1_373' title='bbox 350 1866 487 1897; x_wconf 82' lang='lat' dir='ltr'><strong>civitatis</strong></span> <span class='ocrx_word' id='word_1_374' title='bbox 504 1865 725 1898; x_wconf 83' lang='lat' dir='ltr'><strong>Vercellarum</strong></span> <span class='ocrx_word' id='word_1_375' title='bbox 750 1869 783 1898; x_wconf 91' lang='lat' dir='ltr'><strong>et</strong></span> <span class='ocrx_word' id='word_1_376' title='bbox 806 1865 1016 1898; x_wconf 86' lang='lat' dir='ltr'><strong>consideratis</strong></span> <span class='ocrx_word' id='word_1_377' title='bbox 1039 1865 1080 1897; x_wconf 91' lang='lat' dir='ltr'><strong>ob</strong></span> <span class='ocrx_word' id='word_1_378' title='bbox 1104 1866 1164 1897; x_wconf 88' lang='lat' dir='ltr'><strong>hec</strong></span> <span class='ocrx_word' id='word_1_379' title='bbox 1187 1864 1465 1907; x_wconf 88' lang='lat' dir='ltr'><strong>persecutionibus</strong></span> <span class='ocrx_word' id='word_1_380' title='bbox 1488 1868 1522 1896; x_wconf 89' lang='lat' dir='ltr'><strong>et</strong></span> <span class='ocrx_word' id='word_1_381' title='bbox 1545 1863 1692 1905; x_wconf 82' lang='lat' dir='ltr'><strong>dampnis</strong></span> <span class='ocrx_word' id='word_1_382' title='bbox 1708 1863 1858 1905; x_wconf 83' lang='lat' dir='ltr'><strong>gravissi-</strong></span> 
     </span>
     <span class='ocr_line' id='line_1_35' title="bbox 200 1914 1858 1960; baseline -0.001 -12"><span class='ocrx_word' id='word_1_383' title='bbox 200 1916 274 1957; x_wconf 90' lang='lat' dir='ltr'><strong>mis,</strong></span> <span class='ocrx_word' id='word_1_384' title='bbox 302 1927 382 1959; x_wconf 84' lang='lat' dir='ltr'><strong>quas</strong></span> <span class='ocrx_word' id='word_1_385' title='bbox 413 1921 445 1949; x_wconf 88' lang='lat' dir='ltr'><strong>et</strong></span> <span class='ocrx_word' id='word_1_386' title='bbox 473 1928 536 1960; x_wconf 91' lang='lat' dir='ltr'><strong>que</strong></span> <span class='ocrx_word' id='word_1_387' title='bbox 566 1919 670 1960; x_wconf 93' lang='lat' dir='ltr'><strong>ipsum</strong></span> <span class='ocrx_word' id='word_1_388' title='bbox 701 1927 836 1949; x_wconf 87' lang='lat' dir='ltr'><strong>comune</strong></span> <span class='ocrx_word' id='word_1_389' title='bbox 868 1921 901 1949; x_wconf 90' lang='lat' dir='ltr'><strong>et</strong></span> <span class='ocrx_word' id='word_1_390' title='bbox 924 1918 1036 1949; x_wconf 84' lang='lat' dir='ltr'><strong>civitas</strong></span> <span class='ocrx_word' id='word_1_391' title='bbox 1059 1920 1092 1949; x_wconf 93' lang='lat' dir='ltr'><strong>et</strong></span> <span class='ocrx_word' id='word_1_392' title='bbox 1114 1917 1262 1948; x_wconf 91' lang='lat' dir='ltr'><strong>homines</strong></span> <span class='ocrx_word' id='word_1_393' title='bbox 1278 1916 1499 1948; x_wconf 87' lang='lat' dir='ltr'><strong>Vercellarum</strong></span> <span class='ocrx_word' id='word_1_394' title='bbox 1524 1919 1557 1947; x_wconf 92' lang='lat' dir='ltr'><strong>et</strong></span> <span class='ocrx_word' id='word_1_395' title='bbox 1579 1916 1721 1947; x_wconf 88' lang='lat' dir='ltr'><strong>maxime</strong></span> <span class='ocrx_word' id='word_1_396' title='bbox 1745 1914 1858 1947; x_wconf 86' lang='lat' dir='ltr'><strong>fideles</strong></span> 
     </span>
     <span class='ocr_line' id='line_1_36' title="bbox 200 1965 1857 2011; baseline -0.001 -12"><span class='ocrx_word' id='word_1_397' title='bbox 200 1968 282 2000; x_wconf 86' lang='lat' dir='ltr'><strong>sacri</strong></span> <span class='ocrx_word' id='word_1_398' title='bbox 297 1967 436 2000; x_wconf 86' lang='lat' dir='ltr'><strong>Romani</strong></span> <span class='ocrx_word' id='word_1_399' title='bbox 452 1969 577 2011; x_wconf 87' lang='lat' dir='ltr'><strong>imperii</strong></span> <span class='ocrx_word' id='word_1_400' title='bbox 594 1979 676 2001; x_wconf 89' lang='lat' dir='ltr'><strong>nunc</strong></span> <span class='ocrx_word' id='word_1_401' title='bbox 693 1979 765 2000; x_wconf 85' lang='lat' dir='ltr'><strong>eam</strong></span> <span class='ocrx_word' id='word_1_402' title='bbox 782 1970 945 2001; x_wconf 83' lang='lat' dir='ltr'><strong>civitatem</strong></span> <span class='ocrx_word' id='word_1_403' title='bbox 963 1971 1110 2000; x_wconf 88' lang='lat' dir='ltr'><strong>tenentes</strong></span> <span class='ocrx_word' id='word_1_404' title='bbox 1126 1968 1365 1999; x_wconf 86' lang='lat' dir='ltr'><strong>substinuerunt</strong></span> <span class='ocrx_word' id='word_1_405' title='bbox 1381 1971 1414 1999; x_wconf 89' lang='lat' dir='ltr'><strong>et</strong></span> <span class='ocrx_word' id='word_1_406' title='bbox 1429 1967 1515 2009; x_wconf 88' lang='lat' dir='ltr'><strong>passi</strong></span> <span class='ocrx_word' id='word_1_407' title='bbox 1531 1970 1604 1998; x_wconf 91' lang='lat' dir='ltr'><strong>sunt</strong></span> <span class='ocrx_word' id='word_1_408' title='bbox 1620 1967 1651 1998; x_wconf 91' lang='lat' dir='ltr'><strong>in</strong></span> <span class='ocrx_word' id='word_1_409' title='bbox 1668 1965 1857 1998; x_wconf 81' lang='lat' dir='ltr'><strong>defensione</strong></span> 
     </span>
     <span class='ocr_line' id='line_1_37' title="bbox 200 2017 1857 2062; baseline -0.002 -11"><span class='ocrx_word' id='word_1_410' title='bbox 200 2022 234 2051; x_wconf 86' lang='lat' dir='ltr'><strong>et</strong></span> <span class='ocrx_word' id='word_1_411' title='bbox 255 2030 313 2062; x_wconf 91' lang='lat' dir='ltr'><strong>pro</strong></span> <span class='ocrx_word' id='word_1_412' title='bbox 330 2019 518 2053; x_wconf 79' lang='lat' dir='ltr'><strong>defensione</strong></span> <span class='ocrx_word' id='word_1_413' title='bbox 542 2021 624 2052; x_wconf 85' lang='lat' dir='ltr'><strong>sacri</strong></span> <span class='ocrx_word' id='word_1_414' title='bbox 639 2020 778 2052; x_wconf 84' lang='lat' dir='ltr'><strong>Romani</strong></span> <span class='ocrx_word' id='word_1_415' title='bbox 795 2020 921 2062; x_wconf 87' lang='lat' dir='ltr'><strong>imperii</strong></span> <span class='ocrx_word' id='word_1_416' title='bbox 945 2024 978 2051; x_wconf 91' lang='lat' dir='ltr'><strong>et</strong></span> <span class='ocrx_word' id='word_1_417' title='bbox 1000 2021 1090 2062; x_wconf 88' lang='lat' dir='ltr'><strong>regie</strong></span> <span class='ocrx_word' id='word_1_418' title='bbox 1114 2020 1292 2051; x_wconf 87' lang='lat' dir='ltr'><strong>maiestatis</strong></span> <span class='ocrx_word' id='word_1_419' title='bbox 1310 2018 1453 2060; x_wconf 81' lang='lat' dir='ltr'><strong>predicte</strong></span> <span class='ocrx_word' id='word_1_420' title='bbox 1477 2028 1515 2049; x_wconf 88' lang='lat' dir='ltr'><strong>ac</strong></span> <span class='ocrx_word' id='word_1_421' title='bbox 1538 2018 1653 2049; x_wconf 83' lang='lat' dir='ltr'><strong>iurium</strong></span> <span class='ocrx_word' id='word_1_422' title='bbox 1670 2017 1857 2057; x_wconf 72' lang='lat' dir='ltr'><strong>eorundem,</strong></span> 
     </span>
     <span class='ocr_line' id='line_1_38' title="bbox 201 2069 1857 2115; baseline -0.002 -12"><span class='ocrx_word' id='word_1_423' title='bbox 201 2071 335 2105; x_wconf 87' lang='lat' dir='ltr'><strong>dicimus</strong></span> <span class='ocrx_word' id='word_1_424' title='bbox 366 2076 399 2104; x_wconf 87' lang='lat' dir='ltr'><strong>et</strong></span> <span class='ocrx_word' id='word_1_425' title='bbox 427 2073 629 2115; x_wconf 87' lang='lat' dir='ltr'><strong>promitimus</strong></span> <span class='ocrx_word' id='word_1_426' title='bbox 656 2073 734 2114; x_wconf 91' lang='lat' dir='ltr'><strong>ipsis</strong></span> <span class='ocrx_word' id='word_1_427' title='bbox 764 2096 771 2103; x_wconf 93' lang='lat'><strong>.</strong></span> <span class='ocrx_word' id='word_1_428' title='bbox 797 2097 803 2104; x_wconf 93' lang='lat'><strong><em>.</em></strong></span> <span class='ocrx_word' id='word_1_429' title='bbox 835 2073 1003 2114; x_wconf 78' lang='lat' dir='ltr'><strong>potestati,</strong></span> <span class='ocrx_word' id='word_1_430' title='bbox 1036 2096 1043 2102; x_wconf 96' lang='lat'>.</span> <span class='ocrx_word' id='word_1_431' title='bbox 1061 2095 1068 2103; x_wconf 89' lang='lat'><strong>.</strong></span> <span class='ocrx_word' id='word_1_432' title='bbox 1093 2070 1304 2113; x_wconf 83' lang='lat' dir='ltr'><strong>sapientibus,</strong></span> <span class='ocrx_word' id='word_1_433' title='bbox 1338 2070 1471 2102; x_wconf 88' lang='lat' dir='ltr'><strong>consilio</strong></span> <span class='ocrx_word' id='word_1_434' title='bbox 1499 2073 1532 2101; x_wconf 89' lang='lat' dir='ltr'><strong>et</strong></span> <span class='ocrx_word' id='word_1_435' title='bbox 1561 2070 1689 2101; x_wconf 89' lang='lat' dir='ltr'><strong>comuni</strong></span> <span class='ocrx_word' id='word_1_436' title='bbox 1719 2069 1857 2101; x_wconf 86' lang='lat' dir='ltr'><strong>civitatis</strong></span> 
     </span>
     <span class='ocr_line' id='line_1_39' title="bbox 200 2120 1855 2166; baseline -0.003 -10"><span class='ocrx_word' id='word_1_437' title='bbox 200 2122 346 2165; x_wconf 84' lang='lat' dir='ltr'><strong>predicte</strong></span> <span class='ocrx_word' id='word_1_438' title='bbox 369 2126 403 2155; x_wconf 91' lang='lat' dir='ltr'><strong>et</strong></span> <span class='ocrx_word' id='word_1_439' title='bbox 418 2123 602 2156; x_wconf 85' lang='lat' dir='ltr'><strong>Vercellino</strong></span> <span class='ocrx_word' id='word_1_440' title='bbox 627 2124 667 2156; x_wconf 91' lang='lat' dir='ltr'><strong>de</strong></span> <span class='ocrx_word' id='word_1_441' title='bbox 685 2124 838 2156; x_wconf 87' lang='lat' dir='ltr'><strong>Scutariis</strong></span> <span class='ocrx_word' id='word_1_442' title='bbox 861 2123 993 2166; x_wconf 86' lang='lat' dir='ltr'><strong>syndico</strong></span> <span class='ocrx_word' id='word_1_443' title='bbox 1017 2124 1160 2155; x_wconf 91' lang='lat' dir='ltr'><strong>comunis</strong></span> <span class='ocrx_word' id='word_1_444' title='bbox 1184 2127 1217 2154; x_wconf 86' lang='lat' dir='ltr'><strong>et</strong></span> <span class='ocrx_word' id='word_1_445' title='bbox 1239 2123 1403 2154; x_wconf 91' lang='lat' dir='ltr'><strong>hominum</strong></span> <span class='ocrx_word' id='word_1_446' title='bbox 1427 2121 1604 2154; x_wconf 85' lang='lat' dir='ltr'><strong>eorundem</strong></span> <span class='ocrx_word' id='word_1_447' title='bbox 1627 2122 1747 2152; x_wconf 88' lang='lat' dir='ltr'><strong>instare</strong></span> <span class='ocrx_word' id='word_1_448' title='bbox 1770 2120 1855 2162; x_wconf 88' lang='lat' dir='ltr'><strong>apud</strong></span> 
     </span>
     <span class='ocr_line' id='line_1_40' title="bbox 200 2172 1857 2218; baseline -0.002 -12"><span class='ocrx_word' id='word_1_449' title='bbox 200 2174 324 2216; x_wconf 79' lang='lat' dir='ltr'><strong>regiam</strong></span> <span class='ocrx_word' id='word_1_450' title='bbox 346 2175 550 2208; x_wconf 82' lang='lat' dir='ltr'><strong>maiestatem</strong></span> <span class='ocrx_word' id='word_1_451' title='bbox 573 2175 752 2218; x_wconf 89' lang='lat' dir='ltr'><strong>predictam</strong></span> <span class='ocrx_word' id='word_1_452' title='bbox 776 2179 809 2207; x_wconf 89' lang='lat' dir='ltr'><strong>et</strong></span> <span class='ocrx_word' id='word_1_453' title='bbox 831 2186 945 2207; x_wconf 85' lang='lat' dir='ltr'><strong>curare</strong></span> <span class='ocrx_word' id='word_1_454' title='bbox 970 2186 1027 2217; x_wconf 90' lang='lat' dir='ltr'><strong>pro</strong></span> <span class='ocrx_word' id='word_1_455' title='bbox 1052 2185 1162 2216; x_wconf 88' lang='lat' dir='ltr'><strong>posse,</strong></span> <span class='ocrx_word' id='word_1_456' title='bbox 1190 2174 1275 2217; x_wconf 91' lang='lat' dir='ltr'><strong>quod</strong></span> <span class='ocrx_word' id='word_1_457' title='bbox 1299 2175 1368 2216; x_wconf 89' lang='lat' dir='ltr'><strong>ipse</strong></span> <span class='ocrx_word' id='word_1_458' title='bbox 1392 2173 1540 2205; x_wconf 87' lang='lat' dir='ltr'><strong>dominus</strong></span> <span class='ocrx_word' id='word_1_459' title='bbox 1563 2183 1621 2205; x_wconf 85' lang='lat' dir='ltr'><strong>rex</strong></span> <span class='ocrx_word' id='word_1_460' title='bbox 1644 2172 1802 2204; x_wconf 87' lang='lat' dir='ltr'><strong>concedet</strong></span> <span class='ocrx_word' id='word_1_461' title='bbox 1825 2177 1857 2203; x_wconf 76' lang='lat' dir='ltr'><strong>et</strong></span> 
     </span>
     <span class='ocr_line' id='line_1_41' title="bbox 200 2224 1858 2268; baseline -0.002 -11"><span class='ocrx_word' id='word_1_462' title='bbox 200 2224 300 2258; x_wconf 81' lang='lat' dir='ltr'><strong>faciet</strong></span> <span class='ocrx_word' id='word_1_463' title='bbox 328 2226 404 2268; x_wconf 89' lang='lat' dir='ltr'><strong>ipsis</strong></span> <span class='ocrx_word' id='word_1_464' title='bbox 432 2227 559 2258; x_wconf 89' lang='lat' dir='ltr'><strong>comuni</strong></span> <span class='ocrx_word' id='word_1_465' title='bbox 591 2231 624 2258; x_wconf 90' lang='lat' dir='ltr'><strong>et</strong></span> <span class='ocrx_word' id='word_1_466' title='bbox 654 2227 836 2259; x_wconf 88' lang='lat' dir='ltr'><strong>hominibus</strong></span> <span class='ocrx_word' id='word_1_467' title='bbox 860 2227 997 2259; x_wconf 80' lang='lat' dir='ltr'><strong>civitatis</strong></span> <span class='ocrx_word' id='word_1_468' title='bbox 1013 2226 1234 2258; x_wconf 76' lang='lat' dir='ltr'><strong>Vei-cellarum</strong></span> <span class='ocrx_word' id='word_1_469' title='bbox 1263 2226 1370 2257; x_wconf 89' lang='lat' dir='ltr'><strong>omnia</strong></span> <span class='ocrx_word' id='word_1_470' title='bbox 1394 2228 1427 2256; x_wconf 89' lang='lat' dir='ltr'><strong>ct</strong></span> <span class='ocrx_word' id='word_1_471' title='bbox 1450 2224 1576 2266; x_wconf 82' lang='lat' dir='ltr'><strong>singula</strong></span> <span class='ocrx_word' id='word_1_472' title='bbox 1599 2224 1802 2266; x_wconf 78' lang='lat' dir='ltr'><strong>infrascripta</strong></span> <span class='ocrx_word' id='word_1_473' title='bbox 1825 2228 1858 2254; x_wconf 89' lang='lat' dir='ltr'><strong>et</strong></span> 
     </span>
     <span class='ocr_line' id='line_1_42' title="bbox 201 2275 1858 2320; baseline -0.001 -12"><span class='ocrx_word' id='word_1_474' title='bbox 201 2276 370 2319; x_wconf 83' lang='lat' dir='ltr'><strong>quodlibet</strong></span> <span class='ocrx_word' id='word_1_475' title='bbox 393 2287 514 2311; x_wconf 89' lang='lat' dir='ltr'><strong>eorum.</strong></span> <span class='ocrx_word' id='word_1_476' title='bbox 559 2278 602 2310; x_wconf 78' lang='lat' dir='ltr'><strong>Et</strong></span> <span class='ocrx_word' id='word_1_477' title='bbox 624 2278 685 2310; x_wconf 91' lang='lat' dir='ltr'><strong>hoc</strong></span> <span class='ocrx_word' id='word_1_478' title='bbox 708 2290 767 2320; x_wconf 92' lang='lat' dir='ltr'><strong>pro</strong></span> <span class='ocrx_word' id='word_1_479' title='bbox 783 2279 906 2310; x_wconf 88' lang='lat' dir='ltr'><strong>honore</strong></span> <span class='ocrx_word' id='word_1_480' title='bbox 930 2279 1020 2320; x_wconf 87' lang='lat' dir='ltr'><strong>regie</strong></span> <span class='ocrx_word' id='word_1_481' title='bbox 1037 2278 1214 2309; x_wconf 85' lang='lat' dir='ltr'><strong>maiestatis</strong></span> <span class='ocrx_word' id='word_1_482' title='bbox 1231 2277 1331 2319; x_wconf 88' lang='lat' dir='ltr'><strong>ipsius</strong></span> <span class='ocrx_word' id='word_1_483' title='bbox 1354 2279 1387 2308; x_wconf 89' lang='lat' dir='ltr'><strong>et</strong></span> <span class='ocrx_word' id='word_1_484' title='bbox 1407 2287 1465 2318; x_wconf 89' lang='lat' dir='ltr'><strong>pro</strong></span> <span class='ocrx_word' id='word_1_485' title='bbox 1481 2275 1724 2308; x_wconf 83' lang='lat' dir='ltr'><strong>conservatione</strong></span> <span class='ocrx_word' id='word_1_486' title='bbox 1741 2275 1858 2317; x_wconf 87' lang='lat' dir='ltr'><strong>quietis</strong></span> 
     </span>
     <span class='ocr_line' id='line_1_43' title="bbox 202 2327 1855 2372; baseline -0.001 -13"><span class='ocrx_word' id='word_1_487' title='bbox 202 2330 236 2359; x_wconf 87' lang='lat' dir='ltr'><strong>et</strong></span> <span class='ocrx_word' id='word_1_488' title='bbox 250 2330 352 2360; x_wconf 85' lang='lat' dir='ltr'><strong>status</strong></span> <span class='ocrx_word' id='word_1_489' title='bbox 368 2328 505 2360; x_wconf 87' lang='lat' dir='ltr'><strong>civitatis</strong></span> <span class='ocrx_word' id='word_1_490' title='bbox 520 2330 666 2372; x_wconf 90' lang='lat' dir='ltr'><strong>superius</strong></span> <span class='ocrx_word' id='word_1_491' title='bbox 682 2333 872 2362; x_wconf 86' lang='lat' dir='ltr'><strong>memorate.</strong></span> <span class='ocrx_word' id='word_1_492' title='bbox 912 2330 1054 2366; x_wconf 86' lang='lat' dir='ltr'><strong>Quarum</strong></span> <span class='ocrx_word' id='word_1_493' title='bbox 1072 2329 1314 2371; x_wconf 89' lang='lat' dir='ltr'><strong>requisitionum</strong></span> <span class='ocrx_word' id='word_1_494' title='bbox 1335 2332 1369 2360; x_wconf 88' lang='lat' dir='ltr'><strong>et</strong></span> <span class='ocrx_word' id='word_1_495' title='bbox 1385 2328 1577 2370; x_wconf 87' lang='lat' dir='ltr'><strong>petitionum</strong></span> <span class='ocrx_word' id='word_1_496' title='bbox 1593 2330 1687 2359; x_wconf 90' lang='lat' dir='ltr'><strong>tenor</strong></span> <span class='ocrx_word' id='word_1_497' title='bbox 1703 2327 1775 2359; x_wconf 89' lang='lat' dir='ltr'><strong>talis</strong></span> <span class='ocrx_word' id='word_1_498' title='bbox 1792 2331 1855 2358; x_wconf 85' lang='lat' dir='ltr'><strong>est:</strong></span> 
     </span>
    </p>

    <p class='ocr_par' dir='ltr' id='par_1_9' title="bbox 309 2383 1281 2425">
     <span class='ocr_line' id='line_1_44' title="bbox 309 2383 1281 2425; baseline -0.001 -9"><span class='ocrx_word' id='word_1_499' title='bbox 309 2383 441 2416; x_wconf 83' lang='lat' dir='ltr'><strong>‘Petunt</strong></span> <span class='ocrx_word' id='word_1_500' title='bbox 463 2395 483 2416; x_wconf 90' lang='lat' dir='ltr'><strong>a</strong></span> <span class='ocrx_word' id='word_1_501' title='bbox 506 2385 597 2417; x_wconf 87' lang='lat' dir='ltr'><strong>vobis</strong></span> <span class='ocrx_word' id='word_1_502' title='bbox 613 2404 653 2408; x_wconf 96' lang='lat'><strong>—</strong></span> <span class='ocrx_word' id='word_1_503' title='bbox 671 2385 828 2418; x_wconf 90' lang='lat' dir='ltr'><strong>dictorum</strong></span> <span class='ocrx_word' id='word_1_504' title='bbox 852 2385 992 2418; x_wconf 67' lang='lat' dir='ltr'><strong>civium?</strong></span> <span class='ocrx_word' id='word_1_505' title='bbox 1020 2396 1120 2425; x_wconf 76' lang='lat' dir='ltr'><strong>supra</strong></span> <span class='ocrx_word' id='word_1_506' title='bbox 1142 2396 1191 2416; x_wconf 80' lang='lat' dir='ltr'><strong>nr.</strong></span> <span class='ocrx_word' id='word_1_507' title='bbox 1209 2385 1281 2415; x_wconf 75' lang='lat'><em>669.</em></span> 
     </span>
    </p>

    <p class='ocr_par' dir='ltr' id='par_1_10' title="bbox 202 2438 1856 2534">
     <span class='ocr_line' id='line_1_45' title="bbox 308 2438 1856 2483; baseline -0.002 -12"><span class='ocrx_word' id='word_1_508' title='bbox 308 2439 477 2472; x_wconf 84' lang='lat' dir='ltr'><strong>Predictas</strong></span> <span class='ocrx_word' id='word_1_509' title='bbox 500 2443 608 2472; x_wconf 88' lang='lat' dir='ltr'><strong>autem</strong></span> <span class='ocrx_word' id='word_1_510' title='bbox 632 2445 756 2474; x_wconf 81' lang='lat' dir='ltr'><strong>nostras</strong></span> <span class='ocrx_word' id='word_1_511' title='bbox 780 2441 904 2473; x_wconf 88' lang='lat' dir='ltr'><strong>litteras</strong></span> <span class='ocrx_word' id='word_1_512' title='bbox 928 2445 960 2473; x_wconf 87' lang='lat' dir='ltr'><strong>et</strong></span> <span class='ocrx_word' id='word_1_513' title='bbox 984 2442 1091 2473; x_wconf 88' lang='lat' dir='ltr'><strong>omnia</strong></span> <span class='ocrx_word' id='word_1_514' title='bbox 1115 2444 1147 2472; x_wconf 94' lang='lat' dir='ltr'><strong>et</strong></span> <span class='ocrx_word' id='word_1_515' title='bbox 1170 2440 1296 2483; x_wconf 82' lang='lat' dir='ltr'><strong>singula</strong></span> <span class='ocrx_word' id='word_1_516' title='bbox 1322 2440 1539 2482; x_wconf 85' lang='lat' dir='ltr'><strong>suprascripta</strong></span> <span class='ocrx_word' id='word_1_517' title='bbox 1560 2438 1653 2470; x_wconf 89' lang='lat' dir='ltr'><strong>nobis</strong></span> <span class='ocrx_word' id='word_1_518' title='bbox 1676 2439 1708 2470; x_wconf 92' lang='lat' dir='ltr'><strong>in</strong></span> <span class='ocrx_word' id='word_1_519' title='bbox 1731 2438 1856 2479; x_wconf 86' lang='lat' dir='ltr'><strong>scriptis</strong></span> 
     </span>
     <span class='ocr_line' id='line_1_46' title="bbox 202 2490 1855 2534; baseline -0.001 -12"><span class='ocrx_word' id='word_1_520' title='bbox 202 2490 344 2523; x_wconf 81' lang='lat' dir='ltr'><strong>traddita</strong></span> <span class='ocrx_word' id='word_1_521' title='bbox 367 2495 400 2523; x_wconf 91' lang='lat' dir='ltr'><strong>et</strong></span> <span class='ocrx_word' id='word_1_522' title='bbox 422 2495 571 2534; x_wconf 84' lang='lat' dir='ltr'><strong>porrecta</strong></span> <span class='ocrx_word' id='word_1_523' title='bbox 594 2502 653 2534; x_wconf 89' lang='lat' dir='ltr'><strong>per</strong></span> <span class='ocrx_word' id='word_1_524' title='bbox 674 2503 810 2525; x_wconf 87' lang='lat' dir='ltr'><strong>comune</strong></span> <span class='ocrx_word' id='word_1_525' title='bbox 834 2496 867 2524; x_wconf 86' lang='lat' dir='ltr'><strong>et</strong></span> <span class='ocrx_word' id='word_1_526' title='bbox 889 2492 1036 2524; x_wconf 85' lang='lat' dir='ltr'><strong>homines</strong></span> <span class='ocrx_word' id='word_1_527' title='bbox 1051 2492 1274 2524; x_wconf 72' lang='lat' dir='ltr'><strong>vercellarum</strong></span> <span class='ocrx_word' id='word_1_528' title='bbox 1298 2494 1332 2523; x_wconf 89' lang='lat' dir='ltr'><strong>et</strong></span> <span class='ocrx_word' id='word_1_529' title='bbox 1353 2490 1519 2533; x_wconf 80' lang='lat' dir='ltr'><strong>syndicum</strong></span> <span class='ocrx_word' id='word_1_530' title='bbox 1541 2493 1754 2522; x_wconf 86' lang='lat' dir='ltr'><strong>memoratum</strong></span> <span class='ocrx_word' id='word_1_531' title='bbox 1779 2500 1855 2521; x_wconf 91' lang='lat' dir='ltr'><strong>con-</strong></span> 
     </span>
    </p>
   </div>
   <div class='ocr_carea' id='block_1_9' title="bbox 201 2540 1856 2636">
    <p class='ocr_par' dir='ltr' id='par_1_11' title="bbox 201 2540 1856 2636">
     <span class='ocr_line' id='line_1_47' title="bbox 202 2540 1856 2586; baseline -0.001 -13"><span class='ocrx_word' id='word_1_532' title='bbox 202 2541 297 2573; x_wconf 88' lang='lat' dir='ltr'><strong>scribi</strong></span> <span class='ocrx_word' id='word_1_533' title='bbox 320 2542 469 2574; x_wconf 89' lang='lat' dir='ltr'><strong>iussimus</strong></span> <span class='ocrx_word' id='word_1_534' title='bbox 492 2543 523 2574; x_wconf 93' lang='lat' dir='ltr'><strong>in</strong></span> <span class='ocrx_word' id='word_1_535' title='bbox 546 2543 607 2575; x_wconf 90' lang='lat' dir='ltr'><strong>hoc</strong></span> <span class='ocrx_word' id='word_1_536' title='bbox 631 2544 750 2585; x_wconf 86' lang='lat' dir='ltr'><strong>scripto</strong></span> <span class='ocrx_word' id='word_1_537' title='bbox 774 2554 894 2586; x_wconf 85' lang='lat' dir='ltr'><strong>easque</strong></span> <span class='ocrx_word' id='word_1_538' title='bbox 923 2548 955 2576; x_wconf 87' lang='lat' dir='ltr'><strong>et</strong></span> <span class='ocrx_word' id='word_1_539' title='bbox 979 2544 1083 2585; x_wconf 90' lang='lat' dir='ltr'><strong>ipsum</strong></span> <span class='ocrx_word' id='word_1_540' title='bbox 1106 2547 1287 2575; x_wconf 76' lang='lat' dir='ltr'><strong>nostrorum</strong></span> <span class='ocrx_word' id='word_1_541' title='bbox 1311 2542 1488 2585; x_wconf 88' lang='lat' dir='ltr'><strong>sigillorum</strong></span> <span class='ocrx_word' id='word_1_542' title='bbox 1511 2542 1687 2574; x_wconf 88' lang='lat' dir='ltr'><strong>munimine</strong></span> <span class='ocrx_word' id='word_1_543' title='bbox 1711 2540 1856 2572; x_wconf 79' lang='lat' dir='ltr'><strong>roborari</strong></span> 
     </span>
     <span class='ocr_line' id='line_1_48' title="bbox 201 2593 737 2636; baseline 0.006 -12"><span class='ocrx_word' id='word_1_544' title='bbox 201 2593 234 2624; x_wconf 90' lang='lat' dir='ltr'><strong>in</strong></span> <span class='ocrx_word' id='word_1_545' title='bbox 258 2594 475 2626; x_wconf 88' lang='lat' dir='ltr'><strong>testimonium</strong></span> <span class='ocrx_word' id='word_1_546' title='bbox 499 2596 737 2636; x_wconf 88' lang='lat' dir='ltr'><strong>premissorum.</strong></span> 
     </span>
    </p>
   </div>
   <div class='ocr_carea' id='block_1_10' title="bbox 306 2686 741 2722">
    <p class='ocr_par' dir='ltr' id='par_1_12' title="bbox 306 2686 741 2722">
     <span class='ocr_line' id='line_1_49' title="bbox 306 2686 741 2722; baseline 0.005 -8"><span class='ocrx_word' id='word_1_547' title='bbox 306 2686 373 2714; x_wconf 74' lang='grc'><strong>669.</strong></span> <span class='ocrx_word' id='word_1_548' title='bbox 402 2688 424 2721; x_wconf 78' lang='lat'><strong>⁰)</strong></span> <span class='ocrx_word' id='word_1_549' title='bbox 443 2689 555 2722; x_wconf 72' lang='lat' dir='ltr'><strong>oequimr</strong></span> <span class='ocrx_word' id='word_1_550' title='bbox 573 2689 646 2716; x_wconf 71' lang='lat' dir='ltr'><strong>delet.</strong></span> <span class='ocrx_word' id='word_1_551' title='bbox 665 2698 692 2715; x_wconf 77' lang='lat' dir='ltr'><strong>re</strong></span> <span class='ocrx_word' id='word_1_552' title='bbox 710 2694 741 2716; x_wconf 74' lang='lat' dir='ltr'><strong>tr.</strong></span> 
     </span>
    </p>
   </div>
   <div class='ocr_carea' id='block_1_11' title="bbox 308 2754 974 2790">
    <p class='ocr_par' dir='ltr' id='par_1_13' title="bbox 308 2754 974 2790">
     <span class='ocr_line' id='line_1_50' title="bbox 308 2754 974 2790; baseline 0.003 -8"><span class='ocrx_word' id='word_1_553' title='bbox 308 2755 335 2788; x_wconf 93' lang='lat'><strong>1)</strong></span> <span class='ocrx_word' id='word_1_554' title='bbox 354 2754 442 2790; x_wconf 77' lang='lat' dir='ltr'><strong>Super</strong></span> <span class='ocrx_word' id='word_1_555' title='bbox 459 2755 507 2782; x_wconf 73' lang='lat' dir='ltr'><strong>hoc</strong></span> <span class='ocrx_word' id='word_1_556' title='bbox 527 2755 689 2784; x_wconf 59' lang='lat' dir='ltr'><strong>documenta</strong></span> <span class='ocrx_word' id='word_1_557' title='bbox 706 2759 810 2784; x_wconf 69' lang='lat' dir='ltr'><strong>senata</strong></span> <span class='ocrx_word' id='word_1_558' title='bbox 828 2765 883 2784; x_wconf 73' lang='lat' dir='ltr'><strong>non</strong></span> <span class='ocrx_word' id='word_1_559' title='bbox 901 2760 974 2784; x_wconf 65' lang='lat' dir='ltr'><strong>sunit.</strong></span> 
     </span>
    </p>
   </div>
  </div>
 </body>
</html>
