2190 3172
463 196 560 226 ACTA
580 197 695 225 REGNI
715 196 901 225 LUDEWICI
919 197 966 225 1v.
984 197 1031 225 m·
1049 197 1236 226 FRIDERICI
1255 198 1303 225 111.
1341 199 1416 226 1317.
1453 198 1502 227 Nr.
1514 198 1574 227 387.
1593 199 1651 227 388.
1822 203 1883 234 325

225 294 245 316 a
266 283 360 316 nobis
382 286 416 316 et
438 295 457 316 a
481 285 602 317 cunctis
624 285 740 317 nostris
755 284 964 317 servitoribus
986 288 1020 317 et
1041 283 1191 317 fidelibus
1214 285 1337 317 bonore
1360 284 1473 318 debito
1489 287 1660 328 preveniri,
1684 290 1885 329 quapropter

224 335 424 368 universitati
448 338 554 368 vestre
578 337 772 369 auctoritate
795 337 886 379 regia
908 336 1051 369 districte
1069 337 1264 379 precipimus
1288 340 1322 369 et
1336 336 1527 370 mandamus
1550 339 1705 370 attentius
1728 349 1784 370 vos
1808 339 1883 370 hor-

225 388 346 427 tantes,
385 387 472 429 quod
505 388 611 430 ipsum
646 399 719 421 cum
752 388 850 421 rebus
885 392 918 421 et
951 388 1073 421 familia
1106 399 1164 430 pro
1199 391 1309 421 nostra
1342 391 1376 421 et
1408 389 1535 431 imperii
1570 390 1752 422 reverentia
1783 390 1883 422 veluti

225 437 401 480 specialem
424 438 640 471 consiliarium
664 443 698 472 et
718 440 907 472 servitorem
926 439 1140 472 domesticum
1155 439 1247 472 vobis
1270 439 1391 472 habere
1411 441 1519 473 velitis
1541 442 1732 483 propensius
1758 451 1883 473 recom-

193 500 206 521 s
225 489 367 529 missum,
390 499 454 521 non
476 489 611 522 sinendo
634 490 706 532 sibi,
729 492 756 523 si
774 491 980 534 presentibus
994 491 1140 534 requisiti
1161 491 1296 532 fueritis,
1319 503 1378 534 pro
1401 503 1498 534 posse
1515 492 1671 525 lesionem
1694 493 1805 525 inferri
1828 496 1884 525 aut

224 539 391 573 iacturam.
421 540 458 572 In
475 551 538 583 quo
555 546 662 574 nostre
678 543 840 575 maiestati
856 546 964 575 vestra
979 542 1117 575 fidelitas
1132 543 1402 585 complacentiam
1418 543 1588 576 exhibebit
1603 554 1728 576 summe
1744 547 1881 586 gratam.

330 591 450 624 Datum
473 592 560 634 apud
584 592 762 635 Scafusam,
785 594 868 627 Non.
886 594 1037 633 Ianuarii,
1061 605 1144 627 anno
1165 594 1295 627 Domini
1318 595 1489 628 millesimo
1514 596 1731 628 tricentesimo
1755 595 1883 628 decimo

222 643 372 686 septimo,
394 644 486 686 regni
509 654 585 676 vero
609 646 710 677 nostri
732 656 816 678 anno
840 646 950 678 tercio.

378 822 383 823 ⁷
411 817 512 863 388.
541 818 642 865 389.
684 819 1020 867 LITTERAE
1056 821 1258 868 REGIS
1291 821 1687 868 ARAGONUM.

181 909 206 930 ιο
903 897 1012 935 1317.
1050 897 1129 935 Ian.
1151 898 1212 935 20.

543 999 628 1035 388.
669 1000 824 1036 Litterae
851 1001 899 1036 acl
925 1000 1147 1036 Fn'dericum
1174 1011 1295 1046 reqem.
1400 1001 1479 1037 Ian.
1498 1003 1559 1038 20.

334 1065 433 1106 Copia
465 1065 521 1108 (c.)
551 1066 587 1098 in
617 1066 775 1098 tabulario
804 1066 887 1106 reyio
915 1066 1152 1099 Barcinonensi
1179 1066 1372 1107 ‘Reyistrum
1402 1077 1453 1099 nr.
1469 1066 1547 1099 318⁹
1573 1067 1629 1106 fol.
1650 1068 1691 1100 16
1698 1071 1716 1101 ¹.
1747 1087 1788 1093 —
1816 1069 1880 1101 Ed.

221 1116 382 1158 Zen'ssbery
404 1116 469 1150 loco
491 1126 593 1157 supra
616 1117 660 1150 ad
681 1127 731 1149 nr.
747 1119 789 1148 44
812 1118 908 1150 citato
927 1128 960 1158 p.
977 1118 1019 1148 51
1041 1128 1092 1150 nr.
1109 1118 1151 1150 46
1173 1128 1212 1150 ex
1233 1128 1261 1150 c.
1306 1117 1489 1151 Editionem
1510 1119 1691 1159 repetimus.

331 1172 381 1213 Cf.
403 1175 511 1205 notam
533 1171 554 1205 Ζ.
571 1183 596 1204 c.
617 1183 650 1212 p.
667 1173 709 1204 53
720 1183 764 1213 sq.

176 1259 202 1280 ιι
327 1245 539 1278 Serenissimo
568 1256 605 1278 ac
629 1246 800 1287 magnifico
823 1246 960 1288 principi
988 1245 1118 1278 domino
1142 1245 1317 1279 Frederico
1339 1246 1403 1278 Dei
1429 1247 1541 1289 gracia
1562 1247 1783 1280 Romanorum
1810 1250 1881 1292 regi

218 1307 347 1340 semper
375 1301 512 1340 augusto
536 1296 708 1330 benedicto
745 1301 778 1329 et
799 1297 970 1330 karissimo
1000 1297 1065 1330 filio
1097 1308 1154 1330 suo
1247 1298 1384 1330 Iacobus
1413 1309 1472 1341 per
1502 1299 1640 1332 eandem
1670 1311 1729 1332 rex
1752 1302 1880 1344 Arago-

217 1360 293 1382 num
310 1353 371 1382 ete.
446 1349 584 1381 salutem
601 1352 634 1381 et
650 1359 720 1381 curn
739 1352 874 1391 paterne
887 1349 1074 1382 dileccionis
1090 1349 1291 1392 plenitudine
1308 1350 1450 1383 felicium
1466 1361 1654 1383 succesuum
1670 1352 1878 1385 incrementa.

325 1402 371 1443 (1)
405 1399 457 1432 Ex
490 1404 597 1433 vestra
634 1404 725 1442 parte
759 1400 801 1433 ad
834 1403 975 1432 nostram
1012 1401 1214 1443 presenciam
1246 1401 1372 1433 noviter
1407 1403 1574 1434 venientes
1603 1401 1810 1436 honorabiles
1847 1409 1880 1436 et

218 1452 373 1485 discretos
397 1452 480 1484 viros
502 1452 692 1494 magistrum
715 1452 896 1485 Dietricum
919 1452 961 1484 de
986 1452 1183 1484 Wolfsowe¹
1211 1453 1411 1494 prepositum
1435 1452 1690 1486 Gumicensemb
1713 1456 1879 1498 utriusque

175 1505 295 1536 sciuris
318 1502 535 1546 professorem
563 1506 597 1536 et
618 1504 790 1536 Albertum
814 1505 1015 1546 prepositum
1040 1504 1176 1536 ecclesie
1201 1503 1409 1536 Posoniensis
1432 1506 1624 1538 secretarios
1648 1510 1681 1538 et
1704 1506 1879 1540 familiares

218 1557 342 1588 vestros
364 1556 519 1598 scriptum
540 1559 681 1587 vestrum
704 1556 736 1587 in
760 1557 876 1588 nostris
891 1555 1039 1588 manibus
1055 1559 1280 1598 presentantes
1296 1555 1500 1588 credenciam
1523 1567 1543 1589 a
1559 1557 1749 1590 celsitudine
1772 1563 1880 1591 vestra

218 1607 265 1640 eis
287 1606 438 1639 habunde
462 1607 667 1639 commissam
691 1607 858 1639 continens
886 1607 975 1639 vultu
1004 1617 1118 1639 sereno
1148 1617 1187 1640 ac
1214 1607 1313 1638 animi
1336 1607 1504 1639 alacritate
1528 1610 1718 1651 suscipimus
1749 1613 1782 1641 et
1813 1614 1878 1642 tam

217 1659 328 1700 scripti
366 1658 601 1690 continenciam
641 1658 839 1700 supradietio
873 1669 970 1700 quam
1010 1659 1182 1691 missorum
1217 1659 1459 1700 exposicionem
1493 1661 1635 1701 seriose,
1673 1660 1807 1704 provide
1846 1665 1880 1694 et

218 1709 356 1742 discrete
380 1709 499 1742 factam
523 1710 607 1742 bene
631 1710 823 1750 audivimus,
847 1710 1020 1753 diligenter
1043 1710 1317 1742 consideravimus
1339 1721 1377 1743 ac
1401 1711 1546 1753 plenario
1570 1713 1761 1755 collegimus
1783 1713 1878 1745 intel-

173 1771 200 1793 πε
217 1761 314 1795 lectu.
402 1760 450 1804 (2)
474 1761 590 1794 Nuncii
607 1765 715 1794 autem
731 1762 793 1804 ipsi
814 1761 972 1804 primum⁶
990 1763 1163 1804 expositis⁰
1179 1762 1386 1794 salutacionis
1401 1763 1529 1796 solaciis
1552 1769 1586 1797 et
1602 1765 1698 1797 vestri
1714 1764 1878 1798 excellen-

217 1814 323 1855 tisque
339 1813 487 1848 Elizabet
502 1813 723 1846 Romanorum
747 1814 859 1856 regine
883 1818 989 1846 vestre
1013 1814 1159 1856 coniugis
1182 1814 1246 1846 filie
1270 1818 1378 1847 nostre
1397 1815 1567 1848 karissime
1590 1820 1692 1848 status
1708 1816 1877 1848 incolumis

217 1867 251 1902 et
272 1865 370 1897 votivi
393 1865 610 1907 prosperitate
637 1865 756 1906 relata,
791 1876 854 1908 que
883 1876 939 1898 cor
959 1869 1103 1898 nostrum
1131 1865 1173 1898 ad
1200 1877 1284 1898 nova
1311 1866 1432 1909 gaudia
1454 1867 1631 1900 amenitate
1659 1879 1722 1899 non
1749 1867 1878 1900 modica

217 1920 427 1957 renovarunt,
458 1928 515 1949 sue
538 1917 716 1959 legacionis
740 1917 891 1950 effectum
919 1917 952 1949 in
982 1916 1047 1949 duo
1078 1917 1219 1959 capitula
1242 1923 1484 1960 expresserunt:
1576 1919 1721 1951 Primum
1745 1919 1877 1962 quidem

217 1969 374 2010 expositis
397 1968 598 2010 exponendis
622 1971 656 2000 et
677 1968 762 2000 inter
783 1972 893 2001 cetera
917 1968 1079 2011 quomodo
1102 1979 1159 2001 vos
1182 1970 1359 2002 amicorum
1378 1974 1557 2003 vestrorum
1581 1970 1709 2003 illarum
1732 1972 1877 2013 parcium

174 2029 200 2050 ao
217 2020 372 2062 requisito
405 2022 439 2052 et
462 2019 594 2052 obtento
618 2019 750 2052 consilio
774 2019 988 2062 provideratis
1010 2030 1068 2062 pro
1092 2020 1228 2062 negocio
1252 2021 1343 2062 regni
1365 2022 1463 2054 vestri
1491 2022 1614 2054 utiliter
1635 2022 1709 2054 Deo
1732 2023 1877 2065 propicio

217 2073 250 2102 et
293 2070 432 2103 feliciter
469 2070 674 2114 expediendo
719 2071 852 2103 nuncios
898 2075 931 2103 et
968 2071 1198 2104 ambaxatores
1235 2076 1360 2104 vestros
1397 2073 1533 2105 multum
1571 2073 1767 2116 sollempnes
1811 2075 1877 2107 iam

215 2121 398 2154 nominatos
431 2132 533 2165 acque
567 2125 698 2165 paratos
731 2121 773 2154 ad
807 2123 869 2154 iter
903 2122 962 2154 sub
995 2123 1094 2154 nostri
1130 2127 1239 2155 tamen
1269 2125 1502 2166 expectacione
1533 2125 1656 2157 consilii
1690 2125 1732 2157 ad
1763 2126 1875 2158 sedem

215 2173 428 2215 apostolicam
451 2174 600 2216 proximo
624 2174 803 2216 destinare,
837 2174 1037 2217 postulantes
1066 2185 1086 2206 a
1113 2174 1218 2216 nobis,
1252 2177 1288 2206 ut
1315 2178 1475 2217 nostrum,
1509 2177 1535 2208 si
1563 2177 1623 2208 hos
1646 2177 1876 2210 ambaxatores

216 2225 387 2267 expediret
415 2228 449 2258 et
477 2229 586 2258 nostro
610 2225 773 2258 videretur
802 2226 943 2258 examini
971 2235 1042 2257 esse
1070 2225 1246 2258 mittendos
1272 2237 1388 2268 necne,
1423 2227 1557 2260 exibere
1587 2228 1678 2260 vobis
1707 2229 1874 2261 consilium

172 2285 197 2306 υ
216 2275 420 2321 deberemus.
509 2276 693 2309 Secundum
722 2288 814 2318 vero,
848 2281 884 2309 ut
913 2278 939 2309 si
969 2277 1030 2310 hec
1053 2277 1228 2310 ambaxata
1255 2279 1462 2321 procederet,
1496 2289 1555 2311 nos
1582 2281 1698 2312 vestris
1724 2280 1875 2313 filialibus

214 2327 365 2370 precibus
387 2329 564 2361 interiectis
587 2339 659 2361 cum
675 2328 913 2361 affectuositate
935 2332 1100 2371 rogarunt,
1123 2332 1159 2361 ut
1181 2340 1240 2371 pro
1262 2330 1347 2363 bono
1371 2331 1498 2372 negocii
1522 2332 1627 2363 causis
1648 2332 1794 2373 plurimis
1818 2344 1876 2374 per

215 2379 302 2421 ipsos
326 2379 502 2421 prudenter
525 2380 686 2422 explicitis
713 2380 828 2412 adesse
853 2380 1081 2422 personaliter,
1113 2380 1241 2422 quando
1265 2380 1343 2413 dicti
1366 2382 1594 2414 ambaxatores
1617 2383 1714 2414 vestri
1737 2383 1875 2415 aderunt

214 2430 248 2462 in
269 2430 418 2463 Romana
441 2431 545 2470 curia,
576 2431 780 2464 deberemus.
870 2432 916 2472 (3)
941 2431 1009 2463 Nos
1032 2435 1140 2463 autem
1168 2433 1222 2474 qui
1246 2443 1416 2474 personam
1440 2436 1579 2466 vestram
1609 2434 1687 2466 kare
1712 2434 1875 2477 diligimus

215 2482 304 2514 velut
326 2482 447 2525 proprii
468 2483 524 2515 filii
549 2482 748 2515 dilectissimi
772 2483 865 2515 nobis
887 2486 921 2515 et
944 2484 998 2525 qui
1021 2485 1157 2525 negocia
1178 2487 1286 2516 vestra
1308 2485 1451 2526 paternis
1466 2484 1696 2517 affeccionibus
1713 2485 1875 2518 ferventer

171 2542 198 2563 ιο
215 2534 399 2576 appetimus
414 2535 597 2577 prosperari
621 2538 654 2566 et
677 2536 767 2567 cuius
783 2535 922 2567 honores
938 2535 1112 2576 recipimus
1135 2539 1168 2567 et
1184 2539 1372 2577 reputamus
1394 2539 1430 2568 ut
1444 2539 1580 2577 nostros,
1604 2547 1702 2578 super
1717 2539 1874 2579 expositis

214 2583 276 2616 hiis
298 2585 428 2627 plenam
451 2586 747 2619 consideracionem
770 2587 985 2618 convertimus
1008 2587 1125 2618 mentis
1147 2591 1255 2619 nostre
1283 2591 1317 2619 et
1338 2589 1370 2619 in
1393 2591 1531 2631 utroque
1555 2598 1631 2620 casu
1654 2589 1871 2631 predictorum

214 2637 439 2678 responsiones
454 2640 580 2670 nostras
595 2638 659 2670 iam
676 2637 770 2670 dictis
786 2638 958 2680 prepositis
974 2638 1108 2670 fecimus
1124 2649 1182 2680 per
1200 2649 1256 2671 eos
1271 2643 1377 2672 vestre
1393 2640 1636 2682 magnificencie
1653 2641 1872 2683 exponendas

215 2686 335 2733 quibus·
354 2688 488 2722 credere
511 2688 658 2731 poteritis
680 2689 811 2722 indubie
835 2699 933 2731 super
954 2690 1011 2722 eis.
1057 2690 1163 2732 Super
1179 2691 1342 2732 premissis
1358 2693 1488 2735 inquam
1513 2692 1622 2735 opinio
1646 2696 1754 2725 nostra
1774 2698 1871 2726 tenet.

216 2737 302 2780 quod
329 2740 446 2771 nostris
473 2740 591 2772 auditis
617 2741 878 2783 responsionibus
911 2741 1041 2783 suisque
1076 2743 1180 2774 causis
1211 2742 1319 2775 debite
1349 2743 1575 2776 circumductis
1602 2749 1709 2776 vestra
1736 2744 1871 2786 proinde

171 2819 199 2840 εδ
320 2811 386 2839 888·
414 2811 438 2845 ἰ)
450 2813 583 2840 vuolfoius
595 2822 615 2840 c.
687 2812 713 2846 b)
725 2814 916 2840 Turuocensem
929 2823 950 2840 c.
1022 2815 1046 2846 0)
1064 2815 1236 2848 supradictam
1249 2817 1290 2843 ed.
1361 2815 1386 2849 d)
1399 2817 1488 2850 primis
1500 2817 1540 2843 ed.
1612 2818 1635 2849 ο)
1648 2817 1819 2850 exposicionis
1832 2818 1870 2843 ed.
