2184 3126
446 188 545 221 ACTA
562 188 674 216 REGNI
692 187 878 216 LUDEWICI
897 187 945 215 IV.
963 187 1009 215 ΕΤ
1029 185 1215 215 rmnssmcl
1234 186 1283 214 111.
1321 187 1396 215 1820.
1433 186 1482 214 Νι.
1494 186 1553 214 611.
1573 187 1632 214 612.
1804 189 1867 220 487

292 344 366 382 611.
399 344 666 382 LITTERAE
692 344 967 383 LUDEWICI
990 345 1066 382 AD
1091 342 1394 382 CIVITATEM
1420 342 1790 381 LUBICENSEM.

895 412 1004 450 1320.
1040 412 1128 450 Dec.
1147 412 1208 450 23.

325 502 486 544 Oriytnale
512 502 587 545 (or.)
616 503 652 535 in
683 502 843 536 tabulario
870 504 1010 536 cittitatis
1031 503 1227 536 Lubicensis.
1283 502 1482 535 Gontuunms
1506 512 1573 535 nos.
1626 501 1731 543 Sicini
1758 503 1871 535 secreti

212 565 303 588 cerae
324 555 439 587 rubrae
461 555 552 587 dorso
574 555 720 595 impressi
742 556 924 596 fraymenta
946 555 1075 587 adsunt.
1099 573 1142 580 —
1165 554 1225 587 Ed.
1243 554 1360 587 ‘Codex
1374 554 1500 595 diplom,
1517 554 1722 587 Lubeoensis’
1738 554 1789 593 II,
1805 555 1871 586 348

181 616 195 637 s
212 616 264 639 nr.
279 607 344 638 399
366 616 404 638 ex
427 617 471 639 or.

322 660 467 704 ΒὸΊιηιεά,
491 665 568 706 Req.
582 665 696 698 Ludw.
714 676 749 706 p.
766 667 830 698 271
851 676 902 698 nr.
917 667 1004 698 2636
1025 666 1152 707 (Addit.
1168 666 1213 707 1).

326 725 376 768 cf.
399 724 494 767 infra
515 726 560 757 ad
581 735 612 758 a.
630 726 724 758 1321.
748 726 833 758 Mai.
848 726 892 758 27
914 729 943 759 et
966 726 1061 759 1322.
1084 726 1168 758 Mai.
1186 726 1238 758 19.

322 820 516 853 Ludowicus
545 820 608 853 Dei
635 822 740 863 gratia
762 821 987 853 Romanorum
1013 831 1072 853 rex
1099 830 1229 863 semper
1254 824 1410 862 augustus
1503 820 1715 862 prudentibus
1738 821 1813 852 viris
1837 845 1844 853 .
1862 846 1870 853 .

213 872 386 914 magistris,
404 897 410 904 .
425 897 431 904 .
446 872 647 904 oonsulibus·
659 876 692 905 et
705 873 861 905 universis
873 872 995 905 civibus
1006 872 1287 915 Lubecen(sibus),
1299 871 1447 904 fidelibus
1459 873 1524 904 suis
1536 872 1662 904 dilectis
1731 874 1871 915 gratiam

171 935 197 956 ιο
214 933 306 956 suam
329 927 364 956 et
385 934 480 956 omne
503 924 632 956 bonum.

323 975 374 1007 De
409 976 597 1018 captivitate
627 979 807 1007 vestrorum
839 975 1017 1008 concivium
1044 985 1086 1007 ex
1118 974 1215 1007 corde
1245 985 1375 1017 semper
1403 974 1563 1007 doluimus
1591 979 1624 1008 et
1650 975 1872 1018 redempcioni

212 1027 357 1069 ipsorum
383 1027 578 1060 intendimus
607 1031 641 1059 et
667 1027 804 1059 sollicite
833 1026 1047 1059 intendemus.
1091 1026 1186 1059 Unde
1217 1026 1387 1069 spectabili
1414 1028 1482 1059 viro
1504 1027 1662 1060 Bertoldo
1691 1028 1800 1059 comiti
1830 1027 1872 1059 dc

213 1078 448 1120 Hennemberg
470 1078 560 1111 fideli
582 1081 691 1111 nostro
715 1078 832 1111 dilecto
856 1079 977 1110 seriose
993 1078 1208 1119 conmisimus,
1230 1080 1267 1109 ut
1289 1078 1543 1111 circumstantias
1564 1079 1751 1112 adverteret
1773 1082 1806 1111 et
1829 1078 1871 1110 de

214 1129 443 1172 redempcione
460 1140 570 1162 eorum
587 1140 659 1162 cum
669 1129 819 1162 Ounrado
836 1129 877 1161 de
893 1129 1135 1171 Truhendingin
1150 1128 1335 1171 diligentius
1350 1132 1575 1172 pertractaret.
1621 1130 1684 1167 Qui
1699 1130 1873 1162 Bertoldus

170 1193 195 1214 ιι
213 1180 307 1213 nobis
329 1182 477 1223 innotuit,
501 1181 588 1224 quod
610 1181 749 1223 predicti
772 1181 892 1223 captivi
915 1191 973 1223 pro
997 1180 1143 1213 ducentis
1164 1181 1280 1213 marcis
1303 1182 1430 1224 argenti
1451 1182 1567 1214 redimi
1582 1185 1735 1224 poterunt
1757 1186 1791 1214 et
1814 1193 1871 1214 ex-

212 1233 304 1264 solvi.
351 1233 439 1269 Quas
462 1236 572 1265 tamen
595 1232 751 1265 ducentas
767 1243 892 1265 marcas
908 1233 1013 1275 parati
1029 1242 1172 1264 essemus
1188 1232 1277 1274 dare,
1301 1233 1359 1265 sed
1381 1234 1544 1276 predictus
1561 1234 1729 1266 Gunradus
1742 1235 1830 1276 ipsas
1852 1244 1873 1266 a

212 1284 306 1316 nobis
335 1284 441 1316 modis
469 1284 618 1317 omnibus
646 1284 789 1327 denegat
819 1287 1001 1326 acceptare.
1058 1284 1100 1316 Et
1132 1284 1206 1326 quia
1234 1285 1266 1315 in
1299 1285 1442 1326 presenti
1468 1285 1558 1317 aliud
1587 1285 1766 1318 remedium
1797 1285 1872 1318 huic

212 1336 346 1378 negotio
369 1347 428 1368 nos
450 1347 514 1368 non
537 1337 692 1378 competit
716 1335 888 1376 adhibere,
920 1335 1111 1367 fidelitatem
1134 1337 1293 1376 vestram,
1323 1336 1363 1368 de
1388 1347 1452 1378 qua
1474 1337 1605 1379 plenam
1628 1337 1771 1380 gerimus
1794 1347 1871 1369 con-

212 1386 390 1429 fidentiam,
414 1398 566 1430 rogamus
589 1388 746 1419 attentius
763 1390 797 1419 et
811 1387 988 1428 hortamur,
1005 1387 1155 1429 quatinus
1170 1396 1212 1418 ex
1235 1390 1327 1428 parte
1342 1389 1441 1420 nostri
1458 1398 1516 1430 pro
1532 1388 1695 1420 solucione
1711 1388 1873 1421 dictorum

169 1449 196 1470 ω
214 1438 415 1480 captivorum
438 1439 594 1471 ducentas
616 1449 742 1471 marcas
765 1441 807 1471 et
820 1438 966 1480 predicto
990 1438 1099 1470 comiti
1122 1437 1163 1469 de
1179 1437 1413 1481 Hennemberg
1435 1439 1687 1481 quadringentas
1710 1443 1743 1472 et
1758 1441 1872 1482 viginti

212 1499 338 1522 marcas
361 1491 496 1532 argenti,
520 1491 552 1522 in
569 1490 684 1533 quibus
709 1490 815 1522 eidem
839 1489 959 1521 dudum
977 1489 1110 1532 obligati
1126 1488 1255 1529 fuimus,
1278 1490 1426 1522 tribuatis
1448 1495 1481 1523 et
1503 1491 1544 1523 de
1568 1491 1722 1534 pensione
1738 1491 1872 1534 singulis

214 1542 305 1573 annis
327 1544 437 1574 nostre
465 1542 649 1575 celsitudini
678 1553 740 1585 per
767 1553 824 1575 vos
853 1543 972 1583 debita,
1002 1554 1170 1585 quousque
1200 1543 1303 1574 dictas
1330 1544 1500 1574 sexcentas
1528 1552 1655 1574 marcas
1683 1543 1811 1585 argenti
1838 1546 1873 1575 et

213 1593 327 1636 viginti
349 1594 550 1636 integraliter
572 1595 771 1636 receperitis,
795 1594 996 1627 defalcetisb.
1046 1595 1111 1626 Pro
1141 1605 1180 1627 eo
1208 1594 1322 1627 vestris
1347 1593 1522 1626 honoribus
1545 1597 1578 1626 et
1606 1594 1784 1626 commodis
1810 1595 1871 1626 im—

214 1647 409 1687 perpetuum
434 1646 608 1690 gratiosius
623 1645 840 1678 intendemus.
885 1645 936 1677 De
954 1645 1101 1688 dampnis
1117 1646 1226 1687 etiam,
1250 1655 1313 1688 que
1328 1645 1453 1677 ratione
1469 1645 1668 1687 captivorum
1684 1646 1771 1687 passi
1786 1646 1874 1686 estis,

170 1710 196 1732 n
215 1697 362 1730 volumus
385 1697 476 1730 vobis
499 1707 556 1730 suo
579 1700 727 1739 tempore
750 1696 960 1739 respondere.

323 1757 399 1790 Dat.
422 1758 453 1789 in
476 1757 691 1800 Nuremberg,
715 1756 758 1789 X.
783 1757 899 1789 Kalen.
922 1756 1062 1797 Ianuar„
1085 1756 1177 1798 regni
1199 1757 1299 1788 nostri
1323 1766 1406 1788 anno
1430 1757 1578 1799 septimo.

405 1973 479 2012 612.
514 1975 751 2013 EIUSDEM
778 1974 1059 2013 SCRIPTUM
1084 1973 1189 2012 PRO
1211 1971 1355 2011 DUCE
1378 1972 1672 2011 SLAVORUM.

885 2042 994 2079 1320.
1035 2042 1122 2078 Dec.
1143 2041 1206 2078 28.

327 2141 489 2183 Om‘yinale
515 2142 591 2186 (or.)
627 2143 663 2175 in
698 2142 858 2175 tabulario
887 2142 972 2183 reyio
1002 2141 1184 2173 Stetinensi.
1241 2139 1403 2181 Siyiuum,
1437 2140 1522 2181 quod
1549 2139 1615 2173 loro
1641 2140 1873 2173 membranaceo

170 2209 198 2230 »ο
208 2194 382 2235 pendebat,
417 2194 625 2227 desideratur.
660 2213 703 2218 —
737 2195 801 2227 Ed.
829 2193 1070 2226 ‘Pommersches
1102 2192 1374 2226 Urkundenbuch’
1402 2191 1440 2231 V,
1466 2193 1531 2224 557
1562 2203 1612 2226 nr.
1634 2194 1720 2224 3431
1753 2202 1792 2225 ατ
1824 2203 1872 2225 or.

217 2245 399 2279 Editiomm
419 2247 599 2288 repetimus.

322 2305 469 2345 Bb'hmer,
493 2306 569 2347 Req.
585 2306 700 2338 Ludw.
718 2316 755 2346 p.
771 2306 836 2338 354
859 2316 908 2338 nr.
923 2306 1011 2338 3192
1033 2304 1162 2346 (Addit.
1177 2303 1263 2345 ΙΙΙ).

323 2391 392 2424 Nos
421 2391 614 2424 Ludowious
645 2392 709 2425 Dei
741 2392 852 2435 gracia
879 2391 1101 2425 Romanorum
1134 2400 1193 2422 rex
1226 2399 1356 2431 semper
1387 2393 1544 2433 augustus
1577 2390 1620 2422 ad
1649 2390 1871 2422 universorum

215 2443 368 2475 noticiam
397 2443 545 2475 volumus
572 2444 758 2486 pervenire,
790 2443 877 2486 quod
905 2442 1079 2475 humilibus
1108 2441 1401 2484 supplicacionibus
1424 2441 1556 2474 illustris
1584 2441 1755 2474 Wartizlai
1783 2441 1873 2473 ducis

169 2506 198 2527 aa
217 2493 417 2536 Sclavorum,
440 2495 593 2537 principis
609 2498 642 2527 et
657 2495 763 2528 affinis
778 2495 878 2527 nostri
893 2493 1054 2526 karissimi
1069 2494 1245 2535 graciosius
1257 2493 1411 2535 inclinati,
1428 2492 1535 2525 eidem
1550 2494 1777 2535 permittimus,
1800 2503 1873 2524 cum

217 2548 365 2588 propter
373 2545 556 2578 discrimina
579 2547 702 2578 viarum
724 2549 867 2578 nostram
890 2547 1031 2587 nequeat
1054 2543 1211 2577 accedere
1234 2543 1468 2586 celsitudinem,
1490 2547 1527 2576 ut
1548 2554 1569 2576 a
1590 2545 1781 2587 recepcione
1805 2544 1875 2576 feo-

218 2596 334 2629 dorum
356 2607 486 2630 suorum
510 2608 530 2630 a
555 2597 648 2630 nobis
677 2602 711 2630 et
738 2598 874 2640 imperio
898 2595 1158 2638 recipiendorum
1188 2595 1400 2638 supersedeat
1421 2607 1442 2628 a
1463 2595 1547 2628 festo
1569 2595 1696 2628 Pasche
1726 2596 1874 2638 proxime
1888 2591 1985 2642 Δζξῖιή,

220 2650 355 2680 venturo
378 2647 422 2680 ad
445 2658 542 2680 unum
565 2659 683 2681 annum
705 2649 866 2691 integrum
889 2658 949 2680 nec
976 2647 1036 2679 sibi
1060 2657 1102 2679 ex
1123 2646 1185 2679 hoc
1208 2646 1340 2689 aliquod
1361 2646 1574 2690 preiudicium
1597 2646 1705 2690 quoad
1729 2646 1875 2688 predicta

222 2699 321 2732 feoda
342 2698 490 2732 volumus
511 2700 671 2742 generari.
737 2699 848 2733 Medio
872 2699 975 2731 eciam
998 2701 1146 2740 tempore
1169 2698 1249 2730 nulli
1270 2698 1366 2731 alteri
1388 2698 1530 2731 dominio
1557 2709 1615 2731 seu
1642 2698 1773 2730 domino
1802 2707 1876 2739 pre-

172 2802 201 2823 ω
321 2796 388 2824 611.
416 2797 439 2830 “)
459 2817 466 2825 .
479 2817 485 2823 .
504 2798 567 2825 aad.
586 2808 623 2825 or.
711 2798 738 2831 b)
755 2798 784 2824 n'n
801 2799 856 2825 loco
874 2806 935 2824 raso
953 2806 991 2823 or.
