2190 3172
280 114 342 145 294
515 109 612 137 ACTA
631 109 746 136 REGNI
765 107 949 135 LUDEWICI
968 107 1015 134 IV.
1034 107 1080 134 ET
1098 105 1285 134 FRIDERICI
1303 106 1352 133 111.
1390 105 1464 134 1316.
1501 105 1549 132 Nr.
1562 106 1622 133 350.
1640 105 1699 133 351.

282 200 315 230 et
343 197 497 240 quociens
526 195 665 227 volueris
699 192 904 235 coniuncti[m
929 191 1011 236 ve]l⁸·
1038 192 1164 224 divisim
1195 194 1335 223 castrum
1358 191 1399 223 de
1423 191 1655 233 Sternemberg
1682 201 1779 233 supra
1806 191 1933 223 Renum

281 250 348 281 sive
377 251 503 291 partem
531 246 676 279 eiusdem
708 246 804 277 castri
833 255 870 276 ac
899 244 1006 276 omnia
1035 243 1098 275 alia
1133 246 1166 274 et
1199 243 1325 285 singula
1359 246 1479 285 castra,
1513 243 1729 283 municiones,
1765 242 1936 284 fortalicia,

282 299 430 343 opp[ida,
454 297 587 341 vill]as⁸,
619 298 739 338 curias,
769 296 911 328 thelonia
941 298 974 327 et
995 295 1231 326 iurisdictiones
1254 304 1379 326 necnon
1401 294 1487 327 bona
1510 294 1574 326 alia
1597 304 1799 336 quecumque
1822 294 1855 325 in
1878 297 1935 326 tua

283 352 413 393 dyocesi
436 351 498 382 sita
522 352 555 381 et
577 348 789 381 consistencia
823 358 895 379 cum
923 346 1071 378 omnibus
1100 356 1211 378 eorum
1238 346 1361 377 iuribus
1387 348 1422 377 et
1450 346 1645 386 attinenciis,
1679 346 1733 387 qui
1756 345 1798 377 ad
1820 356 1879 376 nos
1902 348 1936 377 et

280 403 464 434 Romanum
487 401 658 442 imperium
682 399 845 440 pertinent
868 401 901 430 et
923 409 943 430 a
964 397 1056 429 nobis
1078 407 1136 428 seu
1158 396 1443 438 predecessoribus
1474 402 1530 429 aut
1559 396 1798 429 successoribus
1819 397 1937 428 nostris
1967 405 1981 425 ⁵

281 452 530 494 imperatoribus
553 451 606 482 vel
628 450 758 492 regibus
774 449 930 481 Romanis
951 449 1096 490 obligata
1118 451 1192 479 sunt
1213 449 1267 479 vel
1289 448 1416 490 fuerint,
1442 459 1520 490 erga
1545 459 1763 491 quascumque
1780 458 1936 490 personas

283 515 322 536 ea
345 506 492 536 tenentes
514 503 566 534 vel
590 503 687 534 etiam
711 502 754 533 ad
778 511 996 543 quascumque
1019 511 1133 532 manus
1156 503 1229 531 sunt
1250 500 1304 532 vel
1326 500 1446 532 fuerint
1468 500 1635 540 devoluta,
1658 511 1717 542 pro
1741 503 1784 540 te,
1808 510 1935 531 succes-

282 555 407 587 soribus
440 555 503 586 tuis
536 565 574 585 ac
605 554 743 585 ecclesia
773 553 966 584 Treverensi
997 552 1182 593 supradicta
1209 555 1363 593 tanquam
1392 563 1451 583 nos
1481 562 1539 584 seu
1569 552 1763 594 quicumque
1797 561 1856 582 rex
1883 550 1935 582 vel

282 607 459 648 imperator
481 605 700 637 Romanorum
724 614 871 636 reemere
895 604 997 645 possis
1021 607 1054 635 et
1076 603 1236 635 redimere
1261 603 1342 645 perb
1365 605 1414 643 te,
1437 613 1640 635 successores
1664 606 1736 634 tuos
1760 606 1793 634 et
1816 602 1937 634 dictam

284 658 454 690 ecclesiam
477 656 644 696 habenda,
675 655 815 687 tenenda
843 658 876 686 et
898 654 1093 696 possidenda
1118 665 1156 686 eo
1180 655 1249 686 iure
1283 657 1316 686 et
1342 655 1435 686 titulo
1464 665 1527 697 quo
1555 655 1620 694 ini,
1649 654 1764 696 quibus
1793 654 1984 695 obligatam

283 713 355 741 sunt
377 709 429 741 vel
453 709 584 748 fuerint,
613 718 652 739 ea
676 711 802 748 tenere,
831 707 953 739 habere
977 710 1010 738 et
1032 706 1199 748 possidere
1228 709 1378 748 poterant
1405 710 1439 738 et
1462 707 1643 739 debuerunt
1666 707 1717 738 vel
1746 708 1878 748 possent
1905 708 1940 736 et

283 761 451 801 deberent,
475 760 653 801 plenariam
677 759 735 791 tibi
758 759 952 791 conferimus
967 758 1171 800 presentibus
1187 758 1385 790 facultatem.
1422 758 1616 790 Mandantes
1632 759 1825 790 auctoritate
1848 757 1939 799 regia

284 812 431 845 omnibus
454 815 488 843 et
510 811 659 853 singulis,
683 811 911 852 cuiuscumque
935 813 1051 851 status,
1083 821 1179 842 sexus
1202 813 1258 842 aut
1281 810 1474 843 conditionis
1500 811 1654 851 existant,
1678 810 1764 842 bona
1787 809 1832 841 sic
1856 807 1937 840 obli-

282 867 360 906 gata
383 873 588 905 quocumque
612 862 704 894 titulo
729 862 923 903 tenentibus,
947 865 983 894 ut
1005 862 1082 894 dum
1106 872 1164 904 per
1188 866 1219 894 te
1243 872 1301 894 seu
1324 865 1396 894 tuos
1419 872 1622 894 successores
1645 864 1702 893 aut
1723 871 1784 903 per
1805 860 1939 892 nuncios

282 918 355 947 tuos
379 925 437 947 seu
459 917 684 956 procuratores
707 924 803 955 super
825 914 904 955 ipsis
925 914 1018 946 bonis
1034 914 1151 956 partim
1168 914 1220 945 vel
1244 914 1438 946 coniunctim
1461 913 1644 946 reemendis
1666 913 1718 945 vel
1742 911 1939 945 redimendis
1958 921 1985 940 ιε»

283 966 343 998 tibi
369 966 467 998 modo
495 976 649 1007 expresso
681 966 827 1007 superius
850 968 1007 1006 pareant,
1031 966 1114 996 sicut
1139 968 1282 996 nostram
1311 965 1567 1007 indignationem
1595 965 1776 996 curaverint
1804 964 1938 996 evitare.

283 1018 357 1050 Non
381 1017 582 1049 obstantibus
606 1016 847 1058 quibuscunque
870 1016 986 1048 litteris
1014 1027 1034 1048 a
1062 1016 1155 1048 nobis
1182 1027 1241 1048 seu
1267 1017 1383 1048 nostris
1410 1016 1695 1058 predecessoribus
1717 1015 1940 1048 Romanorum

283 1068 533 1111 imperatoribus
561 1071 594 1100 et
622 1068 754 1109 regibus
782 1077 879 1109 super
907 1068 969 1099 hoc
997 1067 1123 1099 traditis
1149 1071 1207 1099 aut
1233 1068 1408 1108 concessis,
1441 1068 1556 1109 quibus
1580 1067 1714 1100 effectus
1736 1067 1939 1109 presencium

284 1123 395 1162 posset
416 1121 448 1151 in
472 1120 580 1161 aliquo
604 1129 662 1160 per
692 1129 928 1161 quemcumque
957 1119 1202 1161 quomodolibet
1228 1119 1388 1161 impediri.
1432 1119 1542 1151 Penas
1565 1119 1680 1160 etiam,
1707 1128 1787 1160 quas
1817 1121 1852 1150 tu
1881 1127 1940 1149 seu

284 1172 331 1203 tui
359 1181 561 1202 successores
590 1173 702 1202 contra
729 1170 884 1209 rebelles,
919 1170 945 1201 si
973 1171 1027 1212 qui
1057 1173 1131 1202 sunt
1158 1170 1212 1202 vel
1238 1170 1372 1211 fuerint,
1403 1181 1606 1212 quocumque
1633 1171 1701 1202 iure
1730 1170 1783 1202 vel
1810 1169 1942 1201 nomino
1958 1178 1987 1198 so

285 1225 476 1255 censeantur
501 1222 656 1253 inflixeris
690 1224 776 1253 ratas
804 1221 918 1253 haberi
946 1222 1093 1254 volumus
1128 1232 1249 1264 easque
1283 1223 1441 1264 presentis
1476 1222 1587 1263 scripti
1614 1222 1794 1263 patrocinio
1821 1231 1940 1263 appro-

284 1274 407 1306 bamus.
496 1273 622 1305 Harum
645 1273 831 1305 testimonio
855 1273 1035 1306 litterarum
1058 1273 1238 1306 maiestatis
1266 1276 1374 1305 nostre
1402 1273 1500 1316 sigilli
1528 1274 1703 1305 munimine
1731 1274 1941 1315 signatarum.

391 1324 467 1356 Dat.
491 1324 710 1367 Nuremberg,
741 1324 812 1356 VII.
834 1324 883 1356 Id.
907 1325 1037 1366 Marcii,
1068 1336 1151 1358 anno
1179 1325 1312 1357 Domini
1334 1324 1452 1357 MCGO
1480 1324 1720 1366 sextodecimo,
1749 1324 1842 1366 regni
1863 1334 1942 1356 vero

284 1377 384 1408 nostri
408 1386 491 1408 anno
514 1376 665 1408 secundo.

720 1490 806 1527 351.
849 1491 1019 1536 Obliyatio
1046 1491 1217 1527 bonorum.
1320 1491 1433 1527 Mart.
1453 1493 1509 1527 10.
1959 1507 1988 1527 aa

397 1563 575 1604 Oriyinalia
599 1564 662 1596 duo
687 1567 699 1595 1
727 1567 756 1596 et
779 1566 797 1596 2
821 1564 944 1597 ibidem.
999 1564 1236 1606 Deseripsimus
1262 1565 1309 1597 vel
1334 1565 1526 1598 contulimus
1553 1575 1619 1598 nos.
1675 1565 1824 1606 Siyillum
1852 1567 1943 1597 auto-

283 1615 399 1656 9raphi
417 1618 427 1646 1
459 1615 551 1653 deest,
574 1615 640 1655 filis
661 1616 772 1647 sericis
793 1616 885 1648 rubei
906 1616 1044 1657 flam'que
1059 1617 1171 1650 coloris
1185 1617 1322 1656 relictis‚·
1343 1617 1535 1658 autoqraphi
1553 1619 1572 1649 2
1590 1627 1711 1657 parum
1735 1617 1854 1650 laesum
1869 1616 1943 1648 item

279 1667 405 1707 pendet.
431 1687 472 1690 —
499 1667 671 1699 Ineditum.

396 1727 544 1766 Biffimer,
567 1727 644 1768 Rey.
660 1727 773 1759 Ludw.
791 1738 826 1767 p.
840 1728 905 1759 270
928 1738 978 1760 nr.
995 1729 1082 1760 2622
1104 1728 1232 1770 (Addit.
1249 1729 1295 1770 I).

395 1813 441 1855 (1)
464 1813 534 1844 Nos
556 1813 769 1845 Ludewicus⁹¹
791 1813 855 1845 Dei
877 1814 983 1856 gratia
1005 1814 1227 1846 Romanorum
1255 1825 1313 1846 rex
1336 1824 1466 1856 semper
1489 1818 1644 1856 augustus
1671 1817 1782 1846 notum
1810 1814 1946 1846 facimus
1964 1823 1994 1843 ω

287 1865 445 1896 universis
468 1868 502 1896 et
524 1864 653 1906 publice
677 1865 874 1906 profitemur,
899 1865 985 1907 quod
1008 1865 1119 1898 habito
1142 1866 1225 1898 inter
1248 1877 1306 1897 nos
1331 1869 1364 1898 et
1385 1866 1606 1898 venerabilem
1629 1866 1809 1908 principem
1824 1865 1945 1898 Balde-

287 1917 406 1947 winum
422 1916 656 1948 Treverensem
680 1916 959 1958 archiepiscopum
983 1916 1070 1948 finali
1094 1919 1234 1948 tractatu
1258 1917 1375 1959 eidem,
1399 1917 1639 1949 successoribus
1661 1919 1727 1949 suis
1751 1921 1785 1949 et
1807 1916 1947 1948 ecclesie

288 1967 479 1999 Treverensi
513 1977 555 1999 ex
589 1978 686 1999 causa
714 1968 783 1999 veri
812 1969 915 1999 mutui
949 1971 1024 2000 ante
1052 1968 1289 2000 confectionem
1319 1969 1522 2010 presencium
1549 1970 1582 2001 in
1611 1970 1749 2011 pecunia
1776 1971 1947 2000 numerata

288 2018 365 2050 facti
388 2021 422 2051 et
443 2019 475 2050 in
490 2021 631 2050 nostram
657 2022 690 2050 et
705 2018 862 2051 heredum
877 2022 1060 2051 nostrorum
1076 2020 1261 2051 evidentem
1276 2020 1450 2052 utilitatem
1467 2021 1634 2052 conversib
1656 2021 1688 2052 in
1712 2021 1945 2063 quinquaginta

289 2073 361 2102 octo
384 2070 513 2101 milibus
537 2073 570 2102 et
597 2071 750 2101 trecentis
779 2070 869 2102 libris
892 2070 1095 2103 Hallensium
1118 2071 1273 2113 legalium
1297 2074 1455 2103 tenemur.
1497 2072 1548 2104 De
1573 2082 1637 2114 qua
1659 2082 1785 2104 summa
1807 2072 1945 2114 pecunie
1963 2080 1992 2100 ⁸⁵

288 2121 402 2153 illustri
424 2122 561 2163 principi
583 2122 719 2153 Iohanni
743 2123 812 2164 regi
834 2122 992 2154 Bohemie
1016 2126 1048 2154 et
1070 2123 1208 2154 Polonie
1232 2133 1270 2154 ac
1293 2123 1358 2155 suis
1381 2123 1557 2155 heredibus
1579 2125 1612 2155 in
1636 2124 1791 2156 comitatu
1813 2122 1944 2154 Lfitzel-

288 2173 458 2214 burgensic
480 2173 513 2204 iu
530 2173 643 2205 decem
668 2176 701 2205 et
724 2177 796 2205 octo
813 2173 942 2205 milibus
965 2173 1083 2216 lib(ris)
1099 2174 1305 2206 Hallensium
1321 2175 1490 2207 occasione
1514 2175 1672 2207 bonorum
1695 2185 1825 2207 suorum
1849 2175 1945 2206 here-

290 2224 479 2256 ditariorum
502 2225 534 2256 in
556 2227 700 2257 nostram
723 2225 961 2257 relevacionem
984 2225 1201 2268 obligatorum
1225 2237 1334 2258 sumus
1363 2229 1397 2259 et
1425 2227 1491 2259 iam
1515 2226 1635 2259 dudum
1659 2226 1777 2259 fuimus
1800 2226 1946 2268 obligati,

290 2286 386 2318 quam
416 2285 574 2307 summam
607 2276 743 2317 pecunie
778 2276 885 2308 eidem
912 2277 1157 2319 archiepiscopo
1184 2277 1344 2319 legittime
1377 2278 1544 2320 stipulanti
1573 2279 1699 2310 solvere
1727 2278 1945 2320 promittimus

289 2327 375 2358 bona
397 2326 472 2358 fide.
560 2326 607 2368 (2)
631 2326 673 2358 Et
695 2327 737 2359 ad
760 2329 917 2359 maiorem
945 2329 1152 2360 securitatem
1180 2332 1286 2361 castra
1315 2333 1425 2362 nostra
1448 2329 1680 2371 Stahelberch,
1710 2329 1946 2370 stabelekked,
1964 2335 1994 2355 ⁴⁰

290 2378 515 2409 Praunshorn⁰
545 2381 579 2409 et
608 2379 762 2420 oppidum
791 2379 979 2411 Bachrachf
1004 2390 1076 2411 cum
1104 2383 1174 2412 tota
1201 2381 1287 2412 valle
1310 2391 1348 2412 ac
1379 2381 1528 2413 omnibus
1558 2381 1694 2421 iuribus,
1727 2382 1946 2423 pertinenciis,

291 2430 453 2471 dominiis,
483 2440 573 2462 mero
598 2434 632 2462 et
654 2431 756 2462 mixto
779 2432 932 2473 imperio,
961 2431 1181 2464 iurisdictione
1212 2432 1425 2474 omnibusque
1449 2432 1621 2475 fructibus,
1649 2432 1843 2474 redditibus,
1870 2444 1944 2475 pro-

290 2481 447 2521 ventibus,
472 2482 636 2523 precariis,
660 2483 805 2524 steurisss,
831 2483 1072 2525 exactionibus,
1096 2484 1272 2516 honoribus
1295 2487 1329 2516 et
1351 2485 1493 2516 serviciis
1516 2487 1583 2516 tam
1605 2485 1638 2516 in
1660 2484 1771 2517 liberis
1794 2495 1891 2526 quam
1913 2485 1946 2516 in

291 2533 402 2573 servis,
424 2532 544 2574 Iudeis,
568 2533 728 2575 theloniis,
751 2535 949 2576 iuramentis,
972 2535 1165 2567 fidelitatum
1189 2535 1445 2577 presta-sionibus
1467 2540 1534 2568 tam
1557 2547 1577 2568 a
1592 2536 1751 2577 fidelibus,
1775 2537 1946 2569 castrensi-

395 2613 461 2640 850.
489 2614 512 2646 ⁸)
532 2615 628 2640 lacuna
647 2625 684 2641 or.
775 2615 799 2648 ι3)
818 2617 844 2641 in
864 2617 919 2642 loco
938 2626 999 2642 raso
1018 2626 1056 2643 or.
1964 2624 1994 2643 45

394 2677 459 2704 851.
487 2679 511 2711 ΙᾸ)
529 2679 685 2705 Ludowicus
697 2679 722 2705 2.
795 2680 819 2713 b)
837 2690 905 2707 corr.
918 2690 949 2707 ex
961 2683 1092 2708 conversis
1110 2681 1134 2708 2.
1206 2674 1230 2715 0)-
1247 2683 1387 2709 Luczelnb.
1400 2681 1425 2708 2.
1497 2681 1522 2714 d)
1542 2683 1693 2710 Siaheleeke
1711 2682 1736 2709 2.
1807 2683 1830 2716 0)
1849 2684 1947 2710 Brfins-

291 2722 357 2747 horn
374 2721 397 2747 2.
487 2720 507 2754 s)
524 2722 673 2748 Bachersch
691 2722 715 2749 2.
804 2724 829 2756 Β)
847 2725 926 2750 sturis
945 2724 970 2751 2.
