2158 3138
435 159 534 187 ACTA
552 147 666 189 REGNI
683 159 870 189 LUDEwlcx
889 161 936 189 lv.
954 159 1000 188 ΕΤ
1020 160 1203 190 FRlDERlCl
1224 162 1272 190 111.
1309 162 1384 190 1314.
1421 163 1469 191 Nr.
1483 164 1541 192 180.
1562 165 1619 192 181.
1794 170 1853 201 129

362 308 602 355 130—138.
644 308 935 356 SCRIPTA
959 310 1303 359 LUDEWICI
1337 312 1529 360 REGIS
1564 314 1690 361 PRO

681 373 935 421 COMITE
968 375 1374 423 HAYNONIAE.

763 451 871 497 1314,
913 450 1006 489 Nov.
1028 453 1235 491 25.——Dec.
1255 454 1291 490 4.

367 560 450 598 130.
491 561 664 599 Remis-sio
690 562 779 599 iwris
806 564 844 599 in
871 564 1083 601 comitatibus
1109 565 1323 603 Hollcmdiae
1351 569 1410 603 etc.
1517 567 1604 603 Nov.
1625 569 1688 605 25.

165 649 178 670 s
309 634 470 677 Oriqmaze
492 635 567 679 (or.)
597 636 634 669 in
660 636 820 670 tabumrio
845 638 930 678 reyio
957 638 1121 671 Montensi
1148 639 1336 672 ‘Tresorerie
1362 640 1416 673 des
1443 641 1574 673 chartes’
1603 652 1653 674 nr.
1669 643 1733 674 368
1763 641 1853 682 (olim

195 685 267 719 DD
282 686 350 729 34).
390 686 631 728 ,Deserapsimus
651 698 718 720 nos.
764 688 922 729 Sigillum,
946 691 1030 731 quod
1050 691 1116 731 filis
1135 691 1246 723 sen'cis
1263 692 1431 731 pendebat,
1454 693 1663 725 desideratur.
1702 693 1744 726 In
1766 704 1852 726 verso

195 737 326 779 legjitur:
347 739 389 778 R..
419 757 462 763 —
488 738 563 771 Iam
584 739 742 772 edidimus
764 740 879 773 ‘Neues
894 742 1026 774 Archiv’
1049 742 1184 782 XXIX,
1204 744 1268 775 598
1289 754 1340 777 nr.
1356 745 1398 775 19
1421 755 1459 776 ex
1483 755 1528 776 or.
1574 745 1636 777 Ed.
1661 745 1699 777 P.
1716 745 1750 778 J.
1768 744 1853 777 Blok

196 789 421 823 ‘Nachmhten
453 790 509 823 der
538 791 703 832 Go'ttinyer
733 792 944 832 Gesellschast
977 794 1033 826 der
1065 794 1344 834 Wissenschasten.
1387 795 1640 828 nizot-histor.
1662 795 1732 831 KZ!
1769 797 1853 828 1908

187 851 266 883 paq.
283 843 347 875 635
368 852 407 875 ex
430 853 476 875 or.
519 864 522 866 v

152 919 178 941 ω
302 901 451 946 ΒόΙινηεν,
473 902 549 944 Req.
572 903 687 936 Ludw.
703 914 741 944 12-
758 904 777 936 1
801 913 851 938 nr.
866 904 897 938 2.

189 1023 255 1054 paq
281 961 371 1046 6105&
371 960 503 1055 qltqtteras
523 972 693 995 consensus
714 973 816 1005 supra
837 974 886 996 nr.
904 965 982 1004 105,
1016 965 1149 1006 itemque
1175 966 1214 999 de
1238 966 1340 999 indole
1362 966 1461 999 huius
1483 967 1662 1000 documenti
1684 968 1765 1000 Blok
1787 968 1807 1001 l.
1824 980 1849 1001 c.

301 1095 496 1129 Ludowicus
510 1096 574 1130 Dei
593 1097 699 1139 gratia
713 1097 934 1130 Romanorum
957 1109 1016 1131 rex
1040 1102 1073 1132 et
1095 1109 1225 1142 semper
1247 1103 1402 1142 augustus
1478 1101 1635 1133 universis
1662 1105 1696 1133 et
1718 1101 1851 1144 singulis

193 1151 362 1191 presentes
382 1148 508 1180 litteras
529 1149 722 1192 inspecturis
809 1151 947 1192 gratiam
971 1161 1061 1183 suam
1085 1154 1119 1183 et
1142 1162 1236 1183 omne
1260 1151 1390 1183 bonum.

150 1216 175 1237 ι,
300 1199 355 1233 Ad
377 1200 598 1233 universorum
620 1202 774 1234 noticiam
797 1203 943 1244 cupimus
966 1204 1146 1246 pervenire,
1171 1203 1259 1246 quod
1274 1214 1333 1236 nos
1348 1207 1481 1246 propter
1496 1208 1590 1246 grata
1606 1207 1640 1235 et
1656 1204 1851 1247 obsequiosa

193 1252 338 1293 servicia,
362 1262 425 1295 que
448 1252 634 1294 spectabilis
657 1252 877 1296 Guill(elmu)s
900 1265 1010 1287 comes
1032 1255 1207 1287 Hollandie
1232 1258 1265 1287 et
1287 1256 1337 1287 sui
1353 1255 1603 1298 predecessores
1619 1257 1734 1288 nostris
1757 1261 1849 1290 ante·

193 1304 375 1337 censoribus
396 1304 528 1346 regibus
551 1308 584 1337 et
605 1305 855 1347 imperatoribus
874 1305 1094 1338 Romanorum
1119 1310 1152 1339 et
1174 1307 1311 1349 imperio
1335 1307 1551 1339 exhibuerunt
1574 1311 1607 1339 et
1629 1307 1735 1340 adhuc
1758 1308 1850 1341 nobis

193 1358 227 1388 et
248 1356 385 1398 imperio
409 1355 556 1388 exhiberi
578 1366 746 1398 speramus
772 1357 805 1388 in
827 1357 985 1399 futurum,
1015 1368 1109 1390 omne
1133 1359 1197 1399 ius,
1226 1358 1312 1400 quod
1335 1358 1457 1390 hiidem
1480 1360 1580 1390 nostri
1603 1359 1850 1401 predecessores

191 1407 224 1439 in
247 1407 452 1440 comitatibus
474 1406 663 1448 Hollandie‚
684 1408 840 1440 Zelandie
863 1413 897 1442 et
919 1409 1086 1442 dominatu
1102 1409 1204 1442 Frisie
1220 1410 1437 1442 reclamarunt
1452 1420 1510 1442 seu
1533 1411 1710 1443 reclamare
1734 1416 1848 1454 potue-

148 1474 175 1496 „
191 1463 266 1492 runt
288 1463 344 1492 aut
365 1470 425 1492 nos
447 1460 626 1492 reclamare
648 1470 835 1502 possemus,
858 1461 960 1493 libere
984 1464 1018 1494 et
1040 1461 1188 1494 absolute
1212 1461 1253 1494 de
1268 1458 1433 1494 ‘consensu
1457 1466 1490 1494 et
1513 1473 1644 1495 assensu
1667 1467 1848 1496 nostrorum

192 1511 372 1554 principum
395 1512 571 1554 quittamus
599 1522 637 1544 ac
661 1511 769 1544 eidem
801 1513 936 1555 eiusque
959 1513 1134 1545 heredibus
1157 1517 1191 1546 et
1213 1513 1450 1546 successoribus
1472 1514 1674 1556 presentibus
1698 1514 1849 1547 duximus

191 1563 430 1596 remittendum.
477 1563 576 1596 Salvo
599 1566 708 1596 tamen
736 1563 828 1596 nobis
860 1567 894 1596 et
921 1565 1058 1607 imperio
1088 1565 1240 1607 homagio
1270 1565 1381 1597 debito
1413 1576 1470 1608 pro
1500 1565 1631 1598 eisdem.
1678 1566 1712 1598 Si
1739 1570 1848 1599 autem

192 1625 360 1658 processus
383 1614 483 1658 aliqui
504 1625 564 1657 per
584 1619 712 1648 nostros
733 1615 982 1658 predecessores
1005 1617 1081 1649 facti
1105 1618 1271 1649 extiterint
1293 1620 1404 1649 contra
1427 1617 1579 1649 eumdem
1595 1619 1746 1650 comitem
1769 1617 1848 1662 au[t]

191 1677 266 1699 suos
297 1666 546 1709 predecessores
577 1678 636 1709 pro
670 1668 739 1700 iure
775 1668 935 1710 predicto,
970 1679 1012 1700 ex
1040 1672 1129 1701 certa
1158 1669 1292 1700 scientia
1320 1668 1524 1711 presentibus
1551 1669 1721 1701 irritamus.
1811 1670 1848 1702 In

147 1734 173 1755 ‚a
192 1718 280 1751 cuius
302 1718 351 1750 rei
372 1719 591 1751 testimonium
615 1719 756 1762 sigillum
778 1723 923 1751 nostrum
947 1720 1151 1762 presentibus
1173 1720 1289 1752 litteris
1312 1720 1460 1752 duximus
1483 1721 1722 1762 apponendum.

299 1769 420 1802 Datum
448 1770 587 1813 Acquis,
620 1771 774 1803 vicesima
808 1772 920 1813 quinta
955 1772 1008 1804 die
1039 1772 1159 1804 mensis
1186 1772 1378 1812 Novembr.‚
1406 1782 1490 1804 anno
1518 1771 1649 1804 Domini
1676 1772 1847 1805 millesimo

191 1822 418 1854 trecentesimo
442 1822 697 1865 quartodecimo,
720 1824 831 1865 regni·
853 1833 931 1855 vero
954 1824 1055 1855 nostri
1077 1835 1160 1856 anno
1184 1825 1287 1866 primo
1296 1829 1318 1855 ¹.

417 1954 500 1991 131.
542 1953 754 1990 Mandatum
781 1955 975 1992 civitatibus
1002 1956 1145 1992 Frisiae
1171 1956 1350 1992 directum..
1456 1955 1544 1991 Nov.
1564 1957 1626 1991 25.

303 2027 466 2069 Originale
490 2027 684 2068 deperditum
692 2029 715 2060 ².
768 2029 866 2070 an’a
890 2029 946 2071 (c.)
977 2030 1013 2061 in
1044 2029 1227 2062 Cartalario
1250 2029 1460 2070 Haynonensi
1482 2029 1533 2062 ΙΙ.
1562 2040 1610 2061 nr.
1627 2030 1670 2060 34
1693 2028 1847 2061 tabrdarii

147 2095 174 2115 ω
190 2078 379 2112 Insulensis.
428 2079 629 2112 Gontulimus
650 2090 716 2112 nos.
751 2100 792 2104 —
826 2080 891 2113 Ed.
913 2080 1069 2113 Devillers
1096 2081 1310 2113 ‘Monuments
1334 2091 1420 2121 pour
1444 2080 1543 2112 servir
1569 2080 1590 2111 ὰ
1615 2079 1633 2111 Γ
1635 2080 1765 2112 histoire
1793 2081 1847 2112 des

188 2131 352 2172 provinces
373 2130 412 2163 de
426 2130 563 2170 Namur,
587 2131 625 2164 de
646 2131 799 2165 Hainaut
821 2135 850 2164 et
876 2133 914 2165 de
935 2132 1165 2173 Isuoeemboury’
1193 2135 1248 2172 (=
1277 2131 1445 2165 Collection
1467 2132 1505 2164 de
1531 2132 1728 2172 Chroniques
1750 2132 1847 2173 belqes

190 2182 339 2220 inedita)
362 2182 426 2216 ΙΙΙ
444 2183 558 2225 (1874)
579 2193 613 2224 p.
629 2186 672 2215 41
694 2194 744 2216 nr.
763 2184 826 2216 134
848 2195 887 2216 ex
910 2194 936 2216 o.

297 2238 446 2278 Βόληισν,
470 2238 545 2280 Rey.
569 2237 682 2272 Ludw.
702 2250 735 2281 p.
753 2242 772 2271 1
795 2250 844 2272 nr.
861 2241 892 2271 3.

297 2325 482 2358 Ludovicus
509 2324 574 2357 Doi
601 2325 706 2367 gratia
735 2325 956 2358 Romanorum
987 2335 1045 2358 rex
1075 2329 1108 2358 et
1139 2335 1268 2368 semper
1290 2329 1445 2368 augustus
1534 2326 1746 2368 prudentibus
1770 2327 1845 2358 viris

145 2393 170 2414 ,5
189 2377 412 2420 grutimagnis,
436 2376 625 2409 consiliariis
649 2380 682 2409 et
705 2377 990 2409 communitatibus
1012 2382 1098 2410 terre
1122 2378 1226 2410 Frizie
1250 2378 1291 2410 de
1305 2378 1480 2420 Westrogo
1506 2383 1538 2410 et
1562 2378 1716 2421 Ostrogo,
1740 2378 1843 2410 fideli-

189 2427 250 2460 bus
272 2428 338 2460 suis
360 2427 488 2461 dilectis
575 2429 713 2471 gratiam
737 2439 828 2460 suam
852 2432 885 2461 et
908 2439 1003 2462 omne
1026 2429 1154 2461 bonum.
1694 2441 1701 2447 ·

297 2478 489 2512 Mandamus
511 2479 603 2511 vobis
627 2483 660 2512 et
681 2483 823 2512 vestrum
846 2481 988 2522 singulis,
1013 2481 1100 2523 quod
1116 2481 1327 2523 spectabilem
1344 2482 1446 2513 virum
1463 2481 1674 2513 Guillelmum
1691 2482 1842 2513 comitem

189 2530 366 2564 Hollandie
389 2541 427 2563 ao
450 2530 615 2563 dominum
638 2531 743 2563 Frizie
766 2532 799 2563 in
822 2535 962 2563 vestrum
987 2531 1151 2564 dominum
1175 2532 1354 2565 admittatis
1377 2533 1502 2576 sibique
1532 2534 1573 2566 de
1596 2533 1744 2565 omnibus
1766 2534 1842 2565 iuri-

188 2582 248 2615 bus
271 2583 336 2615 suis
357 2582 582 2625 respondeatis
605 2593 643 2615 ac
666 2583 869 2625 integraliter
890 2583 1087 2625 respondere
1113 2583 1247 2617 faciatis.
1294 2584 1327 2616 si
1351 2585 1422 2627 quis
1446 2588 1554 2616 autem
1574 2590 1715 2617 vestrum
1733 2589 1843 2616 contra

143 2687 172 2708 4ο
186 2692 188 2694 v
294 2676 359 2704 180.
376 2677 410 2709 ,·)
428 2678 503 2710 regui
514 2689 546 2695 —
556 2677 637 2711 primo
655 2682 799 2704 ammento
817 2678 927 2711 fuscior-2·
943 2683 1040 2704 mutato
1058 2679 1136 2704 ductu
1153 2679 1216 2705 add.
1235 2687 1288 2710 or.,·
1304 2678 1340 2710 cs.
1352 2686 1394 2705 nr.
1409 2682 1457 2705 133
1477 2682 1530 2705 noe.
1544 2687 1569 2706 a.

293 2737 319 2770 1)
341 2736 546 2763 Transeundum
570 2736 677 2764 circiter
701 2745 727 2764 a.
741 2740 813 2764 1330.
837 2739 983 2771 confectum
1009 2737 1071 2764 olim
1096 2738 1126 2764 in
1151 2737 1286 2765 athalar-’0
1312 2738 1447 2765 ,llontensi
1469 2739 1521 2765 GG
1537 2742 1577 2765 19.-
1604 2739 1638 2769 εἰ.
1660 2737 1686 2764 J.
1704 2737 1734 2764 de
1751 2738 1840 2764 Saint-

193 2779 292 2807 Genois
309 2779 368 2806 loco
383 2787 468 2813 supra
484 2778 523 2807 aa
541 2787 583 2807 nr.
596 2783 647 2807 106
665 2780 747 2807 citato
766 2779 789 2813 Ι,
806 2783 862 2808 431.

292 2839 331 2859 u..
349 2838 574 2858 cossmunonss
586 2839 613 2858 v.
1602 2833 1633 2859 17
