<?xml version="1.0" encoding="UTF-8"?>
<!DOCTYPE html PUBLIC "-//W3C//DTD XHTML 1.0 Transitional//EN"
    "http://www.w3.org/TR/xhtml1/DTD/xhtml1-transitional.dtd">
<html xmlns="http://www.w3.org/1999/xhtml" xml:lang="en" lang="en">
 <head>
  <title>
</title>
<meta http-equiv="Content-Type" content="text/html;charset=utf-8" />
  <meta name='ocr-system' content='tesseract 3.04.00' />
  <meta name='ocr-capabilities' content='ocr_page ocr_carea ocr_par ocr_line ocrx_word'/>
</head>
<body>
  <div class='ocr_page' id='page_1' title='image "./monumentagerma05geseuoft_0307.png"; bbox 0 0 2190 3172; ppageno 0'>
   <div class='ocr_carea' id='block_1_1' title="bbox 426 206 1845 239">
    <p class='ocr_par' dir='ltr' id='par_1_1' title="bbox 426 206 1845 239">
     <span class='ocr_line' id='line_1_1' title="bbox 426 206 1845 239; baseline 0 -5"><span class='ocrx_word' id='word_1_1' title='bbox 426 206 522 234; x_wconf 75' lang='lat' dir='ltr'>ACTA</span> <span class='ocrx_word' id='word_1_2' title='bbox 540 206 654 234; x_wconf 54' lang='lat' dir='ltr'><strong>1³le</strong></span> <span class='ocrx_word' id='word_1_3' title='bbox 673 206 858 235; x_wconf 83' lang='lat' dir='ltr'><strong>LUDEWICI</strong></span> <span class='ocrx_word' id='word_1_4' title='bbox 876 206 923 234; x_wconf 82' lang='lat' dir='ltr'><strong>IV.</strong></span> <span class='ocrx_word' id='word_1_5' title='bbox 942 206 988 234; x_wconf 83' lang='grc' dir='ltr'><strong>ΕΤ</strong></span> <span class='ocrx_word' id='word_1_6' title='bbox 1007 206 1191 234; x_wconf 80' lang='lat' dir='ltr'><strong>FRIDERICI</strong></span> <span class='ocrx_word' id='word_1_7' title='bbox 1211 206 1260 235; x_wconf 83' lang='lat'><strong>111.</strong></span> <span class='ocrx_word' id='word_1_8' title='bbox 1297 206 1372 234; x_wconf 83' lang='lat'><strong>1315.</strong></span> <span class='ocrx_word' id='word_1_9' title='bbox 1408 206 1458 234; x_wconf 64' lang='grc' dir='ltr'><strong>ΝΥ.</strong></span> <span class='ocrx_word' id='word_1_10' title='bbox 1470 206 1529 234; x_wconf 86' lang='grc'><strong>310.</strong></span> <span class='ocrx_word' id='word_1_11' title='bbox 1548 206 1608 234; x_wconf 82' lang='lat'><strong>311.</strong></span> <span class='ocrx_word' id='word_1_12' title='bbox 1783 209 1845 239; x_wconf 82' lang='grc'><strong>267</strong></span> 
     </span>
    </p>
   </div>
   <div class='ocr_carea' id='block_1_2' title="bbox 323 355 1714 470">
    <p class='ocr_par' dir='ltr' id='par_1_2' title="bbox 323 355 1714 470">
     <span class='ocr_line' id='line_1_2' title="bbox 323 355 1714 395; baseline 0 -2"><span class='ocrx_word' id='word_1_13' title='bbox 323 356 398 393; x_wconf 87' lang='lat'><strong>310.</strong></span> <span class='ocrx_word' id='word_1_14' title='bbox 434 355 701 394; x_wconf 84' lang='lat' dir='ltr'>COLLATIO</span> <span class='ocrx_word' id='word_1_15' title='bbox 724 355 1018 395; x_wconf 82' lang='lat' dir='ltr'>FEUDORUM</span> <span class='ocrx_word' id='word_1_16' title='bbox 1040 355 1150 393; x_wconf 80' lang='lat' dir='ltr'><strong>PER</strong></span> <span class='ocrx_word' id='word_1_17' title='bbox 1171 355 1503 394; x_wconf 85' lang='lat' dir='ltr'>LUDEWICUM</span> <span class='ocrx_word' id='word_1_18' title='bbox 1525 355 1714 394; x_wconf 80' lang='lat' dir='ltr'><strong>FACTA.</strong></span> 
     </span>
     <span class='ocr_line' id='line_1_3' title="bbox 867 423 1172 470; baseline -0.003 -9"><span class='ocrx_word' id='word_1_19' title='bbox 867 424 976 461; x_wconf 87' lang='lat'>1315.</span> <span class='ocrx_word' id='word_1_20' title='bbox 1018 424 1115 470; x_wconf 81' lang='lat' dir='ltr'><strong>Aug.</strong></span> <span class='ocrx_word' id='word_1_21' title='bbox 1137 423 1172 461; x_wconf 73' lang='lat'><strong>2.</strong></span> 
     </span>
    </p>
   </div>
   <div class='ocr_carea' id='block_1_3' title="bbox 156 522 1848 667">
    <p class='ocr_par' dir='ltr' id='par_1_3' title="bbox 156 522 1848 667">
     <span class='ocr_line' id='line_1_4' title="bbox 300 522 1846 567; baseline 0.001 -11"><span class='ocrx_word' id='word_1_22' title='bbox 300 522 462 564; x_wconf 63' lang='lat' dir='ltr'><strong>originale</strong></span> <span class='ocrx_word' id='word_1_23' title='bbox 490 523 696 564; x_wconf 76' lang='lat' dir='ltr'><strong>deperditum.</strong></span> <span class='ocrx_word' id='word_1_24' title='bbox 752 524 851 565; x_wconf 78' lang='lat' dir='ltr'><strong>Copia</strong></span> <span class='ocrx_word' id='word_1_25' title='bbox 874 524 930 567; x_wconf 90' lang='lat' dir='ltr'><strong>(c.)</strong></span> <span class='ocrx_word' id='word_1_26' title='bbox 961 524 996 556; x_wconf 78' lang='lat' dir='ltr'><strong>in</strong></span> <span class='ocrx_word' id='word_1_27' title='bbox 1020 523 1117 556; x_wconf 78' lang='lat' dir='ltr'><strong>Libro</strong></span> <span class='ocrx_word' id='word_1_28' title='bbox 1145 524 1286 564; x_wconf 76' lang='lat' dir='ltr'><strong>copiario</strong></span> <span class='ocrx_word' id='word_1_29' title='bbox 1307 523 1549 564; x_wconf 72' lang='lat' dir='ltr'><strong>Lumburqensi</strong></span> <span class='ocrx_word' id='word_1_30' title='bbox 1577 534 1657 556; x_wconf 81' lang='lat' dir='ltr'><strong>saec.</strong></span> <span class='ocrx_word' id='word_1_31' title='bbox 1674 524 1773 558; x_wconf 83' lang='lat' dir='ltr'><strong>XIV.</strong></span> <span class='ocrx_word' id='word_1_32' title='bbox 1797 536 1846 558; x_wconf 73' lang='lat' dir='ltr'><strong>ex.</strong></span> 
     </span>
     <span class='ocr_line' id='line_1_5' title="bbox 188 574 1848 617; baseline 0.001 -10"><span class='ocrx_word' id='word_1_33' title='bbox 188 574 343 607; x_wconf 78' lang='lat' dir='ltr'><strong>tabularii</strong></span> <span class='ocrx_word' id='word_1_34' title='bbox 357 574 598 608; x_wconf 77' lang='lat' dir='ltr'><strong>Hammverani.</strong></span> <span class='ocrx_word' id='word_1_35' title='bbox 622 595 664 600; x_wconf 97' lang='lat'>—</span> <span class='ocrx_word' id='word_1_36' title='bbox 686 575 749 608; x_wconf 86' lang='lat' dir='ltr'><strong>Ed.</strong></span> <span class='ocrx_word' id='word_1_37' title='bbox 766 575 957 617; x_wconf 69' lang='lat' dir='ltr'><strong>Sudendorf</strong></span> <span class='ocrx_word' id='word_1_38' title='bbox 969 574 1253 609; x_wconf 73' lang='lat' dir='ltr'><strong>‘Urkundenbuch&#39;</strong></span> <span class='ocrx_word' id='word_1_39' title='bbox 1270 575 1299 614; x_wconf 89' lang='lat' dir='ltr'><strong>I,</strong></span> <span class='ocrx_word' id='word_1_40' title='bbox 1316 575 1379 606; x_wconf 89' lang='lat'><strong>151</strong></span> <span class='ocrx_word' id='word_1_41' title='bbox 1395 585 1445 607; x_wconf 78' lang='lat' dir='ltr'><strong>nr.</strong></span> <span class='ocrx_word' id='word_1_42' title='bbox 1461 575 1527 607; x_wconf 80' lang='lat'><strong>268</strong></span> <span class='ocrx_word' id='word_1_43' title='bbox 1545 586 1585 607; x_wconf 79' lang='lat' dir='ltr'><strong>ex</strong></span> <span class='ocrx_word' id='word_1_44' title='bbox 1600 586 1628 608; x_wconf 92' lang='lat' dir='ltr'><strong>c.</strong></span> <span class='ocrx_word' id='word_1_45' title='bbox 1662 575 1848 609; x_wconf 78' lang='lat' dir='ltr'><strong>Editionem</strong></span> 
     </span>
     <span class='ocr_line' id='line_1_6' title="bbox 156 626 367 667; baseline 0.009 -10"><span class='ocrx_word' id='word_1_46' title='bbox 156 637 169 657; x_wconf 75' lang='grc' dir='ltr'><strong>ι</strong></span> <span class='ocrx_word' id='word_1_47' title='bbox 187 626 367 667; x_wconf 76' lang='lat' dir='ltr'><strong>repetimus.</strong></span> 
     </span>
    </p>
   </div>
   <div class='ocr_carea' id='block_1_4' title="bbox 297 681 1237 725">
    <p class='ocr_par' dir='ltr' id='par_1_4' title="bbox 297 681 1237 725">
     <span class='ocr_line' id='line_1_7' title="bbox 297 681 1237 725; baseline 0.001 -11"><span class='ocrx_word' id='word_1_48' title='bbox 297 681 442 721; x_wconf 75' lang='lat' dir='ltr'><strong>Bb‘hmer,</strong></span> <span class='ocrx_word' id='word_1_49' title='bbox 467 681 544 723; x_wconf 70' lang='lat' dir='ltr'><strong>Ray.</strong></span> <span class='ocrx_word' id='word_1_50' title='bbox 559 681 672 716; x_wconf 80' lang='lat' dir='ltr'><strong>Ludw.</strong></span> <span class='ocrx_word' id='word_1_51' title='bbox 691 693 726 723; x_wconf 77' lang='lat' dir='ltr'><strong>p.</strong></span> <span class='ocrx_word' id='word_1_52' title='bbox 743 682 808 714; x_wconf 86' lang='lat'><strong>350</strong></span> <span class='ocrx_word' id='word_1_53' title='bbox 829 693 880 716; x_wconf 80' lang='lat' dir='ltr'><strong>nr.</strong></span> <span class='ocrx_word' id='word_1_54' title='bbox 895 682 983 715; x_wconf 85' lang='lat'><strong>3152</strong></span> <span class='ocrx_word' id='word_1_55' title='bbox 1005 682 1132 724; x_wconf 81' lang='lat' dir='ltr'><strong><em>(Addit.</em></strong></span> <span class='ocrx_word' id='word_1_56' title='bbox 1149 682 1237 725; x_wconf 86' lang='lat'><strong>111).</strong></span> 
     </span>
    </p>
   </div>
   <div class='ocr_carea' id='block_1_5' title="bbox 142 766 1847 1280">
    <p class='ocr_par' dir='ltr' id='par_1_5' title="bbox 186 766 1847 914">
     <span class='ocr_line' id='line_1_8' title="bbox 294 766 1846 811; baseline 0.001 -10"><span class='ocrx_word' id='word_1_57' title='bbox 294 768 364 801; x_wconf 84' lang='lat' dir='ltr'><strong>Nos</strong></span> <span class='ocrx_word' id='word_1_58' title='bbox 389 766 603 800; x_wconf 81' lang='lat' dir='ltr'><strong>Ludowicus·</strong></span> <span class='ocrx_word' id='word_1_59' title='bbox 625 767 688 800; x_wconf 91' lang='lat' dir='ltr'><strong>Dei</strong></span> <span class='ocrx_word' id='word_1_60' title='bbox 710 769 820 811; x_wconf 77' lang='lat' dir='ltr'>gracia</span> <span class='ocrx_word' id='word_1_61' title='bbox 845 768 1067 801; x_wconf 85' lang='lat' dir='ltr'><strong>Romanorum</strong></span> <span class='ocrx_word' id='word_1_62' title='bbox 1101 779 1160 801; x_wconf 83' lang='lat' dir='ltr'><strong>rex</strong></span> <span class='ocrx_word' id='word_1_63' title='bbox 1195 778 1326 811; x_wconf 80' lang='lat' dir='ltr'><strong>semper</strong></span> <span class='ocrx_word' id='word_1_64' title='bbox 1359 773 1514 811; x_wconf 82' lang='lat' dir='ltr'><strong>augustus</strong></span> <span class='ocrx_word' id='word_1_65' title='bbox 1547 770 1588 802; x_wconf 83' lang='lat' dir='ltr'><strong>ad</strong></span> <span class='ocrx_word' id='word_1_66' title='bbox 1623 771 1846 803; x_wconf 84' lang='lat' dir='ltr'><strong>universorum</strong></span> 
     </span>
     <span class='ocr_line' id='line_1_9' title="bbox 187 819 1847 863; baseline 0.002 -11"><span class='ocrx_word' id='word_1_67' title='bbox 187 819 270 852; x_wconf 82' lang='lat' dir='ltr'><strong>sacri</strong></span> <span class='ocrx_word' id='word_1_68' title='bbox 292 819 432 852; x_wconf 76' lang='lat' dir='ltr'><strong>Romani</strong></span> <span class='ocrx_word' id='word_1_69' title='bbox 453 820 582 862; x_wconf 88' lang='lat' dir='ltr'><strong>imperii</strong></span> <span class='ocrx_word' id='word_1_70' title='bbox 603 819 748 852; x_wconf 86' lang='lat' dir='ltr'><strong>fidelium</strong></span> <span class='ocrx_word' id='word_1_71' title='bbox 770 820 924 852; x_wconf 78' lang='lat' dir='ltr'><strong>noticiam</strong></span> <span class='ocrx_word' id='word_1_72' title='bbox 946 820 1095 852; x_wconf 86' lang='lat' dir='ltr'><strong>volumus</strong></span> <span class='ocrx_word' id='word_1_73' title='bbox 1117 821 1301 862; x_wconf 89' lang='lat' dir='ltr'><strong>pervenire,</strong></span> <span class='ocrx_word' id='word_1_74' title='bbox 1329 821 1417 863; x_wconf 90' lang='lat' dir='ltr'><strong>quod</strong></span> <span class='ocrx_word' id='word_1_75' title='bbox 1446 832 1505 853; x_wconf 85' lang='lat' dir='ltr'><strong>nos</strong></span> <span class='ocrx_word' id='word_1_76' title='bbox 1533 821 1575 854; x_wconf 91' lang='lat' dir='ltr'><strong>ad</strong></span> <span class='ocrx_word' id='word_1_77' title='bbox 1599 823 1788 855; x_wconf 76' lang='lat' dir='ltr'><strong>instanciam</strong></span> <span class='ocrx_word' id='word_1_78' title='bbox 1812 827 1847 855; x_wconf 90' lang='lat' dir='ltr'><strong>et</strong></span> 
     </span>
     <span class='ocr_line' id='line_1_10' title="bbox 186 870 1845 914; baseline 0.002 -11"><span class='ocrx_word' id='word_1_79' title='bbox 186 871 433 914; x_wconf 87' lang='lat' dir='ltr'><strong>requisicionem</strong></span> <span class='ocrx_word' id='word_1_80' title='bbox 455 871 636 913; x_wconf 78' lang='lat' dir='ltr'><strong>supplicem</strong></span> <span class='ocrx_word' id='word_1_81' title='bbox 658 871 790 903; x_wconf 86' lang='lat' dir='ltr'><strong>illustris</strong></span> <span class='ocrx_word' id='word_1_82' title='bbox 813 871 942 903; x_wconf 88' lang='lat' dir='ltr'><strong>Ottonis</strong></span> <span class='ocrx_word' id='word_1_83' title='bbox 969 870 1059 903; x_wconf 90' lang='lat' dir='ltr'><strong>ducis</strong></span> <span class='ocrx_word' id='word_1_84' title='bbox 1081 871 1344 914; x_wconf 81' lang='lat' dir='ltr'><strong>Luneburgensis</strong></span> <span class='ocrx_word' id='word_1_85' title='bbox 1371 872 1525 914; x_wconf 87' lang='lat' dir='ltr'><strong>principis</strong></span> <span class='ocrx_word' id='word_1_86' title='bbox 1553 876 1586 905; x_wconf 85' lang='lat' dir='ltr'><strong>et</strong></span> <span class='ocrx_word' id='word_1_87' title='bbox 1608 875 1722 906; x_wconf 88' lang='lat' dir='ltr'><strong>sororii</strong></span> <span class='ocrx_word' id='word_1_88' title='bbox 1745 875 1845 906; x_wconf 84' lang='lat' dir='ltr'><strong>nostri</strong></span> 
     </span>
    </p>

    <p class='ocr_par' dir='ltr' id='par_1_6' title="bbox 143 922 1847 1164">
     <span class='ocr_line' id='line_1_11' title="bbox 143 922 1846 968; baseline 0.001 -12"><span class='ocrx_word' id='word_1_89' title='bbox 143 932 170 953; x_wconf 80' lang='grc' dir='ltr'><strong>ιο</strong></span> <span class='ocrx_word' id='word_1_90' title='bbox 187 923 366 964; x_wconf 71' lang='lat' dir='ltr'><strong>karissimi,</strong></span> <span class='ocrx_word' id='word_1_91' title='bbox 399 922 455 964; x_wconf 90' lang='lat' dir='ltr'><strong>qui</strong></span> <span class='ocrx_word' id='word_1_92' title='bbox 485 922 528 955; x_wconf 86' lang='lat' dir='ltr'><strong>ad</strong></span> <span class='ocrx_word' id='word_1_93' title='bbox 561 932 694 965; x_wconf 76' lang='lat' dir='ltr'><strong>presens</strong></span> <span class='ocrx_word' id='word_1_94' title='bbox 727 925 862 965; x_wconf 89' lang='lat' dir='ltr'><strong>propter</strong></span> <span class='ocrx_word' id='word_1_95' title='bbox 888 923 1013 955; x_wconf 77' lang='lat' dir='ltr'><strong>viarum</strong></span> <span class='ocrx_word' id='word_1_96' title='bbox 1047 923 1232 955; x_wconf 77' lang='lat' dir='ltr'><strong>discrimina</strong></span> <span class='ocrx_word' id='word_1_97' title='bbox 1265 926 1298 955; x_wconf 87' lang='lat' dir='ltr'><strong>et</strong></span> <span class='ocrx_word' id='word_1_98' title='bbox 1331 927 1491 956; x_wconf 89' lang='lat' dir='ltr'><strong>terrarum</strong></span> <span class='ocrx_word' id='word_1_99' title='bbox 1514 935 1656 966; x_wconf 82' lang='lat' dir='ltr'><strong>gwerras</strong></span> <span class='ocrx_word' id='word_1_100' title='bbox 1690 926 1846 968; x_wconf 84' lang='lat' dir='ltr'><strong>plurimas</strong></span> 
     </span>
     <span class='ocr_line' id='line_1_12' title="bbox 186 973 1845 1017; baseline 0.001 -9"><span class='ocrx_word' id='word_1_101' title='bbox 186 975 363 1008; x_wconf 82' lang='lat' dir='ltr'><strong>maiestatis</strong></span> <span class='ocrx_word' id='word_1_102' title='bbox 396 977 505 1007; x_wconf 89' lang='lat' dir='ltr'><strong>nostre</strong></span> <span class='ocrx_word' id='word_1_103' title='bbox 532 974 750 1017; x_wconf 81' lang='lat' dir='ltr'><strong>presenciam,</strong></span> <span class='ocrx_word' id='word_1_104' title='bbox 779 976 815 1006; x_wconf 82' lang='lat' dir='ltr'><strong>ut</strong></span> <span class='ocrx_word' id='word_1_105' title='bbox 841 973 1062 1014; x_wconf 78' lang='lat' dir='ltr'><strong>desiderabat,</strong></span> <span class='ocrx_word' id='word_1_106' title='bbox 1090 974 1247 1007; x_wconf 89' lang='lat' dir='ltr'><strong>accedere</strong></span> <span class='ocrx_word' id='word_1_107' title='bbox 1275 985 1339 1007; x_wconf 90' lang='lat' dir='ltr'><strong>non</strong></span> <span class='ocrx_word' id='word_1_108' title='bbox 1362 975 1507 1017; x_wconf 78' lang='lat' dir='ltr'><strong>valebat,</strong></span> <span class='ocrx_word' id='word_1_109' title='bbox 1535 976 1596 1008; x_wconf 89' lang='lat' dir='ltr'><strong>sibi</strong></span> <span class='ocrx_word' id='word_1_110' title='bbox 1619 977 1695 1009; x_wconf 89' lang='lat' dir='ltr'><strong>licet</strong></span> <span class='ocrx_word' id='word_1_111' title='bbox 1718 977 1845 1010; x_wconf 83' lang='lat' dir='ltr'><strong>absenti</strong></span> 
     </span>
     <span class='ocr_line' id='line_1_13' title="bbox 186 1025 1847 1070; baseline 0.001 -11"><span class='ocrx_word' id='word_1_112' title='bbox 186 1027 294 1060; x_wconf 84' lang='lat' dir='ltr'><strong>omnia</strong></span> <span class='ocrx_word' id='word_1_113' title='bbox 315 1026 446 1069; x_wconf 87' lang='lat' dir='ltr'><strong>pheoda</strong></span> <span class='ocrx_word' id='word_1_114' title='bbox 468 1026 531 1069; x_wconf 88' lang='lat' dir='ltr'><strong>ipsi</strong></span> <span class='ocrx_word' id='word_1_115' title='bbox 553 1025 594 1058; x_wconf 87' lang='lat' dir='ltr'><strong>ab</strong></span> <span class='ocrx_word' id='word_1_116' title='bbox 616 1026 753 1068; x_wconf 90' lang='lat' dir='ltr'><strong>imperio</strong></span> <span class='ocrx_word' id='word_1_117' title='bbox 778 1025 889 1058; x_wconf 85' lang='lat' dir='ltr'><strong>debita</strong></span> <span class='ocrx_word' id='word_1_118' title='bbox 912 1025 1107 1058; x_wconf 78' lang='lat' dir='ltr'><strong>conferimus</strong></span> <span class='ocrx_word' id='word_1_119' title='bbox 1134 1029 1168 1058; x_wconf 87' lang='lat' dir='ltr'><strong>et</strong></span> <span class='ocrx_word' id='word_1_120' title='bbox 1194 1026 1236 1059; x_wconf 90' lang='lat' dir='ltr'><strong>de</strong></span> <span class='ocrx_word' id='word_1_121' title='bbox 1258 1026 1320 1058; x_wconf 90' lang='lat' dir='ltr'><strong>hiis</strong></span> <span class='ocrx_word' id='word_1_122' title='bbox 1342 1027 1447 1069; x_wconf 87' lang='lat' dir='ltr'><strong>ipsum</strong></span> <span class='ocrx_word' id='word_1_123' title='bbox 1471 1037 1513 1060; x_wconf 83' lang='lat' dir='ltr'><strong>ex</strong></span> <span class='ocrx_word' id='word_1_124' title='bbox 1535 1028 1731 1061; x_wconf 82' lang='lat' dir='ltr'><strong>liberalitate</strong></span> <span class='ocrx_word' id='word_1_125' title='bbox 1754 1030 1847 1070; x_wconf 83' lang='lat' dir='ltr'><strong>regia</strong></span> 
     </span>
     <span class='ocr_line' id='line_1_14' title="bbox 185 1078 1845 1123; baseline 0.001 -13"><span class='ocrx_word' id='word_1_126' title='bbox 185 1078 400 1111; x_wconf 64' lang='lat' dir='ltr'><strong>intendamus.</strong></span> <span class='ocrx_word' id='word_1_127' title='bbox 489 1078 528 1110; x_wconf 91' lang='lat' dir='ltr'><strong>In</strong></span> <span class='ocrx_word' id='word_1_128' title='bbox 551 1078 640 1110; x_wconf 84' lang='lat' dir='ltr'><strong>cuius</strong></span> <span class='ocrx_word' id='word_1_129' title='bbox 663 1078 711 1110; x_wconf 90' lang='lat' dir='ltr'><strong>rei</strong></span> <span class='ocrx_word' id='word_1_130' title='bbox 734 1078 954 1110; x_wconf 87' lang='lat' dir='ltr'><strong>testimonium</strong></span> <span class='ocrx_word' id='word_1_131' title='bbox 976 1081 1145 1120; x_wconf 81' lang='lat' dir='ltr'><strong>presentes</strong></span> <span class='ocrx_word' id='word_1_132' title='bbox 1166 1078 1324 1110; x_wconf 85' lang='lat' dir='ltr'><strong>conscribi</strong></span> <span class='ocrx_word' id='word_1_133' title='bbox 1348 1082 1382 1111; x_wconf 87' lang='lat' dir='ltr'><strong>et</strong></span> <span class='ocrx_word' id='word_1_134' title='bbox 1403 1080 1582 1112; x_wconf 85' lang='lat' dir='ltr'><strong>maiestatis</strong></span> <span class='ocrx_word' id='word_1_135' title='bbox 1606 1083 1714 1113; x_wconf 88' lang='lat' dir='ltr'><strong>nostre</strong></span> <span class='ocrx_word' id='word_1_136' title='bbox 1737 1081 1845 1123; x_wconf 82' lang='lat' dir='ltr'><strong>sigillo</strong></span> 
     </span>
     <span class='ocr_line' id='line_1_15' title="bbox 185 1130 556 1164; baseline -0.003 -1"><span class='ocrx_word' id='word_1_137' title='bbox 185 1131 335 1164; x_wconf 89' lang='lat' dir='ltr'><strong>iussimus</strong></span> <span class='ocrx_word' id='word_1_138' title='bbox 357 1130 556 1163; x_wconf 89' lang='lat' dir='ltr'><strong>communiri.</strong></span> 
     </span>
    </p>

    <p class='ocr_par' dir='ltr' id='par_1_7' title="bbox 142 1185 1844 1280">
     <span class='ocr_line' id='line_1_16' title="bbox 142 1185 1844 1231; baseline 0.002 -13"><span class='ocrx_word' id='word_1_139' title='bbox 142 1194 167 1215; x_wconf 68' lang='grc' dir='ltr'><strong>υ</strong></span> <span class='ocrx_word' id='word_1_140' title='bbox 294 1185 416 1219; x_wconf 83' lang='lat' dir='ltr'><strong>Datum</strong></span> <span class='ocrx_word' id='word_1_141' title='bbox 437 1185 577 1227; x_wconf 83' lang='lat' dir='ltr'><strong>Monaci,</strong></span> <span class='ocrx_word' id='word_1_142' title='bbox 600 1188 714 1228; x_wconf 86' lang='lat' dir='ltr'><strong>quarto</strong></span> <span class='ocrx_word' id='word_1_143' title='bbox 730 1185 842 1218; x_wconf 81' lang='lat' dir='ltr'><strong>Nonas</strong></span> <span class='ocrx_word' id='word_1_144' title='bbox 856 1186 1006 1228; x_wconf 84' lang='lat' dir='ltr'><strong>Augusti,</strong></span> <span class='ocrx_word' id='word_1_145' title='bbox 1031 1196 1114 1218; x_wconf 81' lang='lat' dir='ltr'><strong>anno</strong></span> <span class='ocrx_word' id='word_1_146' title='bbox 1130 1186 1261 1218; x_wconf 88' lang='lat' dir='ltr'><strong>Domini</strong></span> <span class='ocrx_word' id='word_1_147' title='bbox 1277 1186 1449 1219; x_wconf 84' lang='lat' dir='ltr'><strong>millesimo</strong></span> <span class='ocrx_word' id='word_1_148' title='bbox 1465 1189 1692 1220; x_wconf 87' lang='lat' dir='ltr'><strong>trecentesimo</strong></span> <span class='ocrx_word' id='word_1_149' title='bbox 1716 1189 1844 1231; x_wconf 86' lang='lat' dir='ltr'><strong>quinto-</strong></span> 
     </span>
     <span class='ocr_line' id='line_1_17' title="bbox 186 1237 906 1280; baseline -0.003 -9"><span class='ocrx_word' id='word_1_150' title='bbox 186 1237 324 1279; x_wconf 84' lang='lat' dir='ltr'><strong>decimo,</strong></span> <span class='ocrx_word' id='word_1_151' title='bbox 347 1239 440 1280; x_wconf 83' lang='lat' dir='ltr'><strong>regui</strong></span> <span class='ocrx_word' id='word_1_152' title='bbox 462 1247 540 1270; x_wconf 83' lang='lat' dir='ltr'><strong>vero</strong></span> <span class='ocrx_word' id='word_1_153' title='bbox 562 1237 664 1270; x_wconf 83' lang='lat' dir='ltr'><strong>nostri</strong></span> <span class='ocrx_word' id='word_1_154' title='bbox 686 1248 769 1270; x_wconf 83' lang='lat' dir='ltr'><strong>auno</strong></span> <span class='ocrx_word' id='word_1_155' title='bbox 792 1237 906 1279; x_wconf 90' lang='lat' dir='ltr'><strong>primo.</strong></span> 
     </span>
    </p>
   </div>
   <div class='ocr_carea' id='block_1_6' title="bbox 375 1454 1649 1503">
    <p class='ocr_par' dir='ltr' id='par_1_8' title="bbox 375 1454 1649 1503">
     <span class='ocr_line' id='line_1_18' title="bbox 375 1454 1649 1503; baseline 0.002 -2"><span class='ocrx_word' id='word_1_156' title='bbox 375 1455 616 1501; x_wconf 87' lang='lat'><strong>311-313.</strong></span> <span class='ocrx_word' id='word_1_157' title='bbox 658 1455 984 1502; x_wconf 86' lang='lat' dir='ltr'><strong>LITTERAE</strong></span> <span class='ocrx_word' id='word_1_158' title='bbox 1019 1454 1226 1502; x_wconf 87' lang='lat' dir='ltr'><strong>REGIS</strong></span> <span class='ocrx_word' id='word_1_159' title='bbox 1253 1455 1649 1503; x_wconf 84' lang='lat' dir='ltr'><strong>ARAGONUM.</strong></span> 
     </span>
    </p>
   </div>
   <div class='ocr_carea' id='block_1_7' title="bbox 296 1531 1211 1634">
    <p class='ocr_par' dir='ltr' id='par_1_9' title="bbox 296 1531 1211 1634">
     <span class='ocr_line' id='line_1_19' title="bbox 821 1531 1211 1578; baseline 0.005 -11"><span class='ocrx_word' id='word_1_160' title='bbox 821 1531 930 1569; x_wconf 88' lang='lat'><strong>1315.</strong></span> <span class='ocrx_word' id='word_1_161' title='bbox 965 1532 1059 1578; x_wconf 82' lang='lat' dir='ltr'><strong>Aug.</strong></span> <span class='ocrx_word' id='word_1_162' title='bbox 1081 1532 1211 1569; x_wconf 88' lang='lat'><strong>3.—6.</strong></span> 
     </span>
     <span class='ocr_line' id='line_1_20' title="bbox 296 1593 632 1634; baseline -0.006 -8"><span class='ocrx_word' id='word_1_163' title='bbox 296 1593 346 1633; x_wconf 81' lang='lat' dir='ltr'><strong>Cf.</strong></span> <span class='ocrx_word' id='word_1_164' title='bbox 369 1603 471 1634; x_wconf 78' lang='lat' dir='ltr'><strong>supra</strong></span> <span class='ocrx_word' id='word_1_165' title='bbox 492 1603 542 1626; x_wconf 82' lang='lat' dir='ltr'><strong>nr.</strong></span> <span class='ocrx_word' id='word_1_166' title='bbox 559 1593 632 1625; x_wconf 79' lang='lat'><strong>281.</strong></span> 
     </span>
    </p>
   </div>
   <div class='ocr_carea' id='block_1_8' title="bbox 141 1698 1514 1747">
    <p class='ocr_par' dir='ltr' id='par_1_10' title="bbox 141 1698 1514 1747">
     <span class='ocr_line' id='line_1_21' title="bbox 141 1698 1514 1747; baseline 0.001 -12"><span class='ocrx_word' id='word_1_167' title='bbox 141 1708 167 1729; x_wconf 69' lang='grc' dir='ltr'><strong>ὀ</strong></span> <span class='ocrx_word' id='word_1_168' title='bbox 515 1699 601 1736; x_wconf 88' lang='grc'><strong>311.</strong></span> <span class='ocrx_word' id='word_1_169' title='bbox 642 1698 798 1736; x_wconf 78' lang='lat' dir='ltr'><strong>Litterae</strong></span> <span class='ocrx_word' id='word_1_170' title='bbox 825 1700 872 1735; x_wconf 83' lang='lat' dir='ltr'><strong>ad</strong></span> <span class='ocrx_word' id='word_1_171' title='bbox 900 1699 1118 1736; x_wconf 78' lang='lat' dir='ltr'><strong>Fridericum</strong></span> <span class='ocrx_word' id='word_1_172' title='bbox 1145 1711 1265 1745; x_wconf 72' lang='lat' dir='ltr'><strong>reqem.</strong></span> <span class='ocrx_word' id='word_1_173' title='bbox 1371 1701 1460 1747; x_wconf 74' lang='lat' dir='ltr'><strong>Auq.</strong></span> <span class='ocrx_word' id='word_1_174' title='bbox 1481 1702 1514 1736; x_wconf 90' lang='lat'><strong>3.</strong></span> 
     </span>
    </p>
   </div>
   <div class='ocr_carea' id='block_1_9' title="bbox 183 1771 1840 1866">
    <p class='ocr_par' dir='ltr' id='par_1_11' title="bbox 183 1771 1840 1866">
     <span class='ocr_line' id='line_1_22' title="bbox 295 1771 1840 1815; baseline 0.001 -9"><span class='ocrx_word' id='word_1_175' title='bbox 295 1772 396 1815; x_wconf 79' lang='lat' dir='ltr'><strong>Copia</strong></span> <span class='ocrx_word' id='word_1_176' title='bbox 422 1772 477 1815; x_wconf 90' lang='lat' dir='ltr'><strong>(c.)</strong></span> <span class='ocrx_word' id='word_1_177' title='bbox 510 1773 547 1805; x_wconf 82' lang='lat' dir='ltr'><strong>in</strong></span> <span class='ocrx_word' id='word_1_178' title='bbox 579 1771 740 1805; x_wconf 64' lang='lat' dir='ltr'><strong>tabuhmo</strong></span> <span class='ocrx_word' id='word_1_179' title='bbox 771 1773 856 1813; x_wconf 77' lang='lat' dir='ltr'><strong>reqio</strong></span> <span class='ocrx_word' id='word_1_180' title='bbox 882 1772 1119 1806; x_wconf 67' lang='lat' dir='ltr'><strong>Barcinonmasi</strong></span> <span class='ocrx_word' id='word_1_181' title='bbox 1149 1772 1341 1814; x_wconf 71' lang='lat' dir='ltr'><strong>‘Reyistrum</strong></span> <span class='ocrx_word' id='word_1_182' title='bbox 1374 1784 1425 1806; x_wconf 78' lang='lat' dir='ltr'><strong>nr.</strong></span> <span class='ocrx_word' id='word_1_183' title='bbox 1447 1774 1524 1806; x_wconf 80' lang='lat'><strong><em>318⁹</em></strong></span> <span class='ocrx_word' id='word_1_184' title='bbox 1557 1774 1611 1815; x_wconf 81' lang='lat' dir='ltr'><strong>fol.</strong></span> <span class='ocrx_word' id='word_1_185' title='bbox 1635 1775 1656 1806; x_wconf 85' lang='lat'><strong><em>9</em></strong></span> <span class='ocrx_word' id='word_1_186' title='bbox 1688 1775 1740 1807; x_wconf 76' lang='lat' dir='ltr'><strong>hic</strong></span> <span class='ocrx_word' id='word_1_187' title='bbox 1773 1775 1840 1808; x_wconf 72' lang='lat' dir='ltr'><strong>illic</strong></span> 
     </span>
     <span class='ocr_line' id='line_1_23' title="bbox 183 1823 1840 1866; baseline 0.001 -8"><span class='ocrx_word' id='word_1_188' title='bbox 183 1825 329 1858; x_wconf 81' lang='lat' dir='ltr'><strong>evam&#39;da.</strong></span> <span class='ocrx_word' id='word_1_189' title='bbox 364 1843 407 1849; x_wconf 96' lang='lat'>—</span> <span class='ocrx_word' id='word_1_190' title='bbox 439 1824 503 1857; x_wconf 79' lang='lat' dir='ltr'><strong>Ed.</strong></span> <span class='ocrx_word' id='word_1_191' title='bbox 527 1823 689 1865; x_wconf 75' lang='lat' dir='ltr'><strong>Zeissbery</strong></span> <span class='ocrx_word' id='word_1_192' title='bbox 717 1823 782 1857; x_wconf 87' lang='lat' dir='ltr'><strong>loco</strong></span> <span class='ocrx_word' id='word_1_193' title='bbox 812 1834 914 1866; x_wconf 79' lang='lat' dir='ltr'><strong>supra</strong></span> <span class='ocrx_word' id='word_1_194' title='bbox 941 1824 986 1856; x_wconf 84' lang='lat' dir='ltr'><strong>ad</strong></span> <span class='ocrx_word' id='word_1_195' title='bbox 1013 1835 1063 1856; x_wconf 80' lang='lat' dir='ltr'><strong>nr.</strong></span> <span class='ocrx_word' id='word_1_196' title='bbox 1079 1825 1121 1856; x_wconf 75' lang='lat'><strong>44</strong></span> <span class='ocrx_word' id='word_1_197' title='bbox 1144 1825 1240 1858; x_wconf 76' lang='lat' dir='ltr'><strong>citato</strong></span> <span class='ocrx_word' id='word_1_198' title='bbox 1263 1836 1297 1866; x_wconf 79' lang='lat' dir='ltr'><strong>p.</strong></span> <span class='ocrx_word' id='word_1_199' title='bbox 1315 1825 1358 1857; x_wconf 88' lang='lat'><strong>30</strong></span> <span class='ocrx_word' id='word_1_200' title='bbox 1379 1837 1430 1858; x_wconf 81' lang='lat' dir='ltr'><strong>nr.</strong></span> <span class='ocrx_word' id='word_1_201' title='bbox 1446 1827 1488 1857; x_wconf 72' lang='lat'><strong>24</strong></span> <span class='ocrx_word' id='word_1_202' title='bbox 1511 1837 1550 1858; x_wconf 69' lang='lat' dir='ltr'><strong>ecc</strong></span> <span class='ocrx_word' id='word_1_203' title='bbox 1572 1837 1599 1858; x_wconf 88' lang='lat' dir='ltr'><strong>c.</strong></span> <span class='ocrx_word' id='word_1_204' title='bbox 1657 1827 1840 1860; x_wconf 77' lang='lat' dir='ltr'><strong>Editionem</strong></span> 
     </span>
    </p>
   </div>
   <div class='ocr_carea' id='block_1_10' title="bbox 182 1876 361 1917">
    <p class='ocr_par' dir='ltr' id='par_1_12' title="bbox 182 1876 361 1917">
     <span class='ocr_line' id='line_1_24' title="bbox 182 1876 361 1917; baseline 0.006 -9"><span class='ocrx_word' id='word_1_205' title='bbox 182 1876 361 1917; x_wconf 72' lang='lat' dir='ltr'><strong>repetimus.</strong></span> 
     </span>
    </p>
   </div>
   <div class='ocr_carea' id='block_1_11' title="bbox 137 1952 1840 2719">
    <p class='ocr_par' dir='ltr' id='par_1_13' title="bbox 137 1952 1840 2719">
     <span class='ocr_line' id='line_1_25' title="bbox 290 1952 1840 1998; baseline 0.001 -12"><span class='ocrx_word' id='word_1_206' title='bbox 290 1953 509 1986; x_wconf 86' lang='lat' dir='ltr'><strong>Illustrissimo</strong></span> <span class='ocrx_word' id='word_1_207' title='bbox 532 1956 566 1985; x_wconf 88' lang='lat' dir='ltr'><strong>et</strong></span> <span class='ocrx_word' id='word_1_208' title='bbox 587 1952 759 1995; x_wconf 80' lang='lat' dir='ltr'><strong>magnifico</strong></span> <span class='ocrx_word' id='word_1_209' title='bbox 788 1953 923 1995; x_wconf 88' lang='lat' dir='ltr'><strong>principi</strong></span> <span class='ocrx_word' id='word_1_210' title='bbox 955 1953 1084 1985; x_wconf 87' lang='lat' dir='ltr'><strong>domino</strong></span> <span class='ocrx_word' id='word_1_211' title='bbox 1109 1953 1282 1986; x_wconf 83' lang='lat' dir='ltr'><strong>Frederico</strong></span> <span class='ocrx_word' id='word_1_212' title='bbox 1305 1954 1370 1987; x_wconf 91' lang='lat' dir='ltr'><strong>Dei</strong></span> <span class='ocrx_word' id='word_1_213' title='bbox 1392 1956 1502 1997; x_wconf 79' lang='lat' dir='ltr'><strong>gracia</strong></span> <span class='ocrx_word' id='word_1_214' title='bbox 1525 1954 1745 1988; x_wconf 85' lang='lat' dir='ltr'><strong>Romanorum</strong></span> <span class='ocrx_word' id='word_1_215' title='bbox 1770 1957 1840 1998; x_wconf 82' lang='lat' dir='ltr'><strong>regi</strong></span> 
     </span>
     <span class='ocr_line' id='line_1_26' title="bbox 138 2004 1839 2048; baseline 0.002 -10"><span class='ocrx_word' id='word_1_216' title='bbox 138 2017 164 2038; x_wconf 70' lang='grc' dir='ltr'><strong>ιι</strong></span> <span class='ocrx_word' id='word_1_217' title='bbox 183 2015 312 2048; x_wconf 89' lang='lat' dir='ltr'><strong>semper</strong></span> <span class='ocrx_word' id='word_1_218' title='bbox 340 2008 478 2048; x_wconf 78' lang='lat' dir='ltr'><strong>augusto</strong></span> <span class='ocrx_word' id='word_1_219' title='bbox 511 2004 686 2037; x_wconf 89' lang='lat' dir='ltr'><strong>benedicto</strong></span> <span class='ocrx_word' id='word_1_220' title='bbox 730 2007 763 2036; x_wconf 92' lang='lat' dir='ltr'><strong>et</strong></span> <span class='ocrx_word' id='word_1_221' title='bbox 795 2004 966 2036; x_wconf 85' lang='lat' dir='ltr'><strong>karissimo</strong></span> <span class='ocrx_word' id='word_1_222' title='bbox 1008 2005 1074 2036; x_wconf 83' lang='lat' dir='ltr'><strong>filio</strong></span> <span class='ocrx_word' id='word_1_223' title='bbox 1110 2015 1168 2037; x_wconf 91' lang='lat' dir='ltr'><strong>suo</strong></span> <span class='ocrx_word' id='word_1_224' title='bbox 1240 2006 1378 2038; x_wconf 82' lang='lat' dir='ltr'><strong>Iacobus</strong></span> <span class='ocrx_word' id='word_1_225' title='bbox 1411 2017 1470 2048; x_wconf 90' lang='lat' dir='ltr'><strong>per</strong></span> <span class='ocrx_word' id='word_1_226' title='bbox 1502 2007 1640 2040; x_wconf 86' lang='lat' dir='ltr'><strong>eandem</strong></span> <span class='ocrx_word' id='word_1_227' title='bbox 1669 2019 1727 2040; x_wconf 85' lang='lat' dir='ltr'><strong>rex</strong></span> <span class='ocrx_word' id='word_1_228' title='bbox 1755 2010 1839 2041; x_wconf 81' lang='lat' dir='ltr'><strong>Ara·</strong></span> 
     </span>
     <span class='ocr_line' id='line_1_27' title="bbox 181 2056 1838 2104; baseline 0.002 -14"><span class='ocrx_word' id='word_1_229' title='bbox 181 2067 300 2100; x_wconf 78' lang='lat' dir='ltr'><strong>genum</strong></span> <span class='ocrx_word' id='word_1_230' title='bbox 324 2060 384 2090; x_wconf 87' lang='lat' dir='ltr'><strong>etc.</strong></span> <span class='ocrx_word' id='word_1_231' title='bbox 451 2056 590 2088; x_wconf 82' lang='lat' dir='ltr'><strong>salutem</strong></span> <span class='ocrx_word' id='word_1_232' title='bbox 613 2059 647 2089; x_wconf 88' lang='lat' dir='ltr'><strong>et</strong></span> <span class='ocrx_word' id='word_1_233' title='bbox 675 2065 749 2089; x_wconf 90' lang='lat' dir='ltr'><strong>cum</strong></span> <span class='ocrx_word' id='word_1_234' title='bbox 779 2060 914 2099; x_wconf 83' lang='lat' dir='ltr'><strong>paterne</strong></span> <span class='ocrx_word' id='word_1_235' title='bbox 943 2057 1130 2089; x_wconf 87' lang='lat' dir='ltr'><strong>dileccionis</strong></span> <span class='ocrx_word' id='word_1_236' title='bbox 1157 2057 1358 2100; x_wconf 88' lang='lat' dir='ltr'><strong>plenitudine</strong></span> <span class='ocrx_word' id='word_1_237' title='bbox 1381 2060 1489 2091; x_wconf 82' lang='lat' dir='ltr'><strong>votive</strong></span> <span class='ocrx_word' id='word_1_238' title='bbox 1512 2061 1736 2102; x_wconf 77' lang='lat' dir='ltr'><strong>prosperitatis</strong></span> <span class='ocrx_word' id='word_1_239' title='bbox 1758 2071 1838 2104; x_wconf 82' lang='lat' dir='ltr'><strong>aug-</strong></span> 
     </span>
     <span class='ocr_line' id='line_1_28' title="bbox 181 2111 335 2142; baseline -0.006 0"><span class='ocrx_word' id='word_1_240' title='bbox 181 2111 335 2142; x_wconf 86' lang='lat' dir='ltr'><strong>mentum.</strong></span> 
     </span>
     <span class='ocr_line' id='line_1_29' title="bbox 288 2159 1839 2204; baseline 0.003 -12"><span class='ocrx_word' id='word_1_241' title='bbox 288 2161 335 2202; x_wconf 77' lang='lat'><strong>(¹)</strong></span> <span class='ocrx_word' id='word_1_242' title='bbox 368 2159 463 2192; x_wconf 85' lang='lat' dir='ltr'><strong>Nova</strong></span> <span class='ocrx_word' id='word_1_243' title='bbox 496 2160 589 2192; x_wconf 87' lang='lat' dir='ltr'><strong>nobis</strong></span> <span class='ocrx_word' id='word_1_244' title='bbox 618 2185 625 2192; x_wconf 91' lang='lat'><strong>.</strong></span> <span class='ocrx_word' id='word_1_245' title='bbox 648 2185 654 2192; x_wconf 96' lang='lat'><strong>.</strong></span> <span class='ocrx_word' id='word_1_246' title='bbox 678 2184 686 2192; x_wconf 86' lang='lat'><strong>.</strong></span> <span class='ocrx_word' id='word_1_247' title='bbox 714 2163 810 2192; x_wconf 87' lang='lat' dir='ltr'><strong>natur</strong></span> <span class='ocrx_word' id='word_1_248' title='bbox 842 2160 951 2192; x_wconf 85' lang='lat' dir='ltr'><strong>leticia</strong></span> <span class='ocrx_word' id='word_1_249' title='bbox 989 2170 1110 2202; x_wconf 87' lang='lat' dir='ltr'><strong>corque</strong></span> <span class='ocrx_word' id='word_1_250' title='bbox 1144 2163 1289 2192; x_wconf 85' lang='lat' dir='ltr'><strong>nostrum</strong></span> <span class='ocrx_word' id='word_1_251' title='bbox 1316 2161 1406 2194; x_wconf 78' lang='lat' dir='ltr'><strong>velut</strong></span> <span class='ocrx_word' id='word_1_252' title='bbox 1438 2163 1540 2204; x_wconf 81' lang='lat' dir='ltr'><strong>patris</strong></span> <span class='ocrx_word' id='word_1_253' title='bbox 1571 2163 1605 2195; x_wconf 88' lang='lat' dir='ltr'><strong>in</strong></span> <span class='ocrx_word' id='word_1_254' title='bbox 1638 2164 1839 2196; x_wconf 87' lang='lat' dir='ltr'><strong>successibus</strong></span> 
     </span>
     <span class='ocr_line' id='line_1_30' title="bbox 180 2211 1839 2258; baseline 0.002 -14"><span class='ocrx_word' id='word_1_255' title='bbox 180 2212 343 2255; x_wconf 86' lang='lat' dir='ltr'><strong>prosperis</strong></span> <span class='ocrx_word' id='word_1_256' title='bbox 364 2211 422 2244; x_wconf 87' lang='lat' dir='ltr'><strong>filii</strong></span> <span class='ocrx_word' id='word_1_257' title='bbox 443 2211 664 2254; x_wconf 81' lang='lat' dir='ltr'><strong>multiplicatis</strong></span> <span class='ocrx_word' id='word_1_258' title='bbox 687 2211 814 2253; x_wconf 80' lang='lat' dir='ltr'><strong>gaudiis</strong></span> <span class='ocrx_word' id='word_1_259' title='bbox 837 2211 1034 2252; x_wconf 78' lang='lat' dir='ltr'><strong>dulcoratur,</strong></span> <span class='ocrx_word' id='word_1_260' title='bbox 1065 2212 1219 2254; x_wconf 89' lang='lat' dir='ltr'><strong>quociens</strong></span> <span class='ocrx_word' id='word_1_261' title='bbox 1246 2213 1313 2245; x_wconf 84' lang='lat' dir='ltr'><strong>sive</strong></span> <span class='ocrx_word' id='word_1_262' title='bbox 1342 2214 1468 2256; x_wconf 90' lang='lat' dir='ltr'><strong>scriptis</strong></span> <span class='ocrx_word' id='word_1_263' title='bbox 1491 2215 1606 2246; x_wconf 82' lang='lat' dir='ltr'><strong>vestris</strong></span> <span class='ocrx_word' id='word_1_264' title='bbox 1629 2216 1695 2247; x_wconf 86' lang='lat' dir='ltr'><strong>sive</strong></span> <span class='ocrx_word' id='word_1_265' title='bbox 1719 2215 1839 2258; x_wconf 82' lang='lat' dir='ltr'><strong>linguis</strong></span> 
     </span>
     <span class='ocr_line' id='line_1_31' title="bbox 137 2262 1838 2307; baseline 0.002 -11"><span class='ocrx_word' id='word_1_266' title='bbox 137 2274 163 2295; x_wconf 71' lang='lat' dir='ltr'><strong>as</strong></span> <span class='ocrx_word' id='word_1_267' title='bbox 180 2263 432 2296; x_wconf 74' lang='lat' dir='ltr'><strong>memorancium</strong></span> <span class='ocrx_word' id='word_1_268' title='bbox 455 2265 511 2295; x_wconf 79' lang='lat' dir='ltr'><strong>aut</strong></span> <span class='ocrx_word' id='word_1_269' title='bbox 534 2262 778 2305; x_wconf 87' lang='lat' dir='ltr'><strong>quomodolibet</strong></span> <span class='ocrx_word' id='word_1_270' title='bbox 805 2273 916 2295; x_wconf 88' lang='lat' dir='ltr'><strong>sensus</strong></span> <span class='ocrx_word' id='word_1_271' title='bbox 942 2264 1042 2295; x_wconf 89' lang='lat' dir='ltr'><strong>nostri</strong></span> <span class='ocrx_word' id='word_1_272' title='bbox 1070 2266 1137 2295; x_wconf 85' lang='lat' dir='ltr'><strong>tam</strong></span> <span class='ocrx_word' id='word_1_273' title='bbox 1163 2264 1379 2306; x_wconf 78' lang='lat' dir='ltr'><strong>corporalium</strong></span> <span class='ocrx_word' id='word_1_274' title='bbox 1407 2265 1531 2297; x_wconf 88' lang='lat' dir='ltr'><strong>aurium</strong></span> <span class='ocrx_word' id='word_1_275' title='bbox 1561 2276 1657 2307; x_wconf 89' lang='lat' dir='ltr'><strong>quam</strong></span> <span class='ocrx_word' id='word_1_276' title='bbox 1686 2268 1838 2299; x_wconf 79' lang='lat' dir='ltr'><strong>mentalis</strong></span> 
     </span>
     <span class='ocr_line' id='line_1_32' title="bbox 180 2314 1838 2360; baseline 0.002 -13"><span class='ocrx_word' id='word_1_277' title='bbox 180 2314 223 2347; x_wconf 83' lang='lat' dir='ltr'><strong>ad</strong></span> <span class='ocrx_word' id='word_1_278' title='bbox 245 2314 441 2348; x_wconf 85' lang='lat' dir='ltr'><strong>audiendum</strong></span> <span class='ocrx_word' id='word_1_279' title='bbox 463 2315 569 2358; x_wconf 80' lang='lat' dir='ltr'><strong>parati</strong></span> <span class='ocrx_word' id='word_1_280' title='bbox 592 2318 626 2348; x_wconf 91' lang='lat' dir='ltr'><strong>et</strong></span> <span class='ocrx_word' id='word_1_281' title='bbox 646 2314 733 2346; x_wconf 86' lang='lat' dir='ltr'><strong>avidi</strong></span> <span class='ocrx_word' id='word_1_282' title='bbox 761 2325 907 2347; x_wconf 88' lang='lat' dir='ltr'><strong>rumores</strong></span> <span class='ocrx_word' id='word_1_283' title='bbox 933 2314 1036 2347; x_wconf 87' lang='lat' dir='ltr'><strong>bonos</strong></span> <span class='ocrx_word' id='word_1_284' title='bbox 1063 2314 1218 2357; x_wconf 80' lang='lat' dir='ltr'><strong>colligunt</strong></span> <span class='ocrx_word' id='word_1_285' title='bbox 1245 2325 1286 2348; x_wconf 87' lang='lat' dir='ltr'><strong>ex</strong></span> <span class='ocrx_word' id='word_1_286' title='bbox 1309 2315 1518 2348; x_wconf 79' lang='lat' dir='ltr'><strong>affluentibus</strong></span> <span class='ocrx_word' id='word_1_287' title='bbox 1540 2317 1631 2349; x_wconf 78' lang='lat' dir='ltr'><strong>vobis</strong></span> <span class='ocrx_word' id='word_1_288' title='bbox 1654 2317 1795 2360; x_wconf 86' lang='lat' dir='ltr'><strong>desuper</strong></span> <span class='ocrx_word' id='word_1_289' title='bbox 1817 2329 1838 2351; x_wconf 87' lang='lat' dir='ltr'><strong>a</strong></span> 
     </span>
     <span class='ocr_line' id='line_1_33' title="bbox 179 2365 1836 2411; baseline 0.002 -12"><span class='ocrx_word' id='word_1_290' title='bbox 179 2376 278 2399; x_wconf 83' lang='lat' dir='ltr'><strong>manu</strong></span> <span class='ocrx_word' id='word_1_291' title='bbox 298 2365 431 2399; x_wconf 90' lang='lat' dir='ltr'><strong>Domini</strong></span> <span class='ocrx_word' id='word_1_292' title='bbox 459 2366 641 2409; x_wconf 76' lang='lat' dir='ltr'><strong>graciarum</strong></span> <span class='ocrx_word' id='word_1_293' title='bbox 670 2365 883 2408; x_wconf 87' lang='lat' dir='ltr'><strong>multiplicum</strong></span> <span class='ocrx_word' id='word_1_294' title='bbox 912 2366 1014 2408; x_wconf 88' lang='lat' dir='ltr'><strong>copiis</strong></span> <span class='ocrx_word' id='word_1_295' title='bbox 1040 2366 1072 2398; x_wconf 90' lang='lat' dir='ltr'><strong>in</strong></span> <span class='ocrx_word' id='word_1_296' title='bbox 1101 2369 1266 2409; x_wconf 83' lang='lat' dir='ltr'><strong>assumpto</strong></span> <span class='ocrx_word' id='word_1_297' title='bbox 1298 2367 1456 2409; x_wconf 78' lang='lat' dir='ltr'><strong>regimine</strong></span> <span class='ocrx_word' id='word_1_298' title='bbox 1492 2369 1584 2411; x_wconf 81' lang='lat' dir='ltr'><strong>regni</strong></span> <span class='ocrx_word' id='word_1_299' title='bbox 1613 2370 1720 2401; x_wconf 85' lang='lat' dir='ltr'><strong>vestri.</strong></span> <span class='ocrx_word' id='word_1_300' title='bbox 1767 2370 1836 2402; x_wconf 83' lang='lat' dir='ltr'><strong>Etsi</strong></span> 
     </span>
     <span class='ocr_line' id='line_1_34' title="bbox 179 2417 1836 2464; baseline 0.003 -14"><span class='ocrx_word' id='word_1_301' title='bbox 179 2417 245 2450; x_wconf 82' lang='lat' dir='ltr'><strong>iam</strong></span> <span class='ocrx_word' id='word_1_302' title='bbox 267 2417 340 2450; x_wconf 81' lang='lat' dir='ltr'><strong>aliis</strong></span> <span class='ocrx_word' id='word_1_303' title='bbox 354 2418 479 2451; x_wconf 81' lang='lat' dir='ltr'><strong>vicibus</strong></span> <span class='ocrx_word' id='word_1_304' title='bbox 494 2418 597 2460; x_wconf 78' lang='lat' dir='ltr'><strong>gavisi</strong></span> <span class='ocrx_word' id='word_1_305' title='bbox 613 2417 779 2458; x_wconf 78' lang='lat' dir='ltr'><strong>fuerimus,</strong></span> <span class='ocrx_word' id='word_1_306' title='bbox 801 2428 885 2450; x_wconf 89' lang='lat' dir='ltr'><strong>nunc</strong></span> <span class='ocrx_word' id='word_1_307' title='bbox 906 2417 1086 2450; x_wconf 89' lang='lat' dir='ltr'><strong>litterarum</strong></span> <span class='ocrx_word' id='word_1_308' title='bbox 1101 2421 1280 2450; x_wconf 81' lang='lat' dir='ltr'><strong>vestrarum</strong></span> <span class='ocrx_word' id='word_1_309' title='bbox 1292 2419 1303 2439; x_wconf 86' lang='lat'>²</span> <span class='ocrx_word' id='word_1_310' title='bbox 1318 2420 1446 2451; x_wconf 82' lang='lat' dir='ltr'><strong>noviter</strong></span> <span class='ocrx_word' id='word_1_311' title='bbox 1460 2424 1676 2462; x_wconf 86' lang='lat' dir='ltr'><strong>receptarum,</strong></span> <span class='ocrx_word' id='word_1_312' title='bbox 1701 2433 1836 2464; x_wconf 77' lang='lat' dir='ltr'><strong>quarum</strong></span> 
     </span>
     <span class='ocr_line' id='line_1_35' title="bbox 180 2468 1836 2514; baseline 0.002 -12"><span class='ocrx_word' id='word_1_313' title='bbox 180 2472 272 2502; x_wconf 85' lang='lat' dir='ltr'><strong>tenor</strong></span> <span class='ocrx_word' id='word_1_314' title='bbox 294 2480 352 2502; x_wconf 91' lang='lat' dir='ltr'><strong>nos</strong></span> <span class='ocrx_word' id='word_1_315' title='bbox 373 2469 485 2512; x_wconf 84' lang='lat' dir='ltr'><strong>patule</strong></span> <span class='ocrx_word' id='word_1_316' title='bbox 508 2469 626 2510; x_wconf 83' lang='lat' dir='ltr'><strong>docuit,</strong></span> <span class='ocrx_word' id='word_1_317' title='bbox 650 2469 737 2512; x_wconf 91' lang='lat' dir='ltr'><strong>quod</strong></span> <span class='ocrx_word' id='word_1_318' title='bbox 754 2468 932 2512; x_wconf 84' lang='lat' dir='ltr'><strong>subiugatis</strong></span> <span class='ocrx_word' id='word_1_319' title='bbox 955 2472 989 2502; x_wconf 92' lang='lat' dir='ltr'><strong>et</strong></span> <span class='ocrx_word' id='word_1_320' title='bbox 1004 2469 1158 2502; x_wconf 80' lang='lat' dir='ltr'><strong>adtractis</strong></span> <span class='ocrx_word' id='word_1_321' title='bbox 1173 2472 1280 2502; x_wconf 83' lang='lat' dir='ltr'><strong>vestre</strong></span> <span class='ocrx_word' id='word_1_322' title='bbox 1303 2471 1454 2512; x_wconf 88' lang='lat' dir='ltr'><strong>potencie</strong></span> <span class='ocrx_word' id='word_1_323' title='bbox 1470 2472 1626 2504; x_wconf 82' lang='lat' dir='ltr'><strong>universis</strong></span> <span class='ocrx_word' id='word_1_324' title='bbox 1642 2474 1836 2514; x_wconf 78' lang='lat' dir='ltr'><strong>civitatibus,</strong></span> 
     </span>
     <span class='ocr_line' id='line_1_36' title="bbox 137 2520 1837 2565; baseline 0.004 -15"><span class='ocrx_word' id='word_1_325' title='bbox 137 2529 162 2550; x_wconf 73' lang='lat' dir='ltr'><strong>u</strong></span> <span class='ocrx_word' id='word_1_326' title='bbox 180 2521 426 2562; x_wconf 88' lang='lat' dir='ltr'><strong>municionibus,</strong></span> <span class='ocrx_word' id='word_1_327' title='bbox 448 2520 610 2553; x_wconf 89' lang='lat' dir='ltr'><strong>nobilibus</strong></span> <span class='ocrx_word' id='word_1_328' title='bbox 633 2523 667 2552; x_wconf 88' lang='lat' dir='ltr'><strong>et</strong></span> <span class='ocrx_word' id='word_1_329' title='bbox 689 2521 802 2553; x_wconf 87' lang='lat' dir='ltr'><strong>incolis</strong></span> <span class='ocrx_word' id='word_1_330' title='bbox 825 2524 983 2553; x_wconf 81' lang='lat' dir='ltr'><strong>terrarum</strong></span> <span class='ocrx_word' id='word_1_331' title='bbox 1007 2520 1125 2553; x_wconf 84' lang='lat' dir='ltr'><strong>Suevie</strong></span> <span class='ocrx_word' id='word_1_332' title='bbox 1149 2523 1182 2553; x_wconf 90' lang='lat' dir='ltr'><strong>et</strong></span> <span class='ocrx_word' id='word_1_333' title='bbox 1197 2521 1338 2563; x_wconf 80' lang='lat' dir='ltr'><strong>Alsacie,</strong></span> <span class='ocrx_word' id='word_1_334' title='bbox 1362 2532 1442 2564; x_wconf 82' lang='lat' dir='ltr'><strong>quas</strong></span> <span class='ocrx_word' id='word_1_335' title='bbox 1464 2526 1590 2564; x_wconf 82' lang='lat' dir='ltr'><strong>partem</strong></span> <span class='ocrx_word' id='word_1_336' title='bbox 1613 2525 1778 2565; x_wconf 85' lang='lat' dir='ltr'><strong>pociorem</strong></span> <span class='ocrx_word' id='word_1_337' title='bbox 1803 2530 1837 2557; x_wconf 84' lang='lat' dir='ltr'><strong>et</strong></span> 
     </span>
     <span class='ocr_line' id='line_1_37' title="bbox 180 2571 1834 2615; baseline 0.002 -10"><span class='ocrx_word' id='word_1_338' title='bbox 180 2581 236 2605; x_wconf 82' lang='lat' dir='ltr'><strong>cor</strong></span> <span class='ocrx_word' id='word_1_339' title='bbox 260 2571 433 2605; x_wconf 81' lang='lat' dir='ltr'><strong>Alamanie</strong></span> <span class='ocrx_word' id='word_1_340' title='bbox 461 2572 635 2615; x_wconf 85' lang='lat' dir='ltr'><strong>reputatis,</strong></span> <span class='ocrx_word' id='word_1_341' title='bbox 664 2572 858 2614; x_wconf 86' lang='lat' dir='ltr'><strong>sollempnia</strong></span> <span class='ocrx_word' id='word_1_342' title='bbox 885 2573 1073 2614; x_wconf 82' lang='lat' dir='ltr'><strong>nupciarum</strong></span> <span class='ocrx_word' id='word_1_343' title='bbox 1103 2582 1176 2604; x_wconf 90' lang='lat' dir='ltr'><strong>cum</strong></span> <span class='ocrx_word' id='word_1_344' title='bbox 1204 2574 1408 2605; x_wconf 79' lang='lat' dir='ltr'><strong>serenissima</strong></span> <span class='ocrx_word' id='word_1_345' title='bbox 1436 2573 1584 2607; x_wconf 73' lang='lat' dir='ltr'><strong>Elisabet</strong></span> <span class='ocrx_word' id='word_1_346' title='bbox 1614 2575 1834 2608; x_wconf 84' lang='lat' dir='ltr'><strong>Romanorum</strong></span> 
     </span>
     <span class='ocr_line' id='line_1_38' title="bbox 179 2623 1834 2667; baseline 0.002 -11"><span class='ocrx_word' id='word_1_347' title='bbox 179 2623 293 2666; x_wconf 76' lang='lat' dir='ltr'><strong>regina</strong></span> <span class='ocrx_word' id='word_1_348' title='bbox 314 2623 495 2656; x_wconf 85' lang='lat' dir='ltr'><strong>conthorali</strong></span> <span class='ocrx_word' id='word_1_349' title='bbox 516 2627 625 2656; x_wconf 80' lang='lat' dir='ltr'><strong>vestra</strong></span> <span class='ocrx_word' id='word_1_350' title='bbox 646 2627 724 2658; x_wconf 82' lang='lat' dir='ltr'><strong>nata</strong></span> <span class='ocrx_word' id='word_1_351' title='bbox 747 2628 856 2658; x_wconf 85' lang='lat' dir='ltr'><strong>nostra</strong></span> <span class='ocrx_word' id='word_1_352' title='bbox 878 2626 1050 2658; x_wconf 82' lang='lat' dir='ltr'><strong>karissima</strong></span> <span class='ocrx_word' id='word_1_353' title='bbox 1076 2626 1186 2658; x_wconf 86' lang='lat' dir='ltr'><strong>multis</strong></span> <span class='ocrx_word' id='word_1_354' title='bbox 1215 2625 1412 2667; x_wconf 87' lang='lat' dir='ltr'><strong>principibus</strong></span> <span class='ocrx_word' id='word_1_355' title='bbox 1435 2626 1663 2658; x_wconf 82' lang='lat' dir='ltr'><strong>ecclesiasticis</strong></span> <span class='ocrx_word' id='word_1_356' title='bbox 1686 2631 1719 2658; x_wconf 90' lang='lat' dir='ltr'><strong>ct</strong></span> <span class='ocrx_word' id='word_1_357' title='bbox 1741 2638 1834 2659; x_wconf 92' lang='lat' dir='ltr'><strong>mun-</strong></span> 
     </span>
     <span class='ocr_line' id='line_1_39' title="bbox 180 2674 1834 2719; baseline 0.002 -12"><span class='ocrx_word' id='word_1_358' title='bbox 180 2674 271 2707; x_wconf 85' lang='lat' dir='ltr'><strong>danis</strong></span> <span class='ocrx_word' id='word_1_359' title='bbox 293 2675 495 2717; x_wconf 86' lang='lat' dir='ltr'><strong>presentibus</strong></span> <span class='ocrx_word' id='word_1_360' title='bbox 522 2675 694 2708; x_wconf 87' lang='lat' dir='ltr'><strong>celebriter</strong></span> <span class='ocrx_word' id='word_1_361' title='bbox 721 2679 757 2709; x_wconf 88' lang='lat' dir='ltr'><strong>ut</strong></span> <span class='ocrx_word' id='word_1_362' title='bbox 790 2676 899 2710; x_wconf 87' lang='lat' dir='ltr'><strong>decuit</strong></span> <span class='ocrx_word' id='word_1_363' title='bbox 928 2678 1140 2710; x_wconf 81' lang='lat' dir='ltr'><strong>consumastis</strong></span> <span class='ocrx_word' id='word_1_364' title='bbox 1171 2677 1374 2719; x_wconf 84' lang='lat' dir='ltr'><strong>eandemque</strong></span> <span class='ocrx_word' id='word_1_365' title='bbox 1403 2679 1599 2719; x_wconf 71' lang='lat' dir='ltr'><strong>procurastis</strong></span> <span class='ocrx_word' id='word_1_366' title='bbox 1628 2679 1834 2719; x_wconf 83' lang='lat' dir='ltr'><strong>postmodum</strong></span> 
     </span>
    </p>
   </div>
   <div class='ocr_carea' id='block_1_12' title="bbox 136 2759 577 2854">
    <p class='ocr_par' dir='ltr' id='par_1_14' title="bbox 136 2759 577 2854">
     <span class='ocr_line' id='line_1_40' title="bbox 283 2759 577 2793; baseline 0.003 -6"><span class='ocrx_word' id='word_1_367' title='bbox 283 2759 350 2788; x_wconf 77' lang='lat'><strong>810.</strong></span> <span class='ocrx_word' id='word_1_368' title='bbox 376 2760 401 2793; x_wconf 79' lang='lat'><strong>¹)</strong></span> <span class='ocrx_word' id='word_1_369' title='bbox 419 2761 538 2788; x_wconf 68' lang='lat' dir='ltr'><strong>Lucem·</strong></span> <span class='ocrx_word' id='word_1_370' title='bbox 555 2770 577 2788; x_wconf 79' lang='lat' dir='ltr'><strong>c.</strong></span> 
     </span>
     <span class='ocr_line' id='line_1_41' title="bbox 136 2819 552 2854; baseline -0.002 -5"><span class='ocrx_word' id='word_1_371' title='bbox 136 2829 164 2849; x_wconf 72' lang='grc' dir='ltr'><strong>ιο</strong></span> <span class='ocrx_word' id='word_1_372' title='bbox 284 2820 311 2853; x_wconf 92' lang='lat'><strong>1)</strong></span> <span class='ocrx_word' id='word_1_373' title='bbox 330 2819 424 2854; x_wconf 70' lang='lat' dir='ltr'><strong>Supra</strong></span> <span class='ocrx_word' id='word_1_374' title='bbox 440 2827 482 2847; x_wconf 73' lang='lat' dir='ltr'><strong>nr.</strong></span> <span class='ocrx_word' id='word_1_375' title='bbox 496 2823 552 2848; x_wconf 79' lang='lat'><strong>281.</strong></span> 
     </span>
    </p>
   </div>
  </div>
 </body>
</html>
