2158 3138
299 187 361 218 120

298 271 513 303 senciencium
542 271 670 302 nomine
701 280 742 301 ex
770 270 932 310 potestate
962 267 1023 299 sibi
1057 267 1098 299 ab

299 322 422 354 eisdem
452 325 527 353 tunc
551 321 669 353 tradita
698 324 731 352 et
759 330 926 359 concessa,
949 319 1099 350 invocata

299 375 401 406 sancti
425 374 562 415 Spiritus
578 373 692 414 gratia,
716 372 853 403 termino
871 374 905 402 et
918 371 991 402 loco
1008 372 1099 402 ante-

300 425 392 457 dictis
413 425 513 466 elegit
528 426 559 455 in
576 434 687 466 regem
703 423 924 454 Romanorum
947 422 981 453 in
996 422 1099 463 impe-

299 480 439 508 ratorem
474 475 680 517 postmodum
715 473 979 516 promovendum.
1039 473 1101 509 Qui

299 529 344 560 sic
374 528 496 559 electus
526 527 632 557 divine
662 526 774 557 nolens
805 525 955 557 resistere
986 525 1100 556 volun-

299 580 373 620 tati,
408 578 592 610 huiusmodi
627 577 779 609 canonice
809 577 958 608 electioni
993 576 1034 607 de
1066 586 1100 607 se

300 631 384 662 facte
421 640 518 671 super
551 629 613 661 hoc
646 629 688 660 ab
723 628 847 660 eisdem
881 639 952 660 cum
983 638 1101 670 magna

300 682 467 723 diligentia
491 680 714 722 interpellatus
738 680 907 711 consensit.

365 786 393 815 3.
430 783 472 815 Et
495 783 612 815 deinde
636 793 695 824 per
718 793 785 824 me,
815 784 866 814 cui
894 783 956 814 hoc
986 792 1100 814 secun-

300 836 374 867 dum
407 835 552 867 habitam
587 835 743 866 hactenus
771 845 790 866 a
819 838 981 876 tempore,
1011 834 1102 866 cuius

298 898 363 918 non
386 890 435 919 est
457 887 632 926 memoria,
657 886 900 917 observanciam
928 889 961 918 et
991 895 1033 916 ex
1054 886 1102 916 in-

300 938 389 970 dulto
414 938 500 970 sedis
523 937 723 979 apostolice¹
750 938 877 969 nomine
902 937 1102 969 Coloniensis

301 990 439 1021 ecclesie
463 990 627 1031 competit,
652 989 703 1020 die
720 992 809 1020 certa
826 999 887 1030 que
909 988 968 1020 fuit
983 988 1101 1019 festum

279 1041 396 1073 .beate
421 1041 600 1073 Katherine
627 1051 730 1082 nuper
756 1041 947 1082 preteritum
975 1039 1018 1071 ad
1040 1039 1102 1071 hoc

300 1096 420 1125 statuta
445 1097 478 1124 et
501 1093 755 1134 proclamatione
773 1093 855 1123 sicut
870 1092 947 1123 iuris
964 1094 1013 1123 est
1028 1099 1102 1133 pre—

299 1146 397 1176 missa
413 1145 445 1176 in
461 1154 572 1186 regem
586 1143 807 1176 Romanorum
829 1145 937 1175 extitit
956 1145 1103 1176 inunctus

301 1199 334 1228 et
357 1207 430 1227 cum
454 1196 694 1237 sollempnitate
718 1195 830 1227 debita
853 1195 955 1237 regali
980 1195 1102 1238 dyade-

300 1248 398 1279 miteb
423 1251 603 1279 coronatus.

366 1302 394 1330 4.
430 1299 501 1336 Que
530 1299 637 1330 omnia
672 1302 705 1330 et
733 1298 860 1340 singula
895 1309 937 1330 ex
972 1298 1103 1330 decreto

301 1351 468 1382 electionis
490 1350 636 1392 predicte
660 1350 782 1381 domini
796 1349 963 1391 Rudolphi
978 1350 1104 1382 comitis

300 1403 435 1444 palatini
470 1402 553 1434 Reni
588 1402 724 1444 predicti
758 1404 792 1433 et
819 1401 939 1433 domini
973 1401 1104 1434 Rfidolfi

302 1455 391 1486 ducis
415 1453 558 1485 Saxonie
583 1454 800 1485 coelectorum
821 1464 967 1485 meorum
992 1454 1104 1496 sigillis

301 1517 357 1537 suo
396 1510 428 1537 et
463 1506 599 1537 aliorum
637 1516 709 1537 cum
748 1507 794 1536 eis
829 1506 1104 1537 consencientium

301 1558 430 1589 nomine
448 1557 588 1599 sigillato
598 1557 621 1597 ²,
638 1558 688 1588 cui
706 1558 809 1588 eciam
826 1568 898 1589 cum
912 1568 985 1589 meo
998 1557 1103 1599 sigillo

301 1620 435 1651 presens
458 1620 532 1641 mea
555 1609 752 1650 supplicacio
777 1612 827 1640 est
842 1619 980 1650 annexa,
998 1613 1031 1640 et
1046 1619 1105 1650 per

301 1662 512 1692 instrumenta
549 1661 589 1691 de
624 1660 777 1692 mandato
813 1661 959 1702 predicto
995 1661 1105 1692 comiti

301 1713 451 1744 Palatino
481 1723 500 1743 a
529 1722 581 1743 me
613 1712 690 1744 dato
727 1715 760 1744 et
788 1712 829 1743 de
859 1713 1043 1744 inunctione
1072 1715 1105 1744 et

302 1765 510 1795 coronatione
535 1764 688 1805 predictis
712 1765 892 1805 conscripta
921 1767 954 1795 et
982 1765 1014 1795 in
1038 1764 1103 1795 for-

301 1826 388 1847 mam
425 1815 588 1858 publicam
627 1815 783 1847 redacta³
822 1816 928 1847 lucide
970 1815 1103 1847 demon-

301 1870 450 1899 strantur.

367 1923 395 1950 5.
430 1919 637 1960 Quapropter
669 1919 830 1950 sanctitati
858 1922 965 1950 vestre
999 1918 1104 1950 humi-

302 1971 376 2002 liter
408 1971 569 2012 supplico,
602 1971 751 2012 quatinus
775 1971 968 2002 electionem
993 1981 1103 2012 supra-

302 2023 421 2054 dictam
446 2022 486 2054 de
510 2022 657 2063 predicto
682 2022 812 2054 domino
829 2022 995 2053 Friderico
1020 2022 1103 2053 chri-

302 2075 405 2106 stiane
433 2074 509 2105 fidei
537 2074 662 2105 fervido
694 2074 836 2106 zelatore
860 2077 926 2105 tam
949 2075 1103 2106 canonice

302 2126 421 2157 factam
457 2129 490 2157 et
524 2126 770 2157 coronacionem
805 2135 912 2157 meam
952 2126 1104 2167 exigente

301 2178 424 2209 iustitia
460 2177 666 2209 subsecutam
701 2188 743 2209 ex
777 2177 872 2208 solita
903 2178 1106 2219 paternitatis

302 2233 408 2261 vestre
433 2229 610 2260 clemencia
634 2229 811 2270 dignemini
827 2229 1009 2270 approbare
1026 2239 1105 2260 eun-

302 2281 443 2322 demque
474 2281 612 2312 ecclesie
639 2280 787 2312 Romane
821 2283 854 2311 et
882 2283 1023 2312 vestrum
1049 2279 1105 2312 de-

301 2335 411 2364 votum
435 2332 577 2373 paternis
600 2331 775 2363 visceribus
799 2331 982 2363 confovere.

366 2383 488 2415 Datum
510 2383 589 2414 IIII.
611 2383 685 2414 Kal.
706 2382 906 2423 Decembris,
930 2394 1014 2415 anno
1037 2383 1105 2415 Do-

302 2437 379 2467 mini
404 2435 560 2477 predicto.
770 2448 772 2453 ,

408 2718 473 2745 120.
502 2719 526 2752 b)
545 2720 581 2745 εἰσ
602 2720 623 2745 1.

410 2804 435 2837 1)
458 2804 499 2836 Cf.
514 2813 580 2838 paq.
595 2808 642 2831 116
661 2806 715 2831 not.
729 2809 750 2831 1.
839 2804 865 2836 2)
883 2803 975 2836 Supra
993 2810 1035 2830 nr.
1050 2806 1088 2830 95.

568 183 666 211 ACTA
685 182 798 210 REGNI
818 181 1005 209 LUDEWIOt
1024 180 1071 209 IV.
1090 179 1138 207 ΕΤ
1158 179 1344 207 FRIDERICI
1364 180 1413 206 111.
1450 178 1526 206 1314.
1562 178 1683 205 Nr.120.

1152 267 1184 298 in
1216 266 1278 298 hac
1311 269 1404 308 parte
1443 265 1711 300 consentientium
1744 265 1874 296 nomine
1912 275 1954 296 ex

1152 320 1315 360 potestate
1349 317 1410 348 sibi
1444 317 1486 349 ab
1520 316 1642 348 eisdem
1672 318 1746 347 tunc
1775 315 1895 347 tradita
1923 319 1956 348 et

1153 379 1320 410 concessa,
1355 369 1504 400 invocata
1539 368 1639 400 sancti
1670 366 1808 409 Spiritus
1838 367 1955 409 gratia,

1153 422 1291 453 termino
1316 423 1349 452 et
1371 420 1443 451 loco
1467 419 1638 451 antedictis
1662 419 1763 461 elegit
1786 418 1820 450 in
1842 428 1955 460 regem

1154 472 1376 504 Romanorum
1413 472 1445 503 in
1481 472 1712 512 imperatorem
1749 469 1955 512 postmodum

1154 523 1418 566 promovendum.
1493 522 1555 558 Qui
1597 523 1643 554 sic
1685 522 1807 554 electus
1849 521 1955 553 divine

1154 576 1267 607 nolens
1289 575 1440 607 resistere
1463 573 1631 614 voluntati,
1651 572 1834 604 huiusmodi
1858 583 1955 604 cano-

1154 628 1225 658 nice
1261 627 1413 658 electioni
1444 625 1485 657 de
1519 635 1554 657 se
1585 625 1672 656 facte
1701 634 1799 666 super
1825 623 1887 656 hoc
1914 624 1956 656 ab

1155 677 1277 710 eisdem
1302 688 1374 709 cum
1398 687 1516 719 magna
1543 676 1711 719 diligentia
1733 675 1957 717 interpellatus

1155 730 1326 762 consensit.

1220 784 1249 814 3.
1285 781 1328 812 Et
1351 780 1469 812 deinde
1499 790 1559 822 per
1587 790 1659 821 nos,
1684 779 1734 811 cui
1757 779 1819 810 hoc
1841 789 1956 811 secun-

1155 833 1231 865 dum
1265 832 1410 864 habitam
1444 831 1600 863 hactenus
1629 842 1649 863 a
1676 835 1838 872 tempore,
1867 830 1958 862 cuius

1154 895 1219 916 non
1242 887 1292 916 est
1313 884 1486 924 memoria,
1510 883 1749 914 observantiam
1780 885 1814 914 et
1843 892 1886 914 ex
1907 882 1957 913 in-

1155 936 1244 968 dulto
1268 935 1354 968 sedis
1377 935 1576 977 apostolice¹
1604 935 1733 966 nomine
1757 933 1958 966 Coloniensis

1156 988 1293 1020 ecclesie
1317 988 1482 1029 competit,
1506 986 1559 1018 die
1575 990 1664 1018 certa
1681 996 1743 1028 que
1764 986 1824 1017 fuit
1839 984 1959 1017 festum

1155 1040 1252 1072 beate
1276 1039 1456 1071 Katherine
1485 1049 1588 1080 nuper
1617 1038 1807 1080 preteritum
1831 1036 1873 1069 ad
1896 1030 1958 1068 hoc

1155 1094 1276 1123 statuta
1311 1092 1344 1123 et
1377 1091 1630 1133 proclamatione
1675 1090 1758 1121 sicut
1797 1089 1874 1120 iuris
1909 1092 1959 1120 est

1156 1144 1330 1185 premissa,
1368 1143 1400 1174 in
1443 1152 1555 1184 regem
1592 1141 1813 1173 Romanunm
1851 1140 1960 1172 extitit

1155 1196 1304 1226 inunctus
1327 1197 1361 1226 et
1384 1205 1456 1226 cum
1473 1194 1711 1235 sollempnitate
1729 1192 1839 1224 debita
1855 1191 1959 1233 regali

1157 1246 1354 1288 dyademate
1377 1249 1558 1278 coronatus.

1222 1301 1250 1329 4.
1285 1297 1356 1334 Que
1387 1298 1495 1329 omnia
1529 1300 1563 1328 et
1594 1297 1720 1339 singula
1756 1306 1798 1327 ex
1827 1295 1958 1327 decreto

1157 1349 1324 1382 electionis
1351 1349 1497 1391 predicte
1530 1348 1651 1380 domini
1680 1347 1811 1380 Rfidolfi
1834 1347 1960 1379 comitis

1157 1401 1298 1433 Palatini
1320 1400 1457 1443 predicti
1487 1404 1520 1432 et
1542 1399 1673 1432 Rfidolfi
1705 1399 1794 1431 ducis
1817 1398 1959 1430 Saxonis

1158 1453 1376 1484 coelectorum
1401 1455 1583 1484 nostrorum
1605 1451 1718 1494 sigillis
1741 1461 1798 1483 suo
1823 1453 1856 1482 et
1877 1450 1959 1482 alio-

1158 1515 1228 1536 rum
1252 1515 1323 1536 cum
1354 1505 1401 1536 eis
1425 1504 1693 1536 consentientium
1716 1503 1846 1534 nomine
1869 1501 1959 1543 sigil-

1158 1556 1224 1588 lato
1233 1556 1256 1597 ²,
1281 1557 1330 1587 cui
1355 1556 1453 1588 etiam
1477 1565 1550 1587 cum
1573 1558 1681 1586 nostro
1704 1553 1810 1596 sigillo
1826 1563 1960 1595 presens

1157 1611 1267 1639 nostra
1294 1607 1486 1649 supplicatio
1521 1610 1569 1638 est
1599 1611 1740 1646 annexa,
1769 1609 1802 1637 et
1829 1615 1889 1647 per
1910 1604 1959 1636 in-

1158 1663 1336 1691 strumenta
1353 1658 1394 1690 de
1410 1658 1564 1690 mandato
1580 1657 1726 1700 predicto
1740 1657 1850 1689 comiti
1861 1656 1960 1688 Pala-

1158 1712 1223 1742 tino
1248 1721 1267 1742 a
1290 1710 1382 1742 nobis
1405 1710 1481 1742 dato
1503 1713 1536 1741 et
1558 1709 1599 1741 de
1619 1709 1802 1741 inunctione
1820 1712 1853 1740 et
1868 1718 1960 1739 coro·

1158 1763 1288 1794 natione
1320 1762 1475 1804 predictis
1504 1762 1685 1803 conscripta
1708 1764 1741 1792 et
1767 1761 1799 1791 in
1822 1760 1960 1792 formam

1157 1814 1319 1856 publicam
1343 1809 1501 1845 redacta⁸
1524 1812 1631 1844 lucide
1655 1812 1924 1844 demonstrantur.

1223 1920 1252 1949 5.
1287 1917 1494 1959 Quapropter
1521 1917 1685 1948 sanctitati
1717 1918 1824 1947 vestre
1855 1914 1961 1946 humi-

1158 1970 1233 2001 liter
1245 1969 1473 2011 supplicamus,
1481 1968 1632 2010 quatinus
1645 1967 1837 1999 electionem
1849 1976 1961 2008 supra-

1159 2021 1289 2060 dictam,
1313 2020 1354 2052 de
1379 2020 1526 2062 predicto
1550 2019 1680 2051 domino
1696 2019 1861 2050 Friderico
1878 2017 1961 2050 chri-

1159 2073 1262 2104 stiane
1291 2072 1369 2103 fidei
1399 2071 1523 2103 fervido
1547 2071 1689 2103 zelatore
1717 2074 1783 2102 tam
1807 2069 1962 2101 canonice

1159 2125 1279 2156 factam
1308 2127 1342 2156 et
1371 2123 1614 2155 coronationem
1643 2125 1785 2153 nostram
1809 2122 1962 2163 exigente

1159 2177 1286 2208 iusticia
1322 2175 1528 2207 subsecutam
1561 2185 1603 2206 ex
1633 2174 1728 2205 solita
1757 2172 1963 2215 paternitatis

1159 2231 1266 2259 vestre
1290 2227 1467 2259 clemencia
1492 2226 1667 2267 dignemini
1683 2224 1866 2267 approbare
1883 2234 1962 2255 euu-

1160 2280 1300 2321 demque
1331 2278 1468 2310 ecclesie
1495 2277 1644 2309 Romane
1676 2280 1709 2308 et
1731 2279 1873 2308 vestrum
1904 2274 1961 2307 de-

1160 2333 1271 2362 votum
1293 2331 1438 2372 paternis
1460 2329 1637 2361 visceribus
1660 2328 1843 2360 confovere.

1224 2382 1345 2414 Datum
1380 2381 1459 2413 1111.
1485 2381 1599 2413 Kalen.
1634 2379 1843 2420 Decembris,
1878 2388 1963 2410 anno

1159 2434 1291 2466 Domini
1314 2433 1470 2475 predicto,
1681 2446 1683 2448 ·

1177 2803 1204 2836 3)
1223 2801 1315 2836 Supra
1333 2809 1375 2828 nr.
1389 2805 1442 2828 118.

1973 733 2000 754 10

1979 2285 2008 2304 40
