2158 3138
307 249 366 279 108
543 244 641 272 ACTA
660 244 775 271 REGNI
795 242 983 270 LUDEWICI
1002 242 1048 268 1V.
1067 241 1113 268 ET
1133 240 1319 268 FRIDERICI
1338 241 1386 267 111.
1425 240 1499 268 1314.
1536 240 1585 267 Νι.
1600 240 1658 268 110.
1677 240 1735 268 111.

302 333 430 365 nuntios
457 333 489 363 in
519 332 638 363 nostris
663 331 814 372 expensis
842 332 875 360 et
901 327 1081 369 sumptibus
1104 328 1314 368 assignamus,
1361 327 1484 364 Quibus
1508 328 1607 359 etiam
1629 328 1751 358 nuntiis
1774 326 1898 358 clavem
1923 327 1965 359 de

306 385 396 424 cista,
420 383 475 415 ubi
498 383 636 424 pecunia
659 381 803 412 thelonei
826 383 1009 421 reponetur,
1033 378 1268 420 assignabimus
1291 389 1403 410 eorum
1420 378 1551 410 arbitrio
1575 377 1616 409 ad
1634 378 1845 420 aperiendum
1861 379 1966 420 ipsam

303 437 416 467 cistam
445 438 478 466 et
509 435 691 476 portionem
723 443 797 463 suos
825 431 970 462 dominos
999 431 1239 471 contingentem
1267 431 1298 461 in
1324 429 1410 462 dicta
1434 430 1571 471 pecunia
1595 430 1682 460 omni
1707 432 1878 471 tempore⁵
1901 440 1964 471 quo

303 487 463 518 voluerint
496 485 716 526 recipiendam
748 484 850 514 libere
884 483 1120 523 relinquentes,
1155 485 1221 513 tam
1256 482 1333 513 diub
1364 485 1397 513 et
1430 492 1597 523 quousque
1629 482 1706 523 ipsis
1740 481 1782 512 de
1811 481 1965 523 predictis

302 539 510 580 pecuniarum
540 537 674 567 summis
703 535 905 576 integraliter
936 534 1034 565 fuerit
1062 533 1271 565 satisfactum.
1365 535 1410 574 (3)
1434 533 1556 565 Verum
1584 534 1682 565 etiam
1711 534 1738 564 si
1765 534 1965 576 contingeret
1994 541 2008 560 ⁵

302 591 406 631 ipsum
440 589 604 620 dominum
640 587 874 618 Treverensem
909 585 1116 627 procedendo
1150 585 1318 616 nobiscum
1353 596 1464 617 versus
1495 585 1714 627 Aquisgrani⁰
1748 584 1790 616 ad
1821 588 1964 616 nostram

302 642 543 673 coronationem
568 639 639 680 plus
663 638 772 669 debito
796 638 916 669 morari
938 638 970 668 in
994 638 1045 668 via
1069 647 1166 678 quam
1190 638 1384 669 continuatis
1408 637 1502 668 dietis
1526 647 1583 668 seu
1599 646 1658 678 per
1674 636 1778 677 devia,
1795 637 1965 678 quominus

301 696 388 724 recte
420 693 546 724 tramite
577 690 788 732 procederet,
812 690 932 720 morari
955 689 988 719 in
1012 688 1118 720 eundo
1142 691 1176 720 et
1198 689 1382 730 redeundo,
1412 689 1628 730 promittimus
1651 688 1757 719 eidem
1778 688 1964 730 persolvere

302 744 342 775 de
367 743 511 784 qualibet
535 743 622 774 dieta
646 741 791 783 predicta
814 741 903 772 mille
927 740 1053 780 lib(ras)
1071 739 1273 781 Hall(enses)
1294 740 1521 782 percipiendas
1544 741 1576 771 in
1600 740 1686 771 dicto
1710 740 1874 780 theloneo,
1897 742 1964 771 tam

302 795 357 826 diu
381 798 413 826 et
436 804 603 836 quousque
629 793 786 825 estimatis
809 793 887 834 ipsis
911 792 1006 824 dietis
1028 792 1173 833 plenarie
1190 791 1288 823 fuerit
1304 792 1513 823 satisfactum.
1582 791 1630 832 (4)
1653 791 1696 823 Et
1717 792 1750 823 in
1776 791 1960 823 reversione
1982 798 2006 819 ιο

300 850 408 878 nostra
439 846 478 877 de
506 846 625 887 Aquis,
654 848 829 886 antequam
858 844 987 875 Renum
1016 844 1068 875 vel
1097 843 1265 875 Mosellam
1294 847 1510 882 transeamus,
1535 843 1658 875 eisdem
1680 846 1806 875 nostras
1837 843 1962 874 litteras

300 898 404 940 sigillo
432 898 521 939 regie
546 897 724 928 maiestatis
746 899 853 927 nostre
877 906 973 938 super
995 896 1158 937 premissis
1182 895 1329 927 omnibus
1353 899 1385 927 et
1405 895 1538 937 singulis
1557 895 1780 927 concedemus.
1855 893 1904 936 (5)
1920 891 1963 925 Et

300 949 342 981 ad
366 950 522 981 maiorem
546 949 751 979 securitatem
776 947 919 978 omnium
934 947 1180 988 promissionum
1198 950 1231 978 et
1247 947 1483 989 obligacionum
1501 946 1717 989 predictarum
1734 949 1838 978 castra
1853 949 1962 976 nostra

300 1001 521 1038 Stailbourch,
551 999 716 1031 Stailecke
749 1001 782 1030 et
809 998 1036 1030 Brouneshorn
1069 1009 1139 1030 cum
1170 998 1290 1040 oppido
1314 998 1524 1030 Bacherache
1553 1001 1586 1029 et
1611 997 1695 1029 villis
1717 998 1750 1029 in
1779 998 1851 1039 ipsa
1866 996 1962 1028 Valle

300 1052 479 1084 iacentibus
503 1051 595 1083 cumd
612 1051 699 1082 omni
716 1061 772 1082 suo
789 1051 858 1082 iure
875 1053 908 1082 et
924 1050 1071 1082 omnibus
1086 1050 1151 1081 suis
1166 1051 1369 1092 pertinentiis
1384 1050 1484 1082 nobili
1499 1051 1568 1082 viro
1585 1049 1706 1092 Gysoni
1722 1049 1763 1081 de
1779 1048 1963 1081 Molsberch
1983 1057 2008 1076 ¹⁵

302 1105 395 1136 militi
418 1104 505 1135 fideli
530 1108 638 1134 nostro
663 1113 682 1134 a
705 1102 796 1134 nobis
820 1102 893 1134 hinc
917 1102 992 1134 inde
1016 1106 1148 1144 recepto
1166 1103 1367 1144 assignamus
1383 1106 1416 1134 et
1431 1102 1647 1144 promittimus
1668 1101 1801 1133 eosdem
1816 1101 1964 1132 dominos

301 1167 412 1198 regem
443 1159 475 1187 et
505 1155 783 1196 archiepiscopum
813 1165 871 1185 seu
901 1164 1011 1185 eorum
1041 1153 1170 1185 nuntios
1196 1154 1227 1184 iu
1251 1154 1487 1195 possessionem
1512 1152 1588 1184 dicti
1611 1152 1754 1183 thelonei
1777 1152 1906 1183 mittere
1931 1153 1964 1182 et

301 1208 386 1239 dicta¹
418 1211 522 1238 castra
554 1217 625 1238 cum
662 1206 783 1248 oppido
818 1210 851 1238 et
885 1205 969 1237 villis
1003 1206 1033 1236 in
1050 1205 1147 1236 Valle
1177 1205 1358 1236 iacentibus
1385 1215 1457 1236 cum
1485 1205 1550 1235 suis
1573 1204 1774 1246 pertinentiis
1797 1203 1962 1244 assignare

301 1259 387 1291 dicto
413 1258 546 1300 Gysoni,
572 1261 747 1300 antequam
762 1258 933 1289 Mosellam
956 1257 1009 1288 vel
1031 1257 1160 1288 Renum
1182 1257 1293 1288 subtus
1309 1255 1576 1298 Confluen(tiam)
1591 1259 1803 1296 transeamus,
1818 1254 1964 1286 volentes

300 1314 335 1342 ut
366 1311 434 1352 ipse
465 1309 551 1352 Gyso
585 1310 671 1341 dicta
701 1313 807 1341 castra
836 1320 908 1341 cum
941 1309 1034 1340 dictis
1064 1309 1266 1350 pertinentiis
1294 1307 1455 1339 custodiat
1483 1312 1516 1339 et
1543 1307 1712 1349 gubernet.
1801 1307 1848 1347 (6)
1871 1305 1915 1338 Et
1937 1306 1963 1337 si
1982 1314 2009 1334 πο

301 1363 502 1403 contingeret
525 1362 610 1404 quod
636 1362 745 1393 omnia
768 1362 926 1403 premissa
949 1362 982 1392 in
1004 1364 1072 1392 toto
1096 1361 1147 1392 vel
1170 1362 1201 1391 in
1225 1363 1317 1402 parte
1340 1371 1404 1391 non
1428 1359 1675 1391 observarentur
1692 1357 1811 1401 dicti[s]
1827 1357 1965 1390 dominis

303 1414 371 1455 regi
396 1417 429 1445 et
451 1413 696 1455 archiepiscopo
720 1413 772 1444 vel
795 1424 860 1444 non
876 1412 1138 1454 adimplerentur,
1155 1415 1251 1454 prout
1266 1413 1414 1453 superius
1429 1414 1480 1443 est
1496 1421 1695 1452 expressum,
1718 1410 1770 1441 vel
1793 1410 1840 1441 eis
1863 1409 1962 1441 etiam

301 1465 353 1496 vel
377 1475 487 1496 eorum
510 1465 628 1496 nuntiis
652 1464 839 1496 violentiam
862 1464 974 1495 inferri
998 1464 1209 1505 contingeret,
1232 1464 1380 1495 volumus
1403 1466 1438 1495 ut
1461 1462 1548 1494 dicta
1568 1465 1673 1494 castra
1689 1462 1756 1493 sine
1773 1461 1837 1493 alio
1851 1464 1961 1493 nostro

301 1516 455 1548 mandato
479 1527 538 1558 per
561 1517 666 1558 ipsum
691 1516 855 1558 Gysonem
879 1517 911 1548 in
935 1526 1050 1547 manus
1073 1515 1151 1547 dicti
1175 1515 1299 1547 domini
1322 1514 1558 1556 archiepiscopi
1581 1517 1615 1545 et
1636 1514 1722 1556 regis
1750 1516 1806 1544 aut
1828 1513 1962 1544 alterius

301 1578 412 1599 eorum
437 1568 519 1599 infra
543 1579 704 1609 mensem,
728 1568 805 1599 dum
837 1568 1011 1610 requisitus
1036 1567 1142 1606 fuerit,
1170 1568 1373 1608 resignentur
1396 1569 1429 1598 et
1451 1566 1664 1608 assignentur.
1753 1565 1800 1606 (7)
1823 1565 1964 1596 Licitum
1983 1575 2009 1595 π

301 1621 398 1651 etiam
423 1621 484 1652 erit
507 1620 593 1651 dicto
621 1619 753 1662 Gysoni,
777 1631 817 1652 ne
841 1620 1096 1662 indignationem
1112 1618 1272 1660 Rud(olfi)
1290 1618 1380 1650 ducis
1395 1618 1545 1650 Bawarie
1568 1617 1669 1649 nostri
1691 1617 1836 1658 germani
1859 1617 1964 1648 incur-

190 1664 289 1710 Ὲζῗὲᾈ,
305 1674 369 1713 rat,
399 1683 494 1714 quam
524 1673 647 1704 evitare
672 1672 851 1712 desiderat,
878 1672 970 1713 lapso
995 1671 1133 1703 termino
1156 1670 1388 1712 purificationis
1411 1669 1508 1701 beate
1530 1669 1633 1701 Marie
1656 1668 1787 1710 virginis
1814 1668 1963 1709 proxime

300 1727 435 1755 venturo
464 1725 560 1756 aliam
594 1724 754 1766 ydoneam
786 1734 957 1765 personam
986 1723 1058 1754 loco
1088 1723 1137 1754 sui
1165 1722 1360 1764 subrogare,
1389 1731 1450 1763 que
1480 1721 1566 1766 dicta
1593 1723 1699 1751 castra
1725 1722 1837 1751 teneat
1867 1722 1901 1750 et
1923 1729 1963 1751 ea

302 1776 475 1816 deliberet,
507 1780 601 1818 prout
630 1777 777 1818 superius
802 1779 851 1807 est
875 1778 1069 1807 enarratum.
1160 1774 1207 1815 (8)
1231 1773 1298 1805 Per
1320 1774 1404 1805 hanc
1427 1777 1536 1805 autem
1561 1775 1703 1804 nostram
1727 1771 1965 1813 obligacionem

303 1830 335 1859 et
358 1829 602 1869 promissionem
627 1829 774 1859 nolumus
798 1827 869 1858 aliis
891 1828 1008 1858 nostris
1032 1825 1288 1868 obligacionibus
1312 1829 1346 1857 et
1368 1824 1650 1867 promissionibus,
1674 1826 1770 1865 prout
1792 1823 1824 1853 in
1846 1822 1963 1854 litteris
1981 1833 2010 1852 ω

301 1890 398 1920 super
421 1879 481 1911 hoc
506 1879 662 1911 confectis
686 1880 868 1911 continetur
891 1879 1018 1920 plenius
1029 1879 1051 1918 ¹,
1074 1878 1186 1909 inferri
1208 1877 1422 1919 preiudicium
1438 1876 1490 1908 vel
1514 1875 1675 1917 derogari,
1698 1878 1747 1906 set
1770 1884 1826 1905 eas
1849 1875 1881 1905 in
1904 1884 1960 1905 suo

301 1931 415 1963 robore
440 1942 640 1973 permanere.
730 1932 767 1963 In
796 1942 932 1973 quorum
961 1930 1199 1970 testimonium,
1223 1930 1299 1971 quia
1322 1929 1427 1971 sigillo
1452 1928 1542 1969 regio
1570 1937 1734 1967 caremus,
1756 1926 1815 1957 has
1837 1925 1962 1958 litteras

301 1983 407 2024 sigillo
432 1983 566 2015 ducatus
590 1985 688 2015 nostri
712 1983 848 2015 fecimus
872 1983 1029 2014 roborari.

409 2035 483 2066 Dat.
509 2036 539 2066 in
567 2035 720 2067 suburbio
747 2033 1096 2075 Frankenvorden(si),
1121 2032 1265 2064 Sabbato
1298 2036 1373 2064 ante
1398 2032 1516 2063 festum
1540 2030 1630 2062 beati
1653 2029 1801 2071 Symonis
1825 2031 1859 2060 et
1879 2028 1962 2060 Iude

301 2088 532 2128 apostolorum,
558 2097 641 2117 anno
665 2087 795 2118 Domini
819 2085 1051 2118 MGCCXIIH.
1980 2090 2007 2110 ³⁵

400 2297 471 2331 111.
507 2296 629 2333 SCRI
636 2296 784 2333 PTUM
807 2292 1150 2334 lMARCHIONIS
1177 2293 1323 2331 BRAN
1326 2293 1397 2329 DE
1403 2292 1439 2328 N
1441 2290 1733 2329 BURGENSIS
1761 2288 1867 2326 PRO

771 2352 963 2389 NOBILI
991 2352 1062 2388 DE
1091 2350 1304 2387 FALKEN
1314 2349 1407 2386 STE
1415 2347 1487 2384 IN.

980 2416 1088 2452 1314.
1129 2415 1208 2451 Oet.
1230 2414 1290 2450 ⁰24.

413 2486 511 2525 Copia
535 2486 592 2528 (c.)
620 2487 655 2517 in
686 2487 833 2526 Copiario
856 2486 1133 2519 Falkensteinensi
1155 2484 1185 2527 f.
1206 2485 1268 2516 145
1298 2482 1453 2515 tabularii
1482 2482 1561 2522 reyii
1583 2480 1831 2520 Herbipolensis.
1882 2478 1961 2511 Gon-

303 2537 435 2569 tulimus
457 2548 522 2569 nos.
546 2558 587 2560 —
610 2539 671 2570 Ed.
695 2550 721 2570 v.
737 2539 766 2570 d.
784 2538 876 2579 Ropp
898 2539 1014 2570 ‘Neues
1036 2537 1168 2570 Archiv'
1194 2535 1293 2573 XVI,
1318 2536 1380 2567 631
1403 2544 1452 2565 nr.
1469 2535 1490 2564 3
1513 2543 1551 2565 ex
1574 2543 1600 2564 c.
1977 2539 2004 2559 ⁴⁰

414 2592 464 2634 Cf.
489 2603 525 2624 ea
547 2603 628 2632 quac
649 2596 803 2624 notantur
825 2594 844 2627 l.
863 2605 886 2625 c.
911 2596 976 2625 not.
991 2593 1022 2624 2.

413 2656 509 2699 [W]ir
525 2657 716 2689 Woldemar
738 2669 800 2689 von
825 2657 958 2690 Goddes
987 2657 1137 2700 genaden
1164 2665 1357 2697 marggreve
1384 2665 1423 2685 zu
1448 2653 1699 2694 Brandenburg,
1727 2663 1766 2683 zu
1788 2652 1962 2683 Lusiczern

303 2709 368 2740 und
392 2720 453 2739 von
477 2709 631 2740 Lindawe
657 2709 828 2741 bekennen
859 2711 891 2740 in
922 2709 1029 2740 dissen
1060 2707 1173 2739 brieffe
1197 2706 1262 2738 und
1285 2706 1456 2746 verjehen,
1481 2705 1540 2736 daz
1565 2706 1621 2736 wir
1643 2715 1705 2736 von
1735 2703 1799 2735 den
1821 2701 1961 2746 zwol[f]-

304 2820 329 2854 d)
407 2781 471 2808 110.
500 2782 522 2813 ¹¹)
540 2783 607 2806 omni
631 2787 743 2815 tempore
766 2784 803 2808 bie
826 2784 948 2815 scriptum
966 2792 985 2808 c.
1075 2781 1100 2814 b)
1120 2785 1146 2807 et
1163 2789 1247 2813 supra
1265 2781 1361 2805 lineam
1379 2779 1444 2805 add.
1463 2788 1484 2804 c.
1573 2778 1596 2811 ⁰)
1615 2787 1683 2804 corr.
1701 2786 1732 2803 a
1749 2778 1919 2810 Aquisgranu
1938 2785 1959 2802 c.

349 2831 374 2846 ln
393 2830 412 2845 C.

409 2872 433 2904 1)
452 2871 541 2904 Supra
560 2879 602 2898 nr.
616 2875 726 2898 63—68.
1978 2872 2004 2892 45
