2184 3126
484 224 580 252 ACTA
598 223 711 252 REGNI
731 223 914 251 LUDEWICI
934 223 980 251 l'V.
1000 223 1046 251 ET
1066 223 1252 251 FRIDERICI
1271 224 1320 252 111.
1358 225 1432 253 1322.
1470 225 1518 253 Nr.
1532 226 1591 254 710.
1610 226 1669 254 711.
1841 231 1903 261 557

348 310 421 342 wir
443 310 602 354 Ludewig
624 322 686 343 von
710 310 792 344 Gotz
814 311 943 354 gnaden
966 311 1159 344 Riimischer
1180 312 1282 355 kunig
1308 323 1348 344 zu
1371 313 1455 345 allen
1480 313 1563 344 ziten
1588 323 1695 345 meret
1722 314 1780 346 des
1803 315 1909 346 riches

239 362 408 403 verjehent
431 362 582 395 offenlich
605 374 646 395 an
669 363 772 396 disem
796 363 910 404 briefe,
934 363 993 395 daz
1009 364 1066 396 wir
1081 374 1142 395 von
1166 363 1366 396 besunderer
1387 363 1517 407 gnaden
1539 375 1654 397 unsere
1678 365 1764 397 liebe
1788 365 1909 408 bur-ger

238 423 274 446 ze
298 413 487 456 Hagenowe
510 414 560 457 fry
586 414 652 447 und
681 414 771 458 ledig
800 415 906 457 geseit
931 414 1038 447 haben
1067 414 1147 447 aller
1175 417 1262 447 stiire
1286 414 1345 447 dn'i
1368 419 1482 458 gantze
1503 416 1557 456 jor
1579 426 1642 447 von
1665 416 2017 450 Wihenaehtennoms.

241 474 283 496 an
304 475 341 496 ze
364 465 488 498 zelnde.
525 466 633 498 Darzu
656 466 772 498 wollen
788 467 854 508 wir,
878 466 937 498 daz
959 467 1088 498 nieman
1111 466 1139 498 ir
1160 465 1335 508 ussburger
1357 477 1424 498 swa
1439 466 1492 500 die
1507 477 1659 509 gesessen
1683 468 1732 499 sin
1748 467 1906 510 beclagen

208 529 221 549 ι,
240 516 300 548 0011
323 516 406 549 110011
429 520 507 560 mfig
534 517 639 550 denne
663 528 720 550 vor
747 528 896 550 unserme
920 517 1154 550 schultheissen
1182 528 1243 549 von
1267 517 1468 560 Hagenowe.
1521 518 1629 551 Darzu
1652 519 1770 551 wellen
1794 521 1852 551 wir
1874 521 1906 552 in

240 566 380 600 dheinen
409 568 644 601 schultheissen
672 569 778 611 geben
802 580 864 602 von
888 568 1062 612 Strazburg
1088 569 1154 601 und
1183 569 1343 602 deheinen
1371 580 1487 602 unsern
1515 574 1713 612 amptmann.
1758 571 1834 603 Und
1857 572 1905 603 sol

240 617 332 651 Selse
355 619 422 652 und
445 620 670 663 Wegelnburg
693 620 809 653 viirbas
836 620 981 663 gehoren
1011 621 1042 652 in
1072 620 1126 653 die
1154 621 1261 663 pflege
1288 631 1327 653 zu
1350 620 1550 664 Hagenowe.
1641 622 1715 654 Und
1738 633 1775 654 ze
1799 624 1905 655 einem

238 671 386 704 urkunde
411 671 552 704 dar-iiber
574 671 680 715 geben
704 673 761 705 wir
784 673 816 704 in
840 672 929 705 disen
954 672 1042 705 brief
1061 673 1119 704 mit
1141 682 1271 704 unser-m
1294 673 1453 716 ingesigel
1476 674 1682 716 versigelten.

349 731 418 764 Der
444 731 552 774 geben
583 733 624 764 ist
650 743 687 765 ze
710 732 942 775 Regenspurg,
970 743 1010 765 an
1042 732 1116 765 dem
1140 732 1253 776 Fritag
1278 743 1336 765 vor
1358 733 1550 774 Winahtem
1578 734 1620 766 do
1647 745 1721 766 man
1750 735 1814 766 zalt
1842 746 1904 767 von

197 796 223 816 ιο
241 782 364 816 Cristae
386 783 505 826 geburt
529 783 834 817 driizehenhundert
859 785 911 825 jar
946 784 1088 816 darnach
1116 785 1148 816 in
1175 784 1251 817 dem
1274 785 1643 828 zweyundzwenzigsten
1668 787 1736 827 jor,
1767 786 1799 818 in
1829 786 1905 819 dem

237 834 367 867 niinden
387 846 459 877 Jore
483 846 595 868 unsers
617 836 730 869 riches.

377 1068 450 1103 711.
484 1066 752 1104 LITTERAE
777 1065 1047 1104 IOHANNIS
1070 1066 1199 1104 XXII.
1222 1065 1509 1104 LUDEWICO
1534 1066 1754 1104 MISSAE.

912 1134 1022 1171 1322.
1063 1134 1149 1172 Dec.
1175 1135 1232 1171 18.

357 1237 455 1279 Copia
478 1237 534 1279 (0.)
561 1237 597 1268 in
628 1235 831 1276 Reyestorum
855 1234 1009 1267 tabularii
1031 1234 1179 1267 Vaticami
1201 1237 1272 1266 tom.
1291 1235 1354 1266 111
1372 1245 1448 1276 pay.
1465 1235 1530 1267 259
1551 1247 1601 1269 nr.
1618 1238 1713 1270 1078.
1761 1238 1904 1271 Contuli·

195 1305 220 1325 u
237 1299 308 1322 mus
330 1298 397 1321 noe.

346 1348 492 1388 Bbhmer,
516 1348 592 1389 1309.
616 1347 729 1380 Ludw.
747 1357 786 1388 p.
801 1347 865 1379 215
889 1346 1005 1379 deste
1026 1357 1077 1379 m.
1094 1346 1146 1379 13.

347 1438 520 1471 Carissimo
544 1438 576 1470 in
599 1438 727 1471 Christo
751 1436 816 1469 filio
844 1436 1009 1470 Ludovico
1032 1437 1066 1469 in
1088 1447 1200 1479 regem
1223 1436 1444 1470 Romanorum
1469 1438 1585 1471 electo.

345 1489 549 1523 Excellentie
573 1493 637 1531 tue,
660 1489 705 1521 fili
721 1489 895 1530 carissime,
918 1489 1101 1531 recepimus
1119 1489 1244 1521 litteras
1253 1489 1275 1530 ²,
1296 1500 1376 1532 quas
1398 1489 1491 1521 nobis
1513 1490 1596 1522 lator
1612 1492 1810 1533 presentium
1826 1501 1901 1533 pre-

237 1543 387 1582 sentavit,
417 1552 552 1584 quarum
580 1543 731 1573 contenta
759 1543 793 1573 et
821 1551 884 1583 que
911 1540 995 1572 lator
1022 1540 1109 1573 idem
1136 1551 1319 1583 proponere
1347 1541 1447 1573 voluit
1474 1541 1694 1574 intelleximus
1718 1541 1899 1585 diligenter.

193 1607 219 1628 »ο
236 1593 280 1627 Et
303 1594 378 1637 quia
402 1603 444 1626 ex
466 1594 607 1636 ipsarum
630 1593 714 1624 serie
730 1592 909 1625 litterarum
930 1593 1135 1634 percepimus
1150 1592 1326 1634 evidenter,
1350 1594 1516 1625 victoriam
1541 1604 1638 1636 quam
1659 1598 1791 1626 contra·
1811 1598 1901 1626 tuum

237 1645 418 1678 coelectum
440 1645 602 1677 habueras
624 1644 686 1676 hiis
709 1643 824 1676 diebus
851 1646 883 1676 te
910 1642 980 1688 il[l]i
1007 1645 1061 1686 qui
1086 1643 1172 1676 bella
1194 1644 1284 1676 novit
1306 1648 1474 1677 conterere
1497 1645 1661 1677 humiliter
1683 1644 1845 1677 ascribere
1868 1648 1901 1676 et

236 1697 427 1740 prudenter,
457 1707 581 1729 necnon
609 1699 642 1728 et
673 1706 769 1738 quam
797 1695 980 1728 humaniter
1006 1696 1039 1727 in
1066 1696 1167 1737 ipsius
1193 1696 1330 1728 coelecti
1360 1697 1509 1738 captione
1537 1707 1576 1728 ac
1598 1699 1672 1738 post
1699 1697 1731 1728 in
1754 1696 1901 1729 eiusdem

237 1748 382 1781 custodia
406 1751 438 1781 te
461 1758 557 1791 geras
580 1751 614 1780 et
636 1748 785 1790 gesseris,
815 1747 915 1789 ipsius
938 1748 1044 1779 nuncii
1066 1747 1160 1779 nobis
1182 1747 1296 1780 relatio
1319 1747 1484 1790 patefecit.
1515 1749 1630 1790 superb
1655 1748 1770 1790 quibus
1793 1749 1900 1790 provi-

237 1799 380 1833 dentiam
413 1803 501 1832 tuam
535 1800 568 1832 in
600 1799 742 1832 Domino
780 1799 952 1841 plurimum
990 1798 1270 1840 commendantes,
1309 1799 1582 1841 magnificentiam
1623 1803 1711 1832 tuam
1750 1810 1902 1842 rogamus

193 1864 218 1885 25
236 1852 391 1885 attentius
414 1855 448 1884 et
469 1851 649 1892 hortamur,
673 1851 823 1893 quatinus
844 1851 877 1882 in
900 1850 961 1882 hiis
984 1850 1214 1882 inviolabiliter
1237 1861 1449 1892 perseverans
1473 1851 1518 1892 ei,
1541 1862 1561 1883 a
1589 1862 1652 1894 quo
1676 1855 1792 1884 cuncta
1816 1851 1901 1883 bona

235 1903 424 1946 procedunt,
447 1903 569 1946 gratias
592 1912 690 1945 agere
714 1901 846 1934 studeas
869 1913 907 1934 ac
930 1912 994 1944 que
1017 1902 1062 1934 illi
1085 1906 1179 1945 grata
1203 1903 1321 1944 exequi
1345 1906 1378 1934 et
1400 1903 1502 1935 vitare
1525 1913 1588 1945 que
1611 1903 1672 1935 sibi
1696 1902 1901 1944 displicibilia

180 1946 186 1952 κ
235 1955 363 1987 noveris
386 1965 451 1987 non
474 1955 648 1995 ommittas,
673 1964 752 1996 erga
775 1954 955 1986 coelectum
971 1953 1164 1996 predictum,
1189 1964 1284 1996 quem
1301 1954 1405 1986 intua
1421 1964 1518 1986 manu
1534 1955 1690 1987 conclusit
1704 1954 1899 1994 Altissimus,

236 2006 278 2039 ob
301 2007 400 2049 ipsius
422 2006 643 2038 concludentis
672 2006 829 2045 honorem
857 2006 902 2037 010
930 2006 1108 2037 clementer
1137 2005 1247 2047 sicque
1276 2006 1329 2047 pie
1356 2008 1388 2038 te
1419 2005 1555 2047 habeas,
1586 2010 1621 2038 ut
1646 2005 1901 2038 misericordiam

235 2059 365 2101 assequi
388 2058 508 2098 valeas,
533 2068 630 2100 quam
652 2057 914 2090 misericordibus
937 2058 1055 2090 veritas
1079 2055 1308 2100 repromitfflit.
1352 2057 1421 2089 Nos
1443 2061 1552 2090 antem
1575 2057 1618 2090 ad
1641 2057 1845 2090 tractandum
1868 2060 1902 2089 et

191 2123 219 2143 ao
236 2109 484 2152 procurandum,
514 2119 578 2152 que
602 2108 644 2141 ad
666 2119 782 2151 pacem
807 2112 840 2142 et
863 2108 1069 2141 concordiam
1097 2109 1182 2140 inter
1210 2112 1243 2141 te
1268 2112 1302 2140 et
1323 2109 1427 2151 ipsum
1451 2110 1626 2151 pertinent,
1655 2109 1820 2142 offerimus
1842 2119 1901 2140 nos

237 2164 378 2204 paratos.
424 2160 529 2203 Super
552 2171 616 2203 quo
640 2160 667 2192 si
690 2160 783 2192 nobis
812 2164 868 2192 tua
891 2160 1062 2203 prudentia
1085 2171 1142 2192 sue
1170 2161 1344 2192 innotuerit
1374 2160 1614 2203 beneplacitum
1637 2161 1828 2202 voluntatis,
1856 2160 1899 2192 ad

237 2212 476 2255 exequendam,
509 2223 571 2255 que
600 2212 640 2244 ad
670 2212 725 2244 illa
749 2216 908 2254 oportuna
930 2212 1118 2253 viderimus,
1150 2211 1271 2254 absque
1304 2213 1507 2244 cunctatione
1537 2212 1646 2255 aliqua
1674 2212 1898 2255 procedemus.

236 2262 341 2306 Super
363 2264 434 2296 aliis
457 2267 565 2296 autem
588 2274 692 2306 nuper
708 2263 910 2306 providentie
933 2267 989 2295 tue
1012 2273 1071 2305 per
1094 2267 1183 2295 tuum
1207 2264 1356 2295 nuncium
1380 2264 1545 2305 scripsisse
1561 2265 1775 2305 meminimus,
1799 2274 1899 2306 quare

237 2315 279 2348 ad
302 2325 435 2358 presens
459 2326 498 2348 ea
529 2326 593 2348 non
620 2316 812 2357 repetimus,
842 2318 891 2348 set
914 2316 946 2347 in
969 2315 1032 2346 illis
1055 2314 1282 2346 inviolabiliter
1303 2325 1540 2356 permanemus.

192 2387 219 2407 ³³
345 2375 466 2408 Datum
489 2375 659 2415 Avinione,
682 2375 755 2407 XV.
773 2375 846 2407 Kal.
871 2375 1022 2416 Ianuarii,
1046 2385 1130 2406 anno
1154 2375 1301 2416 septimo.

340 2610 404 2637 ⁷11.
431 2610 454 2643 ὓ)
472 2619 554 2644 cupra
571 2611 666 2637 {ineam
685 2611 747 2637 aad.
766 2620 787 2637 c.
875 2611 900 2643 b)
918 2612 972 2637 Sub
990 2620 1012 2637 c.

341 2687 368 2719 1)
390 2685 551 2732 Repe-*ditae
568 2689 640 2715 wnt.
