2184 3126
442 222 541 252 ACTA
559 222 674 251 amm
692 222 878 251 LUDEwlcl
896 221 944 250 1v.
963 221 1010 250 ΕΤ
1028 220 1213 250 minnmcl
1231 221 1281 250 111.
1318 221 1394 249 1324.
1429 221 1479 249 Nr.
1491 221 1551 249 890.
1766 224 1828 254 705

278 310 487 344 Sanctissimo
514 312 545 343 in
573 310 702 344 Christo
736 310 821 353 patri
849 319 888 342 ac
922 309 1065 352 piissimo
1093 309 1336 341 universorum·
1366 307 1498 340 domino
1529 306 1660 340 domiuo
1690 308 1828 341 Iohanni

169 363 322 397 vicesimo
344 362 486 396 secundo
516 362 643 395 divina*
665 361 868 405 providentia
889 363 1094 394 sacrosancte
1116 359 1264 393 Romane
1291 362 1326 392 et
1352 361 1451 393 totius
1478 359 1666 392 militantisb
1689 361 1828 394 ecclesie

170 425 296 448 summo
319 414 463 458 pontifici
549 414 714 457 magister,
731 412 918 455 cons(ules)‚
942 412 1064 445 scabini
1080 422 1119 444 ao
1134 411 1327 444 universitas
1342 411 1482 444 civitatis
1497 411 1754 454 Argentinensis‚
1778 413 1827 445 sui

171 467 298 501 devoti⁰
384 476 458 499 oum
481 466 567 499 omui
590 465 773 498 humilitate
797 465 916 498 devota
938 464 1058 507 pedum
1081 464 1192 496 oscula
1215 463 1397 496 beatorum.

140 537 151 556 s
281 529 308 559 1.
337 526 481 559 Paterna
503 527 608 569 pietas
631 525 747 558 merito
770 525 909 558 filiorum
939 524 1181 558 excusationem
1209 523 1374 564 exaudiet,
1402 533 1500 566 quam
1523 534 1587 556 non
1610 533 1652 556 ex
1675 524 1829 567 superbie

170 577 279 621 typ0‘¹‚
302 581 352 611 set
375 577 535 611 evitandi·
557 578 750 610 necessitate
778 577 900 620 proprii
928 575 1080 619 periculi⁶
1103 579 1138 608 et
1167 575 1208 607 ob
1236 575 1403 608 hominum
1431 586 1583 618 corpora,
1614 585 1677 618 que
1706 577 1829 609 cunctis

169 629 266 662 rebus
287 629 501 672 preferuntur,
525 628 746 661 conservanda
768 629 894 661 noverit
915 627 1120 671 processisse.
1165 626 1251 660 Hinc
1274 627 1427 670 estquod
1449 626 1491 659 ad
1508 630 1613 659 vestre
1629 628 1830 661 sanctissime

168 681 200 712 in
217 679 344 714 Christo
367 681 570 723 paternitatis
593 681 744 713 noticiam
767 679 998 723 singnificando
1021 690 1094 712 cum
1117 680 1204 712 omni
1227 678 1410 711 humilitate
1434 682 1467 711 et
1489 680 1672 712 reverentia
1695 679 1828 713 deduci-

168 742 250 773 mus,
274 732 486 765 reverendum
510 732 542 765 in
564 731 692 765 Christo
715 734 841 774 patrem
865 734 899 765 et
921 731 1084 764 dominum
1107 730 1287 763 Iohannem
1309 730 1372 762 Dei
1395 731 1506 773 gracia
1530 731 1829 774 Argent(inensem)

126 789 152 812 1⁰
171 783 360 826 episcopum
393 783 532 816 voluisse
567 783 732 827 quoddam
765 783 952 816 mandatum
985 793 1006 815 a
1039 778 1131 815 vobis
1160 784 1252 825 patre
1290 782 1491 814 sanctissimo
1525 782 1683 815 directum
1717 787 1836 816 contra·

169 833 326 868 illustrem
358 835 535 878 principem
569 835 734 868 dominum
769 834 1007 876 Lud(ewicum)
1043 834 1158 867 ducem
1190 834 1362 866 Bauwarie
1395 834 1426 865 iu
1461 834 1682 867 Romanorum
1716 845 1828 878 regem

108 903 112 907 ·
171 886 310 919 electum
333 888 365 919 in
387 891 496 920 nostra
519 888 649 921 civitate
672 886 926 930 Argentfinensi)
949 886 1142 930 publicasse.
1189 885 1249 918 Cui
1265 885 1496 928 publicacioni'
1516 885 1558 918 ad
1575 889 1701 919 nostras
1716 897 1831 929 preces

171 938 400 971 seriosissimas
422 939 605 982 supersedit
627 942 661 971 et
683 939 725 971 ob
749 938 894 982 pericula
915 938 1120 980 infrascripta
1143 942 1196 970 etfl
1219 937 1325 970 adhuc
1348 938 1498 980 graviora
1521 941 1555 970 et
1578 938 1830 980 periculosior-aff

171 990 324 1023 evitanda
355 1002 396 1024 ex
428 995 521 1034 parte
556 995 664 1023 nostra
695 992 862 1033 proposita
891 1000 1000 1023 coram
1030 1000 1079 1022 eo.
1131 989 1353 1022 Periculorum
1385 992 1494 1022 autem
1529 993 1622 1022 tenor
1653 989 1830 1023 dinoscitur

129 1049 154 1070 ιι
173 1051 244 1074 esse
268 1042 357 1074 talis:
684 1052 691 1062 ¹

280 1103 310 1134 2.
344 1107 443 1134 Dictus
463 1107 538 1134 enim
557 1107 676 1135 illustris
691 1107 822 1143 princeps
845 1107 875 1134 iu
890 1107 1081 1135 Romanorum
1097 1115 1192 1142 regem
1208 1106 1315 1134 electus
1331 1106 1435 1134 multas
1451 1106 1584 1134 civitates
1607 1109 1637 1134 et
1652 1107 1828 1136 municiones
1846 1110 1888 1147 φξβ
1904 1122 1924 1142 ¹.

172 1158 370 1186 circumiacere
397 1158 485 1186 habet
511 1161 644 1194 pretextu
671 1159 784 1194 imperii
810 1168 899 1194 prope
930 1157 1073 1187 nostram
1101 1158 1247 1186 civitatem
1270 1157 1428 1193 predictam
1459 1159 1489 1186 et
1516 1158 1698 1187 circumcirca
1720 1154 1828 1188 eidem

172 1205 319 1238 faventes
342 1208 375 1238 et
397 1205 608 1247 adherentes,
637 1210 707 1239 item
729 1211 834 1239 multos
856 1210 968 1239 nobiles
990 1205 1091 1238 fortes
1119 1209 1153 1238 et
1179 1199 1312 1246 potetates
1333 1209 1422 1238 habet
1443 1210 1623 1238 coadiutores
1650 1213 1680 1239 et
1702 1212 1829 1241 fautores

174 1260 312 1289 babentes
327 1260 471 1289 fortalicia
493 1262 522 1289 et
537 1261 712 1290 municiones
728 1261 803 1290 circa
824 1260 966 1290 nostram
982 1261 1130 1289 civitatem
1144 1261 1318 1299 predictam,
1341 1261 1376 1289 de
1399 1261 1502 1296 quibus
1523 1262 1560 1289 ad
1576 1263 1741 1291 mandatum
1757 1264 1828 1292 dicti

129 1316 156 1338 ὀ
173 1312 310 1348 principis
333 1313 370 1341 ob
383 1313 462 1340 dicti
477 1308 621 1341 mandati
638 1313 862 1348 publicacionem
882 1313 932 1340 in*
946 1310 1055 1340 nostra
1070 1313 1188 1340 civitate
1204 1313 1363 1341 faciendam
1378 1314 1477 1348 procul
1492 1313 1578 1341 dubio
1594 1315 1722 1342 facerent
1736 1311 1829 1344 nobis

173 1366 202 1391 et
225 1359 340 1391 nostris
355 1364 455 1392 incolis
471 1366 531 1392 tam
554 1364 583 1392 in
599 1364 682 1392 rebus
697 1373 783 1400 quam
805 1365 835 1392 in
851 1364 980 1400 personis
995 1364 1197 1392 infestaciones
1211 1364 1395 1400 gravissimas
1411 1367 1441 1392 et
1456 1365 1605 1393 incomoda
1621 1365 1742 1395 infinita.

281 1421 310 1452 3.
333 1423 467 1452 Prsterea
489 1424 513 1451 si
536 1419 667 1462 aliquod
689 1420 877 1453 mandatum
900 1425 934 1452 de
951 1426 1044 1452 cetero
1061 1425 1090 1452 in
1113 1422 1222 1452 nostra
1237 1425 1355 1453 civitate
1379 1424 1490 1453 contra
1513 1420 1633 1453 dictum
1650 1423 1829 1465 principem
1843 1439 1922 1465 0⁸94

140 1489 143 1491 Δ
172 1475 398 1510 publicaretur,
437 1477 554 1511 propter
587 1472 688 1504 talem
722 1476 948 1512 publicacionem
980 1476 1062 1504 cedes
1091 1484 1196 1512 magna
1222 1478 1253 1504 et
1280 1476 1457 1504 inevitabilis
1486 1477 1628 1505 accideret
1653 1473 1686 1505 in
1718 1478 1828 1508 nostra

172 1522 302 1554 civitate
318 1529 436 1563 propter
451 1527 625 1555 servitores*
644 1523 717 1556 hinc
731 1523 807 1556 iude
824 1523 995 1566 potentes¹²
1010 1524 1176 1566 utriusque
1192 1523 1370 1556 electorum
1387 1524 1428 1556 ad
1444 1534 1579 1566 reguum
1594 1524 1827 1569 Romanorum,

128 1582 154 1603 ss
171 1573 335 1606 videlicet¹
359 1575 512 1617 principis
535 1574 671 1617 predicti
699 1579 732 1608 et
758 1574 879 1607 domini
901 1574 1059 1607 Friderici
1087 1574 1176 1607 ducis
1199 1574 1356 1615 Austrie¹‚
1379 1579 1408 1606 in
1432 1575 1547 1608 eadem
1573 1581 1742 1615 existentes,
1765 1592 1829 1611 cum

172 1629 287 1664 quidam
317 1638 351 1658 ex
380 1627 496 1658 nostris
527 1631 697 1659 concivibus
724 1631 774 1659 uni
805 1631 959 1659 electorum
988 1626 1236 1668 predictorum*,
1268 1631 1383 1666 quidam
1416 1631 1500 1659 alteri
1529 1632 1686 1661 adhereant
1712 1634 1828 1668 auxilio,

172 1682 291 1710 consilio
313 1683 343 1710 et
365 1683 462 1710 favore
470 1677 494 1710 ¹.

281 1740 311 1770 4.
334 1737 418 1770 Item
440 1748 499 1770 nos
523 1751 591 1778 erga
613 1743 711 1771 ambos
734 1743 840 1771 electos
863 1742 1006 1778 predictos
1028 1743 1167 1770 hactenus
1189 1742 1321 1778 legaliter
1343 1749 1401 1771 nos
1420 1743 1577 1779 gessimus
1599 1740 1631 1771 in
1655 1741 1827 1782 communi,
1842 1756 1922 1782 aas.

172 1795 205 1822 ut
235 1794 298 1829 ipsa
325 1794 514 1822 communitas
540 1803 598 1822 non
627 1794 718 1830 magis
741 1794 790 1822 uni
819 1790 996 1823 electorum
1024 1794 1140 1822 favebat
1167 1803 1251 1829 quam
1279 1794 1363 1822 alteri
1392 1796 1422 1822 et
1448 1795 1478 1822 in
1505 1795 1652 1831 ipsorum‘
1673 1797 1771 1831 gracia
1797 1798 1828 1824 et

127 1849 153 1870 ω
170 1845 301 1873 amicicia
323 1845 466 1874 existebat
493 1847 522 1874 et
550 1845 580 1874 in
608 1847 686 1874 statu
708 1846 873 1881 tranquillo.
922 1845 998 1879 Quas
1020 1852 1088 1882 nos,
1116 1846 1140 1873 si
1167 1846 1284 1881 aliquod
1312 1839 1477 1874 mandatum
1501 1846 1553 1874 in‘
1576 1846 1686 1875 nostra
1708 1847 1827 1876 civitate

169 1898 270 1925 contra
291 1893 399 1925 dictum
422 1897 579 1933 principem
602 1897 803 1933 publicaretur,
827 1906 895 1933 erga
910 1898 1003 1933 ipsum
1019 1900 1049 1926 et
1064 1898 1125 1925 eius
1140 1898 1319 1926 coadiutores
1335 1901 1365 1925 et
1381 1899 1516 1931 fautores,
1539 1898 1589 1933 qui
1611 1893 1704 1926 nobis
1726 1900 1828 1935 gravia

168 1948 295 1984 pericula
310 1950 341 1977 et
354 1949 504 1977 incomoda
526 1949 639 1977 infinita
662 1949 766 1978 inferre
782 1951 911 1984 possunt,
934 1951 967 1977 ut
989 1951 1033 1977 est
1050 1949 1230 1984 prelibatum,
1255 1949 1467 1977 amitteremus
1490 1951 1520 1977 et
1534 1946 1675 1985 ipsorum¹
1698 1951 1827 1987 indigna-

169 2000 279 2029 cionem
300 2002 329 2028 et
349 2000 454 2028 hostile
473 2001 588 2028 hodium
610 2001 844 2034 incurreremus¹
868 2001 945 2029 inmo
961 1996 1054 2029 nobis
1069 2001 1246 2029 adversarios
1263 2001 1376 2029 eosdem
1392 2001 1421 2029 iu
1437 2003 1606 2037 perpetuum
1623 2002 1828 2031 ordinaremus

168 2053 198 2080 et
220 2052 467 2080 constitueremus
489 2053 661 2088 principales
684 2053 758 2080 uec*
775 2061 872 2081 secure
888 2061 1046 2088 possemus
1070 2053 1115 2080 vel
1136 2053 1332 2086 auderemus,
1357 2053 1431 2080 sicut
1447 2053 1585 2081 hactenus
1601 2055 1827 2088 consuevimus,

126 2105 151 2126 ³¹⁵
170 2113 233 2132 cum
255 2103 338 2132 rebus
362 2099 478 2132 nostris
501 2103 610 2142 partes
633 2099 804 2132 Alamanie
827 2101 1032 2142 pertransire.

277 2163 306 2192 5.
330 2159 415 2192 Item
438 2164 463 2192 si
485 2164 602 2200 aliquod
625 2165 790 2192 mandatum
813 2165 843 2192 in
865 2163 975 2193 nostra
998 2164 1116 2192 civitate
1139 2164 1277 2202 predicta
1299 2166 1400 2192 contra
1422 2165 1529 2192 dictum
1553 2164 1709 2200 principem
1732 2166 1823 2201 publi·
1838 2177 1886 2199 sap.
1903 2175 1922 2195 a.

171 2211 298 2253 caretur,
327 2216 376 2244 ‘ex
403 2216 458 2244 hoc
483 2216 627 2252 indignari
653 2218 751 2252 posset
778 2218 808 2244 et
835 2216 890 2244 sibi
918 2225 1028 2244 sumere
1055 2216 1205 2244 materiam
1234 2218 1264 2244 ct
1290 2216 1468 2244 occasionem
1495 2217 1647 2244 revocandi
1674 2217 1826 2253 privilegia

172 2261 295 2305 nobis*,
318 2262 434 2295 nostris
456 2267 557 2295 incolis
580 2276 618 2295 ac
640 2268 752 2295 civitati
774 2266 882 2296 nostre
906 2268 1040 2305 predicte
1063 2276 1197 2296 concessa
1218 2276 1236 2295 a
1258 2267 1373 2303 regibus
1396 2267 1531 2296 Romanis
1554 2270 1585 2296 et
1607 2268 1827 2304 imperatoribus

171 2318 343 2354 sumptuosis
365 2318 505 2354 expensis,
527 2319 703 2355 gravissimis
726 2319 871 2347 laboribus
893 2321 924 2347 et
944 2319 1115 2355 gratissimis
1138 2319 1265 2347 serviciis
1289 2319 1440 2354 acquisita.

108 2380 152 2400 '⁴⁰
278 2375 307 2407 6.
331 2373 415 2406 Item
437 2375 490 2406 sim
506 2374 639 2408 alicuius
662 2375 806 2408 mandati
828 2380 985 2415 publicatio
1008 2379 1038 2407 in
1061 2379 1170 2407 nostra
1193 2379 1310 2408 civitate
1326 2380 1530 2415 Amentinsnsi
1552 2380 1690 2418 predicta
1712 2379 1825 2408 contra
1839 2390 1886 2412 up.
1902 2388 1923 2408 s.

171 2424 292 2458 dictum
324 2425 503 2468 principem
529 2431 660 2459 facienda
685 2426 778 2459 nobis
812 2437 870 2469 pre
897 2427 1014 2459 ceteris
1047 2425 1231 2458 civitatibus
1265 2429 1299 2459 et
1331 2426 1614 2459 communitatibus
1641 2432 1723 2460 valde
1751 2435 1828 2460 esset

170 2480 330 2516 periculosa
356 2482 386 2509 et
414 2481 530 2519 nociva,
558 2483 591 2510 ut
619 2491 653 2510 ex
679 2483 824 2518 premissis
852 2483 958 2518 liquide
985 2485 1118 2518 apparet,
1145 2481 1252 2511 vestre
1280 2482 1389 2511 tamen
1413 2479 1600 2521 paternitati
1624 2480 1825 2520 sanctissime

171 2540 270 2567 pamm
294 2532 339 2560 vel
361 2533 448 2561 nichil
470 2533 607 2562 utilitatis
630 2530 741 2572 procul
765 2529 862 2562 dubio
885 2534 1038 2562 allaturs'2.

273 2629 341 2658 8⁹0.
369 2631 393 2664 ΙΙ)
412 2632 525 2666 piissimo
548 2633 727 2660 universorum
749 2642 831 2667 cupra
854 2634 949 2660 limam
967 2634 1030 2661 add.
1053 2643 1075 2661 c.
1190 2634 1214 2667 ¹¹)
1238 2634 1515 2660 divina—militantis
1537 2643 1620 2668 supra
1642 2635 1738 2661 lineam
1763 2635 1826 2661 odd.

126 2680 152 2700 ⁴⁵
171 2682 248 2707 super
266 2674 463 2701 universalis
481 2675 554 2702 delet.
573 2684 594 2702 c.
677 2677 700 2708 θ)
718 2677 759 2703 sui
777 2677 863 2703 devoti
882 2685 963 2710 supra
985 2678 1079 2703 lineam
1098 2677 1160 2704 ada.
1179 2686 1201 2703 c.
1283 2676 1309 2709 d)
1328 2686 1411 2711 cupra
1428 2678 1523 2704 lineam
1546 2686 1624 2711 super·
1642 2683 1826 2712 contemptu

171 2717 244 2743 delet.
263 2725 284 2744 c.
381 2716 406 2751 0)
427 2719 700 2752 evitandi—periculi
724 2728 807 2752 supra
829 2720 925 2746 lineam
949 2720 1011 2746 add.
1035 2728 1113 2753 cuper
1135 2721 1332 2747 humilitatis
1356 2721 1464 2747 radies
1486 2721 1560 2747 adet.
1585 2730 1606 2747 c.
1706 2719 1726 2753 ἶ)
1744 2729 1827 2754 supra

172 2760 267 2786 limam
285 2760 348 2787 edd.
366 2769 444 2794 super
470 2761 634 2795 publicato
651 2761 686 2795 (5)
704 2762 780 2788 licet
806 2763 930 2789 invitus
956 2763 1029 2789 delet.
1053 2771 1074 2790 c.
1161 2763 1188 2795 s)
1210 2763 1476 2797 st—psrieulosion
1497 2772 1578 2797 supro
1601 2764 1696 2789 lineam
1719 2764 1782 2789 aad.
1805 2772 1826 2789 c.

170 2802 196 2835 h)
215 2803 276 2830 hinc
294 2804 353 2830 inde
371 2808 488 2838 potentes
510 2812 596 2837 supra
609 2804 704 2831 lineam
722 2805 784 2831 add.
803 2814 825 2831 ο.
921 2805 940 2838 ¹)
959 2806 1236 2832 videlicet—Austris
1258 2815 1340 2840 supra
1359 2807 1454 2833 lineam
1472 2807 1535 2834 add.
1554 2816 1575 2833 c.
1668 2806 1693 2838 ¹¹)
1712 2807 1825 2839 sequitur

170 2846 245 2872 delet.
263 2847 384 2873 Protei-ea
401 2855 422 2873 c.
510 2846 529 2879 ¹)
547 2848 661 2880 sequitur
679 2848 751 2874 dslee.
770 2848 879 2880 od(ium)
898 2857 919 2874 c.
1007 2849 1040 2881 ¹²¹)
1057 2849 1195 2875 delendum
1212 2854 1255 2875 eu.
1343 2851 1370 2882 ΙΙ)
1389 2849 1478 2883 incip-'r
1495 2849 1589 2883 folium
1608 2850 1719 2876 alterum
1737 2859 1758 2875 c.

274 2905 312 2924 u..
325 2905 537 2924 consu-rumosas
552 2906 578 2925 v.
1583 2899 1618 2927 89
