2190 3172
326 179 387 209 168
521 175 617 203 ACTA
634 174 748 202 REGNI
765 172 949 201 LUDEWICI
967 172 1015 200 IV.
1033 172 1079 199 ΕΤ
1098 171 1283 199 FRIDERICI
1302 171 1350 199 111.
1387 171 1462 198 1314.
1498 170 1546 197 Nr.
1560 170 1618 197 177.
1636 170 1695 197 178.
1715 170 1772 198 179.

323 262 418 305 gfites
441 263 588 294 verchert
609 262 753 294 werdent
775 272 836 292 von
858 261 891 291 in
914 259 993 291 oder
1015 269 1076 291 von
1099 259 1127 290 ir
1149 258 1259 300 erben,
1283 269 1318 291 so
1341 258 1383 290 ist
1404 258 1435 288 in
1460 256 1514 288 diu
1536 259 1714 298 vorgenant
1729 259 1793 288 stat
1807 256 1872 288 und
1888 255 1971 298 burg

324 316 390 347 vrie
424 314 490 346 und
523 314 612 356 ledig
639 315 698 346 ane
733 313 818 344 allen
849 312 968 353 chrieg.
1063 310 1137 342 Und
1165 310 1319 342 darumbe
1347 320 1382 340 so
1410 308 1515 351 geben
1538 308 1594 340 wir
1621 308 1653 339 in
1683 307 1774 340 disen
1802 307 1889 340 brief
1912 308 1972 340 mit

323 377 452 399 unserm
476 366 590 407 insigel
613 365 775 406 versigelt.

431 418 499 450 Der
525 418 566 449 ist
592 417 697 459 geben
725 426 761 447 ze
785 415 908 454 Selsze,
941 424 982 445 an
1010 413 1105 444 deme
1129 412 1312 455 Dornstage
1341 424 1398 444 vor
1426 415 1497 444 sant
1520 412 1684 443 Thomans
1710 414 1800 453 tage,
1831 410 1873 442 do
1895 421 1970 442 man

323 470 388 502 zalt
409 480 471 501 von
495 468 637 501 Christes
659 468 795 510 geburte
821 464 1141 498 dreuzehenhundert
1160 465 1213 505 jar
1234 465 1267 496 in
1290 464 1365 496 dem
1388 463 1625 496 vierzehenden
1646 463 1727 504 jare.
2000 472 2013 491 s

477 661 549 697 178.
582 659 899 696 MANDATUM
930 656 1203 696 LUDEWICI
1231 657 1398 694 SUPER
1432 655 1595 693 TURRI
1625 654 1820 693 CASTRI

918 711 1376 750 FRIDEBERGENSIS.

998 782 1106 818 1314.
1146 781 1234 818 Dec.
1255 781 1315 816 21.

436 874 594 915 Originale
618 875 690 915 (or.)
714 874 749 906 in
772 872 929 905 tabulario
947 872 1216 904 Darmstadiensi.
1262 871 1408 912 Siyillum
1431 871 1522 909 deest,
1545 870 1758 910 foraminibus
1779 869 1906 902 relictis.
1931 887 1973 892 —

324 927 385 959 Ed.
410 925 677 959 ‘Urkundenbuch
700 926 756 957 der
778 925 871 957 Stadt
892 924 1070 965 Friedbery'
1092 924 1121 962 I,
1145 925 1186 955 89
1208 934 1257 956 nr.
1274 923 1339 954 206
1361 934 1399 955 ex
1423 934 1467 955 or.
1513 922 1695 955 Editionem
1717 922 1896 962 repetimus.
1991 931 2017 951 ιο

431 999 627 1032 Ludowicus
657 998 721 1030 Dei
754 998 863 1041 gracia
895 997 1116 1029 Romanorum
1148 1007 1207 1028 rex
1241 1006 1371 1037 semper
1404 999 1586 1038 augustus„
1653 995 1864 1038 prudentibus
1897 996 1974 1028 viris

325 1051 508 1084 consulibus
532 1054 565 1082 et
586 1051 785 1082 universitati
817 1050 933 1081 civium
948 1050 992 1088 ,in
1015 1047 1211 1089 Frideberg,
1241 1047 1391 1079 fidelibus
1414 1048 1479 1078 suis
1502 1047 1627 1079 dilectis
1715 1048 1858 1089 graciam
1881 1058 1973 1079 suam

325 1108 358 1136 et
382 1114 475 1135 omne
499 1103 628 1134 bonum.

432 1155 566 1186 Devotis
600 1164 732 1195 precum
767 1156 946 1184 vestrarum
979 1152 1139 1184 instantiis
1173 1160 1314 1182 annuere
1343 1154 1476 1192 propter
1505 1150 1581 1182 fidei
1611 1154 1716 1182 vestre
1746 1151 1973 1192 constanciam,

325 1218 421 1249 quam
450 1207 534 1238 eirca
556 1206 739 1237 Romanum
766 1205 922 1236 hactenus
952 1203 1108 1234 habuistis
1138 1203 1309 1244 imperium
1340 1205 1372 1233 et
1399 1201 1519 1234 habere
1542 1213 1600 1234 vos
1628 1213 1691 1234 non
1722 1202 1914 1244 ambigimus
1939 1203 1973 1234 in
1991 1209 2017 1229 ιδ

325 1259 476 1298 futurum,
501 1258 541 1289 de
565 1257 765 1299 benignitate
781 1257 871 1298 regia
888 1256 1065 1297 cupientes,
1088 1254 1179 1286 vobis
1195 1253 1403 1286 concedimus
1426 1257 1461 1285 ut
1476 1254 1600 1294 turrim,
1616 1264 1713 1296 quam
1728 1254 1820 1286 iuxta
1836 1257 1976 1286 castrum

324 1310 504 1351 Frideberg
539 1309 772 1349 construxistis,
808 1312 919 1349 tegere
957 1307 1104 1338 debeatis
1133 1310 1219 1338 tecto
1248 1316 1390 1347 congruo
1419 1308 1452 1336 et
1483 1305 1625 1347 decenti,
1659 1306 1705 1337 ita
1735 1305 1820 1347 quod
1847 1314 1974 1338 murum

324 1363 424 1404 ipsius
457 1362 552 1394 turris
584 1360 768 1392 nullatenus
801 1360 897 1391 altius
931 1359 1109 1399 extollatis,
1143 1358 1313 1400 ipsamque
1347 1357 1459 1389 turrim
1492 1358 1525 1388 in
1558 1358 1629 1399 ipsa
1659 1357 1843 1398 altitudine,
1879 1361 1976 1399 prout

324 1413 561 1456 presentialiter
585 1415 766 1444 constructa
788 1415 847 1451 est,
871 1410 1076 1442 concedimus
1100 1413 1133 1442 et
1148 1410 1294 1441 volumus
1317 1408 1357 1440 de
1374 1412 1483 1440 cetero
1499 1419 1698 1451 permanere.
1744 1408 1867 1442 Dantes
1882 1409 1974 1441 vobis

323 1468 491 1509 presentes
513 1475 610 1506 super
633 1474 672 1496 eo
695 1464 727 1495 in
751 1463 968 1495 testimonium
993 1461 1097 1504 sigillo
1121 1462 1300 1494 maiestatis
1323 1461 1413 1503 regie
1437 1462 1658 1493 communitas.
1991 1469 2019 1489 ιο

429 1517 505 1549 Dat.
522 1516 699 1558 Moguntie,
723 1515 800 1547 XII.
814 1514 954 1547 Kalend.
970 1514 1121 1555 Ianuarii,
1144 1524 1227 1545 anno
1251 1513 1382 1544 Domini
1404 1512 1636 1553 MCCOXIIII,
1659 1514 1751 1555 regni
1773 1523 1851 1545 vero
1874 1513 1974 1545 nostri

323 1580 406 1602 anno
430 1579 543 1611 prime.

450 1711 523 1746 179.
558 1707 837 1746 FACULTAS
867 1707 1014 1745 BONA
1042 1707 1246 1745 IMPERII
1273 1706 1481 1744 EMENDI
1503 1707 1541 1743 A
1562 1703 1852 1743 LUDEWICO

638 1763 854 1801 CIVIBUS
884 1762 1344 1801 TREMONIENSIBUS
1376 1760 1663 1800 CONCESSA.

991 1832 1100 1868 1314.
1140 1831 1227 1868 Dec.
1249 1831 1309 1868 ⁰22.
1784 1838 1786 1840 ·
1940 1846 1947 1852 ·
1969 1830 1972 1831 ’
1993 1833 2020 1854 ²⁸

438 1926 597 1967 Oriyinale
613 1925 687 1968 (or.)
709 1926 745 1957 in
767 1925 926 1957 tabulario
941 1925 1080 1956 civitatis
1096 1923 1337 1956 Tremm‘ensis.
1379 1921 1577 1955 Gontulimus
1598 1932 1664 1954 nos.
1702 1921 1823 1953 Pendet
1837 1920 1976 1962 siqillum

324 1979 390 2019 fere
411 1978 555 2010 illaesum
577 1978 643 2018 filis
664 1977 773 2009 sericis
794 1976 1027 2010 rubeircoloris.
1051 1994 1091 2000 --
1114 1975 1177 2008 Ed.
1193 1975 1294 2007 Rubel
1317 1973 1546 2006 ‘Dortmumler
1566 1973 1830 2007 Urlcundenbaewh’
1853 1973 1888 2011 I,
1910 1974 1976 2005 233

324 2042 375 2064 nr.
392 2031 455 2062 334
478 2041 516 2062 ex
539 2041 582 2061 or.

433 2086 580 2124 B5hmer,
602 2085 677 2126 Περ.
694 2085 807 2117 Ludw.
822 2095 860 2125 11·
876 2084 940 2115 349
961 2095 1012 2116 ην.
1028 2084 1112 2115 3141
1137 2083 1265 2124 (Addit.
1281 2083 1367 2124 III).

433 2159 625 2190 Ludewicus
647 2158 710 2190 Dei
740 2159 845 2200 gratia
867 2157 1087 2189 Romanorum
1117 2167 1177 2188 rex
1206 2166 1336 2198 semper
1363 2159 1516 2198 augustus
1610 2152 1821 2197 prudentibus
1843 2154 1918 2186 viris
1942 2178 1949 2186 .
1968 2179 1975 2186 .
1994 2163 2022 2183 ³⁰

326 2211 474 2251 sculteto,
497 2210 678 2242 consulibus
703 2213 735 2241 et
754 2210 910 2241 universis
932 2209 1054 2240 civibus
1070 2206 1363 2249 Tremoniensibus,
1386 2207 1536 2239 fidelibus
1552 2207 1616 2238 suis
1632 2206 1758 2238 dilectis
1837 2207 1976 2247 gratiam

327 2273 417 2294 suam
441 2267 474 2294 et
497 2273 591 2294 omne
614 2254 743 2294 bonum.
1311 2301 1314 2305 ,
1570 2256 1572 2259 ’

433 2314 617 2345 Instantivis
640 2314 752 2346 vestris
782 2304 1073 2355 supplicacionibus
1101 2311 1321 2344 favorabiliter
1343 2313 1520 2343 annuentes
1542 2309 1633 2342 v'obis
1660 2309 1789 2342 emendi
1818 2312 1852 2341 et
1871 2309 1976 2351 possi-

327 2365 424 2397 dendi
453 2365 537 2397 bona
565 2375 754 2407 quecunque
783 2375 802 2396 a
828 2364 928 2396 nobili
956 2365 1025 2413 viro
1050 2391 1055 2396 .
1083 2389 1088 2395 .
1114 2365 1231 2396 comite
1255 2363 1476 2395 Tremoniensi
1512 2372 1531 2393 a
1559 2362 1651 2393 nobis
1679 2364 1712 2393 et
1741 2361 1876 2403 imperio
1907 2361 1977 2393 iure

326 2417 413 2449 feodi
449 2417 684 2463 dependencia,
718 2419 815 2458 prout
846 2417 931 2448 inter
963 2417 1069 2458 ipsum
1097 2419 1131 2448 et
1156 2427 1214 2447 vos
1241 2413 1476 2447 rationabiliter
1509 2416 1699 2446 conventum
1735 2413 1845 2454 fuerit,
1880 2412 1976 2444 salvis
1994 2421 2021 2442 ³⁵

327 2469 508 2501 huiusmodi
536 2469 642 2509 bonis,
677 2479 738 2510 que
766 2468 860 2500 nobis
890 2471 924 2500 et
954 2468 1090 2510 imperio
1119 2458 1235 2499 vacant
1264 2467 1316 2499 vel
1344 2477 1461 2498 vacare
1495 2468 1641 2508 possent,
1675 2465 1707 2496 in
1735 2464 1851 2506 quibus
1883 2462 1977 2496 nobis

326 2521 520 2563 preiudicari
554 2520 715 2561 nolumus,
752 2519 957 2551 concedimus
991 2519 1190 2551 facultatem.
1241 2518 1470 2550 Permittentes
1505 2520 1541 2548 ut
1570 2516 1684 2548 eadem
1718 2516 1816 2557 bona,
1852 2526 1914 2558 que
1941 2518 1978 2547 ut

327 2573 524 2614 premittitur
539 2571 604 2602 ab
596 2582 666 2613 lpso
688 2572 858 2603 ..comite
875 2571 1135 2613 conparaveritis‚
1158 2581 1196 2602 eo
1213 2571 1293 2610 iure,
1314 2580 1378 2612 quo
1393 2570 1462 2612 ipse
1478 2569 1666 2611 possidebat
1682 2568 1807 2608 eadem,
1827 2566 1977 2600 habeatis

328 2627 362 2656 et
383 2623 576 2666 possideatis
607 2623 646 2654 de
669 2616 778 2654 nostra
809 2624 913 2665 gratia
942 2623 1084 2665 speciali.
1180 2622 1216 2653 In
1241 2623 1329 2654 cuius
1352 2622 1397 2653 rei
1422 2621 1639 2653 testimonium
1662 2625 1830 2662 presentes
1852 2620 1976 2652 litteras

328 2676 433 2717 sigillo
455 2678 563 2706 nostre
587 2676 675 2716 regie
698 2676 876 2707 maiestatis
899 2675 989 2706 vobis
1012 2674 1168 2706 tradimus
1191 2674 1413 2706 communitas.
1994 2682 2025 2701 ιο

434 2727 509 2758 Dat.
535 2726 752 2768 Oppenheim,
783 2727 842 2758 XI.
865 2727 979 2758 Kalen.
1004 2727 1091 2768 Ian.,
1124 2737 1207 2758 anno
1230 2725 1362 2757 Domini
1384 2723 1623 2765 MCCCXIIII,
1654 2724 1745 2765 regni
1773 2734 1848 2756 vero
1876 2723 1976 2755 nostri

329 2789 412 2811 anno
435 2789 549 2820 primo.
