2184 3126
490 213 586 242 ACTA
604 213 718 241 amm
737 211 919 241 LUDEwmI
940 211 986 239 1v.
1005 211 1051 239 ΕΤ
1071 210 1255 239 Fssmssmcl
1275 210 1324 238 111.
1360 210 1436 238 1319.
1474 210 1521 237 Nr.
1534 210 1594 237 549.
1613 211 1672 237 550,
1839 213 1903 243 439

249 302 370 334 domini
393 301 512 334 domini
534 300 668 333 Henrici
691 301 816 333 comitis
839 299 968 339 Goricie
996 302 1029 331 et
1052 298 1168 331 Tirolis
1194 297 1237 330 ad
1259 297 1451 339 regendum,
1479 297 1716 339 protegendum
1744 302 1777 329 et
1800 297 1902 329 libere

249 353 476 386 dominandum
511 353 602 384 iuxta
635 362 728 384 suum
762 350 927 383 arbitrium
966 353 999 382 et
1032 349 1166 382 liberam
1201 349 1402 381 voluntatem
1437 349 1545 389 detur,
1581 349 1726 381 tradatur
1760 354 1793 381 et
1826 360 1902 381 eon-

248 405 378 438 feratur.
466 403 611 446 Ideoque
628 403 704 436 dieti
727 402 895 435 cosciliarii
910 402 1032 434 ibidem
1054 402 1085 434 in
1101 401 1186 433 dicto
1210 401 1360 433 conscilio
1378 405 1545 443 presentes
1561 401 1721 443 prefatum
1738 401 1901 433 dominum

248 457 399 490 comitem
423 456 614 488 auctoritate
637 455 762 498 prefate
787 454 1027 499 reformacionis
1049 454 1159 486 statuti
1183 456 1216 485 et
1239 452 1361 485 decreti
1385 456 1419 484 et
1441 453 1522 495 legis
1546 453 1631 484 dicte
1655 454 1806 493 civitatis,
1840 464 1902 495 que

218 521 230 541 ο
248 513 283 542 ut
309 509 490 551 premititur
517 507 558 539 de
587 507 727 539 dominio
755 506 873 548 prefati
903 506 1021 539 domini
1056 506 1181 538 comitis
1213 515 1297 537 nunc
1323 505 1566 547 presencialiter
1598 505 1666 537 lata
1700 510 1763 545 est,
1798 506 1902 547 ipsum

249 560 413 593 dominum
436 560 587 591 comitem
610 560 643 591 in
665 569 758 590 suum
783 558 867 591 dicte
891 558 1029 590 civitatis
1056 561 1090 590 et
1112 556 1273 589 districtus
1299 568 1337 589 ac
1360 557 1471 599 populi
1494 557 1653 589 Tarvisini
1676 561 1903 599 protectorem,

247 612 496 654 gubernatorem
525 615 558 643 et
580 611 744 643 dominum
769 610 937 653 elegerunt
967 619 1005 642 ae
1032 610 1061 641 ei
1093 612 1127 641 et
1153 610 1183 641 in
1214 619 1288 641 eum
1311 610 1440 641 nomine
1468 619 1525 641 suo
1556 614 1590 641 et
1611 609 1722 651 populi
1745 610 1903 641 Tarvisini

242 674 342 696 ,omne
370 674 463 695 suum
494 667 527 695 et
550 662 626 695 dicti
655 662 765 705 populi
795 663 964 704 imperium
992 671 1129 697 merum,
1159 661 1294 692 mixtum
1323 664 1357 693 et
1379 661 1617 693 iurisdicionem
1646 671 1683 693 ac
1707 664 1903 703 potestatem

249 714 416 753 dederunt,
440 714 642 746 contulerunt
666 718 698 746 et
713 714 954 746 transtulerunt.
986 712 1038 744 Ita
1053 712 1139 755 quod
1163 713 1270 744 omnia
1293 713 1324 743 in
1341 712 1427 745 dicta
1443 713 1573 744 civitate
1597 716 1630 744 et
1645 713 1791 745 districtu
1807 724 1903 745 manu

200 778 230 798 w
247 766 373 808 abipso
388 765 516 798 domino
533 767 650 798 comite
667 765 895 808 gubernentur,
918 764 1014 797 nullis
1036 763 1262 807 obsta[n]tibus
1286 765 1424 805 statutis,
1449 764 1736 797 reformacionibus
1758 766 1809 797 vel
1833 765 1904 797 aliis

248 817 489 860 quibuscunque
514 818 635 849 iuribus
651 818 743 850 factis
759 817 810 849 vel
826 816 993 858 faciendis,
1017 826 1079 858 que
1103 817 1211 848 omnia
1233 816 1410 848 secundum
1427 816 1498 858 plus
1521 820 1554 848 et
1570 818 1674 848 minus
1697 821 1730 849 et
1752 818 1783 848 in
1800 821 1902 849 totum

243 870 310 901 sint
332 870 475 911 suposita
492 869 679 910 coroceioni,
703 869 886 909 mutacioni,
910 868 1120 908 revocacioni,
1144 867 1351 908 ordinacioni,
1375 868 1635 910 interpretacioni
1660 872 1693 900 et
1707 869 1905 911 generaliter

247 921 379 953 arbitrio
410 924 442 952 et
465 921 618 952 voluntati
648 920 885 962 gubernatoris,
917 919 1109 959 defensoris,
1142 920 1334 961 protectoris
1362 923 1395 951 et
1417 920 1539 952 domini
1561 920 1749 962 supradicti,
1779 924 1814 952 et
1840 931 1902 952 non

249 972 396 1004 obstante
420 972 506 1014 quod
534 973 560 1002 si
584 973 666 1003 forte
697 975 851 1004 statutum
876 971 926 1003 vel
951 975 1070 1003 statuta
1093 970 1213 1013 aliquid
1236 971 1288 1003 vel
1319 971 1428 1014 aliqua
1451 973 1669 1014 reperirentur
1691 973 1902 1010 continencia,

206 1036 230 1056 is
248 1024 335 1068 quod
358 1024 400 1056 ad
422 1024 493 1063 hoc,
519 1024 603 1066 quod
629 1028 781 1056 statutum
807 1023 939 1066 aliquod
962 1023 1096 1063 absolvi,
1120 1023 1199 1059 tolli.
1223 1024 1367 1055 revecari
1384 1023 1436 1055 vel
1458 1024 1611 1066 suspendi
1635 1025 1745 1066 possit,
1769 1024 1847 1056 illud
1872 1025 1902 1055 in

247 1076 398 1108 conscilio
420 1075 486 1118 legi
503 1075 622 1107 debeat
645 1086 704 1117 per
720 1075 863 1107 ordinem
888 1085 990 1117 usque
1013 1075 1055 1107 ad
1077 1075 1174 1107 finem
1198 1074 1283 1107 clare
1308 1078 1341 1106 et
1363 1080 1487 1118 aperte,
1510 1077 1556 1107 ita
1572 1074 1659 1118 quod
1682 1075 1761 1107 illud
1784 1076 1903 1108 intelli-

247 1131 325 1171 gant
358 1130 391 1160 et
423 1127 606 1169 intelligere
635 1128 756 1168 possint
790 1137 901 1158 omnes
930 1127 971 1158 de
1002 1126 1168 1167 conscilio,
1198 1128 1251 1168 qui
1282 1130 1375 1159 erunt
1401 1130 1579 1170 presentes.
1624 1127 1668 1159 Et
1695 1127 1902 1163 absolvendo,

248 1179 505 1222 interpretando,
538 1178 763 1221 suspendendo
792 1179 843 1210 vel
872 1178 1066 1210 declarando
1096 1178 1226 1221 aliquod
1253 1179 1412 1220 precisum
1443 1182 1598 1211 statutum
1626 1179 1802 1211 concordes
1831 1190 1902 1211 esse

249 1231 389 1264 debeant
410 1230 452 1263 ad
474 1231 578 1262 minus
601 1234 665 1262 tres
688 1233 796 1272 partes
819 1230 870 1262 vel
893 1230 1001 1272 plures
1025 1231 1123 1272 ipsius
1145 1229 1278 1271 coscilii,
1302 1231 1333 1262 in
1357 1233 1476 1262 statuto
1499 1241 1575 1263 vero
1603 1242 1666 1262 non
1690 1231 1815 1273 preciso
1839 1231 1903 1263 due

163 1282 166 1285 ’
207 1294 232 1315 so
249 1286 365 1326 partes.
410 1281 480 1315 Nec
508 1282 603 1314 aliter
630 1282 731 1324 possit
759 1282 826 1324 peti
856 1282 924 1313 fleri
952 1282 1003 1313 vel
1032 1281 1142 1314 haberi
1171 1281 1350 1323 absolucio,
1385 1283 1566 1324 suspensio,
1596 1283 1823 1325 interpretacio
1852 1282 1903 1314 vel

251 1333 444 1374 declani-acio,
472 1334 531 1366 nisi
559 1338 593 1366 ut
617 1334 736 1366 dictum
765 1336 814 1365 est
843 1337 876 1364 et
899 1343 1088 1375 quacunque
1110 1333 1337 1376 solempnitate
1365 1334 1428 1366 alia
1451 1333 1654 1376 adhybenda.
1699 1333 1742 1365 Et
1763 1334 1840 1375 hoc,
1869 1339 1905 1366 ut

251 1385 408 1418 consuluit
430 1385 577 1418 dominus
599 1385 792 1417 Beraldinus
816 1384 856 1416 de
881 1384 1012 1416 Caserio
1038 1410 1043 1416 .
1063 1411 1070 1418 .
1089 1390 1111 1416 .⁸
1133 1386 1274 1417 ancianis
1297 1385 1372 1417 dicti
1396 1386 1549 1417 comunis.

357 1438 402 1478 (4)
435 1437 505 1475 Que
534 1438 640 1469 omnia
671 1441 744 1469 acta
773 1442 806 1470 et
833 1439 919 1470 facta
947 1442 1019 1470 sunt
1045 1439 1247 1481 presentibus
1275 1439 1405 1470 domino
1433 1439 1599 1471 Bernardo
1627 1439 1668 1471 de
1700 1439 1837 1472 Strasolt
1871 1445 1904 1471 et

247 1487 389 1522 Henrico
407 1486 446 1522 de
463 1489 591 1528 Oro-ono
614 1490 738 1522 notario
762 1490 838 1522 dicti
855 1490 976 1522 domini
998 1491 1123 1522 comitis
1146 1490 1375 1533 recipientibus
1398 1494 1431 1522 et
1453 1491 1696 1533 acceptantibus
1718 1492 1846 1523 nomine
1870 1496 1904 1524 et

205 1551 232 1573 sn
249 1541 319 1572 vice
348 1539 425 1573 dicti
452 1540 573 1573 domini
607 1542 731 1573 comitis
765 1542 871 1573 omnia
906 1542 1098 1584 supradicta.
1193 1542 1231 1574 In
1266 1542 1355 1574 cuius
1389 1543 1435 1574 rei
1464 1542 1590 1584 plenius
1619 1543 1835 1575 testimonium
1870 1547 1903 1575 et

248 1593 425 1636 pleniorem
454 1593 625 1625 cautellam
653 1593 839 1625 mandatum
875 1594 982 1626 extitit
1009 1602 1141 1636 presens
1175 1587 1426 1626 instrumentum‘¹
1455 1595 1561 1636 sigillo
1589 1594 1726 1637 predicti
1760 1596 1903 1627 comunis

244 1645 421 1677 munimine
447 1645 610 1678 roborare.

356 1714 401 1756 (S.
418 1714 473 1761 N.)
528 1714 600 1757 Ego
628 1715 759 1748 Landus
787 1715 923 1748 condam
952 1715 1138 1748 Altemanni
1166 1716 1248 1748 sacri
1275 1716 1390 1758 palacii
1421 1717 1563 1748 notarius
1594 1720 1627 1749 et
1654 1720 1729 1749 tunc
1759 1718 1903 1749 notarius
1939 1747 1946 1757 ,

249 1765 369 1811 domini
391 1766 501 1799 vicarii
524 1767 661 1809 predicti
684 1767 745 1799 hiis
768 1767 915 1799 omnibus
943 1768 1072 1800 interfui
1100 1771 1133 1799 et
1155 1769 1266 1810 scripsi
1289 1768 1445 1811 signoque
1473 1779 1547 1801 meo
1574 1769 1669 1801 solito
1693 1769 1842 1801 roboravi
1870 1773 1903 1801 et

205 1818 280 1862 aojin
303 1818 467 1860 publicam
490 1819 626 1852 formam
650 1819 773 1851 reduxi.

357 1925 443 1961 550.
479 1925 664 1962 Instructio
692 1926 813 1961 vicarii
834 1937 903 1971 pro
930 1926 1061 1961 nuntiis
1086 1925 1244 1962 Venetiae
1272 1927 1397 1962 missis.
1504 1927 1607 1963 1319.
1637 1928 1715 1963 Iun.
1735 1930 1797 1963 26.

360 1989 459 2030 Copia
482 1991 537 2032 (c.)
561 1991 597 2023 in
612 1991 715 2023 codice
737 2002 838 2031 supra
859 1991 904 2022 ad
924 2001 974 2022 nr.
992 1991 1055 2022 539
1078 1991 1173 2023 citato
1195 2002 1244 2023 nr.
1262 1992 1312 2023 94.
1339 2009 1376 2014 —
1401 1991 1463 2023 Ed.
1480 1991 1597 2024 Ficker
1619 1992 1638 2024 l.
1655 2004 1680 2024 c.
1702 2004 1733 2033 p.
1752 1996 1772 2024 7
1793 2004 1843 2025 nr.
1862 1994 1901 2024 11

249 2051 288 2074 ex
309 2052 336 2074 c.
381 2041 562 2074 Editionem
585 2043 755 2083 repetimus
778 2043 814 2074 in
835 2042 982 2074 minutiis
1003 2044 1204 2074 correctam&

359 2110 422 2142 Die
446 2111 601 2153 vigesima
625 2114 718 2142 sexta
740 2111 823 2142 Iunii
846 2110 988 2143 secunde
1012 2111 1202 2143 indictionis.

206 2170 232 2191 ω
357 2156 429 2194 Hec
453 2165 503 2194 est
518 2162 621 2194 forma
644 2162 817 2194 ambaxate
838 2162 970 2194 illustris
993 2167 1026 2194 et
1048 2163 1209 2205 magnifici
1226 2162 1422 2195 viri'dornini
1437 2163 1569 2195 Henrici
1585 2162 1715 2196 Goricie
1738 2167 1771 2196 et
1786 2164 1902 2196 Tirolis

249 2214 387 2255 comitis,
418 2214 628 2256 patriarcatus
652 2214 880 2257 Aquilegensis
906 2215 1067 2256 capitanei
1096 2226 1133 2246 ae
1162 2215 1300 2246 civitatis
1330 2219 1363 2247 et
1385 2215 1547 2247 districtus
1570 2215 1705 2247 Tarvisii
1731 2227 1789 2258 pro
1812 2218 1902 2258 regia

248 2265 417 2297 maiestate
446 2265 554 2297 vicarii
584 2265 776 2307 exponenda
804 2265 933 2297 domino
966 2265 1039 2297 duci
1075 2269 1108 2298 et
1136 2267 1262 2298 comuni
1283 2266 1494 2298 Venetiarum
1529 2277 1587 2309 per
1613 2267 1788 2309 prudentes
1818 2269 1902 2300 viros

249 2315 478 2348 ambaxatores
501 2317 600 2358 ipsius
623 2317 743 2350 domini
767 2318 902 2349 comitis.

360 2370 386 2399 1.
420 2367 488 2409 Ipsi
509 2378 650 2410 namque
674 2369 915 2401 ambaxiatores
939 2370 1094 2410 premisso
1118 2369 1261 2401 decentis
1284 2369 1486 2402 salutationis
1507 2370 1627 2402 honore
1651 2370 1759 2403 dicant
1788 2375 1821 2403 et
1844 2383 1901 2403 ex-

204 2431 234 2453 40
250 2422 377 2460 ponant*
398 2418 504 2451 eidem
532 2419 661 2452 domino
689 2420 763 2453 duci
791 2424 825 2453 et
853 2421 979 2452 comuni
995 2420 1220 2460 Venetiamm,
1250 2421 1336 2463 quod
1366 2422 1436 2463 ipse
1459 2421 1607 2454 deminus
1630 2433 1739 2455 comes
1761 2433 1803 2455 ex
1825 2434 1902 2455 con-

250 2470 394 2503 cessione
426 2470 531 2503 eidem
560 2471 646 2504 facta
675 2483 734 2514 per
755 2473 993 2504 serenissimum
1021 2473 1198 2514 principem
1222 2472 1386 2504 dominum
1409 2472 1618 2506 Fredericum
1645 2484 1757 2516 regem
1780 2474 1901 2506 Roma-

251 2531 364 2553 norum
386 2521 487 2554 habet
508 2523 540 2554 in
563 2524 692 2555 civitate
723 2527 755 2556 et
778 2523 923 2556 districtu
946 2524 1081 2555 Tarvisii
1105 2525 1276 2556 vicariatus
1298 2525 1423 2557 titulum
1451 2528 1485 2557 et
1506 2525 1675 2566 honorem,
1703 2528 1846 2558 comunis
1869 2531 1902 2558 et

251 2571 362 2614 populi
382 2572 539 2606 Tarvisini
562 2574 628 2607 leto
652 2578 685 2607 et
707 2575 880 2618 tranquillo
904 2575 1080 2607 accedente
1104 2586 1269 2608 consensu.
1316 2576 1410 2613 Quod
1434 2576 1554 2609 factum
1577 2577 1654 2620 ipsis
1676 2578 1742 2609 suis
1764 2577 1902 2610 dominis

252 2622 326 2655 duci
349 2626 382 2656 et
404 2625 530 2656 comuni
545 2624 756 2658 Venetiarum
780 2627 849 2669 ipse
866 2626 1014 2659 dominus
1037 2637 1146 2658 comes
1169 2627 1307 2659 libenter
1328 2627 1496 2671 significat,
1520 2628 1596 2670 quia
1617 2639 1676 2671 pro
1700 2632 1789 2661 certo
1813 2634 1901 2662 tenet

206 2687 234 2707 a
252 2674 313 2706 hoc
342 2674 384 2706 ad
410 2675 510 2717 ipsius
533 2675 652 2708 domini
676 2677 765 2710 ducis
794 2681 829 2710 et
859 2678 1002 2710 comunis
1016 2678 1227 2710 Venetiarum
1254 2678 1390 2722 gloriam
1418 2683 1452 2712 et
1473 2679 1602 2712 laudem
1627 2680 1799 2722 proficere,
1827 2692 1900 2713 cum

354 2745 420 2775 549.
448 2749 471 2780 ⁸)
489 2748 530 2774 hic
547 2752 612 2775 6-6
627 2751 705 2777 verba
722 2752 835 2778 nondun
853 2757 911 2778 curu
929 2762 967 2779 or.

290 2848 323 2871 2⁰
355 2803 381 2834 1)
405 2802 545 2873 Glauciam
571 2804 709 2839 (nedem)
737 2805 766 2832 Ἰ
779 2806 859 2833 Libri
878 2806 1084 2834 Comnemmaezu
1108 2806 1178 2834 delta
1202 2808 1335 2842 republica
1359 2808 1388 2835 de·
1413 2808 1524 2836 Venaia
1548 2810 1643 2844 reyes&
1650 2811 1656 2823 ¹
1685 2811 1704 2837 Ι
1726 2810 1809 2844 (Vm.
1825 2814 1900 2838 1876)

248 2852 277 2878 p.
292 2851 298 2858 ⁸
325 2850 340 2871 4
358 2853 401 2872 nr.
416 2850 428 2872 1
463 2866 469 2873 .
