<?xml version="1.0" encoding="UTF-8"?>
<!DOCTYPE html PUBLIC "-//W3C//DTD XHTML 1.0 Transitional//EN"
    "http://www.w3.org/TR/xhtml1/DTD/xhtml1-transitional.dtd">
<html xmlns="http://www.w3.org/1999/xhtml" xml:lang="en" lang="en">
 <head>
  <title>
</title>
<meta http-equiv="Content-Type" content="text/html;charset=utf-8" />
  <meta name='ocr-system' content='tesseract 3.04.00' />
  <meta name='ocr-capabilities' content='ocr_page ocr_carea ocr_par ocr_line ocrx_word'/>
</head>
<body>
  <div class='ocr_page' id='page_1' title='image "./monumentagerma05geseuoft_0248.png"; bbox 0 0 2190 3172; ppageno 0'>
   <div class='ocr_carea' id='block_1_1' title="bbox 357 165 1777 201">
    <p class='ocr_par' dir='ltr' id='par_1_1' title="bbox 357 165 1777 201">
     <span class='ocr_line' id='line_1_1' title="bbox 357 165 1777 201; baseline -0.006 0"><span class='ocrx_word' id='word_1_1' title='bbox 357 170 421 201; x_wconf 77' lang='lat'>208</span> <span class='ocrx_word' id='word_1_2' title='bbox 597 167 694 195; x_wconf 81' lang='lat' dir='ltr'>ACTA</span> <span class='ocrx_word' id='word_1_3' title='bbox 713 167 827 194; x_wconf 85' lang='lat' dir='ltr'>REGNI</span> <span class='ocrx_word' id='word_1_4' title='bbox 846 166 1029 195; x_wconf 87' lang='lat' dir='ltr'>LUDEWICI</span> <span class='ocrx_word' id='word_1_5' title='bbox 1048 166 1094 194; x_wconf 86' lang='lat' dir='ltr'>IV.</span> <span class='ocrx_word' id='word_1_6' title='bbox 1112 166 1160 194; x_wconf 88' lang='grc' dir='ltr'>ΕΤ</span> <span class='ocrx_word' id='word_1_7' title='bbox 1178 167 1364 194; x_wconf 83' lang='lat' dir='ltr'><strong>FRIDERICI</strong></span> <span class='ocrx_word' id='word_1_8' title='bbox 1385 166 1434 194; x_wconf 91' lang='grc' dir='ltr'>ΙΙΙ.</span> <span class='ocrx_word' id='word_1_9' title='bbox 1469 165 1544 198; x_wconf 86' lang='grc'><strong>1315.</strong></span> <span class='ocrx_word' id='word_1_10' title='bbox 1580 165 1629 193; x_wconf 85' lang='lat' dir='ltr'>Nr.</span> <span class='ocrx_word' id='word_1_11' title='bbox 1641 166 1699 194; x_wconf 80' lang='lat'>239.</span> <span class='ocrx_word' id='word_1_12' title='bbox 1718 165 1777 193; x_wconf 83' lang='lat'>240.</span> 
     </span>
    </p>
   </div>
   <div class='ocr_carea' id='block_1_2' title="bbox 349 252 2055 1434">
    <p class='ocr_par' dir='ltr' id='par_1_2' title="bbox 349 252 2055 1331">
     <span class='ocr_line' id='line_1_2' title="bbox 358 252 2008 295; baseline -0.002 -8"><span class='ocrx_word' id='word_1_13' title='bbox 358 255 461 289; x_wconf 74' lang='lat' dir='ltr'>Mario</span> <span class='ocrx_word' id='word_1_14' title='bbox 489 255 520 287; x_wconf 91' lang='lat' dir='ltr'>in</span> <span class='ocrx_word' id='word_1_15' title='bbox 550 255 675 295; x_wconf 84' lang='lat' dir='ltr'>Monte,</span> <span class='ocrx_word' id='word_1_16' title='bbox 703 255 813 286; x_wconf 83' lang='lat' dir='ltr'>Monte</span> <span class='ocrx_word' id='word_1_17' title='bbox 844 254 984 295; x_wconf 79' lang='lat' dir='ltr'>calvuli,</span> <span class='ocrx_word' id='word_1_18' title='bbox 1016 253 1126 286; x_wconf 80' lang='lat' dir='ltr'><strong>Monte</strong></span> <span class='ocrx_word' id='word_1_19' title='bbox 1149 253 1324 286; x_wconf 76' lang='lat' dir='ltr'><strong>Falconem</strong></span> <span class='ocrx_word' id='word_1_20' title='bbox 1344 256 1383 285; x_wconf 83' lang='lat' dir='ltr'>et</span> <span class='ocrx_word' id='word_1_21' title='bbox 1404 253 1528 286; x_wconf 83' lang='lat' dir='ltr'>Pozum</span> <span class='ocrx_word' id='word_1_22' title='bbox 1556 263 1629 285; x_wconf 87' lang='lat' dir='ltr'>cum</span> <span class='ocrx_word' id='word_1_23' title='bbox 1653 252 1800 284; x_wconf 89' lang='lat' dir='ltr'>omnibus</span> <span class='ocrx_word' id='word_1_24' title='bbox 1822 252 1887 284; x_wconf 89' lang='lat' dir='ltr'>suis</span> <span class='ocrx_word' id='word_1_25' title='bbox 1909 253 2008 294; x_wconf 86' lang='lat' dir='ltr'>perti-</span> 
     </span>
     <span class='ocr_line' id='line_1_3' title="bbox 358 303 2009 349; baseline -0.002 -11"><span class='ocrx_word' id='word_1_26' title='bbox 358 307 485 348; x_wconf 86' lang='lat' dir='ltr'>nentiis,</span> <span class='ocrx_word' id='word_1_27' title='bbox 510 306 666 349; x_wconf 79' lang='lat' dir='ltr'>pedagiis,</span> <span class='ocrx_word' id='word_1_28' title='bbox 690 307 827 348; x_wconf 81' lang='lat' dir='ltr'>pascuis,</span> <span class='ocrx_word' id='word_1_29' title='bbox 850 306 947 347; x_wconf 85' lang='lat' dir='ltr'>silvis,</span> <span class='ocrx_word' id='word_1_30' title='bbox 971 306 1207 347; x_wconf 81' lang='lat' dir='ltr'>aquaminibus,</span> <span class='ocrx_word' id='word_1_31' title='bbox 1230 306 1367 346; x_wconf 87' lang='lat' dir='ltr'>iuribus,</span> <span class='ocrx_word' id='word_1_32' title='bbox 1391 305 1567 337; x_wconf 88' lang='lat' dir='ltr'>honoribus</span> <span class='ocrx_word' id='word_1_33' title='bbox 1590 308 1623 337; x_wconf 91' lang='lat' dir='ltr'>et</span> <span class='ocrx_word' id='word_1_34' title='bbox 1644 303 1917 336; x_wconf 86' lang='lat' dir='ltr'>iurisdictionibus</span> <span class='ocrx_word' id='word_1_35' title='bbox 1938 304 2009 336; x_wconf 91' lang='lat' dir='ltr'>uni-</span> 
     </span>
     <span class='ocr_line' id='line_1_4' title="bbox 359 355 2008 400; baseline -0.002 -9"><span class='ocrx_word' id='word_1_36' title='bbox 359 359 473 398; x_wconf 65' lang='lat' dir='ltr'>versis,</span> <span class='ocrx_word' id='word_1_37' title='bbox 501 359 631 399; x_wconf 89' lang='lat' dir='ltr'>insuper</span> <span class='ocrx_word' id='word_1_38' title='bbox 654 357 732 390; x_wconf 83' lang='lat' dir='ltr'>alias</span> <span class='ocrx_word' id='word_1_39' title='bbox 762 361 864 389; x_wconf 88' lang='lat' dir='ltr'>terras</span> <span class='ocrx_word' id='word_1_40' title='bbox 893 362 925 389; x_wconf 90' lang='lat' dir='ltr'>et</span> <span class='ocrx_word' id='word_1_41' title='bbox 952 361 1057 389; x_wconf 89' lang='lat' dir='ltr'>castra</span> <span class='ocrx_word' id='word_1_42' title='bbox 1087 367 1277 399; x_wconf 78' lang='lat' dir='ltr'><strong>quecunque</strong></span> <span class='ocrx_word' id='word_1_43' title='bbox 1306 357 1507 400; x_wconf 75' lang='lat' dir='ltr'>inpartibus</span> <span class='ocrx_word' id='word_1_44' title='bbox 1530 357 1645 389; x_wconf 86' lang='lat' dir='ltr'>Tuseie</span> <span class='ocrx_word' id='word_1_45' title='bbox 1668 356 1721 388; x_wconf 86' lang='lat' dir='ltr'>vel</span> <span class='ocrx_word' id='word_1_46' title='bbox 1743 356 1822 387; x_wconf 88' lang='lat' dir='ltr'>alibi</span> <span class='ocrx_word' id='word_1_47' title='bbox 1843 357 1876 387; x_wconf 90' lang='lat' dir='ltr'>iu</span> <span class='ocrx_word' id='word_1_48' title='bbox 1898 355 2008 388; x_wconf 80' lang='lat' dir='ltr'>Ytalia</span> 
     </span>
     <span class='ocr_line' id='line_1_5' title="bbox 361 409 2008 451; baseline -0.001 -10"><span class='ocrx_word' id='word_1_49' title='bbox 361 411 577 450; x_wconf 79' lang='lat' dir='ltr'>consistentia,</span> <span class='ocrx_word' id='word_1_50' title='bbox 601 420 664 451; x_wconf 92' lang='lat' dir='ltr'>que</span> <span class='ocrx_word' id='word_1_51' title='bbox 686 420 770 442; x_wconf 88' lang='lat' dir='ltr'>nunc</span> <span class='ocrx_word' id='word_1_52' title='bbox 793 420 852 451; x_wconf 86' lang='lat' dir='ltr'>per</span> <span class='ocrx_word' id='word_1_53' title='bbox 874 409 1077 442; x_wconf 84' lang='lat' dir='ltr'>adversarios</span> <span class='ocrx_word' id='word_1_54' title='bbox 1100 413 1133 441; x_wconf 91' lang='lat' dir='ltr'>et</span> <span class='ocrx_word' id='word_1_55' title='bbox 1155 409 1295 442; x_wconf 79' lang='lat' dir='ltr'>rebelles</span> <span class='ocrx_word' id='word_1_56' title='bbox 1318 412 1444 441; x_wconf 82' lang='lat' dir='ltr'>nostros</span> <span class='ocrx_word' id='word_1_57' title='bbox 1474 412 1506 441; x_wconf 90' lang='lat' dir='ltr'>et</span> <span class='ocrx_word' id='word_1_58' title='bbox 1521 409 1655 450; x_wconf 74' lang='lat' dir='ltr'>,imperii</span> <span class='ocrx_word' id='word_1_59' title='bbox 1679 410 1835 450; x_wconf 85' lang='lat' dir='ltr'>occupata</span> <span class='ocrx_word' id='word_1_60' title='bbox 1859 410 2008 446; x_wconf 86' lang='lat' dir='ltr'>tenentur</span> 
     </span>
     <span class='ocr_line' id='line_1_6' title="bbox 360 460 2052 503; baseline -0.001 -11"><span class='ocrx_word' id='word_1_61' title='bbox 360 461 650 501; x_wconf 57' lang='lat' dir='ltr'>auttenebuntur,</span> <span class='ocrx_word' id='word_1_62' title='bbox 678 461 705 492; x_wconf 89' lang='lat' dir='ltr'>si</span> <span class='ocrx_word' id='word_1_63' title='bbox 724 461 850 498; x_wconf 23' lang='lat' dir='ltr'>,eadem</span> <span class='ocrx_word' id='word_1_64' title='bbox 868 462 922 497; x_wconf 77' lang='lat' dir='ltr'>,sic</span> <span class='ocrx_word' id='word_1_65' title='bbox 950 463 1110 502; x_wconf 49' lang='lat' dir='ltr'>occupata,</span> <span class='ocrx_word' id='word_1_66' title='bbox 1134 461 1186 493; x_wconf 88' lang='lat' dir='ltr'>vel</span> <span class='ocrx_word' id='word_1_67' title='bbox 1218 471 1330 502; x_wconf 88' lang='lat' dir='ltr'>eorum</span> <span class='ocrx_word' id='word_1_68' title='bbox 1359 461 1468 503; x_wconf 88' lang='lat' dir='ltr'>aliqua</span> <span class='ocrx_word' id='word_1_69' title='bbox 1496 460 1537 492; x_wconf 90' lang='lat' dir='ltr'>de</span> <span class='ocrx_word' id='word_1_70' title='bbox 1564 460 1713 492; x_wconf 89' lang='lat' dir='ltr'>manibus</span> <span class='ocrx_word' id='word_1_71' title='bbox 1734 460 1943 492; x_wconf 68' lang='lat' dir='ltr'>,inimieorum</span> <span class='ocrx_word' id='word_1_72' title='bbox 1975 462 2009 491; x_wconf 86' lang='lat' dir='ltr'>et</span> <span class='ocrx_word' id='word_1_73' title='bbox 2039 472 2052 491; x_wconf 70' lang='lat' dir='ltr'>s</span> 
     </span>
     <span class='ocr_line' id='line_1_7' title="bbox 359 512 2010 554; baseline 0 -11"><span class='ocrx_word' id='word_1_74' title='bbox 359 513 528 544; x_wconf 84' lang='lat' dir='ltr'>rebellium</span> <span class='ocrx_word' id='word_1_75' title='bbox 553 512 728 544; x_wconf 78' lang='lat' dir='ltr'>eorundem</span> <span class='ocrx_word' id='word_1_76' title='bbox 752 513 813 554; x_wconf 88' lang='lat' dir='ltr'>ipsi</span> <span class='ocrx_word' id='word_1_77' title='bbox 836 513 888 544; x_wconf 91' lang='lat' dir='ltr'>vel</span> <span class='ocrx_word' id='word_1_78' title='bbox 911 513 1026 554; x_wconf 89' lang='lat' dir='ltr'>aliquis</span> <span class='ocrx_word' id='word_1_79' title='bbox 1051 523 1162 544; x_wconf 90' lang='lat' dir='ltr'>eorum</span> <span class='ocrx_word' id='word_1_80' title='bbox 1184 523 1243 554; x_wconf 88' lang='lat' dir='ltr'>per</span> <span class='ocrx_word' id='word_1_81' title='bbox 1265 523 1300 544; x_wconf 89' lang='lat' dir='ltr'>se</span> <span class='ocrx_word' id='word_1_82' title='bbox 1324 512 1376 544; x_wconf 93' lang='lat' dir='ltr'>vel</span> <span class='ocrx_word' id='word_1_83' title='bbox 1399 512 1499 544; x_wconf 87' lang='lat' dir='ltr'>alium</span> <span class='ocrx_word' id='word_1_84' title='bbox 1522 523 1579 543; x_wconf 94' lang='lat' dir='ltr'>seu</span> <span class='ocrx_word' id='word_1_85' title='bbox 1603 513 1683 544; x_wconf 91' lang='lat' dir='ltr'>alios</span> <span class='ocrx_word' id='word_1_86' title='bbox 1701 512 1843 553; x_wconf 77' lang='lat' dir='ltr'>erripere</span> <span class='ocrx_word' id='word_1_87' title='bbox 1858 514 2010 553; x_wconf 87' lang='lat' dir='ltr'>poterunt</span> 
     </span>
     <span class='ocr_line' id='line_1_8' title="bbox 360 563 2008 606; baseline -0.001 -10"><span class='ocrx_word' id='word_1_88' title='bbox 360 569 392 596; x_wconf 92' lang='lat' dir='ltr'>et</span> <span class='ocrx_word' id='word_1_89' title='bbox 415 575 605 606; x_wconf 87' lang='lat' dir='ltr'>recuperare</span> <span class='ocrx_word' id='word_1_90' title='bbox 630 564 801 604; x_wconf 85' lang='lat' dir='ltr'>valuerint,</span> <span class='ocrx_word' id='word_1_91' title='bbox 831 574 903 595; x_wconf 89' lang='lat' dir='ltr'>eum</span> <span class='ocrx_word' id='word_1_92' title='bbox 927 564 1074 595; x_wconf 87' lang='lat' dir='ltr'>omnibus</span> <span class='ocrx_word' id='word_1_93' title='bbox 1103 565 1167 595; x_wconf 90' lang='lat' dir='ltr'>suis</span> <span class='ocrx_word' id='word_1_94' title='bbox 1190 565 1405 606; x_wconf 84' lang='lat' dir='ltr'>pertinentiis,</span> <span class='ocrx_word' id='word_1_95' title='bbox 1429 564 1593 606; x_wconf 80' lang='lat' dir='ltr'>pedagiis,</span> <span class='ocrx_word' id='word_1_96' title='bbox 1617 564 1758 606; x_wconf 79' lang='lat' dir='ltr'>pascuis,</span> <span class='ocrx_word' id='word_1_97' title='bbox 1783 563 1884 604; x_wconf 87' lang='lat' dir='ltr'>silvis,</span> <span class='ocrx_word' id='word_1_98' title='bbox 1907 573 2008 604; x_wconf 86' lang='lat' dir='ltr'>aqua-</span> 
     </span>
     <span class='ocr_line' id='line_1_9' title="bbox 361 615 2008 658; baseline 0 -11"><span class='ocrx_word' id='word_1_99' title='bbox 361 616 508 656; x_wconf 89' lang='lat' dir='ltr'>minibus,</span> <span class='ocrx_word' id='word_1_100' title='bbox 532 616 669 657; x_wconf 89' lang='lat' dir='ltr'>iuribus,</span> <span class='ocrx_word' id='word_1_101' title='bbox 692 616 866 647; x_wconf 85' lang='lat' dir='ltr'>honoribus</span> <span class='ocrx_word' id='word_1_102' title='bbox 895 618 928 647; x_wconf 89' lang='lat' dir='ltr'>et</span> <span class='ocrx_word' id='word_1_103' title='bbox 954 615 1226 647; x_wconf 86' lang='lat' dir='ltr'>iurisdictionibus</span> <span class='ocrx_word' id='word_1_104' title='bbox 1247 617 1405 648; x_wconf 85' lang='lat' dir='ltr'>universis</span> <span class='ocrx_word' id='word_1_105' title='bbox 1432 616 1472 647; x_wconf 91' lang='lat' dir='ltr'>de</span> <span class='ocrx_word' id='word_1_106' title='bbox 1495 616 1691 648; x_wconf 82' lang='lat' dir='ltr'>liberalitate</span> <span class='ocrx_word' id='word_1_107' title='bbox 1722 616 1827 658; x_wconf 83' lang='lat' dir='ltr'>regia,</span> <span class='ocrx_word' id='word_1_108' title='bbox 1855 618 2008 657; x_wconf 79' lang='lat' dir='ltr'>tanquam</span> 
     </span>
     <span class='ocr_line' id='line_1_10' title="bbox 359 659 2010 709; baseline 0 -10"><span class='ocrx_word' id='word_1_109' title='bbox 359 678 484 699; x_wconf 78' lang='lat' dir='ltr'>exnunc</span> <span class='ocrx_word' id='word_1_110' title='bbox 517 668 682 699; x_wconf 86' lang='lat' dir='ltr'>nominata</span> <span class='ocrx_word' id='word_1_111' title='bbox 710 667 828 699; x_wconf 84' lang='lat' dir='ltr'>fuerint</span> <span class='ocrx_word' id='word_1_112' title='bbox 856 670 889 699; x_wconf 91' lang='lat' dir='ltr'>et</span> <span class='ocrx_word' id='word_1_113' title='bbox 916 678 1084 709; x_wconf 82' lang='lat' dir='ltr'>expressa,</span> <span class='ocrx_word' id='word_1_114' title='bbox 1114 668 1146 699; x_wconf 92' lang='lat' dir='ltr'>in</span> <span class='ocrx_word' id='word_1_115' title='bbox 1176 659 1308 699; x_wconf 87' lang='lat' dir='ltr'>feudum</span> <span class='ocrx_word' id='word_1_116' title='bbox 1336 667 1542 699; x_wconf 86' lang='lat' dir='ltr'>concedimus</span> <span class='ocrx_word' id='word_1_117' title='bbox 1571 670 1604 699; x_wconf 90' lang='lat' dir='ltr'>et</span> <span class='ocrx_word' id='word_1_118' title='bbox 1633 667 1789 699; x_wconf 82' lang='lat' dir='ltr'>donamus</span> <span class='ocrx_word' id='word_1_119' title='bbox 1813 666 1954 699; x_wconf 82' lang='lat' dir='ltr'>tenenda</span> <span class='ocrx_word' id='word_1_120' title='bbox 1977 670 2010 699; x_wconf 88' lang='lat' dir='ltr'>et</span> 
     </span>
     <span class='ocr_line' id='line_1_11' title="bbox 349 718 2054 761; baseline 0.001 -11"><span class='ocrx_word' id='word_1_121' title='bbox 349 719 554 761; x_wconf 82' lang='lat' dir='ltr'>possidenda</span> <span class='ocrx_word' id='word_1_122' title='bbox 581 719 673 751; x_wconf 89' lang='lat' dir='ltr'>titulo</span> <span class='ocrx_word' id='word_1_123' title='bbox 702 719 836 760; x_wconf 86' lang='lat' dir='ltr'>feudali,</span> <span class='ocrx_word' id='word_1_124' title='bbox 863 730 1033 761; x_wconf 87' lang='lat' dir='ltr'>quousque</span> <span class='ocrx_word' id='word_1_125' title='bbox 1057 721 1220 751; x_wconf 86' lang='lat' dir='ltr'>concessio</span> <span class='ocrx_word' id='word_1_126' title='bbox 1244 730 1302 751; x_wconf 91' lang='lat' dir='ltr'>seu</span> <span class='ocrx_word' id='word_1_127' title='bbox 1331 719 1461 751; x_wconf 84' lang='lat' dir='ltr'>donatio</span> <span class='ocrx_word' id='word_1_128' title='bbox 1490 719 1673 751; x_wconf 88' lang='lat' dir='ltr'>huiusmodi</span> <span class='ocrx_word' id='word_1_129' title='bbox 1700 730 1760 761; x_wconf 90' lang='lat' dir='ltr'>per</span> <span class='ocrx_word' id='word_1_130' title='bbox 1780 729 1839 750; x_wconf 85' lang='lat' dir='ltr'>nos</span> <span class='ocrx_word' id='word_1_131' title='bbox 1862 718 1915 751; x_wconf 87' lang='lat' dir='ltr'>vel</span> <span class='ocrx_word' id='word_1_132' title='bbox 1938 729 2008 751; x_wconf 86' lang='lat' dir='ltr'>sue·</span> <span class='ocrx_word' id='word_1_133' title='bbox 2027 730 2054 751; x_wconf 80' lang='grc' dir='ltr'>ιο</span> 
     </span>
     <span class='ocr_line' id='line_1_12' title="bbox 359 770 2009 813; baseline 0.001 -11"><span class='ocrx_word' id='word_1_134' title='bbox 359 782 501 803; x_wconf 86' lang='lat' dir='ltr'>cessores</span> <span class='ocrx_word' id='word_1_135' title='bbox 517 774 642 803; x_wconf 89' lang='lat' dir='ltr'>nostros</span> <span class='ocrx_word' id='word_1_136' title='bbox 657 771 876 802; x_wconf 84' lang='lat' dir='ltr'>Romanorum</span> <span class='ocrx_word' id='word_1_137' title='bbox 892 772 1103 813; x_wconf 87' lang='lat' dir='ltr'>imperatores</span> <span class='ocrx_word' id='word_1_138' title='bbox 1126 775 1182 803; x_wconf 91' lang='lat' dir='ltr'>aut</span> <span class='ocrx_word' id='word_1_139' title='bbox 1204 782 1299 813; x_wconf 88' lang='lat' dir='ltr'>reges</span> <span class='ocrx_word' id='word_1_140' title='bbox 1322 771 1440 803; x_wconf 83' lang='lat' dir='ltr'>fuerint</span> <span class='ocrx_word' id='word_1_141' title='bbox 1462 774 1624 803; x_wconf 82' lang='lat' dir='ltr'>revocate.</span> <span class='ocrx_word' id='word_1_142' title='bbox 1663 771 1787 803; x_wconf 80' lang='lat' dir='ltr'>Tamen</span> <span class='ocrx_word' id='word_1_143' title='bbox 1802 771 1864 802; x_wconf 90' lang='lat' dir='ltr'>hoc</span> <span class='ocrx_word' id='word_1_144' title='bbox 1880 770 2009 803; x_wconf 84' lang='lat' dir='ltr'>adiecto</span> 
     </span>
     <span class='ocr_line' id='line_1_13' title="bbox 360 822 2010 865; baseline 0 -11"><span class='ocrx_word' id='word_1_145' title='bbox 360 823 446 865; x_wconf 91' lang='lat' dir='ltr'>quod</span> <span class='ocrx_word' id='word_1_146' title='bbox 476 822 595 864; x_wconf 83' lang='lat' dir='ltr'>prefati</span> <span class='ocrx_word' id='word_1_147' title='bbox 627 823 695 854; x_wconf 89' lang='lat' dir='ltr'>eius</span> <span class='ocrx_word' id='word_1_148' title='bbox 717 822 774 854; x_wconf 88' lang='lat' dir='ltr'>filii</span> <span class='ocrx_word' id='word_1_149' title='bbox 798 825 967 854; x_wconf 87' lang='lat' dir='ltr'>teneantur</span> <span class='ocrx_word' id='word_1_150' title='bbox 990 834 1048 864; x_wconf 93' lang='lat' dir='ltr'>pro</span> <span class='ocrx_word' id='word_1_151' title='bbox 1072 823 1169 855; x_wconf 85' lang='lat' dir='ltr'>feudo</span> <span class='ocrx_word' id='word_1_152' title='bbox 1193 823 1390 865; x_wconf 84' lang='lat' dir='ltr'>huiusmodi,</span> <span class='ocrx_word' id='word_1_153' title='bbox 1415 823 1456 855; x_wconf 87' lang='lat' dir='ltr'>de</span> <span class='ocrx_word' id='word_1_154' title='bbox 1481 834 1543 865; x_wconf 94' lang='lat' dir='ltr'>quo</span> <span class='ocrx_word' id='word_1_155' title='bbox 1570 824 1658 865; x_wconf 87' lang='lat' dir='ltr'>ipsos</span> <span class='ocrx_word' id='word_1_156' title='bbox 1681 823 1832 855; x_wconf 79' lang='lat' dir='ltr'>absentes</span> <span class='ocrx_word' id='word_1_157' title='bbox 1854 826 2010 864; x_wconf 82' lang='lat' dir='ltr'>tanquam</span> 
     </span>
     <span class='ocr_line' id='line_1_14' title="bbox 359 874 2010 919; baseline 0.001 -14"><span class='ocrx_word' id='word_1_158' title='bbox 359 878 526 916; x_wconf 78' lang='lat' dir='ltr'>presentes</span> <span class='ocrx_word' id='word_1_159' title='bbox 560 878 672 906; x_wconf 88' lang='lat' dir='ltr'>tenore</span> <span class='ocrx_word' id='word_1_160' title='bbox 707 875 904 916; x_wconf 86' lang='lat' dir='ltr'>presentium</span> <span class='ocrx_word' id='word_1_161' title='bbox 939 875 1140 915; x_wconf 86' lang='lat' dir='ltr'>investimus,</span> <span class='ocrx_word' id='word_1_162' title='bbox 1175 875 1266 907; x_wconf 91' lang='lat' dir='ltr'>nobis</span> <span class='ocrx_word' id='word_1_163' title='bbox 1302 879 1335 907; x_wconf 88' lang='lat' dir='ltr'>et</span> <span class='ocrx_word' id='word_1_164' title='bbox 1367 876 1483 907; x_wconf 89' lang='lat' dir='ltr'>nostris</span> <span class='ocrx_word' id='word_1_165' title='bbox 1517 874 1571 919; x_wconf 91' lang='lat' dir='ltr'>[in]</span> <span class='ocrx_word' id='word_1_166' title='bbox 1604 876 1755 917; x_wconf 67' lang='lat' dir='ltr'>imperio,</span> <span class='ocrx_word' id='word_1_167' title='bbox 1771 874 2010 907; x_wconf 84' lang='lat' dir='ltr'>successoribus</span> 
     </span>
     <span class='ocr_line' id='line_1_15' title="bbox 359 926 2008 969; baseline 0.001 -12"><span class='ocrx_word' id='word_1_168' title='bbox 359 927 490 958; x_wconf 86' lang='lat' dir='ltr'>servitia</span> <span class='ocrx_word' id='word_1_169' title='bbox 514 926 625 958; x_wconf 90' lang='lat' dir='ltr'>debita</span> <span class='ocrx_word' id='word_1_170' title='bbox 649 927 781 958; x_wconf 82' lang='lat' dir='ltr'>exibere</span> <span class='ocrx_word' id='word_1_171' title='bbox 805 930 838 958; x_wconf 88' lang='lat' dir='ltr'>et</span> <span class='ocrx_word' id='word_1_172' title='bbox 861 926 948 968; x_wconf 90' lang='lat' dir='ltr'>quod</span> <span class='ocrx_word' id='word_1_173' title='bbox 971 930 1141 968; x_wconf 85' lang='lat' dir='ltr'>postquam</span> <span class='ocrx_word' id='word_1_174' title='bbox 1164 927 1225 968; x_wconf 89' lang='lat' dir='ltr'>ipsi</span> <span class='ocrx_word' id='word_1_175' title='bbox 1249 927 1382 959; x_wconf 82' lang='lat' dir='ltr'>feudum</span> <span class='ocrx_word' id='word_1_176' title='bbox 1405 927 1583 969; x_wconf 80' lang='lat' dir='ltr'>corporalib</span> <span class='ocrx_word' id='word_1_177' title='bbox 1606 928 1793 969; x_wconf 87' lang='lat' dir='ltr'>possesione</span> <span class='ocrx_word' id='word_1_178' title='bbox 1814 927 2008 968; x_wconf 84' lang='lat' dir='ltr'>acceperint,</span> 
     </span>
     <span class='ocr_line' id='line_1_16' title="bbox 359 978 2052 1021; baseline 0.001 -12"><span class='ocrx_word' id='word_1_179' title='bbox 359 979 442 1010; x_wconf 88' lang='lat' dir='ltr'>intra</span> <span class='ocrx_word' id='word_1_180' title='bbox 466 989 582 1010; x_wconf 89' lang='lat' dir='ltr'>annum</span> <span class='ocrx_word' id='word_1_181' title='bbox 605 988 665 1019; x_wconf 88' lang='lat' dir='ltr'>per</span> <span class='ocrx_word' id='word_1_182' title='bbox 687 988 721 1010; x_wconf 92' lang='lat' dir='ltr'>se</span> <span class='ocrx_word' id='word_1_183' title='bbox 744 978 797 1009; x_wconf 84' lang='lat' dir='ltr'>vel</span> <span class='ocrx_word' id='word_1_184' title='bbox 821 982 1060 1020; x_wconf 89' lang='lat' dir='ltr'>procuratorem</span> <span class='ocrx_word' id='word_1_185' title='bbox 1085 989 1176 1010; x_wconf 90' lang='lat' dir='ltr'>suum</span> <span class='ocrx_word' id='word_1_186' title='bbox 1200 978 1353 1010; x_wconf 91' lang='lat' dir='ltr'>idoneum</span> <span class='ocrx_word' id='word_1_187' title='bbox 1376 978 1416 1010; x_wconf 89' lang='lat' dir='ltr'>ad</span> <span class='ocrx_word' id='word_1_188' title='bbox 1441 979 1502 1010; x_wconf 93' lang='lat' dir='ltr'>hoc</span> <span class='ocrx_word' id='word_1_189' title='bbox 1525 979 1670 1021; x_wconf 86' lang='lat' dir='ltr'>legitime</span> <span class='ocrx_word' id='word_1_190' title='bbox 1687 980 1894 1011; x_wconf 90' lang='lat' dir='ltr'>constitutum</span> <span class='ocrx_word' id='word_1_191' title='bbox 1916 979 2009 1010; x_wconf 90' lang='lat' dir='ltr'>nobis</span> <span class='ocrx_word' id='word_1_192' title='bbox 2027 990 2052 1010; x_wconf 78' lang='lat' dir='ltr'>u</span> 
     </span>
     <span class='ocr_line' id='line_1_17' title="bbox 360 1029 2009 1072; baseline 0.001 -12"><span class='ocrx_word' id='word_1_193' title='bbox 360 1034 393 1061; x_wconf 88' lang='lat' dir='ltr'>et</span> <span class='ocrx_word' id='word_1_194' title='bbox 415 1029 652 1061; x_wconf 87' lang='lat' dir='ltr'>suecessoribus</span> <span class='ocrx_word' id='word_1_195' title='bbox 674 1030 790 1060; x_wconf 87' lang='lat' dir='ltr'>nost-ris</span> <span class='ocrx_word' id='word_1_196' title='bbox 812 1029 965 1071; x_wconf 84' lang='lat' dir='ltr'>predictis</span> <span class='ocrx_word' id='word_1_197' title='bbox 987 1033 1022 1061; x_wconf 87' lang='lat' dir='ltr'>et</span> <span class='ocrx_word' id='word_1_198' title='bbox 1044 1031 1180 1072; x_wconf 84' lang='lat' dir='ltr'>imperio</span> <span class='ocrx_word' id='word_1_199' title='bbox 1204 1030 1366 1071; x_wconf 87' lang='lat' dir='ltr'>Romano,</span> <span class='ocrx_word' id='word_1_200' title='bbox 1392 1030 1507 1072; x_wconf 89' lang='lat' dir='ltr'>quibus</span> <span class='ocrx_word' id='word_1_201' title='bbox 1530 1031 1600 1062; x_wconf 83' lang='lat' dir='ltr'>iura</span> <span class='ocrx_word' id='word_1_202' title='bbox 1623 1031 1740 1063; x_wconf 72' lang='lat' dir='ltr'>sua‘in</span> <span class='ocrx_word' id='word_1_203' title='bbox 1769 1030 1916 1062; x_wconf 86' lang='lat' dir='ltr'>omnibus</span> <span class='ocrx_word' id='word_1_204' title='bbox 1938 1030 2009 1062; x_wconf 80' lang='lat' dir='ltr'>fore</span> 
     </span>
     <span class='ocr_line' id='line_1_18' title="bbox 359 1081 2009 1125; baseline 0.001 -13"><span class='ocrx_word' id='word_1_205' title='bbox 359 1082 448 1113; x_wconf 86' lang='lat' dir='ltr'>salva</span> <span class='ocrx_word' id='word_1_206' title='bbox 483 1081 698 1122; x_wconf 86' lang='lat' dir='ltr'>decernimus,</span> <span class='ocrx_word' id='word_1_207' title='bbox 733 1084 879 1122; x_wconf 83' lang='lat' dir='ltr'>prestent</span> <span class='ocrx_word' id='word_1_208' title='bbox 911 1081 1076 1113; x_wconf 87' lang='lat' dir='ltr'>fidelitatis</span> <span class='ocrx_word' id='word_1_209' title='bbox 1111 1085 1144 1113; x_wconf 89' lang='lat' dir='ltr'>et</span> <span class='ocrx_word' id='word_1_210' title='bbox 1178 1082 1322 1123; x_wconf 87' lang='lat' dir='ltr'>homagii</span> <span class='ocrx_word' id='word_1_211' title='bbox 1358 1082 1468 1114; x_wconf 89' lang='lat' dir='ltr'>debita</span> <span class='ocrx_word' id='word_1_212' title='bbox 1502 1085 1713 1114; x_wconf 85' lang='lat' dir='ltr'>sacramenta.</span> <span class='ocrx_word' id='word_1_213' title='bbox 1808 1082 1896 1114; x_wconf 86' lang='lat' dir='ltr'>Nulli</span> <span class='ocrx_word' id='word_1_214' title='bbox 1930 1092 2009 1125; x_wconf 86' lang='lat' dir='ltr'>ergo</span> 
     </span>
     <span class='ocr_line' id='line_1_19' title="bbox 359 1133 2010 1176; baseline 0.001 -12"><span class='ocrx_word' id='word_1_215' title='bbox 359 1134 487 1164; x_wconf 90' lang='lat' dir='ltr'>omnino</span> <span class='ocrx_word' id='word_1_216' title='bbox 515 1133 680 1165; x_wconf 92' lang='lat' dir='ltr'>hominum</span> <span class='ocrx_word' id='word_1_217' title='bbox 707 1133 805 1164; x_wconf 87' lang='lat' dir='ltr'>liceat</span> <span class='ocrx_word' id='word_1_218' title='bbox 838 1133 920 1164; x_wconf 89' lang='lat' dir='ltr'>hanc</span> <span class='ocrx_word' id='word_1_219' title='bbox 954 1136 1062 1164; x_wconf 87' lang='lat' dir='ltr'>nostre</span> <span class='ocrx_word' id='word_1_220' title='bbox 1097 1134 1326 1174; x_wconf 85' lang='lat' dir='ltr'>concessionis,</span> <span class='ocrx_word' id='word_1_221' title='bbox 1355 1133 1536 1166; x_wconf 84' lang='lat' dir='ltr'>donationis</span> <span class='ocrx_word' id='word_1_222' title='bbox 1568 1138 1602 1166; x_wconf 92' lang='lat' dir='ltr'>et</span> <span class='ocrx_word' id='word_1_223' title='bbox 1634 1135 1823 1166; x_wconf 86' lang='lat' dir='ltr'>investiture</span> <span class='ocrx_word' id='word_1_224' title='bbox 1857 1135 2010 1176; x_wconf 83' lang='lat' dir='ltr'>paginam</span> 
     </span>
     <span class='ocr_line' id='line_1_20' title="bbox 358 1185 2009 1228; baseline 0.001 -13"><span class='ocrx_word' id='word_1_225' title='bbox 358 1185 533 1226; x_wconf 84' lang='lat' dir='ltr'>infringere</span> <span class='ocrx_word' id='word_1_226' title='bbox 556 1185 608 1215; x_wconf 85' lang='lat' dir='ltr'>vel</span> <span class='ocrx_word' id='word_1_227' title='bbox 632 1185 662 1215; x_wconf 91' lang='lat' dir='ltr'>ei</span> <span class='ocrx_word' id='word_1_228' title='bbox 685 1195 765 1215; x_wconf 90' lang='lat' dir='ltr'>ausu</span> <span class='ocrx_word' id='word_1_229' title='bbox 787 1186 960 1216; x_wconf 84' lang='lat' dir='ltr'>temerario</span> <span class='ocrx_word' id='word_1_230' title='bbox 985 1188 1163 1227; x_wconf 85' lang='lat' dir='ltr'>contrayre.</span> <span class='ocrx_word' id='word_1_231' title='bbox 1203 1185 1237 1217; x_wconf 87' lang='lat' dir='ltr'>Si</span> <span class='ocrx_word' id='word_1_232' title='bbox 1260 1186 1330 1227; x_wconf 91' lang='lat' dir='ltr'>quis</span> <span class='ocrx_word' id='word_1_233' title='bbox 1353 1188 1461 1217; x_wconf 85' lang='lat' dir='ltr'>autem</span> <span class='ocrx_word' id='word_1_234' title='bbox 1486 1185 1547 1217; x_wconf 90' lang='lat' dir='ltr'>hoc</span> <span class='ocrx_word' id='word_1_235' title='bbox 1571 1188 1752 1228; x_wconf 81' lang='lat' dir='ltr'>atemptare</span> <span class='ocrx_word' id='word_1_236' title='bbox 1766 1186 2009 1228; x_wconf 86' lang='lat' dir='ltr'>presumpserit,</span> 
     </span>
     <span class='ocr_line' id='line_1_21' title="bbox 358 1236 2055 1278; baseline 0 -10"><span class='ocrx_word' id='word_1_237' title='bbox 358 1247 491 1278; x_wconf 86' lang='lat' dir='ltr'>gravem</span> <span class='ocrx_word' id='word_1_238' title='bbox 508 1236 735 1277; x_wconf 85' lang='lat' dir='ltr'>indignationis</span> <span class='ocrx_word' id='word_1_239' title='bbox 750 1238 858 1268; x_wconf 89' lang='lat' dir='ltr'>nostre</span> <span class='ocrx_word' id='word_1_240' title='bbox 874 1236 1029 1268; x_wconf 85' lang='lat' dir='ltr'>offensam</span> <span class='ocrx_word' id='word_1_241' title='bbox 1053 1247 1086 1268; x_wconf 89' lang='lat' dir='ltr'>se</span> <span class='ocrx_word' id='word_1_242' title='bbox 1109 1237 1235 1268; x_wconf 89' lang='lat' dir='ltr'>noverit</span> <span class='ocrx_word' id='word_1_243' title='bbox 1250 1237 1458 1269; x_wconf 83' lang='lat' dir='ltr'>incursurum.</span> <span class='ocrx_word' id='word_1_244' title='bbox 1547 1237 1585 1269; x_wconf 92' lang='lat' dir='ltr'>In</span> <span class='ocrx_word' id='word_1_245' title='bbox 1609 1238 1698 1269; x_wconf 90' lang='lat' dir='ltr'>cuius</span> <span class='ocrx_word' id='word_1_246' title='bbox 1720 1238 1768 1269; x_wconf 89' lang='lat' dir='ltr'>rei</span> <span class='ocrx_word' id='word_1_247' title='bbox 1791 1238 2010 1270; x_wconf 87' lang='lat' dir='ltr'>testimonium</span> <span class='ocrx_word' id='word_1_248' title='bbox 2028 1247 2055 1268; x_wconf 71' lang='lat' dir='ltr'>so</span> 
     </span>
     <span class='ocr_line' id='line_1_22' title="bbox 359 1287 1908 1331; baseline 0.001 -12"><span class='ocrx_word' id='word_1_249' title='bbox 359 1292 526 1330; x_wconf 88' lang='lat' dir='ltr'>presentes</span> <span class='ocrx_word' id='word_1_250' title='bbox 549 1288 674 1319; x_wconf 86' lang='lat' dir='ltr'>litteras</span> <span class='ocrx_word' id='word_1_251' title='bbox 698 1287 815 1319; x_wconf 86' lang='lat' dir='ltr'>exinde</span> <span class='ocrx_word' id='word_1_252' title='bbox 840 1288 995 1319; x_wconf 86' lang='lat' dir='ltr'>conscribi</span> <span class='ocrx_word' id='word_1_253' title='bbox 1020 1292 1053 1320; x_wconf 90' lang='lat' dir='ltr'>et</span> <span class='ocrx_word' id='word_1_254' title='bbox 1075 1289 1253 1320; x_wconf 86' lang='lat' dir='ltr'>maiestatis</span> <span class='ocrx_word' id='word_1_255' title='bbox 1276 1292 1384 1320; x_wconf 87' lang='lat' dir='ltr'>nostre</span> <span class='ocrx_word' id='word_1_256' title='bbox 1409 1289 1514 1331; x_wconf 88' lang='lat' dir='ltr'>sigillo</span> <span class='ocrx_word' id='word_1_257' title='bbox 1538 1289 1687 1321; x_wconf 90' lang='lat' dir='ltr'>iussimus</span> <span class='ocrx_word' id='word_1_258' title='bbox 1710 1290 1908 1321; x_wconf 82' lang='lat' dir='ltr'>communiri.</span> 
     </span>
    </p>

    <p class='ocr_par' dir='ltr' id='par_1_3' title="bbox 360 1339 2010 1434">
     <span class='ocr_line' id='line_1_23' title="bbox 465 1339 2010 1383; baseline 0.003 -13"><span class='ocrx_word' id='word_1_259' title='bbox 465 1340 585 1371; x_wconf 88' lang='lat' dir='ltr'>Datum</span> <span class='ocrx_word' id='word_1_260' title='bbox 608 1340 639 1370; x_wconf 91' lang='lat' dir='ltr'>in</span> <span class='ocrx_word' id='word_1_261' title='bbox 656 1339 818 1381; x_wconf 84' lang='lat' dir='ltr'>Vimpina,</span> <span class='ocrx_word' id='word_1_262' title='bbox 843 1341 980 1381; x_wconf 90' lang='lat' dir='ltr'>septimo</span> <span class='ocrx_word' id='word_1_263' title='bbox 998 1340 1181 1372; x_wconf 81' lang='lat' dir='ltr'>Kalendase</span> <span class='ocrx_word' id='word_1_264' title='bbox 1195 1341 1327 1383; x_wconf 88' lang='lat' dir='ltr'>Aprilis,</span> <span class='ocrx_word' id='word_1_265' title='bbox 1344 1351 1427 1372; x_wconf 85' lang='lat' dir='ltr'>anno</span> <span class='ocrx_word' id='word_1_266' title='bbox 1445 1341 1575 1372; x_wconf 90' lang='lat' dir='ltr'>Domini</span> <span class='ocrx_word' id='word_1_267' title='bbox 1597 1341 1766 1374; x_wconf 84' lang='lat' dir='ltr'>millesimo</span> <span class='ocrx_word' id='word_1_268' title='bbox 1782 1341 2010 1374; x_wconf 79' lang='lat' dir='ltr'>trecentesimo</span> 
     </span>
     <span class='ocr_line' id='line_1_24' title="bbox 360 1391 1090 1434; baseline -0.001 -11"><span class='ocrx_word' id='word_1_269' title='bbox 360 1392 609 1434; x_wconf 89' lang='lat' dir='ltr'>quintodecimo,</span> <span class='ocrx_word' id='word_1_270' title='bbox 633 1392 725 1433; x_wconf 87' lang='lat' dir='ltr'>regni</span> <span class='ocrx_word' id='word_1_271' title='bbox 747 1391 846 1422; x_wconf 85' lang='lat' dir='ltr'>nostri</span> <span class='ocrx_word' id='word_1_272' title='bbox 870 1402 952 1423; x_wconf 89' lang='lat' dir='ltr'>anno</span> <span class='ocrx_word' id='word_1_273' title='bbox 976 1392 1090 1433; x_wconf 87' lang='lat' dir='ltr'>primo.</span> 
     </span>
    </p>
   </div>
   <div class='ocr_carea' id='block_1_3' title="bbox 453 1604 2053 1730">
    <p class='ocr_par' dir='ltr' id='par_1_4' title="bbox 453 1604 2053 1730">
     <span class='ocr_line' id='line_1_25' title="bbox 453 1604 2000 1676; baseline 0.003 -26"><span class='ocrx_word' id='word_1_274' title='bbox 453 1606 698 1651; x_wconf 84' lang='lat'>240—252.</span> <span class='ocrx_word' id='word_1_275' title='bbox 741 1604 1021 1652; x_wconf 88' lang='lat' dir='ltr'><strong>SCRIPTA</strong></span> <span class='ocrx_word' id='word_1_276' title='bbox 1048 1607 1401 1654; x_wconf 85' lang='lat' dir='ltr'>FRIDERICI</span> <span class='ocrx_word' id='word_1_277' title='bbox 1434 1606 1565 1653; x_wconf 86' lang='lat' dir='ltr'>PRO</span> <span class='ocrx_word' id='word_1_278' title='bbox 1593 1607 1920 1655; x_wconf 85' lang='lat' dir='ltr'><strong>DIVERSIS.</strong></span> <span class='ocrx_word' id='word_1_279' title='bbox 1994 1670 2000 1676; x_wconf 28' lang='grc' dir='ltr'>ι</span> 
     </span>
     <span class='ocr_line' id='line_1_26' title="bbox 900 1684 2053 1730; baseline 0.003 -11"><span class='ocrx_word' id='word_1_280' title='bbox 900 1684 1006 1720; x_wconf 85' lang='lat'>1315.</span> <span class='ocrx_word' id='word_1_281' title='bbox 1045 1684 1392 1730; x_wconf 81' lang='lat' dir='ltr'>Mart.17.—Apr.</span> <span class='ocrx_word' id='word_1_282' title='bbox 1418 1685 1474 1721; x_wconf 91' lang='lat'>11.</span> <span class='ocrx_word' id='word_1_283' title='bbox 2027 1694 2053 1714; x_wconf 64' lang='lat' dir='ltr'>ss</span> 
     </span>
    </p>
   </div>
   <div class='ocr_carea' id='block_1_4' title="bbox 471 1792 1780 1954">
    <p class='ocr_par' dir='ltr' id='par_1_5' title="bbox 471 1792 1780 1954">
     <span class='ocr_line' id='line_1_27' title="bbox 594 1792 1780 1826; baseline 0.003 -3"><span class='ocrx_word' id='word_1_284' title='bbox 594 1793 666 1823; x_wconf 84' lang='lat'>240.</span> <span class='ocrx_word' id='word_1_285' title='bbox 693 1794 765 1824; x_wconf 84' lang='lat'><strong>241.</strong></span> <span class='ocrx_word' id='word_1_286' title='bbox 800 1792 1067 1825; x_wconf 84' lang='lat' dir='ltr'>PRIVILEGIA</span> <span class='ocrx_word' id='word_1_287' title='bbox 1089 1792 1178 1825; x_wconf 85' lang='lat' dir='ltr'>PRO</span> <span class='ocrx_word' id='word_1_288' title='bbox 1203 1793 1413 1825; x_wconf 83' lang='lat' dir='ltr'><strong>CIVITATE</strong></span> <span class='ocrx_word' id='word_1_289' title='bbox 1436 1793 1780 1826; x_wconf 82' lang='lat' dir='ltr'>HAGENOWENSI.</span> 
     </span>
     <span class='ocr_line' id='line_1_28' title="bbox 1045 1853 1334 1895; baseline 0 -10"><span class='ocrx_word' id='word_1_290' title='bbox 1045 1856 1147 1895; x_wconf 64' lang='lat'>1315„</span> <span class='ocrx_word' id='word_1_291' title='bbox 1171 1853 1266 1886; x_wconf 77' lang='lat' dir='ltr'>Mart.</span> <span class='ocrx_word' id='word_1_292' title='bbox 1287 1856 1334 1885; x_wconf 78' lang='lat'>17.</span> 
     </span>
     <span class='ocr_line' id='line_1_29' title="bbox 471 1911 942 1954; baseline 0.008 -11"><span class='ocrx_word' id='word_1_293' title='bbox 471 1911 522 1954; x_wconf 82' lang='lat' dir='ltr'><em>C&#39;f.</em></span> <span class='ocrx_word' id='word_1_294' title='bbox 545 1923 644 1952; x_wconf 77' lang='lat' dir='ltr'>supra</span> <span class='ocrx_word' id='word_1_295' title='bbox 666 1924 715 1947; x_wconf 78' lang='lat' dir='ltr'>nr.</span> <span class='ocrx_word' id='word_1_296' title='bbox 732 1914 795 1945; x_wconf 81' lang='lat'>215</span> <span class='ocrx_word' id='word_1_297' title='bbox 819 1916 848 1946; x_wconf 77' lang='lat' dir='ltr'>et</span> <span class='ocrx_word' id='word_1_298' title='bbox 868 1915 942 1947; x_wconf 79' lang='lat'><em>216.</em></span> 
     </span>
    </p>
   </div>
   <div class='ocr_carea' id='block_1_5' title="bbox 727 2015 1648 2066">
    <p class='ocr_par' dir='ltr' id='par_1_6' title="bbox 727 2015 1648 2066">
     <span class='ocr_line' id='line_1_30' title="bbox 727 2015 1648 2066; baseline -0.001 -10"><span class='ocrx_word' id='word_1_299' title='bbox 727 2020 812 2057; x_wconf 67' lang='lat'><strong>240.</strong></span> <span class='ocrx_word' id='word_1_300' title='bbox 853 2015 1077 2066; x_wconf 68' lang='lat' dir='ltr'>Privilcyium</span> <span class='ocrx_word' id='word_1_301' title='bbox 1097 2021 1213 2066; x_wconf 77' lang='lat' dir='ltr'>prius.</span> <span class='ocrx_word' id='word_1_302' title='bbox 1319 2021 1426 2055; x_wconf 87' lang='lat'><strong><em>1315.</em></strong></span> <span class='ocrx_word' id='word_1_303' title='bbox 1456 2021 1570 2056; x_wconf 78' lang='lat' dir='ltr'>Mart.</span> <span class='ocrx_word' id='word_1_304' title='bbox 1590 2022 1648 2057; x_wconf 87' lang='lat'>17.</span> 
     </span>
    </p>
   </div>
   <div class='ocr_carea' id='block_1_6' title="bbox 469 2093 2055 2191">
    <p class='ocr_par' dir='ltr' id='par_1_7' title="bbox 469 2093 2055 2191">
     <span class='ocr_line' id='line_1_31' title="bbox 472 2093 2055 2136; baseline 0.001 -10"><span class='ocrx_word' id='word_1_305' title='bbox 472 2093 631 2134; x_wconf 77' lang='lat' dir='ltr'>Oriyinale</span> <span class='ocrx_word' id='word_1_306' title='bbox 646 2095 719 2135; x_wconf 89' lang='lat' dir='ltr'>(or.)</span> <span class='ocrx_word' id='word_1_307' title='bbox 743 2095 779 2126; x_wconf 80' lang='lat' dir='ltr'>in</span> <span class='ocrx_word' id='word_1_308' title='bbox 798 2094 978 2126; x_wconf 80' lang='lat' dir='ltr'>bibliotheca</span> <span class='ocrx_word' id='word_1_309' title='bbox 994 2094 1247 2135; x_wconf 77' lang='lat' dir='ltr'>Heidelberqensi</span> <span class='ocrx_word' id='word_1_310' title='bbox 1255 2095 1276 2126; x_wconf 79' lang='lat'>¹.</span> <span class='ocrx_word' id='word_1_311' title='bbox 1319 2094 1517 2127; x_wconf 76' lang='lat' dir='ltr'>Contulimus</span> <span class='ocrx_word' id='word_1_312' title='bbox 1531 2105 1596 2127; x_wconf 79' lang='lat' dir='ltr'>nos.</span> <span class='ocrx_word' id='word_1_313' title='bbox 1636 2095 1783 2136; x_wconf 65' lang='lat' dir='ltr'>Sigillum</span> <span class='ocrx_word' id='word_1_314' title='bbox 1798 2096 2009 2130; x_wconf 78' lang='lat' dir='ltr'>desideratur.</span> <span class='ocrx_word' id='word_1_315' title='bbox 2029 2107 2055 2127; x_wconf 75' lang='grc' dir='ltr'>ω</span> 
     </span>
     <span class='ocr_line' id='line_1_32' title="bbox 469 2149 1310 2191; baseline 0 -10"><span class='ocrx_word' id='word_1_316' title='bbox 469 2149 615 2189; x_wconf 77' lang='lat' dir='ltr'>Bb&#39;hmcr,</span> <span class='ocrx_word' id='word_1_317' title='bbox 639 2151 714 2191; x_wconf 77' lang='lat' dir='ltr'>Rcy.</span> <span class='ocrx_word' id='word_1_318' title='bbox 732 2151 844 2183; x_wconf 83' lang='lat' dir='ltr'>Ludw.</span> <span class='ocrx_word' id='word_1_319' title='bbox 863 2162 897 2191; x_wconf 80' lang='lat' dir='ltr'>p.</span> <span class='ocrx_word' id='word_1_320' title='bbox 916 2151 978 2182; x_wconf 86' lang='lat'>165</span> <span class='ocrx_word' id='word_1_321' title='bbox 1002 2151 1170 2183; x_wconf 77' lang='lat' dir='ltr'>Friedrich</span> <span class='ocrx_word' id='word_1_322' title='bbox 1192 2161 1242 2185; x_wconf 81' lang='lat' dir='ltr'>nr.</span> <span class='ocrx_word' id='word_1_323' title='bbox 1259 2151 1310 2182; x_wconf 85' lang='lat'>12.</span> 
     </span>
    </p>
   </div>
   <div class='ocr_carea' id='block_1_7' title="bbox 362 2206 2008 2289">
    <p class='ocr_par' dir='ltr' id='par_1_8' title="bbox 362 2206 2008 2289">
     <span class='ocr_line' id='line_1_33' title="bbox 472 2206 2008 2249; baseline 0.003 -11"><span class='ocrx_word' id='word_1_324' title='bbox 472 2207 560 2247; x_wconf 75' lang='lat' dir='ltr'>Quae</span> <span class='ocrx_word' id='word_1_325' title='bbox 582 2208 774 2239; x_wconf 77' lang='lat' dir='ltr'>concordant</span> <span class='ocrx_word' id='word_1_326' title='bbox 795 2218 866 2239; x_wconf 86' lang='lat' dir='ltr'>cum</span> <span class='ocrx_word' id='word_1_327' title='bbox 889 2206 1058 2248; x_wconf 77' lang='lat' dir='ltr'>Privileyio</span> <span class='ocrx_word' id='word_1_328' title='bbox 1080 2208 1243 2240; x_wconf 77' lang='lat' dir='ltr'>Ludewici</span> <span class='ocrx_word' id='word_1_329' title='bbox 1270 2218 1370 2248; x_wconf 80' lang='lat' dir='ltr'>supra</span> <span class='ocrx_word' id='word_1_330' title='bbox 1400 2218 1448 2240; x_wconf 82' lang='lat' dir='ltr'>nr.</span> <span class='ocrx_word' id='word_1_331' title='bbox 1465 2207 1542 2246; x_wconf 82' lang='lat'>215,</span> <span class='ocrx_word' id='word_1_332' title='bbox 1573 2218 1610 2239; x_wconf 83' lang='lat' dir='ltr'>ea</span> <span class='ocrx_word' id='word_1_333' title='bbox 1642 2208 1726 2249; x_wconf 81' lang='lat' dir='ltr'>typis</span> <span class='ocrx_word' id='word_1_334' title='bbox 1754 2208 1930 2240; x_wconf 83' lang='lat' dir='ltr'>minoribus</span> <span class='ocrx_word' id='word_1_335' title='bbox 1956 2220 2008 2242; x_wconf 75' lang='lat' dir='ltr'>ex-</span> 
     </span>
     <span class='ocr_line' id='line_1_34' title="bbox 362 2261 561 2289; baseline 0 0"><span class='ocrx_word' id='word_1_336' title='bbox 362 2268 456 2289; x_wconf 82' lang='lat' dir='ltr'>cussa</span> <span class='ocrx_word' id='word_1_337' title='bbox 477 2261 561 2289; x_wconf 81' lang='lat' dir='ltr'>sunt.</span> 
     </span>
    </p>
   </div>
   <div class='ocr_carea' id='block_1_8' title="bbox 362 2335 2058 2691">
    <p class='ocr_par' dir='ltr' id='par_1_9' title="bbox 362 2335 2055 2428">
     <span class='ocr_line' id='line_1_35' title="bbox 469 2335 2012 2381; baseline 0.003 -15"><span class='ocrx_word' id='word_1_338' title='bbox 469 2335 651 2366; x_wconf 83' lang='lat' dir='ltr'>Fridericus</span> <span class='ocrx_word' id='word_1_339' title='bbox 685 2341 737 2367; x_wconf 88' lang='lat' dir='ltr'>Dei</span> <span class='ocrx_word' id='word_1_340' title='bbox 769 2340 866 2375; x_wconf 82' lang='lat' dir='ltr'>gracia</span> <span class='ocrx_word' id='word_1_341' title='bbox 898 2341 1089 2369; x_wconf 82' lang='lat' dir='ltr'>Romanorum</span> <span class='ocrx_word' id='word_1_342' title='bbox 1126 2351 1176 2369; x_wconf 83' lang='lat' dir='ltr'>rex</span> <span class='ocrx_word' id='word_1_343' title='bbox 1209 2350 1319 2376; x_wconf 87' lang='lat' dir='ltr'>semper</span> <span class='ocrx_word' id='word_1_344' title='bbox 1352 2343 1488 2377; x_wconf 83' lang='lat' dir='ltr'>augustus</span> <span class='ocrx_word' id='word_1_345' title='bbox 1593 2342 1731 2369; x_wconf 80' lang='lat' dir='ltr'>universis</span> <span class='ocrx_word' id='word_1_346' title='bbox 1767 2339 1849 2370; x_wconf 81' lang='lat' dir='ltr'>sacri</span> <span class='ocrx_word' id='word_1_347' title='bbox 1883 2339 2012 2381; x_wconf 80' lang='lat' dir='ltr'>imperii</span> 
     </span>
     <span class='ocr_line' id='line_1_36' title="bbox 362 2386 2055 2428; baseline 0.001 -11"><span class='ocrx_word' id='word_1_348' title='bbox 362 2386 501 2418; x_wconf 82' lang='lat' dir='ltr'>Romani</span> <span class='ocrx_word' id='word_1_349' title='bbox 523 2387 672 2418; x_wconf 80' lang='lat' dir='ltr'>fidelibus</span> <span class='ocrx_word' id='word_1_350' title='bbox 694 2394 840 2426; x_wconf 80' lang='lat' dir='ltr'>presentes</span> <span class='ocrx_word' id='word_1_351' title='bbox 869 2392 980 2420; x_wconf 85' lang='lat' dir='ltr'>litteras</span> <span class='ocrx_word' id='word_1_352' title='bbox 1003 2393 1173 2428; x_wconf 79' lang='lat' dir='ltr'>inspecturis</span> <span class='ocrx_word' id='word_1_353' title='bbox 1261 2393 1386 2428; x_wconf 79' lang='lat' dir='ltr'>graciam</span> <span class='ocrx_word' id='word_1_354' title='bbox 1409 2402 1488 2421; x_wconf 86' lang='lat' dir='ltr'>suam</span> <span class='ocrx_word' id='word_1_355' title='bbox 1512 2395 1542 2421; x_wconf 86' lang='lat' dir='ltr'>et</span> <span class='ocrx_word' id='word_1_356' title='bbox 1563 2402 1645 2421; x_wconf 87' lang='lat' dir='ltr'>omne</span> <span class='ocrx_word' id='word_1_357' title='bbox 1667 2394 1781 2421; x_wconf 87' lang='lat' dir='ltr'>bonum.</span> <span class='ocrx_word' id='word_1_358' title='bbox 2029 2399 2055 2419; x_wconf 68' lang='lat'>³5</span> 
     </span>
    </p>

    <p class='ocr_par' dir='ltr' id='par_1_10' title="bbox 362 2441 2058 2691">
     <span class='ocr_line' id='line_1_37' title="bbox 469 2441 2012 2484; baseline 0.003 -15"><span class='ocrx_word' id='word_1_359' title='bbox 469 2442 531 2469; x_wconf 81' lang='lat' dir='ltr'>Etsi</span> <span class='ocrx_word' id='word_1_360' title='bbox 565 2443 743 2470; x_wconf 79' lang='lat' dir='ltr'>maiestatem</span> <span class='ocrx_word' id='word_1_361' title='bbox 776 2444 883 2478; x_wconf 82' lang='lat' dir='ltr'>regiam</span> <span class='ocrx_word' id='word_1_362' title='bbox 916 2441 1046 2481; x_wconf 88' lang='lat' dir='ltr'>pietatis</span> <span class='ocrx_word' id='word_1_363' title='bbox 1076 2444 1109 2472; x_wconf 89' lang='lat' dir='ltr'>et</span> <span class='ocrx_word' id='word_1_364' title='bbox 1137 2441 1307 2472; x_wconf 82' lang='lat' dir='ltr'>clementie</span> <span class='ocrx_word' id='word_1_365' title='bbox 1335 2442 1520 2473; x_wconf 83' lang='lat' dir='ltr'>truttinam*</span> <span class='ocrx_word' id='word_1_366' title='bbox 1548 2446 1584 2472; x_wconf 77' lang='lat' dir='ltr'>sd</span> <span class='ocrx_word' id='word_1_367' title='bbox 1612 2454 1708 2473; x_wconf 82' lang='lat' dir='ltr'>omnes</span> <span class='ocrx_word' id='word_1_368' title='bbox 1739 2441 1852 2473; x_wconf 90' lang='lat' dir='ltr'>fideles</span> <span class='ocrx_word' id='word_1_369' title='bbox 1883 2443 2012 2484; x_wconf 87' lang='lat' dir='ltr'>imperii</span> 
     </span>
     <span class='ocr_line' id='line_1_38' title="bbox 362 2492 2011 2534; baseline 0.003 -13"><span class='ocrx_word' id='word_1_370' title='bbox 362 2495 483 2521; x_wconf 76' lang='lat' dir='ltr'>deceat*</span> <span class='ocrx_word' id='word_1_371' title='bbox 500 2495 683 2528; x_wconf 85' lang='lat' dir='ltr'>extendere*,</span> <span class='ocrx_word' id='word_1_372' title='bbox 706 2496 838 2530; x_wconf 86' lang='lat' dir='ltr'>precipue</span> <span class='ocrx_word' id='word_1_373' title='bbox 855 2498 950 2524; x_wconf 86' lang='lat' dir='ltr'>tamen</span> <span class='ocrx_word' id='word_1_374' title='bbox 971 2505 1027 2530; x_wconf 82' lang='lat' dir='ltr'>eos,</span> <span class='ocrx_word' id='word_1_375' title='bbox 1052 2493 1106 2534; x_wconf 88' lang='lat' dir='ltr'>qui</span> <span class='ocrx_word' id='word_1_376' title='bbox 1129 2492 1233 2524; x_wconf 88' lang='lat' dir='ltr'>zelum</span> <span class='ocrx_word' id='word_1_377' title='bbox 1256 2492 1414 2524; x_wconf 77' lang='lat' dir='ltr'>habentes</span> <span class='ocrx_word' id='word_1_378' title='bbox 1436 2493 1583 2534; x_wconf 81' lang='lat' dir='ltr'>puritatis</span> <span class='ocrx_word' id='word_1_379' title='bbox 1606 2492 1776 2525; x_wconf 79' lang='lat' dir='ltr'>devotione</span> <span class='ocrx_word' id='word_1_380' title='bbox 1799 2497 1872 2525; x_wconf 82' lang='lat' dir='ltr'>sunt</span> <span class='ocrx_word' id='word_1_381' title='bbox 1894 2493 2011 2526; x_wconf 80' lang='lat' dir='ltr'>fervidi</span> 
     </span>
     <span class='ocr_line' id='line_1_39' title="bbox 364 2541 2040 2587; baseline 0.004 -15"><span class='ocrx_word' id='word_1_382' title='bbox 364 2546 396 2572; x_wconf 88' lang='lat' dir='ltr'>et</span> <span class='ocrx_word' id='word_1_383' title='bbox 418 2541 482 2573; x_wconf 91' lang='lat' dir='ltr'>fide</span> <span class='ocrx_word' id='word_1_384' title='bbox 510 2542 664 2583; x_wconf 84' lang='lat' dir='ltr'>preclari,</span> <span class='ocrx_word' id='word_1_385' title='bbox 694 2543 830 2574; x_wconf 88' lang='lat' dir='ltr'>iocunde</span> <span class='ocrx_word' id='word_1_386' title='bbox 858 2544 974 2585; x_wconf 86' lang='lat' dir='ltr'>respici</span> <span class='ocrx_word' id='word_1_387' title='bbox 1006 2548 1039 2576; x_wconf 90' lang='lat' dir='ltr'>et</span> <span class='ocrx_word' id='word_1_388' title='bbox 1071 2545 1193 2586; x_wconf 87' lang='lat' dir='ltr'>ingenti</span> <span class='ocrx_word' id='word_1_389' title='bbox 1224 2544 1443 2576; x_wconf 85' lang='lat' dir='ltr'>benivolentia</span> <span class='ocrx_word' id='word_1_390' title='bbox 1473 2546 1637 2587; x_wconf 82' lang='lat' dir='ltr'>gratisque</span> <span class='ocrx_word' id='word_1_391' title='bbox 1665 2545 1835 2576; x_wconf 85' lang='lat' dir='ltr'>affectibus</span> <span class='ocrx_word' id='word_1_392' title='bbox 1859 2547 2012 2578; x_wconf 82' lang='lat' dir='ltr'>convenit</span> <span class='ocrx_word' id='word_1_393' title='bbox 2036 2575 2040 2578; x_wconf 87' lang='grc'><em>,</em></span> 
     </span>
     <span class='ocr_line' id='line_1_40' title="bbox 362 2594 2011 2638; baseline 0.003 -15"><span class='ocrx_word' id='word_1_394' title='bbox 362 2598 497 2632; x_wconf 85' lang='lat' dir='ltr'>prosequi</span> <span class='ocrx_word' id='word_1_395' title='bbox 523 2594 679 2635; x_wconf 83' lang='lat' dir='ltr'>graciose.</span> <span class='ocrx_word' id='word_1_396' title='bbox 730 2594 781 2626; x_wconf 82' lang='lat' dir='ltr'>Ex</span> <span class='ocrx_word' id='word_1_397' title='bbox 807 2595 869 2626; x_wconf 87' lang='lat' dir='ltr'>hoc</span> <span class='ocrx_word' id='word_1_398' title='bbox 903 2597 988 2627; x_wconf 89' lang='lat' dir='ltr'>enim</span> <span class='ocrx_word' id='word_1_399' title='bbox 1017 2597 1134 2637; x_wconf 86' lang='lat' dir='ltr'>regalis</span> <span class='ocrx_word' id='word_1_400' title='bbox 1164 2597 1358 2628; x_wconf 79' lang='lat' dir='ltr'>excellentie</span> <span class='ocrx_word' id='word_1_401' title='bbox 1387 2597 1525 2638; x_wconf 87' lang='lat' dir='ltr'>dignitas</span> <span class='ocrx_word' id='word_1_402' title='bbox 1548 2607 1623 2628; x_wconf 86' lang='lat' dir='ltr'>vere</span> <span class='ocrx_word' id='word_1_403' title='bbox 1651 2597 1756 2628; x_wconf 86' lang='lat' dir='ltr'>laudis</span> <span class='ocrx_word' id='word_1_404' title='bbox 1778 2596 1890 2638; x_wconf 86' lang='lat' dir='ltr'>tytulis</span> <span class='ocrx_word' id='word_1_405' title='bbox 1912 2597 2011 2629; x_wconf 91' lang='lat' dir='ltr'>subli-</span> 
     </span>
     <span class='ocr_line' id='line_1_41' title="bbox 362 2646 2058 2691; baseline 0.003 -16"><span class='ocrx_word' id='word_1_406' title='bbox 362 2648 468 2676; x_wconf 88' lang='lat' dir='ltr'>matur</span> <span class='ocrx_word' id='word_1_407' title='bbox 492 2648 524 2676; x_wconf 90' lang='lat' dir='ltr'>et</span> <span class='ocrx_word' id='word_1_408' title='bbox 547 2646 668 2686; x_wconf 89' lang='lat' dir='ltr'>ingenti</span> <span class='ocrx_word' id='word_1_409' title='bbox 692 2646 795 2687; x_wconf 85' lang='lat' dir='ltr'>fulget</span> <span class='ocrx_word' id='word_1_410' title='bbox 818 2646 950 2687; x_wconf 85' lang='lat' dir='ltr'>decore,</span> <span class='ocrx_word' id='word_1_411' title='bbox 974 2647 1093 2679; x_wconf 87' lang='lat' dir='ltr'>subditi</span> <span class='ocrx_word' id='word_1_412' title='bbox 1121 2658 1250 2689; x_wconf 87' lang='lat' dir='ltr'>quoque</span> <span class='ocrx_word' id='word_1_413' title='bbox 1279 2647 1319 2679; x_wconf 92' lang='lat' dir='ltr'>ad</span> <span class='ocrx_word' id='word_1_414' title='bbox 1350 2648 1580 2680; x_wconf 85' lang='lat' dir='ltr'>exhibitionem</span> <span class='ocrx_word' id='word_1_415' title='bbox 1605 2648 1785 2680; x_wconf 88' lang='lat' dir='ltr'>devotionis</span> <span class='ocrx_word' id='word_1_416' title='bbox 1808 2652 1841 2680; x_wconf 90' lang='lat' dir='ltr'>et</span> <span class='ocrx_word' id='word_1_417' title='bbox 1865 2648 2011 2691; x_wconf 86' lang='lat' dir='ltr'>obsequii</span> <span class='ocrx_word' id='word_1_418' title='bbox 2028 2657 2058 2676; x_wconf 74' lang='lat'>40</span> 
     </span>
    </p>
   </div>
   <div class='ocr_carea' id='block_1_9' title="bbox 468 2730 1300 2828">
    <p class='ocr_par' dir='ltr' id='par_1_11' title="bbox 468 2730 1300 2828">
     <span class='ocr_line' id='line_1_42' title="bbox 468 2730 1093 2766; baseline 0.005 -10"><span class='ocrx_word' id='word_1_419' title='bbox 468 2730 532 2757; x_wconf 77' lang='lat'><strong>289.</strong></span> <span class='ocrx_word' id='word_1_420' title='bbox 559 2731 585 2763; x_wconf 82' lang='lat' dir='ltr'>b)</span> <span class='ocrx_word' id='word_1_421' title='bbox 604 2733 733 2765; x_wconf 82' lang='lat' dir='ltr'>corporale</span> <span class='ocrx_word' id='word_1_422' title='bbox 751 2734 789 2759; x_wconf 80' lang='lat' dir='ltr'>ed.</span> <span class='ocrx_word' id='word_1_423' title='bbox 878 2735 901 2766; x_wconf 84' lang='lat' dir='ltr'>c)</span> <span class='ocrx_word' id='word_1_424' title='bbox 919 2734 1036 2759; x_wconf 83' lang='lat' dir='ltr'>kalendis</span> <span class='ocrx_word' id='word_1_425' title='bbox 1054 2735 1093 2760; x_wconf 81' lang='lat' dir='ltr'>ed.</span> 
     </span>
     <span class='ocr_line' id='line_1_43' title="bbox 469 2790 1300 2828; baseline 0.005 -12"><span class='ocrx_word' id='word_1_426' title='bbox 469 2792 493 2824; x_wconf 90' lang='lat' dir='ltr'>l)</span> <span class='ocrx_word' id='word_1_427' title='bbox 515 2790 554 2822; x_wconf 79' lang='lat' dir='ltr'>Cf.</span> <span class='ocrx_word' id='word_1_428' title='bbox 578 2791 659 2817; x_wconf 78' lang='lat' dir='ltr'>Mone</span> <span class='ocrx_word' id='word_1_429' title='bbox 678 2792 850 2825; x_wconf 74' lang='lat' dir='ltr'>‘Zeitschrift&#39;</span> <span class='ocrx_word' id='word_1_430' title='bbox 871 2793 981 2820; x_wconf 88' lang='lat' dir='ltr'><strong><em>XXIV</em></strong></span> <span class='ocrx_word' id='word_1_431' title='bbox 997 2796 1086 2827; x_wconf 77' lang='lat'><em>(1872)</em></span> <span class='ocrx_word' id='word_1_432' title='bbox 1101 2802 1130 2828; x_wconf 81' lang='lat' dir='ltr'>p.</span> <span class='ocrx_word' id='word_1_433' title='bbox 1145 2798 1189 2820; x_wconf 82' lang='lat'>166</span> <span class='ocrx_word' id='word_1_434' title='bbox 1207 2802 1248 2820; x_wconf 77' lang='lat' dir='ltr'>nr.</span> <span class='ocrx_word' id='word_1_435' title='bbox 1262 2797 1300 2820; x_wconf 83' lang='lat'>27.</span> 
     </span>
    </p>
   </div>
  </div>
 </body>
</html>
