2184 3126
151 1167 176 1188 1⁸

148 2599 174 2619 40

390 180 488 209 Aera
508 170 622 208 asem
641 180 826 209 Lunswmi
844 180 891 208 iv.
910 180 957 208 m*
974 179 1160 208 rmnsmm
1179 180 1229 208 111.
1266 179 1342 208 1824.
1378 179 1426 207 Nr.
1439 179 1499 208 ⁸42.
1517 180 1577 207 848.
1595 181 1655 208 su.
1788 184 1851 214 507

194 278 253 301 nos
275 267 422 301 volentes
450 268 481 301 in
509 267 585 310 hiis,
615 277 677 310 que
704 266 882 300 secundum
906 267 1012 300 Deum
1035 277 1218 310 possumus,
1246 276 1389 299 annuere
1411 267 1496 299 votis
1522 267 1585 299 tuis
1606 267 1773 300 serenitati
1796 271 1852 300 tue

195 331 292 363 super
313 320 375 353 hoo
397 319 645 362 respondemus,
675 318 762 362 quod
784 318 883 351 nichil
910 319 1070 352 inmutare
1093 318 1200 362 quoad
1226 328 1359 361 presens
1381 328 1479 362 super
1501 318 1624 351 eisdem
1647 319 1853 362 processibus

194 372 388 406 intendimus
410 371 558 415 specifice
581 371 633 404 vel
655 381 819 413 expresse.

302 431 423 465 Datum
446 431 646 474 Avinion(e)‚
667 430 759 464 XIX.
783 430 856 464 Kal.
880 430 986 473 Febr„
1010 441 1094 464 anno
1118 434 1241 463 octavo.

461 572 549 609 843.
590 571 745 608 Maerae
773 573 820 608 ad
845 572 989 608 evmdem
1015 571 1157 608 alterae.
1262 571 1367 614 (Iam.
1387 571 1462 608 14?
1490 574 1536 608 19
1545 572 1587 616 ?)

305 651 404 693 an'a
435 650 562 689 widem,
591 650 647 682 ubi
675 650 723 683 bis
748 650 886 683 insertae
912 652 1005 682 sunt:
1036 650 1068 690 1)
1091 651 1163 682 tom.
1181 649 1245 681 112
1256 648 1294 676 ΙΙ
1318 649 1373 690 fol.
1399 650 1452 682 73⁴
1479 661 1529 684 nr.
1545 651 1624 690 897,
1657 651 1771 684 addita
1800 653 1851 685 in-

193 703 381 744 scriptions:
404 702 578 737 Carissimo
602 702 633 734 in
657 701 785 735 Christo
808 701 874 734 filio
898 700 1035 734 Iohanni
1057 701 1127 744 regi
1149 700 1286 733 Boemie
1309 701 1441 744 illustri,
1471 702 1556 734 inter
1577 701 1702 735 litteras
1722 713 1772 736 m.
1788 704 1852 736 895

193 765 225 788 a.
241 754 337 788 1324.
353 754 435 795 Auo.
452 753 494 786 21
514 757 544 786 et
558 764 608 787 m.
625 754 688 785 900
703 754 778 786 Ian.
793 754 838 786 2⁷
852 753 964 792 datam
985 751 1020 795 2)
1036 755 1107 785 tom.
1124 752 1188 784 112
1203 752 1241 779 11
1257 751 1314 791 fol.
1331 755 1384 785 74¹
1397 763 1449 786 m.
1466 754 1528 785 905
1545 765 1616 786 cum
1631 755 1852 795 inscriptione:

192 805 279 850 Regi
301 805 437 838 Boemie
466 806 550 838 inter
579 804 702 838 litteras
726 815 776 837 nr.
801 804 864 836 904
890 803 964 837 Ian.
994 803 1036 836 19
1067 803 1175 845 (infra
1201 814 1251 836 m.
1268 804 1348 846 486)
1379 807 1409 836 et
1435 815 1486 836 nr.
1507 805 1572 836 906
1597 806 1678 846 Apr.
1700 808 1721 837 6
1747 806 1850 839 datas.

197 856 395 891 contulimus
416 866 482 890 nos.
502 857 620 889 Teoetus
629 857 700 899 fere
714 856 839 889 omnino
865 856 949 888 inter
970 865 1003 888 se
1024 855 1224 888 concordant.
1241 874 1283 879 —
1299 855 1363 888 Ed.
1380 855 1667 898 ‘Oberbayerisches
1681 858 1811 890 Archiv'
1826 860 1852 897 1,

194 910 237 942 72
257 909 366 942 nr.43
387 919 426 941 ex
451 911 464 940 1
491 910 519 940 et
543 908 569 947 I,
594 909 636 940 68
657 918 707 941 nr.
723 909 765 940 34
787 918 826 940 ex
848 909 884 947 2;
907 906 1090 947 Sauerhmd
1110 905 1130 938 l.
1146 917 1172 939 c.
1196 906 1226 946 I,
1249 907 1316 939 313
1339 917 1389 939 m.
1408 909 1472 940 667
1494 918 1533 940 ex
1555 910 1584 941 2.

303 969 378 1010 Rey.
402 968 515 1002 Dudik
537 968 557 1001 l.
573 978 596 1000 c.
620 968 669 1007 ΙΙ,
693 968 733 999 91
756 978 806 1000 nr.
824 969 866 999 67
887 978 926 1000 ea·
948 969 967 999 2
990 967 1050 1008 (ad
1072 967 1146 1000 Iam.
1164 968 1230 1009 19).

300 1055 504 1088 Excellentie
528 1058 582 1087 tue
606 1055 730 1086 litteras
753 1054 878 1086 noviter
900 1053 993 1086 nobis
1015 1054 1130 1086 missas
1153 1053 1351 1096 benignitate
1367 1054 1549 1096 recepimus
1572 1058 1736 1087 consueta:
1780 1055 1851 1093 Que

194 1118 268 1140 oum
289 1107 521 1139 insinuaverint
536 1105 627 1138 nobis
643 1109 735 1148 grate
752 1105 932 1138 devotionis
947 1110 981 1138 et
995 1105 1188 1138 sinceritatis
1203 1105 1367 1146 affectum,
1389 1115 1486 1148 quem
1502 1106 1545 1138 ad
1565 1117 1624 1139 nos
1638 1111 1673 1139 et
1687 1112 1852 1140 sanctam·

193 1159 376 1192 Romanam
398 1158 590 1192 ecclesiamb
613 1168 693 1200 pure
716 1157 812 1200 geris,
835 1161 1010 1200 propterea
1031 1157 1106 1199 tibi,
1129 1156 1175 1189 fili
1202 1157 1380 1198 carissime,
1410 1168 1475 1190 non
1496 1158 1629 1200 indigne
1652 1159 1851 1192 refferimus⁶

194 1212 314 1254 gratias
338 1221 418 1254 quas
444 1210 598 1243 valemus.
643 1209 810 1252 Rogantes
839 1208 1094 1251 magnitudinem
1123 1209 1247 1252 regiam
1274 1211 1308 1240 et
1334 1209 1502 1241 hortantes
1530 1213 1669 1251 attente,
1700 1212 1851 1252 quatinus

144 1294 146 1296 .
194 1264 240 1296 sio
262 1265 510 1305 perseveranter
531 1262 563 1293 in
585 1262 656 1304 ipsa
671 1261 882 1304 dispositione
898 1260 1061 1302 persistas,
1085 1259 1171 1302 quod
1194 1270 1237 1292 ex
1258 1259 1442 1292 huiusmodi
1465 1263 1705 1303 perseverantie
1728 1264 1852 1295 meritis

194 1315 282 1358 apud
305 1314 413 1346 Deum
436 1316 469 1346 et
492 1314 595 1356 ipsam
618 1312 789 1346 ecclesiam
812 1311 917 1344 laudis
940 1314 974 1344 et
988 1312 1105 1354 premii
1127 1312 1252 1344 clareas
1274 1312 1490 1344 incrementis.
1578 1312 1759 1346 Petitiones
1774 1324 1852 1347 vero

193 1366 287 1399 nobis
309 1376 368 1408 pro
390 1368 482 1408 parte
506 1368 562 1397 tua
584 1375 642 1407 per
666 1367 754 1396 tuum
777 1364 927 1396 nuncium
950 1366 1152 1405 presentatas
1174 1363 1402 1396 exaudibiliter
1425 1367 1479 1396 tuo
1495 1365 1611 1398 intuitu
1627 1365 1851 1408 expedivimus

193 1419 283 1451 iuxta
305 1428 411 1460 posse.

437 1531 523 1568 844.
565 1531 721 1567 Litterae
747 1531 822 1576 reyi
848 1530 1025 1566 Franciae
1052 1531 1177 1566 missae
1198 1530 1348 1575 priores.
1452 1531 1531 1566 Ian.
1551 1533 1608 1567 19.

304 1610 401 1651 Copia
418 1610 472 1653 (c.)
487 1609 600 1642 ibidem
617 1611 687 1641 tom.
705 1609 769 1641 112
777 1609 814 1635 ΙΙ
827 1607 887 1650 fol.
905 1610 947 1640 13
961 1619 1012 1642 nr.
1025 1609 1097 1647 548,
1113 1608 1169 1641 ubi
1183 1606 1365 1650 inscriptio:
1380 1608 1465 1652 Regi
1477 1610 1623 1644 Francie.
1651 1611 1852 1645 Contulimus

192 1673 258 1696 nos.
284 1682 323 1686 —
348 1661 444 1694 Extr.
467 1661 555 1702 apud
577 1660 703 1693 Riezler
724 1659 891 1692 ‘Vatilcan
915 1660 1035 1692 Akten'
1052 1671 1087 1700 p.
1105 1660 1168 1691 172
1189 1670 1241 1693 nr.
1258 1660 1323 1692 347
1344 1671 1384 1693 ecc
1405 1671 1433 1694 c.

300 1722 377 1764 Req.
400 1721 504 1771 Loher
525 1722 590 1754 loco
611 1731 708 1762 supra
731 1720 776 1753 ad
796 1730 846 1752 nr.
862 1720 927 1752 289
949 1721 1043 1753 citato
1059 1731 1095 1761 p.
1111 1720 1176 1752 254
1198 1730 1248 1752 nr.
1267 1721 1339 1752 194.

303 1821 329 1849 1.
364 1816 486 1858 Nuper,
516 1816 561 1848 fili
588 1815 766 1855 carissime,
797 1814 1064 1847 certitudinaliter
1093 1814 1273 1856 intellecto,
1303 1815 1390 1858 quod
1420 1815 1485 1848 dux
1497 1816 1647 1855 Bavarie
1675 1818 1708 1850 in
1737 1829 1849 1862 regern

191 1869 412 1902 Romanorum
436 1869 558 1901 electus
581 1869 686 1900 certos
709 1866 751 1899 ad
773 1869 916 1898 nostram
939 1867 1135 1908 presentiam
1159 1867 1291 1898 nuncios
1314 1866 1512 1908 destinabat,
1542 1867 1603 1900 hec
1626 1869 1849 1912 ex(c)ellentie

191 1922 282 1964 regie
306 1920 486 1953 curavimus
512 1919 691 1951 intimare².
747 1918 792 1950 Ut
818 1921 927 1950 autem
956 1917 1033 1960 quid
1063 1918 1181 1960 prefati
1210 1919 1315 1951 nuncii
1343 1919 1571 1961 proposuerint
1598 1920 1741 1963 quidque
1772 1923 1851 1964 ipsis

191 1983 251 2016 per
265 1983 323 2004 nos
338 1981 528 2014 responsum
544 1971 651 2012 fuerit,
667 1970 872 2012 providentia
887 1970 978 2012 regia
993 1980 1056 2001 non
1072 1970 1209 2012 ignoret,
1225 1980 1302 2002 ecce
1319 1970 1407 2012 quod
1422 1971 1455 2002 in
1470 1981 1596 2004 summa
1611 1978 1850 2015 proposuerunt

191 2024 299 2057 nuncii
324 2023 494 2065 antedicti,
525 2023 612 2065 quod
642 2033 753 2055 eorum
784 2021 931 2054 dominus
958 2021 1187 2053 murmurando
1216 2025 1409 2064 perceperat
1431 2022 1473 2054 ab
1496 2023 1671 2066 aliquibus,
1702 2025 1790 2068 quod
1818 2027 1850 2058 in

191 2075 340 2108 Romana
362 2075 450 2108 ouria
472 2084 588 2117 graves
611 2084 780 2116 processus
802 2074 879 2106 facti
902 2074 1030 2106 fuerant
1052 2077 1163 2106 contra
1186 2084 1276 2113 eum,
1309 2074 1385 2106 licet
1412 2084 1510 2116 super
1539 2075 1600 2107 hoc
1623 2077 1850 2110 certitudinem

191 2126 271 2160 alias
293 2137 356 2159 non
379 2125 530 2166 haberet,
558 2126 709 2168 ipsosque
737 2124 779 2156 ad
806 2128 948 2157 nostram
975 2125 1170 2166 presentiam
1194 2125 1342 2165 miserat,
1372 2129 1409 2157 ut
1431 2136 1464 2158 se
1489 2126 1647 2159 deberent
1667 2138 1766 2170 super
1788 2129 1850 2161 boc

191 2178 317 2220 plenius
339 2177 512 2210 informare
536 2179 569 2208 et
591 2177 617 2208 si
640 2187 808 2219 processus
831 2176 913 2208 tales
936 2180 1047 2208 contra
1069 2177 1174 2218 ipsum
1197 2176 1324 2208 habitos
1347 2177 1537 2219 invenirent,
1561 2178 1652 2211 nobis
1675 2190 1733 2222 pro
1756 2185 1849 2223 parte

192 2238 250 2262 sua
271 2229 453 2272 supplicare
477 2228 647 2269 deberent,
678 2231 715 2260 ut
742 2229 772 2261 ei
800 2228 842 2260 ad
865 2227 1108 2260 deliberandum
1132 2238 1229 2270 super
1251 2227 1315 2260 illis
1337 2239 1438 2271 seque
1462 2230 1680 2263 excusandum
1705 2235 1740 2264 et
1762 2232 1848 2265 facta

192 2290 250 2314 sua
270 2280 506 2313 iustificandum
521 2280 677 2313 vellemus
693 2283 815 2313 certum
833 2281 1004 2312 terminum
1020 2281 1194 2322 assignare,
1219 2290 1290 2312 cum
1307 2281 1333 2312 si
1350 2280 1457 2313 forsan
1473 2283 1667 2315 excessisset
1681 2284 1712 2315 in
1729 2283 1847 2327 aliquo,

191 2330 322 2374 paratus
345 2335 431 2365 esset
453 2332 508 2364 illa
531 2332 719 2365 reformare.
764 2331 807 2364 Et
822 2332 884 2364 hoc
908 2331 995 2364 idem
1012 2342 1125 2363 eorum
1141 2332 1395 2374 procuratorium
1411 2333 1606 2374 continebat.
1651 2334 1719 2367 Nos
1737 2339 1846 2368 autem

193 2393 266 2415 cum
288 2382 423 2416 fratrum
445 2386 626 2416 nostrorum
649 2383 882 2417 deliberatione
905 2383 1076 2425 prehabito
1092 2383 1238 2425 diligenti
1254 2383 1372 2425 prefati
1389 2383 1478 2417 ducis
1494 2386 1679 2418 excessibus
1702 2388 1848 2429 repetitis

193 2433 234 2466 de
257 2434 391 2467 fratrum
414 2437 594 2467 nostrorum
617 2435 750 2467 consilio
773 2436 851 2477 ipsis
874 2435 1024 2467 duximus
1047 2435 1317 2477 respondendum,
1341 2436 1428 2478 quod
1445 2441 1552 2470 nostre
1575 2438 1762 2471 intentionis
1784 2450 1848 2472 non

193 2488 262 2518 erat
283 2485 316 2517 in
338 2496 491 2528 processu
512 2488 620 2519 nostro
643 2490 755 2519 contra
778 2487 898 2519 dictum
914 2487 1030 2519 ducem
1053 2486 1164 2519 habito
1187 2486 1310 2529 aliquid
1332 2488 1484 2521 innovare
1506 2489 1612 2531 ipsum
1637 2490 1779 2523 tollendo
1795 2492 1848 2524 vel

191 2536 416 2579 suspendendo
442 2537 496 2569 vel
522 2537 630 2580 quoad
661 2538 904 2580 impediendum
935 2538 1086 2571 effectum
1115 2539 1347 2572 sententiarum
1377 2540 1409 2572 in
1437 2550 1478 2573 eo
1506 2540 1644 2574 latarum
1674 2544 1847 2575 terminum

192 2587 379 2621 dilationem
401 2588 453 2620 vel
475 2590 737 2631 prorogationem
760 2589 900 2632 aliquam
925 2590 1148 2629 concedendo,
1177 2591 1276 2623 immo
1299 2591 1488 2624 volebamus
1510 2603 1584 2625 eum
1608 2594 1716 2636 quoad
1740 2596 1848 2626 omnia

192 2640 342 2672 contenta
364 2639 396 2671 in
418 2640 489 2682 ipso
512 2643 546 2672 et
567 2641 666 2682 ipsius
689 2640 805 2674 effectu
829 2642 861 2673 in
884 2651 941 2673 suo
965 2642 1062 2684 pleno
1085 2642 1196 2684 vigore
1219 2646 1318 2685 atque
1341 2643 1459 2676 robore
1482 2654 1684 2686 permanere.
1723 2646 1846 2678 Verum

296 2732 363 2762 848.
390 2734 413 2767 ι)
431 2740 571 2762 sanet-m
589 2735 658 2761 deese
674 2734 698 2762 2.
786 2735 810 2766 b)
828 2736 891 2762 eccl.
909 2737 980 2762 Rom.
999 2735 1023 2762 2.
1111 2737 1135 2769 ο)
1154 2738 1287 2764 referimus
1306 2738 1331 2765 2.

296 2802 322 2834 l)
341 2800 461 2828 Litterae
474 2801 613 2836 pontificis
631 2802 663 2830 de
679 2802 720 2829 ἠὼ
737 2802 814 2830 rebus
830 2806 948 2831 servatae
965 2812 1021 2832 non
1039 2807 1112 2831 mant.
