2184 3126
305 181 370 211 496
532 177 629 205 ACTA
646 177 760 205 REGNI
780 176 963 204 LUDEWICI
982 175 1028 202 IV.
1047 174 1093 201 ET
1113 173 1298 200 FRIDERICI
1317 172 1366 199 ΙΙΙ.
1404 171 1478 198 1321.
1515 171 1564 198 Nr.
1577 171 1636 198 625.
1655 171 1715 199 626.

495 338 593 382 625.
622 337 720 381 626.
762 332 1086 380 LITTERAE
1122 328 1319 375 REGIS
1347 327 1768 375 TRINAORIAE

770 399 850 444 ET
881 395 1078 442 REGIS
1106 393 1501 440 ARAGONUM.

877 473 985 509 13c1.
1026 471 1109 507 Mai.
1134 471 1312 507 1.—1u1.
1335 470 1395 506 30.

454 601 540 636 625.
581 599 756 644 Scriptum
782 598 870 642 reglis
901 597 1108 631 Trinacriae
1135 596 1183 630 ad
1207 606 1320 640 reqem
1346 595 1559 640 Arayonum.
1664 593 1757 630 Mai.
1778 596 1811 629 1.

418 673 578 714 Oriyinale
601 673 673 714 (or.)
697 672 733 703 in
755 671 913 703 tabulario
940 671 1023 711 rcyio
1046 669 1284 702 Barcinonensi
1310 668 1404 701 CRD
1426 669 1520 701 9874.
1567 668 1673 710 Siyilli
1695 668 1786 701 dorso
1814 668 1962 708 impressi
1991 680 2008 700 s

304 726 433 766 vestiyia
466 725 593 756 adsunt.
625 742 665 747 —
700 723 762 754 Ed.
786 722 891 754 Finke
913 723 1007 754 ‘Acta
1034 722 1270 762 Araqoownsff
1293 721 1316 753 I
1317 745 1325 759 ‚
1348 722 1414 752 373
1442 731 1492 752 nr.
1512 720 1576 752 251
1606 731 1646 753 ecc
1672 732 1717 753 or.
1778 719 1961 752 Editionem

303 777 482 818 repetimus.

415 836 465 878 Cf.
488 838 581 868 notas
603 835 622 867 l.
640 846 664 866 c.
688 834 732 866 ad
752 845 802 866 nr.
818 834 882 866 251
905 837 934 866 et
955 834 1029 866 252.

412 922 622 954 Serenissimo
647 921 781 963 principi
805 920 935 952 domino
952 919 1072 951 Iacobo
1088 919 1204 950 illustri
1226 920 1296 960 regi
1313 919 1501 961 Aragonum
1518 944 1525 951 .
1543 944 1550 951 .
1569 945 1574 951 .
1591 920 1682 951 fratri
1699 930 1756 951 suo
1845 919 1960 952 Fride-

303 976 387 1007 ricus
409 974 471 1006 Dei
494 975 603 1016 gracia
627 973 790 1004 Trinacrie
812 983 871 1004 rex
950 972 1096 1003 salutem.
1978 983 2008 1007 ω

413 1025 676 1057 Amantissimam
699 1024 935 1055 fraternitatem
959 1026 1099 1054 vestram
1123 1022 1284 1054 credimus
1306 1032 1370 1053 non
1393 1022 1514 1063 latere,
1541 1021 1680 1064 qualiter
1705 1024 1790 1055 inter
1815 1034 1874 1055 nos
1901 1033 1961 1065 pro

303 1078 410 1119 nobis,
448 1077 611 1117 fidelibus,
639 1075 775 1107 subditis
807 1078 839 1106 et
870 1074 1057 1106 valitoribus
1086 1074 1203 1105 nostris
1231 1084 1273 1105 ex
1301 1076 1394 1115 parte
1421 1085 1485 1105 una
1513 1077 1547 1105 et
1575 1075 1764 1117 magnificos
1796 1075 1962 1107 dominum

306 1129 427 1161 Canem
452 1129 491 1160 de
515 1128 546 1159 la
570 1128 680 1167 Scala,
709 1127 873 1158 dominum
896 1126 1063 1158 Matheum
1087 1125 1339 1166 Vicecomitem,
1370 1125 1535 1157 dominum
1558 1125 1763 1167 Raynaldum
1787 1126 1829 1158 de
1851 1126 1961 1158 Bona·-

305 1181 399 1212 colsis
423 1184 456 1211 et
479 1180 558 1211 alios
580 1179 704 1211 nobiles
732 1182 764 1210 et
792 1181 962 1220 magnates
994 1178 1058 1219 lige
1089 1177 1233 1219 parcium
1256 1177 1453 1209 Lombardie
1482 1188 1520 1209 ac
1549 1177 1719 1209 nonnullas
1748 1178 1961 1210 comunitates

303 1231 476 1264 earundem
501 1232 643 1272 parcium
667 1241 724 1272 pro
749 1242 794 1270 se,
818 1230 1004 1261 valitoribus
1028 1233 1061 1261 et
1083 1229 1219 1261 subditis
1243 1240 1353 1261 eorum
1379 1240 1420 1261 ex
1443 1230 1546 1261 altera
1569 1229 1806 1271 confederacio,
1828 1231 1904 1262 unio
1928 1232 1963 1262 et
1980 1241 2007 1262 ιι

303 1287 462 1326 perpetua
493 1284 640 1314 amicicia
670 1285 824 1323 tractate,
856 1283 934 1314 inite
965 1285 998 1313 et
1024 1282 1151 1313 firmate
1179 1282 1318 1313 fuerunt.
1378 1281 1499 1313 Verum
1528 1281 1695 1314 intellecto
1725 1292 1767 1314 ex
1797 1282 1962 1314 relacione

301 1336 488 1367 nunciorum
514 1335 591 1366 dicti
614 1334 735 1366 domini
751 1333 875 1365 Mathei
898 1334 991 1365 nobis
1015 1333 1154 1375 desuper
1170 1334 1438 1374 transmissorum,
1463 1333 1551 1375 quod
1566 1335 1790 1366 serenissimus
1813 1333 1963 1366 dominus

302 1387 493 1419 Fredericus
517 1387 548 1418 in
571 1397 683 1427 regem
699 1386 920 1417 Romanorum
938 1386 1071 1426 electus,
1095 1395 1195 1427 gener
1218 1388 1325 1417 vester
1348 1385 1546 1426 karissimus,
1570 1396 1672 1427 nepos
1693 1389 1813 1427 noster,
1836 1385 1963 1427 magni-

301 1439 397 1471 ficum
421 1439 584 1470 dominum
607 1438 791 1480 Lupoldum
824 1438 955 1469 fratrem
985 1439 1053 1469 eius
1081 1438 1113 1469 in
1137 1437 1312 1469 subsidium
1337 1437 1438 1479 partis
1462 1437 1580 1469 Guelfe
1603 1437 1802 1470 Lombardie
1825 1437 1964 1471 intendit

302 1492 517 1522 transmittere
542 1501 613 1522 cum
637 1493 724 1522 certo
748 1500 882 1521 numero
907 1490 1051 1532 equitum
1069 1493 1102 1521 et
1116 1489 1263 1531 peditum
1279 1491 1486 1529 armatorum,
1510 1489 1636 1531 ipsique
1659 1490 1767 1521 nuncii
1788 1500 1848 1521 nos
1862 1489 1962 1522 affec·
1981 1499 2008 1520 πο

303 1547 395 1574 tuose
418 1545 581 1584 rogarunt,
605 1545 640 1573 ut
662 1542 899 1573 fraternitatem
915 1545 1055 1573 vestram
1078 1541 1194 1573 nostris
1210 1541 1326 1573 litteris
1341 1551 1540 1582 rogaremus,
1565 1541 1652 1583 quod
1669 1541 1789 1573 dictum
1804 1551 1962 1583 generum

302 1598 442 1626 vestrum
467 1605 486 1625 a
509 1593 666 1626 mittendo
691 1593 811 1625 dictum
835 1593 999 1624 dominum
1023 1593 1157 1624 fratrem
1181 1603 1272 1624 suum
1295 1593 1327 1624 in
1350 1592 1527 1624 subsidium
1552 1592 1637 1624 dicte
1661 1593 1762 1634 partis
1785 1592 1903 1625 Guelfe
1926 1595 1964 1627 ut

303 1657 398 1687 supra
414 1645 576 1677 abstinere
593 1645 737 1686 deberet,
763 1655 802 1676 ea
818 1646 947 1676 racione
966 1645 1136 1676 dumtaxat
1151 1644 1238 1687 quod
1255 1644 1414 1676 dictorum
1429 1644 1584 1676 nobilium
1609 1645 1673 1687 lige
1690 1645 1790 1686 partis
1807 1644 1980 1677 Gibilline.

303 1698 446 1739 predicte
472 1697 662 1729 offensiones
686 1700 719 1729 et
743 1697 883 1739 dampna
906 1708 964 1728 nos
986 1697 1117 1729 racione
1140 1696 1286 1738 predicte
1309 1697 1441 1729 unitatis
1464 1697 1632 1729 afficerent
1654 1700 1688 1729 et
1709 1699 1843 1739 possent
1870 1696 1964 1728 nobis

302 1750 336 1780 in
358 1749 570 1791 preiudicium
592 1749 788 1789 redundare,
814 1749 854 1780 de
879 1760 941 1791 quo
968 1752 1055 1781 certe
1078 1752 1186 1781 vestra
1209 1748 1389 1781 reverenda
1416 1749 1600 1781 fraternitas
1623 1750 1739 1781 merito
1763 1748 1962 1790 condoleret,
1980 1755 2007 1775 ²⁸

304 1800 380 1832 dum
404 1804 511 1832 nostre
534 1801 749 1841 promocionis
773 1801 903 1842 fastigia
927 1804 960 1832 et
982 1801 1122 1833 honores
1145 1803 1252 1833 vestra
1275 1804 1468 1833 censeantur
1490 1802 1622 1843 propria
1646 1805 1680 1833 et
1703 1811 1720 1833 e
1745 1802 1905 1833 contrario
1928 1801 1963 1835 in

303 1853 455 1884 adversis
501 1852 667 1883 Dictorum
690 1853 800 1894 itaque
828 1853 1015 1884 nunciorum
1044 1852 1339 1895 supplicacionibus
1365 1853 1498 1894 auditis,
1529 1853 1782 1885 amantissimam
1810 1852 1963 1885 fraterni-

303 1907 404 1935 tatem
432 1907 571 1935 vestram
601 1905 757 1935 attencius
788 1904 1014 1946 deprecamur,
1047 1905 1197 1946 quatinus
1226 1905 1355 1936 domino
1386 1915 1506 1946 genero
1533 1908 1652 1944 vestro,
1681 1905 1742 1937 sibi
1765 1904 1962 1937 notificando

303 1956 461 1996 premissa
495 1956 608 1987 vestris
639 1956 767 1997 litteris,
802 1956 940 1988 suadere
970 1956 1076 1987 velitis
1110 1967 1248 1998 eumque
1282 1957 1386 1988 eciam
1416 1955 1602 1998 deprecari,
1640 1960 1676 1988 ut
1707 1957 1748 1989 ab
1778 1956 1964 1989 huiusmodi

304 2006 480 2048 prestando
505 2007 681 2038 subsidium
705 2008 789 2049 parti
806 2007 924 2039 Guelfe
949 2008 1094 2049 predicte
1119 2008 1382 2040 consideracione
1405 2009 1562 2050 premissa
1585 2019 1620 2040 se
1644 2008 1765 2041 debeat
1787 2009 1962 2041 abstinere.
1981 2013 2012 2035 ὓ

412 2066 486 2098 Dat.
511 2067 673 2106 Panormi,
698 2068 801 2109 primo
825 2068 934 2105 Madii,
958 2068 1036 2099 1111.
1062 2067 1258 2100 indiccionis.

653 2200 738 2235 696.
784 2200 997 2246 Responsum
1023 2201 1113 2246 reyis
1139 2201 1352 2246 Araqomt‘m.
1459 2201 1531 2236 Iul.
1552 2202 1609 2236 30.

415 2270 512 2310 Copia
537 2273 587 2312 (c.)
612 2273 724 2305 ibidem
752 2275 787 2306 in
809 2274 953 2315 Reqistro
976 2277 1041 2307 338
1059 2274 1116 2316 fol.
1133 2275 1185 2307 35.
1217 2293 1259 2298 —
1289 2275 1351 2308 Ed.
1368 2275 1472 2308 Finke
1495 2275 1515 2307 l.
1531 2286 1557 2307 c.
1574 2275 1608 2314 I,
1631 2276 1695 2307 375
1716 2286 1767 2308 nr.
1784 2276 1850 2309 252
1872 2287 1912 2310 ex
1935 2288 1962 2310 c.

307 2321 487 2353 Editionem
507 2324 683 2362 repet-imus.

416 2381 464 2420 Of.
487 2385 593 2414 notam
616 2384 634 2415 l.
651 2395 675 2417 c.
699 2389 728 2417 et
750 2387 793 2418 ad
814 2397 864 2419 nr.
879 2387 952 2418 253.
1980 2402 2012 2424 ιι

415 2471 555 2503 Litteras
578 2478 698 2506 vestras
721 2476 810 2516 duas,
834 2477 969 2508 alteram
987 2477 1109 2509 dudum
1134 2481 1167 2509 et
1189 2477 1326 2510 alteram
1350 2488 1432 2509 nunc
1446 2488 1514 2520 per
1536 2488 1667 2510 manum
1691 2480 1870 2511 communis
1885 2490 1964 2512 con—

306 2523 415 2554 siliarii
439 2523 554 2555 nobilis
577 2526 732 2557 Bernardi
756 2527 796 2558 de
814 2527 963 2559 Sorriano
987 2539 1084 2570 super
1108 2529 1192 2560 facto
1217 2540 1340 2570 eorum,
1365 2540 1422 2571 pro
1447 2529 1562 2571 quibus
1584 2530 1772 2572 postulastis
1796 2531 1961 2563 excellen-

306 2574 462 2605 tissimum
491 2576 667 2617 principem
690 2578 897 2610 Fredericum
921 2580 1141 2612 Romanorum
1169 2591 1281 2623 regem
1310 2592 1370 2623 per
1391 2592 1450 2612 nos
1478 2592 1577 2623 super
1606 2582 1800 2623 quibusdam
1823 2582 1961 2615 suadere

307 2625 436 2666 debere,
460 2637 518 2657 nos
541 2632 652 2659 noscat
668 2633 772 2660 vestra
796 2630 978 2662 fraternitas
995 2633 1157 2674 recepisse
1181 2636 1214 2665 et
1236 2633 1438 2664 intellexisse
1454 2633 1610 2675 plenarie,
1635 2644 1697 2675 que
1714 2633 1963 2666 continebantur

305 2676 337 2707 in
362 2677 417 2707 eis.
463 2678 515 2709 Ad
546 2690 607 2720 que
636 2680 743 2711 taliter
770 2682 1015 2724 respondemus,
1045 2685 1131 2725 quod
1161 2684 1237 2716 licet
1261 2685 1316 2716 diu
1343 2688 1393 2717 est
1421 2685 1462 2716 de
1491 2685 1565 2727 illis,
1597 2696 1656 2727 pro
1692 2686 1807 2727 quibus
1836 2687 1962 2718 litteras
1979 2699 2014 2720 aa

307 2727 501 2769 destinastis,
524 2731 555 2760 in
578 2730 638 2761 hiis
654 2732 796 2772 partibus
820 2733 915 2764 fuerit
937 2745 1041 2766 sermo
1066 2735 1179 2777 factus,
1204 2739 1348 2768 attamen
1371 2736 1576 2779 postmodum
1600 2737 1792 2779 quibusdam
1814 2737 1961 2770 referen-
2004 2754 2008 2771 1

306 2778 391 2810 tibus
414 2779 584 2823 fidedignis
614 2783 792 2814 andivimus
819 2785 916 2815 nichil
947 2796 1030 2827 esse,
1063 2787 1172 2829 sicque
1197 2798 1294 2820 causa
1323 2791 1469 2821 cessante
1500 2790 1696 2821 cessavimus
1724 2789 1903 2832 procedere
1929 2789 1964 2821 in
