<?xml version="1.0" encoding="UTF-8"?>
<!DOCTYPE html PUBLIC "-//W3C//DTD XHTML 1.0 Transitional//EN"
    "http://www.w3.org/TR/xhtml1/DTD/xhtml1-transitional.dtd">
<html xmlns="http://www.w3.org/1999/xhtml" xml:lang="en" lang="en">
 <head>
  <title>
</title>
<meta http-equiv="Content-Type" content="text/html;charset=utf-8" />
  <meta name='ocr-system' content='tesseract 3.04.00' />
  <meta name='ocr-capabilities' content='ocr_page ocr_carea ocr_par ocr_line ocrx_word'/>
</head>
<body>
  <div class='ocr_page' id='page_1' title='image "./monumentagerma05geseuoft_0726.png"; bbox 0 0 2184 3126; ppageno 0'>
   <div class='ocr_carea' id='block_1_1' title="bbox 318 179 1690 225">
    <p class='ocr_par' dir='ltr' id='par_1_1' title="bbox 318 179 1690 225">
     <span class='ocr_line' id='line_1_1' title="bbox 318 179 1690 225; baseline -0.014 0"><span class='ocrx_word' id='word_1_1' title='bbox 318 195 380 225; x_wconf 75' lang='grc'>686</span> <span class='ocrx_word' id='word_1_2' title='bbox 592 188 687 215; x_wconf 77' lang='lat' dir='ltr'>ACTA</span> <span class='ocrx_word' id='word_1_3' title='bbox 707 187 818 214; x_wconf 85' lang='lat' dir='ltr'>REGNI</span> <span class='ocrx_word' id='word_1_4' title='bbox 838 184 1019 212; x_wconf 82' lang='lat' dir='ltr'>LUDEWICI</span> <span class='ocrx_word' id='word_1_5' title='bbox 1038 183 1086 210; x_wconf 84' lang='lat' dir='ltr'>IV.</span> <span class='ocrx_word' id='word_1_6' title='bbox 1104 182 1151 209; x_wconf 88' lang='grc' dir='ltr'>ΕΤ</span> <span class='ocrx_word' id='word_1_7' title='bbox 1170 181 1354 209; x_wconf 82' lang='lat' dir='ltr'>FRIDERICI</span> <span class='ocrx_word' id='word_1_8' title='bbox 1371 181 1420 208; x_wconf 92' lang='lat'>111.</span> <span class='ocrx_word' id='word_1_9' title='bbox 1458 181 1533 208; x_wconf 81' lang='lat'>1324.</span> <span class='ocrx_word' id='word_1_10' title='bbox 1568 180 1617 206; x_wconf 84' lang='lat' dir='ltr'>Nr.</span> <span class='ocrx_word' id='word_1_11' title='bbox 1630 179 1690 207; x_wconf 84' lang='lat'>874.</span> 
     </span>
    </p>
   </div>
   <div class='ocr_carea' id='block_1_2' title="bbox 348 329 1944 470">
    <p class='ocr_par' dir='ltr' id='par_1_2' title="bbox 348 329 1944 470">
     <span class='ocr_line' id='line_1_2' title="bbox 783 329 1505 379; baseline -0.008 0"><span class='ocrx_word' id='word_1_12' title='bbox 783 333 1034 379; x_wconf 73' lang='lat'>874—879.</span> <span class='ocrx_word' id='word_1_13' title='bbox 1082 330 1384 378; x_wconf 86' lang='lat' dir='ltr'><strong>SCRIPTA</strong></span> <span class='ocrx_word' id='word_1_14' title='bbox 1411 329 1505 374; x_wconf 92' lang='lat' dir='ltr'>AD</span> 
     </span>
     <span class='ocr_line' id='line_1_3' title="bbox 348 396 1944 470; baseline -0.006 -18"><span class='ocrx_word' id='word_1_15' title='bbox 348 404 736 452; x_wconf 83' lang='lat' dir='ltr'><strong>ECCLESIAM</strong></span> <span class='ocrx_word' id='word_1_16' title='bbox 772 397 1452 447; x_wconf 80' lang='lat' dir='ltr'><strong>MAGDEBURGENSEM</strong></span> <span class='ocrx_word' id='word_1_17' title='bbox 1490 396 1944 470; x_wconf 86' lang='lat' dir='ltr'><strong>SPECTANTIA.</strong></span> 
     </span>
    </p>
   </div>
   <div class='ocr_carea' id='block_1_3' title="bbox 866 483 1418 528">
    <p class='ocr_par' dir='ltr' id='par_1_3' title="bbox 866 483 1418 528">
     <span class='ocr_line' id='line_1_4' title="bbox 866 483 1418 528; baseline -0.005 -6"><span class='ocrx_word' id='word_1_18' title='bbox 866 486 973 522; x_wconf 68' lang='lat'>1324.</span> <span class='ocrx_word' id='word_1_19' title='bbox 1011 486 1117 521; x_wconf 81' lang='lat' dir='ltr'>Mart.</span> <span class='ocrx_word' id='word_1_20' title='bbox 1139 483 1336 528; x_wconf 89' lang='lat' dir='ltr'>8.—Apr.</span> <span class='ocrx_word' id='word_1_21' title='bbox 1358 483 1418 519; x_wconf 88' lang='lat'>30.</span> 
     </span>
    </p>
   </div>
   <div class='ocr_carea' id='block_1_4' title="bbox 486 603 2015 711">
    <p class='ocr_par' dir='ltr' id='par_1_4' title="bbox 486 603 2015 711">
     <span class='ocr_line' id='line_1_5' title="bbox 486 603 1799 651; baseline -0.005 -7"><span class='ocrx_word' id='word_1_22' title='bbox 486 609 571 644; x_wconf 78' lang='lat'>874.</span> <span class='ocrx_word' id='word_1_23' title='bbox 612 608 783 644; x_wconf 76' lang='lat' dir='ltr'><em>Iohannis</em></span> <span class='ocrx_word' id='word_1_24' title='bbox 809 606 938 641; x_wconf 90' lang='lat' dir='ltr'><em>XXII.</em></span> <span class='ocrx_word' id='word_1_25' title='bbox 960 617 1078 651; x_wconf 75' lang='lat' dir='ltr'>papae</span> <span class='ocrx_word' id='word_1_26' title='bbox 1104 605 1305 639; x_wconf 77' lang='lat' dir='ltr'>mandatum</span> <span class='ocrx_word' id='word_1_27' title='bbox 1331 615 1435 648; x_wconf 77' lang='lat' dir='ltr'>super</span> <span class='ocrx_word' id='word_1_28' title='bbox 1461 604 1614 639; x_wconf 76' lang='lat' dir='ltr'>inimicis</span> <span class='ocrx_word' id='word_1_29' title='bbox 1640 603 1799 639; x_wconf 79' lang='lat' dir='ltr'>ecclesiae</span> 
     </span>
     <span class='ocr_line' id='line_1_6' title="bbox 778 663 2015 711; baseline -0.005 -9"><span class='ocrx_word' id='word_1_30' title='bbox 778 665 1095 711; x_wconf 69' lang='lat' dir='ltr'>szdebmyensis.</span> <span class='ocrx_word' id='word_1_31' title='bbox 1199 665 1310 699; x_wconf 77' lang='lat'><strong><em>1324.</em></strong></span> <span class='ocrx_word' id='word_1_32' title='bbox 1346 663 1458 698; x_wconf 81' lang='lat' dir='ltr'>Mart.</span> <span class='ocrx_word' id='word_1_33' title='bbox 1478 665 1513 698; x_wconf 85' lang='lat'>8.</span> <span class='ocrx_word' id='word_1_34' title='bbox 2001 676 2015 696; x_wconf 67' lang='grc' dir='ltr'><strong>ι</strong></span> 
     </span>
    </p>
   </div>
   <div class='ocr_carea' id='block_1_5' title="bbox 319 737 1972 833">
    <p class='ocr_par' dir='ltr' id='par_1_5' title="bbox 319 737 1972 833">
     <span class='ocr_line' id='line_1_7' title="bbox 429 737 1972 782; baseline -0.003 -8"><span class='ocrx_word' id='word_1_35' title='bbox 429 743 526 782; x_wconf 76' lang='lat' dir='ltr'>Copia</span> <span class='ocrx_word' id='word_1_36' title='bbox 543 744 594 782; x_wconf 91' lang='lat' dir='ltr'>(c.)</span> <span class='ocrx_word' id='word_1_37' title='bbox 619 742 654 774; x_wconf 76' lang='lat' dir='ltr'>in</span> <span class='ocrx_word' id='word_1_38' title='bbox 668 741 872 782; x_wconf 75' lang='lat' dir='ltr'>Reyestormn</span> <span class='ocrx_word' id='word_1_39' title='bbox 893 740 1047 772; x_wconf 79' lang='lat' dir='ltr'>tabula-rii</span> <span class='ocrx_word' id='word_1_40' title='bbox 1064 739 1214 770; x_wconf 78' lang='lat' dir='ltr'>Vaticani</span> <span class='ocrx_word' id='word_1_41' title='bbox 1234 741 1304 770; x_wconf 75' lang='lat' dir='ltr'>tom.</span> <span class='ocrx_word' id='word_1_42' title='bbox 1317 739 1358 768; x_wconf 86' lang='lat'>76</span> <span class='ocrx_word' id='word_1_43' title='bbox 1373 737 1428 776; x_wconf 84' lang='lat' dir='ltr'>sol.</span> <span class='ocrx_word' id='word_1_44' title='bbox 1442 738 1507 769; x_wconf 79' lang='lat'>240</span> <span class='ocrx_word' id='word_1_45' title='bbox 1521 747 1571 769; x_wconf 82' lang='lat' dir='ltr'>nr.</span> <span class='ocrx_word' id='word_1_46' title='bbox 1586 738 1660 770; x_wconf 80' lang='lat'><em>721.</em></span> <span class='ocrx_word' id='word_1_47' title='bbox 1683 756 1724 762; x_wconf 87' lang='lat'>—-</span> <span class='ocrx_word' id='word_1_48' title='bbox 1747 737 1810 770; x_wconf 78' lang='lat' dir='ltr'>Ed.</span> <span class='ocrx_word' id='word_1_49' title='bbox 1828 737 1972 770; x_wconf 75' lang='lat' dir='ltr'><strong><em>Schmidt</em></strong></span> 
     </span>
     <span class='ocr_line' id='line_1_8' title="bbox 319 789 1444 833; baseline -0.004 -9"><span class='ocrx_word' id='word_1_50' title='bbox 319 794 382 826; x_wconf 81' lang='lat' dir='ltr'>loco</span> <span class='ocrx_word' id='word_1_51' title='bbox 404 804 504 833; x_wconf 77' lang='lat' dir='ltr'>supra</span> <span class='ocrx_word' id='word_1_52' title='bbox 526 794 620 825; x_wconf 68' lang='lat' dir='ltr'>citato</span> <span class='ocrx_word' id='word_1_53' title='bbox 637 794 752 832; x_wconf 73' lang='lat' dir='ltr'>p.143</span> <span class='ocrx_word' id='word_1_54' title='bbox 774 802 823 823; x_wconf 81' lang='lat' dir='ltr'>nr.</span> <span class='ocrx_word' id='word_1_55' title='bbox 841 792 904 823; x_wconf 85' lang='lat'>150</span> <span class='ocrx_word' id='word_1_56' title='bbox 926 802 965 823; x_wconf 77' lang='lat' dir='ltr'>cx</span> <span class='ocrx_word' id='word_1_57' title='bbox 988 801 1014 822; x_wconf 92' lang='lat' dir='ltr'>c.</span> <span class='ocrx_word' id='word_1_58' title='bbox 1060 790 1243 822; x_wconf 76' lang='lat' dir='ltr'>Editionem</span> <span class='ocrx_word' id='word_1_59' title='bbox 1265 789 1444 829; x_wconf 79' lang='lat' dir='ltr'>repetimus.</span> 
     </span>
    </p>
   </div>
   <div class='ocr_carea' id='block_1_6' title="bbox 318 848 1971 944">
    <p class='ocr_par' dir='ltr' id='par_1_6' title="bbox 318 848 1971 944">
     <span class='ocr_line' id='line_1_9' title="bbox 424 848 1971 894; baseline -0.002 -9"><span class='ocrx_word' id='word_1_60' title='bbox 424 854 500 894; x_wconf 74' lang='lat' dir='ltr'>Req.</span> <span class='ocrx_word' id='word_1_61' title='bbox 517 853 620 885; x_wconf 76' lang='lat' dir='ltr'>Lo‘her</span> <span class='ocrx_word' id='word_1_62' title='bbox 643 853 663 884; x_wconf 79' lang='lat' dir='ltr'>l.</span> <span class='ocrx_word' id='word_1_63' title='bbox 679 863 705 884; x_wconf 83' lang='lat' dir='ltr'>c.</span> <span class='ocrx_word' id='word_1_64' title='bbox 721 863 758 892; x_wconf 75' lang='lat' dir='ltr'>p.</span> <span class='ocrx_word' id='word_1_65' title='bbox 774 851 838 883; x_wconf 79' lang='lat'>254</span> <span class='ocrx_word' id='word_1_66' title='bbox 853 862 903 884; x_wconf 76' lang='lat' dir='ltr'>nr.</span> <span class='ocrx_word' id='word_1_67' title='bbox 918 851 1000 890; x_wconf 87' lang='lat'><strong><em>195‚·</em></strong></span> <span class='ocrx_word' id='word_1_68' title='bbox 1023 849 1317 890; x_wconf 77' lang='lat' dir='ltr'>Prcyer-Reinkcns</span> <span class='ocrx_word' id='word_1_69' title='bbox 1333 859 1369 889; x_wconf 79' lang='lat' dir='ltr'>p.</span> <span class='ocrx_word' id='word_1_70' title='bbox 1382 850 1447 881; x_wconf 80' lang='lat'>268</span> <span class='ocrx_word' id='word_1_71' title='bbox 1465 859 1516 880; x_wconf 83' lang='lat' dir='ltr'>nr.</span> <span class='ocrx_word' id='word_1_72' title='bbox 1529 849 1611 888; x_wconf 82' lang='lat'><em>166;</em></span> <span class='ocrx_word' id='word_1_73' title='bbox 1633 848 1759 882; x_wconf 75' lang='lat' dir='ltr'>Riezler</span> <span class='ocrx_word' id='word_1_74' title='bbox 1780 849 1799 882; x_wconf 85' lang='lat' dir='ltr'>l.</span> <span class='ocrx_word' id='word_1_75' title='bbox 1812 860 1838 881; x_wconf 85' lang='lat' dir='ltr'>c.</span> <span class='ocrx_word' id='word_1_76' title='bbox 1854 860 1890 890; x_wconf 80' lang='lat' dir='ltr'>p.</span> <span class='ocrx_word' id='word_1_77' title='bbox 1908 852 1971 883; x_wconf 77' lang='lat'>174</span> 
     </span>
     <span class='ocr_line' id='line_1_10' title="bbox 318 899 1902 944; baseline -0.003 -7"><span class='ocrx_word' id='word_1_78' title='bbox 318 916 367 937; x_wconf 72' lang='lat' dir='ltr'>nr.</span> <span class='ocrx_word' id='word_1_79' title='bbox 383 907 466 944; x_wconf 81' lang='lat'>351,·</span> <span class='ocrx_word' id='word_1_80' title='bbox 488 905 669 937; x_wconf 76' lang='lat' dir='ltr'>Sauerland</span> <span class='ocrx_word' id='word_1_81' title='bbox 691 904 880 937; x_wconf 76' lang='lat' dir='ltr'>‘Urkunden</span> <span class='ocrx_word' id='word_1_82' title='bbox 903 903 971 935; x_wconf 78' lang='lat' dir='ltr'>und</span> <span class='ocrx_word' id='word_1_83' title='bbox 993 902 1163 943; x_wconf 72' lang='lat' dir='ltr'>Reyesten’</span> <span class='ocrx_word' id='word_1_84' title='bbox 1186 902 1215 940; x_wconf 88' lang='lat' dir='ltr'>I,</span> <span class='ocrx_word' id='word_1_85' title='bbox 1238 902 1303 932; x_wconf 85' lang='lat'>307</span> <span class='ocrx_word' id='word_1_86' title='bbox 1324 910 1374 932; x_wconf 78' lang='lat' dir='ltr'>nr.</span> <span class='ocrx_word' id='word_1_87' title='bbox 1391 901 1470 939; x_wconf 81' lang='lat'><em>657;</em></span> <span class='ocrx_word' id='word_1_88' title='bbox 1492 899 1610 932; x_wconf 78' lang='lat' dir='ltr'>Mollat</span> <span class='ocrx_word' id='word_1_89' title='bbox 1631 900 1650 932; x_wconf 81' lang='lat' dir='ltr'>l.</span> <span class='ocrx_word' id='word_1_90' title='bbox 1666 911 1694 932; x_wconf 86' lang='lat' dir='ltr'>c.</span> <span class='ocrx_word' id='word_1_91' title='bbox 1716 911 1766 933; x_wconf 83' lang='lat' dir='ltr'>nr.</span> <span class='ocrx_word' id='word_1_92' title='bbox 1779 901 1902 934; x_wconf 84' lang='lat'><strong><em>19112.</em></strong></span> 
     </span>
    </p>
   </div>
   <div class='ocr_carea' id='block_1_7' title="bbox 430 965 2015 1005">
    <p class='ocr_par' dir='ltr' id='par_1_7' title="bbox 430 965 2015 1005">
     <span class='ocr_line' id='line_1_11' title="bbox 430 965 2015 1005; baseline -0.005 -8"><span class='ocrx_word' id='word_1_93' title='bbox 430 965 479 1005; x_wconf 83' lang='lat' dir='ltr'>Cf.</span> <span class='ocrx_word' id='word_1_94' title='bbox 502 975 600 1005; x_wconf 75' lang='lat' dir='ltr'>supra</span> <span class='ocrx_word' id='word_1_95' title='bbox 622 976 671 996; x_wconf 80' lang='lat' dir='ltr'>nr.</span> <span class='ocrx_word' id='word_1_96' title='bbox 689 966 761 996; x_wconf 82' lang='lat'><strong><em>815.</em></strong></span> <span class='ocrx_word' id='word_1_97' title='bbox 1987 969 2015 989; x_wconf 81' lang='grc' dir='ltr'>ιο</span> 
     </span>
    </p>
   </div>
   <div class='ocr_carea' id='block_1_8' title="bbox 271 1055 2024 2697">
    <p class='ocr_par' dir='ltr' id='par_1_8' title="bbox 271 1055 2024 2697">
     <span class='ocr_line' id='line_1_12' title="bbox 425 1055 1972 1098; baseline -0.002 -7"><span class='ocrx_word' id='word_1_98' title='bbox 425 1060 562 1091; x_wconf 89' lang='lat' dir='ltr'>Dilectis</span> <span class='ocrx_word' id='word_1_99' title='bbox 583 1060 656 1091; x_wconf 87' lang='lat' dir='ltr'>filiis</span> <span class='ocrx_word' id='word_1_100' title='bbox 680 1083 685 1090; x_wconf 93' lang='lat'>.</span> <span class='ocrx_word' id='word_1_101' title='bbox 707 1083 714 1089; x_wconf 92' lang='lat'>.</span> <span class='ocrx_word' id='word_1_102' title='bbox 730 1057 987 1090; x_wconf 84' lang='lat' dir='ltr'>Hildesemensis</span> <span class='ocrx_word' id='word_1_103' title='bbox 1010 1060 1043 1088; x_wconf 90' lang='lat' dir='ltr'>et</span> <span class='ocrx_word' id='word_1_104' title='bbox 1058 1080 1065 1087; x_wconf 89' lang='lat'><strong><em>.</em></strong></span> <span class='ocrx_word' id='word_1_105' title='bbox 1083 1080 1090 1087; x_wconf 90' lang='lat'><strong>.</strong></span> <span class='ocrx_word' id='word_1_106' title='bbox 1115 1055 1223 1087; x_wconf 81' lang='lat' dir='ltr'>Sancti</span> <span class='ocrx_word' id='word_1_107' title='bbox 1246 1055 1378 1088; x_wconf 86' lang='lat' dir='ltr'>Andree</span> <span class='ocrx_word' id='word_1_108' title='bbox 1403 1055 1534 1087; x_wconf 86' lang='lat' dir='ltr'>decanis</span> <span class='ocrx_word' id='word_1_109' title='bbox 1557 1065 1596 1087; x_wconf 76' lang='lat' dir='ltr'>ac</span> <span class='ocrx_word' id='word_1_110' title='bbox 1618 1080 1648 1087; x_wconf 93' lang='lat'>..</span> <span class='ocrx_word' id='word_1_111' title='bbox 1672 1055 1838 1098; x_wconf 85' lang='lat' dir='ltr'>preposito</span> <span class='ocrx_word' id='word_1_112' title='bbox 1861 1055 1972 1089; x_wconf 82' lang='lat' dir='ltr'>Sancti</span> 
     </span>
     <span class='ocr_line' id='line_1_13' title="bbox 319 1110 1790 1153; baseline -0.005 -10"><span class='ocrx_word' id='word_1_113' title='bbox 319 1112 462 1144; x_wconf 83' lang='lat' dir='ltr'>Severini</span> <span class='ocrx_word' id='word_1_114' title='bbox 487 1111 687 1143; x_wconf 83' lang='lat' dir='ltr'>Coloniensis</span> <span class='ocrx_word' id='word_1_115' title='bbox 711 1110 928 1142; x_wconf 87' lang='lat' dir='ltr'>ecclesiarum.</span> <span class='ocrx_word' id='word_1_116' title='bbox 1786 1147 1790 1153; x_wconf 37' lang='grc' dir='ltr'><strong><em>Ι</em></strong></span> 
     </span>
     <span class='ocr_line' id='line_1_14' title="bbox 429 1158 1974 1202; baseline -0.001 -9"><span class='ocrx_word' id='word_1_117' title='bbox 429 1166 454 1194; x_wconf 88' lang='grc'>1.</span> <span class='ocrx_word' id='word_1_118' title='bbox 489 1162 656 1194; x_wconf 77' lang='lat' dir='ltr'>Generalis</span> <span class='ocrx_word' id='word_1_119' title='bbox 684 1161 820 1193; x_wconf 84' lang='lat' dir='ltr'>ecclesie</span> <span class='ocrx_word' id='word_1_120' title='bbox 855 1161 1003 1202; x_wconf 89' lang='lat' dir='ltr'>regimini</span> <span class='ocrx_word' id='word_1_121' title='bbox 1033 1160 1223 1201; x_wconf 77' lang='lat' dir='ltr'>disponente</span> <span class='ocrx_word' id='word_1_122' title='bbox 1252 1159 1393 1191; x_wconf 86' lang='lat' dir='ltr'>Domino</span> <span class='ocrx_word' id='word_1_123' title='bbox 1427 1158 1629 1201; x_wconf 79' lang='lat' dir='ltr'>presidentes</span> <span class='ocrx_word' id='word_1_124' title='bbox 1662 1158 1795 1201; x_wconf 85' lang='lat' dir='ltr'>singulis</span> <span class='ocrx_word' id='word_1_125' title='bbox 1826 1159 1974 1192; x_wconf 80' lang='lat' dir='ltr'>ecclesiis</span> 
     </span>
     <span class='ocr_line' id='line_1_15' title="bbox 319 1210 1972 1255; baseline -0.001 -9"><span class='ocrx_word' id='word_1_126' title='bbox 319 1224 494 1255; x_wconf 85' lang='lat' dir='ltr'>carumque</span> <span class='ocrx_word' id='word_1_127' title='bbox 517 1213 664 1255; x_wconf 86' lang='lat' dir='ltr'>prelatis,</span> <span class='ocrx_word' id='word_1_128' title='bbox 693 1223 764 1244; x_wconf 90' lang='lat' dir='ltr'>cum</span> <span class='ocrx_word' id='word_1_129' title='bbox 795 1212 977 1244; x_wconf 85' lang='lat' dir='ltr'>afficiuntur</span> <span class='ocrx_word' id='word_1_130' title='bbox 1002 1212 1126 1243; x_wconf 88' lang='lat' dir='ltr'>iniuriis</span> <span class='ocrx_word' id='word_1_131' title='bbox 1156 1215 1189 1243; x_wconf 84' lang='lat' dir='ltr'>et</span> <span class='ocrx_word' id='word_1_132' title='bbox 1215 1211 1373 1243; x_wconf 89' lang='lat' dir='ltr'>molestiis</span> <span class='ocrx_word' id='word_1_133' title='bbox 1400 1211 1577 1252; x_wconf 78' lang='lat' dir='ltr'>agitantur,</span> <span class='ocrx_word' id='word_1_134' title='bbox 1608 1210 1767 1243; x_wconf 90' lang='lat' dir='ltr'>debemus</span> <span class='ocrx_word' id='word_1_135' title='bbox 1793 1211 1972 1253; x_wconf 80' lang='lat' dir='ltr'>apostolico</span> 
     </span>
     <span class='ocr_line' id='line_1_16' title="bbox 318 1261 2018 1308; baseline -0.001 -11"><span class='ocrx_word' id='word_1_136' title='bbox 318 1266 526 1308; x_wconf 87' lang='lat' dir='ltr'>protectionis</span> <span class='ocrx_word' id='word_1_137' title='bbox 548 1264 687 1307; x_wconf 84' lang='lat' dir='ltr'>presidio</span> <span class='ocrx_word' id='word_1_138' title='bbox 711 1263 889 1305; x_wconf 87' lang='lat' dir='ltr'>suffragari,</span> <span class='ocrx_word' id='word_1_139' title='bbox 920 1267 955 1295; x_wconf 89' lang='lat' dir='ltr'>ut</span> <span class='ocrx_word' id='word_1_140' title='bbox 979 1266 1111 1295; x_wconf 87' lang='lat' dir='ltr'>conatus</span> <span class='ocrx_word' id='word_1_141' title='bbox 1139 1263 1287 1305; x_wconf 89' lang='lat' dir='ltr'>nepharii</span> <span class='ocrx_word' id='word_1_142' title='bbox 1320 1265 1566 1304; x_wconf 78' lang='lat' dir='ltr'>compescantur</span> <span class='ocrx_word' id='word_1_143' title='bbox 1597 1272 1635 1294; x_wconf 81' lang='lat' dir='ltr'>ao</span> <span class='ocrx_word' id='word_1_144' title='bbox 1662 1263 1740 1304; x_wconf 89' lang='lat' dir='ltr'>ipsis</span> <span class='ocrx_word' id='word_1_145' title='bbox 1767 1261 1913 1294; x_wconf 89' lang='lat' dir='ltr'>ecclesiis</span> <span class='ocrx_word' id='word_1_146' title='bbox 1939 1265 1973 1294; x_wconf 88' lang='lat' dir='ltr'>et</span> <span class='ocrx_word' id='word_1_147' title='bbox 1991 1275 2018 1295; x_wconf 73' lang='grc' dir='ltr'>ιι</span> 
     </span>
     <span class='ocr_line' id='line_1_17' title="bbox 318 1314 1974 1360; baseline -0.002 -11"><span class='ocrx_word' id='word_1_148' title='bbox 318 1318 450 1360; x_wconf 87' lang='lat' dir='ltr'>prelatis</span> <span class='ocrx_word' id='word_1_149' title='bbox 476 1318 508 1347; x_wconf 92' lang='lat' dir='ltr'>in</span> <span class='ocrx_word' id='word_1_150' title='bbox 531 1316 595 1347; x_wconf 92' lang='lat' dir='ltr'>suis</span> <span class='ocrx_word' id='word_1_151' title='bbox 623 1316 714 1347; x_wconf 90' lang='lat' dir='ltr'>bonis</span> <span class='ocrx_word' id='word_1_152' title='bbox 746 1315 867 1346; x_wconf 88' lang='lat' dir='ltr'>iuribus</span> <span class='ocrx_word' id='word_1_153' title='bbox 896 1319 929 1347; x_wconf 90' lang='lat' dir='ltr'>et</span> <span class='ocrx_word' id='word_1_154' title='bbox 956 1315 1160 1346; x_wconf 82' lang='lat' dir='ltr'>libertatibus</span> <span class='ocrx_word' id='word_1_155' title='bbox 1188 1317 1356 1346; x_wconf 82' lang='lat' dir='ltr'>remaneat</span> <span class='ocrx_word' id='word_1_156' title='bbox 1383 1314 1474 1356; x_wconf 84' lang='lat' dir='ltr'>pacis</span> <span class='ocrx_word' id='word_1_157' title='bbox 1504 1315 1662 1346; x_wconf 81' lang='lat' dir='ltr'>amenitas</span> <span class='ocrx_word' id='word_1_158' title='bbox 1691 1317 1725 1346; x_wconf 85' lang='lat' dir='ltr'>et</span> <span class='ocrx_word' id='word_1_159' title='bbox 1751 1314 1830 1346; x_wconf 83' lang='lat' dir='ltr'>assit</span> <span class='ocrx_word' id='word_1_160' title='bbox 1856 1324 1974 1346; x_wconf 80' lang='lat' dir='ltr'>amena</span> 
     </span>
     <span class='ocr_line' id='line_1_18' title="bbox 318 1365 1973 1411; baseline -0.001 -11"><span class='ocrx_word' id='word_1_161' title='bbox 318 1369 532 1411; x_wconf 84' lang='lat' dir='ltr'>tranquillitas</span> <span class='ocrx_word' id='word_1_162' title='bbox 561 1368 724 1399; x_wconf 82' lang='lat' dir='ltr'>duratura.</span> <span class='ocrx_word' id='word_1_163' title='bbox 774 1367 839 1398; x_wconf 92' lang='lat' dir='ltr'>Pro</span> <span class='ocrx_word' id='word_1_164' title='bbox 868 1370 959 1408; x_wconf 90' lang='lat' dir='ltr'>parte</span> <span class='ocrx_word' id='word_1_165' title='bbox 990 1367 1148 1408; x_wconf 86' lang='lat' dir='ltr'>siquidem</span> <span class='ocrx_word' id='word_1_166' title='bbox 1178 1366 1373 1398; x_wconf 87' lang='lat' dir='ltr'>venerabilis</span> <span class='ocrx_word' id='word_1_167' title='bbox 1400 1365 1507 1398; x_wconf 83' lang='lat' dir='ltr'>fratris</span> <span class='ocrx_word' id='word_1_168' title='bbox 1534 1366 1634 1398; x_wconf 84' lang='lat' dir='ltr'>nostri</span> <span class='ocrx_word' id='word_1_169' title='bbox 1661 1365 1840 1398; x_wconf 83' lang='lat' dir='ltr'>Borchardi</span> <span class='ocrx_word' id='word_1_170' title='bbox 1867 1366 1973 1398; x_wconf 83' lang='lat' dir='ltr'>archi-</span> 
     </span>
     <span class='ocr_line' id='line_1_19' title="bbox 320 1417 1974 1462; baseline -0.001 -10"><span class='ocrx_word' id='word_1_171' title='bbox 320 1421 462 1462; x_wconf 88' lang='lat' dir='ltr'>cpiscopi</span> <span class='ocrx_word' id='word_1_172' title='bbox 485 1418 776 1461; x_wconf 85' lang='lat' dir='ltr'>Magdeburgensis</span> <span class='ocrx_word' id='word_1_173' title='bbox 799 1422 908 1450; x_wconf 88' lang='lat' dir='ltr'>nostro</span> <span class='ocrx_word' id='word_1_174' title='bbox 937 1418 996 1450; x_wconf 86' lang='lat' dir='ltr'>fuit</span> <span class='ocrx_word' id='word_1_175' title='bbox 1019 1418 1215 1460; x_wconf 86' lang='lat' dir='ltr'>apostolatui</span> <span class='ocrx_word' id='word_1_176' title='bbox 1238 1417 1424 1459; x_wconf 79' lang='lat' dir='ltr'>reseratum,</span> <span class='ocrx_word' id='word_1_177' title='bbox 1449 1417 1535 1459; x_wconf 92' lang='lat' dir='ltr'>quod</span> <span class='ocrx_word' id='word_1_178' title='bbox 1558 1428 1632 1449; x_wconf 87' lang='lat' dir='ltr'>cum</span> <span class='ocrx_word' id='word_1_179' title='bbox 1654 1417 1772 1449; x_wconf 89' lang='lat' dir='ltr'>nobilis</span> <span class='ocrx_word' id='word_1_180' title='bbox 1794 1418 1842 1450; x_wconf 84' lang='lat' dir='ltr'>vir</span> <span class='ocrx_word' id='word_1_181' title='bbox 1863 1418 1974 1450; x_wconf 88' lang='lat' dir='ltr'>Ludo-</span> 
     </span>
     <span class='ocr_line' id='line_1_20' title="bbox 320 1468 1979 1512; baseline -0.001 -9"><span class='ocrx_word' id='word_1_182' title='bbox 320 1474 415 1504; x_wconf 86' lang='lat' dir='ltr'>wicus</span> <span class='ocrx_word' id='word_1_183' title='bbox 445 1471 510 1502; x_wconf 87' lang='lat' dir='ltr'>dux</span> <span class='ocrx_word' id='word_1_184' title='bbox 539 1471 691 1511; x_wconf 82' lang='lat' dir='ltr'>Bavarie,</span> <span class='ocrx_word' id='word_1_185' title='bbox 725 1471 777 1512; x_wconf 90' lang='lat' dir='ltr'>qui</span> <span class='ocrx_word' id='word_1_186' title='bbox 801 1481 835 1502; x_wconf 90' lang='lat' dir='ltr'>se</span> <span class='ocrx_word' id='word_1_187' title='bbox 860 1470 941 1501; x_wconf 84' lang='lat' dir='ltr'>dixit</span> <span class='ocrx_word' id='word_1_188' title='bbox 966 1470 998 1501; x_wconf 89' lang='lat' dir='ltr'>in</span> <span class='ocrx_word' id='word_1_189' title='bbox 1027 1480 1137 1512; x_wconf 86' lang='lat' dir='ltr'>regem</span> <span class='ocrx_word' id='word_1_190' title='bbox 1161 1469 1382 1501; x_wconf 86' lang='lat' dir='ltr'>Romanorum</span> <span class='ocrx_word' id='word_1_191' title='bbox 1412 1468 1561 1510; x_wconf 89' lang='lat' dir='ltr'>electum,</span> <span class='ocrx_word' id='word_1_192' title='bbox 1591 1472 1702 1500; x_wconf 85' lang='lat' dir='ltr'>contra</span> <span class='ocrx_word' id='word_1_193' title='bbox 1724 1469 1845 1501; x_wconf 89' lang='lat' dir='ltr'>dictum</span> <span class='ocrx_word' id='word_1_194' title='bbox 1869 1469 1979 1502; x_wconf 55' lang='lat' dir='ltr'>archi«</span> 
     </span>
     <span class='ocr_line' id='line_1_21' title="bbox 321 1520 2021 1566; baseline -0.002 -10"><span class='ocrx_word' id='word_1_195' title='bbox 321 1525 505 1566; x_wconf 86' lang='lat' dir='ltr'>episcopum</span> <span class='ocrx_word' id='word_1_196' title='bbox 537 1533 575 1553; x_wconf 89' lang='lat' dir='ltr'>eo</span> <span class='ocrx_word' id='word_1_197' title='bbox 604 1525 769 1563; x_wconf 84' lang='lat' dir='ltr'>pretextu,</span> <span class='ocrx_word' id='word_1_198' title='bbox 805 1522 891 1563; x_wconf 91' lang='lat' dir='ltr'>quod</span> <span class='ocrx_word' id='word_1_199' title='bbox 918 1523 987 1563; x_wconf 90' lang='lat' dir='ltr'>ipse</span> <span class='ocrx_word' id='word_1_200' title='bbox 1015 1521 1278 1563; x_wconf 80' lang='lat' dir='ltr'>archiepiscopus</span> <span class='ocrx_word' id='word_1_201' title='bbox 1305 1521 1556 1562; x_wconf 85' lang='lat' dir='ltr'>primogenitum</span> <span class='ocrx_word' id='word_1_202' title='bbox 1590 1520 1666 1552; x_wconf 90' lang='lat' dir='ltr'>dicti</span> <span class='ocrx_word' id='word_1_203' title='bbox 1693 1520 1783 1552; x_wconf 87' lang='lat' dir='ltr'>ducis</span> <span class='ocrx_word' id='word_1_204' title='bbox 1809 1520 1850 1553; x_wconf 88' lang='lat' dir='ltr'>de</span> <span class='ocrx_word' id='word_1_205' title='bbox 1878 1522 1975 1554; x_wconf 82' lang='lat' dir='ltr'>certis</span> <span class='ocrx_word' id='word_1_206' title='bbox 1991 1531 2021 1552; x_wconf 68' lang='grc' dir='ltr'>ιο</span> 
     </span>
     <span class='ocr_line' id='line_1_22' title="bbox 322 1571 1975 1616; baseline -0.001 -9"><span class='ocrx_word' id='word_1_207' title='bbox 322 1576 446 1615; x_wconf 85' lang='lat' dir='ltr'>castris,</span> <span class='ocrx_word' id='word_1_208' title='bbox 472 1574 588 1616; x_wconf 80' lang='lat' dir='ltr'>opidis,</span> <span class='ocrx_word' id='word_1_209' title='bbox 613 1574 696 1605; x_wconf 90' lang='lat' dir='ltr'>villis</span> <span class='ocrx_word' id='word_1_210' title='bbox 720 1577 751 1604; x_wconf 91' lang='lat' dir='ltr'>et</span> <span class='ocrx_word' id='word_1_211' title='bbox 774 1573 881 1613; x_wconf 88' lang='lat' dir='ltr'>bonis,</span> <span class='ocrx_word' id='word_1_212' title='bbox 911 1583 972 1614; x_wconf 91' lang='lat' dir='ltr'>que</span> <span class='ocrx_word' id='word_1_213' title='bbox 1001 1572 1162 1614; x_wconf 86' lang='lat' dir='ltr'>quondam</span> <span class='ocrx_word' id='word_1_214' title='bbox 1189 1572 1416 1604; x_wconf 86' lang='lat' dir='ltr'>Woldemarus</span> <span class='ocrx_word' id='word_1_215' title='bbox 1442 1572 1586 1604; x_wconf 86' lang='lat' dir='ltr'>marchio</span> <span class='ocrx_word' id='word_1_216' title='bbox 1614 1571 1914 1615; x_wconf 87' lang='lat' dir='ltr'>Brandeburgensis</span> <span class='ocrx_word' id='word_1_217' title='bbox 1941 1573 1975 1605; x_wconf 91' lang='lat' dir='ltr'>in</span> 
     </span>
     <span class='ocr_line' id='line_1_23' title="bbox 322 1623 1974 1666; baseline -0.001 -8"><span class='ocrx_word' id='word_1_218' title='bbox 322 1627 453 1658; x_wconf 82' lang='lat' dir='ltr'>feudum</span> <span class='ocrx_word' id='word_1_219' title='bbox 482 1626 523 1656; x_wconf 88' lang='lat' dir='ltr'>ab</span> <span class='ocrx_word' id='word_1_220' title='bbox 554 1625 690 1657; x_wconf 84' lang='lat' dir='ltr'>ecclesia</span> <span class='ocrx_word' id='word_1_221' title='bbox 713 1624 986 1666; x_wconf 86' lang='lat' dir='ltr'>Magdeburgensi</span> <span class='ocrx_word' id='word_1_222' title='bbox 1010 1628 1159 1656; x_wconf 85' lang='lat' dir='ltr'>tenuerat</span> <span class='ocrx_word' id='word_1_223' title='bbox 1187 1627 1220 1656; x_wconf 88' lang='lat' dir='ltr'>et</span> <span class='ocrx_word' id='word_1_224' title='bbox 1243 1634 1306 1666; x_wconf 92' lang='lat' dir='ltr'>que</span> <span class='ocrx_word' id='word_1_225' title='bbox 1329 1623 1458 1655; x_wconf 83' lang='lat' dir='ltr'>fuerant</span> <span class='ocrx_word' id='word_1_226' title='bbox 1479 1623 1522 1655; x_wconf 80' lang='lat' dir='ltr'>ad</span> <span class='ocrx_word' id='word_1_227' title='bbox 1550 1634 1622 1655; x_wconf 89' lang='lat' dir='ltr'>eam</span> <span class='ocrx_word' id='word_1_228' title='bbox 1650 1633 1692 1655; x_wconf 83' lang='lat' dir='ltr'>ex</span> <span class='ocrx_word' id='word_1_229' title='bbox 1714 1625 1814 1666; x_wconf 86' lang='lat' dir='ltr'>ipsius</span> <span class='ocrx_word' id='word_1_230' title='bbox 1836 1623 1974 1656; x_wconf 88' lang='lat' dir='ltr'>Wolde-</span> 
     </span>
     <span class='ocr_line' id='line_1_24' title="bbox 321 1675 1976 1718; baseline -0.001 -9"><span class='ocrx_word' id='word_1_231' title='bbox 321 1679 401 1710; x_wconf 85' lang='lat' dir='ltr'>mari</span> <span class='ocrx_word' id='word_1_232' title='bbox 425 1678 514 1709; x_wconf 91' lang='lat' dir='ltr'>obitu</span> <span class='ocrx_word' id='word_1_233' title='bbox 540 1687 598 1718; x_wconf 86' lang='lat' dir='ltr'>per</span> <span class='ocrx_word' id='word_1_234' title='bbox 621 1676 846 1708; x_wconf 84' lang='lat' dir='ltr'>excadentiam</span> <span class='ocrx_word' id='word_1_235' title='bbox 875 1676 1018 1718; x_wconf 83' lang='lat' dir='ltr'>legitime</span> <span class='ocrx_word' id='word_1_236' title='bbox 1043 1676 1209 1717; x_wconf 86' lang='lat' dir='ltr'>devoluta,</span> <span class='ocrx_word' id='word_1_237' title='bbox 1242 1675 1390 1708; x_wconf 86' lang='lat' dir='ltr'>noluerat</span> <span class='ocrx_word' id='word_1_238' title='bbox 1416 1675 1459 1707; x_wconf 84' lang='lat' dir='ltr'>ad</span> <span class='ocrx_word' id='word_1_239' title='bbox 1486 1675 1730 1718; x_wconf 85' lang='lat' dir='ltr'>requisitionem</span> <span class='ocrx_word' id='word_1_240' title='bbox 1757 1676 1858 1718; x_wconf 88' lang='lat' dir='ltr'>ipsius</span> <span class='ocrx_word' id='word_1_241' title='bbox 1885 1675 1976 1708; x_wconf 80' lang='lat' dir='ltr'>ducis</span> 
     </span>
     <span class='ocr_line' id='line_1_25' title="bbox 323 1727 1975 1769; baseline -0.001 -8"><span class='ocrx_word' id='word_1_242' title='bbox 323 1730 426 1761; x_wconf 79' lang='lat' dir='ltr'>subito</span> <span class='ocrx_word' id='word_1_243' title='bbox 449 1728 625 1768; x_wconf 78' lang='lat' dir='ltr'>infeudare,</span> <span class='ocrx_word' id='word_1_244' title='bbox 649 1732 742 1769; x_wconf 88' lang='lat' dir='ltr'>prout</span> <span class='ocrx_word' id='word_1_245' title='bbox 765 1739 823 1760; x_wconf 90' lang='lat' dir='ltr'>nec</span> <span class='ocrx_word' id='word_1_246' title='bbox 848 1728 1015 1768; x_wconf 80' lang='lat' dir='ltr'>debuerat,</span> <span class='ocrx_word' id='word_1_247' title='bbox 1040 1728 1273 1760; x_wconf 83' lang='lat' dir='ltr'>deliberatione</span> <span class='ocrx_word' id='word_1_248' title='bbox 1291 1727 1402 1758; x_wconf 81' lang='lat' dir='ltr'>debita</span> <span class='ocrx_word' id='word_1_249' title='bbox 1417 1728 1450 1758; x_wconf 90' lang='lat' dir='ltr'>in</span> <span class='ocrx_word' id='word_1_250' title='bbox 1466 1731 1556 1759; x_wconf 85' lang='lat' dir='ltr'>tanto</span> <span class='ocrx_word' id='word_1_251' title='bbox 1572 1727 1704 1769; x_wconf 86' lang='lat' dir='ltr'>negotio</span> <span class='ocrx_word' id='word_1_252' title='bbox 1720 1738 1784 1759; x_wconf 89' lang='lat' dir='ltr'>non</span> <span class='ocrx_word' id='word_1_253' title='bbox 1806 1728 1975 1769; x_wconf 84' lang='lat' dir='ltr'>premissa,</span> 
     </span>
     <span class='ocr_line' id='line_1_26' title="bbox 323 1772 2020 1822; baseline -0.001 -10"><span class='ocrx_word' id='word_1_254' title='bbox 323 1781 484 1813; x_wconf 84' lang='lat' dir='ltr'>iracundie</span> <span class='ocrx_word' id='word_1_255' title='bbox 509 1780 633 1812; x_wconf 83' lang='lat' dir='ltr'>turbine</span> <span class='ocrx_word' id='word_1_256' title='bbox 657 1791 691 1812; x_wconf 88' lang='lat' dir='ltr'>se</span> <span class='ocrx_word' id='word_1_257' title='bbox 715 1780 852 1811; x_wconf 85' lang='lat' dir='ltr'>ducente</span> <span class='ocrx_word' id='word_1_258' title='bbox 877 1779 1111 1822; x_wconf 84' lang='lat' dir='ltr'>calliditate[m]</span> <span class='ocrx_word' id='word_1_259' title='bbox 1136 1780 1270 1821; x_wconf 79' lang='lat' dir='ltr'>maligni</span> <span class='ocrx_word' id='word_1_260' title='bbox 1293 1780 1423 1821; x_wconf 88' lang='lat' dir='ltr'>spiritus</span> <span class='ocrx_word' id='word_1_261' title='bbox 1446 1780 1648 1821; x_wconf 83' lang='lat' dir='ltr'>concepisset</span> <span class='ocrx_word' id='word_1_262' title='bbox 1669 1779 1768 1821; x_wconf 90' lang='lat' dir='ltr'>idque</span> <span class='ocrx_word' id='word_1_263' title='bbox 1792 1772 2020 1811; x_wconf 64' lang='lat' dir='ltr'>devenisset»</span> 
     </span>
     <span class='ocr_line' id='line_1_27' title="bbox 323 1830 1975 1874; baseline 0.001 -11"><span class='ocrx_word' id='word_1_264' title='bbox 323 1834 354 1863; x_wconf 89' lang='lat' dir='ltr'>in</span> <span class='ocrx_word' id='word_1_265' title='bbox 377 1832 537 1874; x_wconf 84' lang='lat' dir='ltr'>publicam</span> <span class='ocrx_word' id='word_1_266' title='bbox 560 1833 733 1871; x_wconf 85' lang='lat' dir='ltr'>notionem,</span> <span class='ocrx_word' id='word_1_267' title='bbox 758 1832 904 1864; x_wconf 89' lang='lat' dir='ltr'>consules</span> <span class='ocrx_word' id='word_1_268' title='bbox 928 1835 960 1863; x_wconf 88' lang='lat' dir='ltr'>et</span> <span class='ocrx_word' id='word_1_269' title='bbox 983 1832 1175 1863; x_wconf 84' lang='lat' dir='ltr'>universitas</span> <span class='ocrx_word' id='word_1_270' title='bbox 1198 1831 1336 1863; x_wconf 90' lang='lat' dir='ltr'>civitatis</span> <span class='ocrx_word' id='word_1_271' title='bbox 1351 1830 1654 1873; x_wconf 84' lang='lat' dir='ltr'>Magdeburgensis,</span> <span class='ocrx_word' id='word_1_272' title='bbox 1677 1841 1860 1873; x_wconf 77' lang='lat' dir='ltr'>quanquam</span> <span class='ocrx_word' id='word_1_273' title='bbox 1876 1832 1975 1864; x_wconf 78' lang='lat' dir='ltr'>etiam</span> 
     </span>
     <span class='ocr_line' id='line_1_28' title="bbox 324 1882 1976 1925; baseline 0 -10"><span class='ocrx_word' id='word_1_274' title='bbox 324 1886 385 1915; x_wconf 82' lang='lat' dir='ltr'>sint</span> <span class='ocrx_word' id='word_1_275' title='bbox 419 1883 494 1914; x_wconf 87' lang='lat' dir='ltr'>dicti</span> <span class='ocrx_word' id='word_1_276' title='bbox 523 1883 755 1924; x_wconf 87' lang='lat' dir='ltr'>archiepiscopi</span> <span class='ocrx_word' id='word_1_277' title='bbox 782 1883 953 1925; x_wconf 87' lang='lat' dir='ltr'>temporali</span> <span class='ocrx_word' id='word_1_278' title='bbox 982 1883 1180 1915; x_wconf 89' lang='lat' dir='ltr'>iurisdicioni</span> <span class='ocrx_word' id='word_1_279' title='bbox 1208 1883 1359 1923; x_wconf 89' lang='lat' dir='ltr'>subiecti,</span> <span class='ocrx_word' id='word_1_280' title='bbox 1392 1882 1491 1914; x_wconf 91' lang='lat' dir='ltr'>fidem</span> <span class='ocrx_word' id='word_1_281' title='bbox 1518 1886 1593 1914; x_wconf 90' lang='lat' dir='ltr'>tunc</span> <span class='ocrx_word' id='word_1_282' title='bbox 1621 1883 1654 1914; x_wconf 92' lang='lat' dir='ltr'>in</span> <span class='ocrx_word' id='word_1_283' title='bbox 1683 1892 1795 1915; x_wconf 85' lang='lat' dir='ltr'>eorum</span> <span class='ocrx_word' id='word_1_284' title='bbox 1825 1882 1976 1915; x_wconf 86' lang='lat' dir='ltr'>cordibus</span> 
     </span>
     <span class='ocr_line' id='line_1_29' title="bbox 325 1934 1976 1976; baseline 0 -9"><span class='ocrx_word' id='word_1_285' title='bbox 325 1935 527 1967; x_wconf 84' lang='lat' dir='ltr'>vacillantem</span> <span class='ocrx_word' id='word_1_286' title='bbox 551 1945 622 1966; x_wconf 90' lang='lat' dir='ltr'>cum</span> <span class='ocrx_word' id='word_1_287' title='bbox 645 1938 790 1976; x_wconf 91' lang='lat' dir='ltr'>tempore</span> <span class='ocrx_word' id='word_1_288' title='bbox 815 1936 985 1976; x_wconf 88' lang='lat' dir='ltr'>variantes,</span> <span class='ocrx_word' id='word_1_289' title='bbox 1010 1938 1120 1966; x_wconf 85' lang='lat' dir='ltr'>contra</span> <span class='ocrx_word' id='word_1_290' title='bbox 1137 1935 1275 1966; x_wconf 89' lang='lat' dir='ltr'>eundem</span> <span class='ocrx_word' id='word_1_291' title='bbox 1292 1934 1571 1976; x_wconf 87' lang='lat' dir='ltr'>archiepiscopum</span> <span class='ocrx_word' id='word_1_292' title='bbox 1586 1934 1773 1966; x_wconf 90' lang='lat' dir='ltr'>rebellionis</span> <span class='ocrx_word' id='word_1_293' title='bbox 1789 1935 1976 1967; x_wconf 74' lang='lat' dir='ltr'>calcaneum</span> 
     </span>
     <span class='ocr_line' id='line_1_30' title="bbox 325 1985 1976 2029; baseline 0 -11"><span class='ocrx_word' id='word_1_294' title='bbox 325 1986 571 2028; x_wconf 82' lang='lat' dir='ltr'>dampnabiliter</span> <span class='ocrx_word' id='word_1_295' title='bbox 595 1990 766 2018; x_wconf 85' lang='lat' dir='ltr'>erexerunt</span> <span class='ocrx_word' id='word_1_296' title='bbox 789 1997 887 2029; x_wconf 88' lang='lat' dir='ltr'>seque</span> <span class='ocrx_word' id='word_1_297' title='bbox 912 1998 931 2018; x_wconf 90' lang='lat' dir='ltr'>a</span> <span class='ocrx_word' id='word_1_298' title='bbox 946 1986 1150 2018; x_wconf 89' lang='lat' dir='ltr'>iurisdicione</span> <span class='ocrx_word' id='word_1_299' title='bbox 1174 1987 1320 2028; x_wconf 88' lang='lat' dir='ltr'>predicta</span> <span class='ocrx_word' id='word_1_300' title='bbox 1343 1986 1533 2018; x_wconf 83' lang='lat' dir='ltr'>subtrahere</span> <span class='ocrx_word' id='word_1_301' title='bbox 1549 1986 1695 2018; x_wconf 89' lang='lat' dir='ltr'>volentes</span> <span class='ocrx_word' id='word_1_302' title='bbox 1719 1985 1863 2018; x_wconf 89' lang='lat' dir='ltr'>eiusdem</span> <span class='ocrx_word' id='word_1_303' title='bbox 1886 1985 1976 2017; x_wconf 84' lang='lat' dir='ltr'>ducis</span> 
     </span>
     <span class='ocr_line' id='line_1_31' title="bbox 325 2036 2022 2080; baseline 0 -11"><span class='ocrx_word' id='word_1_304' title='bbox 325 2038 464 2070; x_wconf 86' lang='lat' dir='ltr'>dominio</span> <span class='ocrx_word' id='word_1_305' title='bbox 489 2037 528 2069; x_wconf 87' lang='lat' dir='ltr'>de</span> <span class='ocrx_word' id='word_1_306' title='bbox 552 2037 635 2069; x_wconf 85' lang='lat' dir='ltr'>facto</span> <span class='ocrx_word' id='word_1_307' title='bbox 659 2048 693 2069; x_wconf 92' lang='lat' dir='ltr'>se</span> <span class='ocrx_word' id='word_1_308' title='bbox 717 2037 861 2069; x_wconf 77' lang='lat' dir='ltr'>subicere</span> <span class='ocrx_word' id='word_1_309' title='bbox 885 2041 918 2069; x_wconf 84' lang='lat' dir='ltr'>et</span> <span class='ocrx_word' id='word_1_310' title='bbox 941 2038 1129 2070; x_wconf 86' lang='lat' dir='ltr'>submittere</span> <span class='ocrx_word' id='word_1_311' title='bbox 1152 2041 1426 2080; x_wconf 89' lang='lat' dir='ltr'>presumpserunt.</span> <span class='ocrx_word' id='word_1_312' title='bbox 1471 2038 1514 2070; x_wconf 86' lang='lat' dir='ltr'>Et</span> <span class='ocrx_word' id='word_1_313' title='bbox 1535 2038 1597 2070; x_wconf 89' lang='lat' dir='ltr'>hoc</span> <span class='ocrx_word' id='word_1_314' title='bbox 1619 2048 1684 2070; x_wconf 91' lang='lat' dir='ltr'>non</span> <span class='ocrx_word' id='word_1_315' title='bbox 1706 2037 1848 2069; x_wconf 88' lang='lat' dir='ltr'>contenti</span> <span class='ocrx_word' id='word_1_316' title='bbox 1870 2036 1977 2069; x_wconf 75' lang='lat' dir='ltr'>adhue</span> <span class='ocrx_word' id='word_1_317' title='bbox 1994 2044 2022 2064; x_wconf 78' lang='lat'>⁸⁰</span> 
     </span>
     <span class='ocr_line' id='line_1_32' title="bbox 325 2089 1977 2131; baseline -0.001 -10"><span class='ocrx_word' id='word_1_318' title='bbox 325 2101 358 2121; x_wconf 84' lang='lat' dir='ltr'>se</span> <span class='ocrx_word' id='word_1_319' title='bbox 379 2099 565 2131; x_wconf 86' lang='lat' dir='ltr'>perversum</span> <span class='ocrx_word' id='word_1_320' title='bbox 589 2093 811 2121; x_wconf 86' lang='lat' dir='ltr'>convertentes</span> <span class='ocrx_word' id='word_1_321' title='bbox 834 2090 866 2120; x_wconf 93' lang='lat' dir='ltr'>in</span> <span class='ocrx_word' id='word_1_322' title='bbox 887 2100 996 2121; x_wconf 85' lang='lat' dir='ltr'>arcum</span> <span class='ocrx_word' id='word_1_323' title='bbox 1008 2091 1019 2109; x_wconf 84' lang='lat'><strong>¹</strong></span> <span class='ocrx_word' id='word_1_324' title='bbox 1043 2093 1076 2122; x_wconf 85' lang='lat' dir='ltr'>et</span> <span class='ocrx_word' id='word_1_325' title='bbox 1096 2090 1185 2122; x_wconf 91' lang='lat' dir='ltr'>velut</span> <span class='ocrx_word' id='word_1_326' title='bbox 1205 2090 1262 2121; x_wconf 87' lang='lat' dir='ltr'>filii</span> <span class='ocrx_word' id='word_1_327' title='bbox 1279 2089 1459 2131; x_wconf 88' lang='lat' dir='ltr'>degeneres</span> <span class='ocrx_word' id='word_1_328' title='bbox 1475 2092 1587 2121; x_wconf 87' lang='lat' dir='ltr'>contra</span> <span class='ocrx_word' id='word_1_329' title='bbox 1602 2089 1773 2121; x_wconf 85' lang='lat' dir='ltr'>ecclesiam</span> <span class='ocrx_word' id='word_1_330' title='bbox 1789 2092 1927 2120; x_wconf 85' lang='lat' dir='ltr'>matrem</span> <span class='ocrx_word' id='word_1_331' title='bbox 1943 2091 1977 2120; x_wconf 86' lang='lat' dir='ltr'>et</span> 
     </span>
     <span class='ocr_line' id='line_1_33' title="bbox 326 2140 1976 2183; baseline 0 -11"><span class='ocrx_word' id='word_1_332' title='bbox 326 2140 600 2181; x_wconf 86' lang='lat' dir='ltr'>archiepiscopum</span> <span class='ocrx_word' id='word_1_333' title='bbox 616 2140 770 2182; x_wconf 83' lang='lat' dir='ltr'>prefatos,</span> <span class='ocrx_word' id='word_1_334' title='bbox 793 2144 919 2182; x_wconf 87' lang='lat' dir='ltr'>patrem</span> <span class='ocrx_word' id='word_1_335' title='bbox 944 2145 976 2173; x_wconf 90' lang='lat' dir='ltr'>et</span> <span class='ocrx_word' id='word_1_336' title='bbox 992 2141 1157 2173; x_wconf 87' lang='lat' dir='ltr'>dominum</span> <span class='ocrx_word' id='word_1_337' title='bbox 1182 2141 1357 2173; x_wconf 89' lang='lat' dir='ltr'>eorundem</span> <span class='ocrx_word' id='word_1_338' title='bbox 1380 2141 1530 2183; x_wconf 89' lang='lat' dir='ltr'>nequiter</span> <span class='ocrx_word' id='word_1_339' title='bbox 1551 2141 1764 2183; x_wconf 83' lang='lat' dir='ltr'>insurgentes,</span> <span class='ocrx_word' id='word_1_340' title='bbox 1787 2140 1846 2172; x_wconf 90' lang='lat' dir='ltr'>sub</span> <span class='ocrx_word' id='word_1_341' title='bbox 1865 2140 1976 2173; x_wconf 81' lang='lat' dir='ltr'>favore</span> 
     </span>
     <span class='ocr_line' id='line_1_34' title="bbox 327 2191 1976 2235; baseline 0.001 -12"><span class='ocrx_word' id='word_1_342' title='bbox 327 2202 364 2223; x_wconf 81' lang='lat' dir='ltr'>ac</span> <span class='ocrx_word' id='word_1_343' title='bbox 379 2191 476 2233; x_wconf 83' lang='lat' dir='ltr'>pallio</span> <span class='ocrx_word' id='word_1_344' title='bbox 493 2191 627 2232; x_wconf 89' lang='lat' dir='ltr'>predicti</span> <span class='ocrx_word' id='word_1_345' title='bbox 643 2192 732 2223; x_wconf 87' lang='lat' dir='ltr'>ducis</span> <span class='ocrx_word' id='word_1_346' title='bbox 756 2191 871 2235; x_wconf 68' lang='lat' dir='ltr'>[cum]⁸</span> <span class='ocrx_word' id='word_1_347' title='bbox 893 2193 1072 2224; x_wconf 79' lang='lat' dir='ltr'>Bertholdo</span> <span class='ocrx_word' id='word_1_348' title='bbox 1097 2193 1137 2224; x_wconf 90' lang='lat' dir='ltr'>de</span> <span class='ocrx_word' id='word_1_349' title='bbox 1154 2192 1405 2225; x_wconf 86' lang='lat' dir='ltr'>Hennemberch</span> <span class='ocrx_word' id='word_1_350' title='bbox 1430 2196 1463 2225; x_wconf 88' lang='lat' dir='ltr'>et</span> <span class='ocrx_word' id='word_1_351' title='bbox 1482 2192 1625 2224; x_wconf 71' lang='lat' dir='ltr'>Hem-ico</span> <span class='ocrx_word' id='word_1_352' title='bbox 1649 2193 1718 2224; x_wconf 87' lang='lat' dir='ltr'>eius</span> <span class='ocrx_word' id='word_1_353' title='bbox 1733 2191 1810 2234; x_wconf 87' lang='lat' dir='ltr'>filio,</span> <span class='ocrx_word' id='word_1_354' title='bbox 1832 2191 1976 2224; x_wconf 89' lang='lat' dir='ltr'>Henrico</span> 
     </span>
     <span class='ocr_line' id='line_1_35' title="bbox 330 2240 1976 2286; baseline 0.002 -13"><span class='ocrx_word' id='word_1_355' title='bbox 330 2242 369 2274; x_wconf 89' lang='lat' dir='ltr'>de</span> <span class='ocrx_word' id='word_1_356' title='bbox 394 2241 662 2283; x_wconf 78' lang='lat' dir='ltr'>Swarzemburch,</span> <span class='ocrx_word' id='word_1_357' title='bbox 685 2243 826 2275; x_wconf 81' lang='lat' dir='ltr'>Heni-ico</span> <span class='ocrx_word' id='word_1_358' title='bbox 844 2244 884 2275; x_wconf 88' lang='lat' dir='ltr'>de</span> <span class='ocrx_word' id='word_1_359' title='bbox 901 2244 1059 2284; x_wconf 89' lang='lat' dir='ltr'>Honsten,</span> <span class='ocrx_word' id='word_1_360' title='bbox 1083 2244 1219 2276; x_wconf 89' lang='lat' dir='ltr'>Bossoni</span> <span class='ocrx_word' id='word_1_361' title='bbox 1243 2244 1283 2276; x_wconf 91' lang='lat' dir='ltr'>de</span> <span class='ocrx_word' id='word_1_362' title='bbox 1299 2244 1470 2286; x_wconf 86' lang='lat' dir='ltr'>Mansvelt,</span> <span class='ocrx_word' id='word_1_363' title='bbox 1494 2243 1644 2276; x_wconf 82' lang='lat' dir='ltr'>Conrado</span> <span class='ocrx_word' id='word_1_364' title='bbox 1667 2243 1709 2276; x_wconf 90' lang='lat' dir='ltr'>de</span> <span class='ocrx_word' id='word_1_365' title='bbox 1725 2240 1976 2286; x_wconf 69' lang='lat' dir='ltr'>Wernigercde‚</span> 
     </span>
     <span class='ocr_line' id='line_1_36' title="bbox 331 2291 2022 2337; baseline 0.003 -14"><span class='ocrx_word' id='word_1_366' title='bbox 331 2293 462 2324; x_wconf 76' lang='lat' dir='ltr'>Alberto</span> <span class='ocrx_word' id='word_1_367' title='bbox 487 2296 519 2324; x_wconf 89' lang='lat' dir='ltr'>et</span> <span class='ocrx_word' id='word_1_368' title='bbox 541 2293 704 2325; x_wconf 85' lang='lat' dir='ltr'>Bernardo</span> <span class='ocrx_word' id='word_1_369' title='bbox 730 2295 769 2326; x_wconf 86' lang='lat' dir='ltr'>de</span> <span class='ocrx_word' id='word_1_370' title='bbox 792 2295 1000 2337; x_wconf 86' lang='lat' dir='ltr'>Reghensten</span> <span class='ocrx_word' id='word_1_371' title='bbox 1029 2296 1198 2327; x_wconf 88' lang='lat' dir='ltr'>comitibus</span> <span class='ocrx_word' id='word_1_372' title='bbox 1226 2306 1351 2328; x_wconf 89' lang='lat' dir='ltr'>necnon</span> <span class='ocrx_word' id='word_1_373' title='bbox 1381 2295 1580 2328; x_wconf 70' lang='lat' dir='ltr'>Ghardunob</span> <span class='ocrx_word' id='word_1_374' title='bbox 1608 2295 1649 2328; x_wconf 88' lang='lat' dir='ltr'>de</span> <span class='ocrx_word' id='word_1_375' title='bbox 1676 2294 1916 2328; x_wconf 78' lang='lat' dir='ltr'>Hadmersloue</span> <span class='ocrx_word' id='word_1_376' title='bbox 1943 2291 2022 2328; x_wconf 52' lang='lat' dir='ltr'>et„</span> 
     </span>
     <span class='ocr_line' id='line_1_37' title="bbox 329 2344 1978 2389; baseline 0.002 -15"><span class='ocrx_word' id='word_1_377' title='bbox 329 2344 468 2375; x_wconf 89' lang='lat' dir='ltr'>Brunoni</span> <span class='ocrx_word' id='word_1_378' title='bbox 492 2344 531 2375; x_wconf 87' lang='lat' dir='ltr'>de</span> <span class='ocrx_word' id='word_1_379' title='bbox 549 2345 755 2381; x_wconf 87' lang='lat' dir='ltr'>Qucrnvorde</span> <span class='ocrx_word' id='word_1_380' title='bbox 771 2347 968 2388; x_wconf 87' lang='lat' dir='ltr'>Maguntine,</span> <span class='ocrx_word' id='word_1_381' title='bbox 993 2347 1204 2389; x_wconf 89' lang='lat' dir='ltr'>Herbipolen.</span> <span class='ocrx_word' id='word_1_382' title='bbox 1230 2351 1262 2379; x_wconf 87' lang='lat' dir='ltr'>et</span> <span class='ocrx_word' id='word_1_383' title='bbox 1285 2347 1535 2380; x_wconf 84' lang='lat' dir='ltr'>Halberstaden.</span> <span class='ocrx_word' id='word_1_384' title='bbox 1560 2347 1641 2379; x_wconf 90' lang='lat' dir='ltr'>dioc.</span> <span class='ocrx_word' id='word_1_385' title='bbox 1663 2357 1702 2379; x_wconf 82' lang='lat' dir='ltr'>ac</span> <span class='ocrx_word' id='word_1_386' title='bbox 1724 2346 1884 2378; x_wconf 88' lang='lat' dir='ltr'>nonnullis</span> <span class='ocrx_word' id='word_1_387' title='bbox 1906 2347 1978 2379; x_wconf 87' lang='lat' dir='ltr'>aliis</span> 
     </span>
     <span class='ocr_line' id='line_1_38' title="bbox 330 2395 1979 2441; baseline 0.004 -16"><span class='ocrx_word' id='word_1_388' title='bbox 330 2395 486 2426; x_wconf 85' lang='lat' dir='ltr'>nobilibus</span> <span class='ocrx_word' id='word_1_389' title='bbox 515 2399 546 2427; x_wconf 91' lang='lat' dir='ltr'>et</span> <span class='ocrx_word' id='word_1_390' title='bbox 568 2397 749 2436; x_wconf 85' lang='lat' dir='ltr'>potentibus</span> <span class='ocrx_word' id='word_1_391' title='bbox 773 2400 996 2440; x_wconf 88' lang='lat' dir='ltr'>circumposite</span> <span class='ocrx_word' id='word_1_392' title='bbox 1028 2400 1184 2441; x_wconf 87' lang='lat' dir='ltr'>regionis,</span> <span class='ocrx_word' id='word_1_393' title='bbox 1215 2400 1320 2431; x_wconf 90' lang='lat' dir='ltr'>Belial</span> <span class='ocrx_word' id='word_1_394' title='bbox 1347 2399 1430 2441; x_wconf 89' lang='lat' dir='ltr'>filiis,</span> <span class='ocrx_word' id='word_1_395' title='bbox 1459 2401 1491 2431; x_wconf 90' lang='lat' dir='ltr'>in</span> <span class='ocrx_word' id='word_1_396' title='bbox 1509 2400 1747 2439; x_wconf 82' lang='lat' dir='ltr'>exterminium,</span> <span class='ocrx_word' id='word_1_397' title='bbox 1770 2398 1979 2431; x_wconf 77' lang='lat' dir='ltr'>desolationis</span> 
     </span>
     <span class='ocr_line' id='line_1_39' title="bbox 331 2446 1977 2493; baseline 0.004 -17"><span class='ocrx_word' id='word_1_398' title='bbox 331 2446 533 2487; x_wconf 80' lang='lat' dir='ltr'>obprobrium</span> <span class='ocrx_word' id='word_1_399' title='bbox 559 2451 590 2478; x_wconf 88' lang='lat' dir='ltr'>et</span> <span class='ocrx_word' id='word_1_400' title='bbox 615 2449 737 2480; x_wconf 88' lang='lat' dir='ltr'>ruinam</span> <span class='ocrx_word' id='word_1_401' title='bbox 761 2450 917 2482; x_wconf 87' lang='lat' dir='ltr'>dictorum</span> <span class='ocrx_word' id='word_1_402' title='bbox 941 2451 1176 2493; x_wconf 84' lang='lat' dir='ltr'>archiepiscopi</span> <span class='ocrx_word' id='word_1_403' title='bbox 1200 2455 1233 2483; x_wconf 90' lang='lat' dir='ltr'>et</span> <span class='ocrx_word' id='word_1_404' title='bbox 1256 2452 1392 2483; x_wconf 89' lang='lat' dir='ltr'>ecclesie</span> <span class='ocrx_word' id='word_1_405' title='bbox 1421 2451 1673 2493; x_wconf 76' lang='lat' dir='ltr'>conspirarunt2.</span> <span class='ocrx_word' id='word_1_406' title='bbox 1722 2450 1873 2493; x_wconf 87' lang='lat' dir='ltr'>Dictique</span> <span class='ocrx_word' id='word_1_407' title='bbox 1901 2461 1977 2482; x_wconf 89' lang='lat' dir='ltr'>con·</span> 
     </span>
     <span class='ocr_line' id='line_1_40' title="bbox 271 2496 1978 2545; baseline 0.004 -18"><span class='ocrx_word' id='word_1_408' title='bbox 271 2496 273 2498; x_wconf 80' lang='grc'><strong>’</strong></span> <span class='ocrx_word' id='word_1_409' title='bbox 332 2497 416 2528; x_wconf 78' lang='lat' dir='ltr'>sules</span> <span class='ocrx_word' id='word_1_410' title='bbox 440 2500 471 2528; x_wconf 88' lang='lat' dir='ltr'>et</span> <span class='ocrx_word' id='word_1_411' title='bbox 494 2499 681 2530; x_wconf 82' lang='lat' dir='ltr'>universitas</span> <span class='ocrx_word' id='word_1_412' title='bbox 704 2511 772 2532; x_wconf 91' lang='lat' dir='ltr'>cum</span> <span class='ocrx_word' id='word_1_413' title='bbox 799 2502 919 2534; x_wconf 88' lang='lat' dir='ltr'>eisdem</span> <span class='ocrx_word' id='word_1_414' title='bbox 944 2503 1128 2544; x_wconf 89' lang='lat' dir='ltr'>comitibus,</span> <span class='ocrx_word' id='word_1_415' title='bbox 1157 2503 1318 2535; x_wconf 86' lang='lat' dir='ltr'>nobilibus</span> <span class='ocrx_word' id='word_1_416' title='bbox 1341 2507 1374 2535; x_wconf 89' lang='lat' dir='ltr'>et</span> <span class='ocrx_word' id='word_1_417' title='bbox 1396 2503 1581 2545; x_wconf 83' lang='lat' dir='ltr'>potentibus</span> <span class='ocrx_word' id='word_1_418' title='bbox 1604 2503 1749 2535; x_wconf 84' lang='lat' dir='ltr'>conflatis</span> <span class='ocrx_word' id='word_1_419' title='bbox 1775 2502 1818 2534; x_wconf 82' lang='lat' dir='ltr'>ad</span> <span class='ocrx_word' id='word_1_420' title='bbox 1840 2501 1978 2534; x_wconf 89' lang='lat' dir='ltr'>invicem</span> 
     </span>
     <span class='ocr_line' id='line_1_41' title="bbox 331 2548 2024 2597; baseline 0.006 -19"><span class='ocrx_word' id='word_1_421' title='bbox 331 2548 463 2588; x_wconf 86' lang='lat' dir='ltr'>viribus,</span> <span class='ocrx_word' id='word_1_422' title='bbox 497 2548 575 2580; x_wconf 86' lang='lat' dir='ltr'>duce</span> <span class='ocrx_word' id='word_1_423' title='bbox 599 2555 755 2583; x_wconf 85' lang='lat' dir='ltr'>annuente</span> <span class='ocrx_word' id='word_1_424' title='bbox 785 2557 817 2584; x_wconf 87' lang='lat' dir='ltr'>et</span> <span class='ocrx_word' id='word_1_425' title='bbox 838 2554 1011 2586; x_wconf 82' lang='lat' dir='ltr'>mandante</span> <span class='ocrx_word' id='word_1_426' title='bbox 1035 2555 1197 2596; x_wconf 88' lang='lat' dir='ltr'>predicto,</span> <span class='ocrx_word' id='word_1_427' title='bbox 1222 2558 1343 2596; x_wconf 83' lang='lat' dir='ltr'>castra,</span> <span class='ocrx_word' id='word_1_428' title='bbox 1373 2555 1484 2597; x_wconf 87' lang='lat' dir='ltr'>opida,</span> <span class='ocrx_word' id='word_1_429' title='bbox 1513 2555 1607 2586; x_wconf 82' lang='lat' dir='ltr'>villas</span> <span class='ocrx_word' id='word_1_430' title='bbox 1630 2557 1664 2587; x_wconf 87' lang='lat' dir='ltr'>et</span> <span class='ocrx_word' id='word_1_431' title='bbox 1686 2554 1750 2586; x_wconf 87' lang='lat' dir='ltr'>alia</span> <span class='ocrx_word' id='word_1_432' title='bbox 1772 2553 1858 2586; x_wconf 84' lang='lat' dir='ltr'>bona</span> <span class='ocrx_word' id='word_1_433' title='bbox 1879 2554 1979 2596; x_wconf 87' lang='lat' dir='ltr'>ipsius</span> <span class='ocrx_word' id='word_1_434' title='bbox 1996 2567 2024 2588; x_wconf 71' lang='grc' dir='ltr'>ιο</span> 
     </span>
     <span class='ocr_line' id='line_1_42' title="bbox 331 2599 1978 2649; baseline 0.004 -19"><span class='ocrx_word' id='word_1_435' title='bbox 331 2600 466 2630; x_wconf 81' lang='lat' dir='ltr'>ecclesie</span> <span class='ocrx_word' id='word_1_436' title='bbox 490 2599 655 2633; x_wconf 88' lang='lat' dir='ltr'>hostilibus</span> <span class='ocrx_word' id='word_1_437' title='bbox 678 2603 853 2635; x_wconf 79' lang='lat' dir='ltr'>incursibus</span> <span class='ocrx_word' id='word_1_438' title='bbox 877 2606 1070 2647; x_wconf 86' lang='lat' dir='ltr'>invaserunt,</span> <span class='ocrx_word' id='word_1_439' title='bbox 1093 2607 1332 2649; x_wconf 85' lang='lat' dir='ltr'>impugnarunt,</span> <span class='ocrx_word' id='word_1_440' title='bbox 1356 2609 1623 2648; x_wconf 88' lang='lat' dir='ltr'>consumpserunt</span> <span class='ocrx_word' id='word_1_441' title='bbox 1646 2609 1680 2638; x_wconf 88' lang='lat' dir='ltr'>et</span> <span class='ocrx_word' id='word_1_442' title='bbox 1701 2615 1891 2638; x_wconf 87' lang='lat' dir='ltr'>consumere</span> <span class='ocrx_word' id='word_1_443' title='bbox 1913 2615 1978 2637; x_wconf 89' lang='lat' dir='ltr'>non</span> 
     </span>
     <span class='ocr_line' id='line_1_43' title="bbox 333 2649 1976 2697; baseline 0.005 -18"><span class='ocrx_word' id='word_1_444' title='bbox 333 2649 488 2681; x_wconf 82' lang='lat' dir='ltr'>desistunt</span> <span class='ocrx_word' id='word_1_445' title='bbox 511 2661 567 2691; x_wconf 89' lang='lat' dir='ltr'>per</span> <span class='ocrx_word' id='word_1_446' title='bbox 590 2652 735 2685; x_wconf 85' lang='lat' dir='ltr'>incendia</span> <span class='ocrx_word' id='word_1_447' title='bbox 758 2659 789 2686; x_wconf 85' lang='lat' dir='ltr'>et</span> <span class='ocrx_word' id='word_1_448' title='bbox 812 2657 952 2697; x_wconf 85' lang='lat' dir='ltr'>rapinas,</span> <span class='ocrx_word' id='word_1_449' title='bbox 982 2657 1126 2689; x_wconf 85' lang='lat' dir='ltr'>cedendo</span> <span class='ocrx_word' id='word_1_450' title='bbox 1155 2658 1294 2690; x_wconf 85' lang='lat' dir='ltr'>vasallos</span> <span class='ocrx_word' id='word_1_451' title='bbox 1323 2661 1356 2690; x_wconf 89' lang='lat' dir='ltr'>et</span> <span class='ocrx_word' id='word_1_452' title='bbox 1383 2658 1465 2689; x_wconf 83' lang='lat' dir='ltr'>alios</span> <span class='ocrx_word' id='word_1_453' title='bbox 1491 2658 1638 2690; x_wconf 88' lang='lat' dir='ltr'>homines</span> <span class='ocrx_word' id='word_1_454' title='bbox 1666 2657 1811 2689; x_wconf 88' lang='lat' dir='ltr'>eiusdem</span> <span class='ocrx_word' id='word_1_455' title='bbox 1839 2656 1976 2689; x_wconf 84' lang='lat' dir='ltr'>ecclesie</span> 
     </span>
    </p>
   </div>
   <div class='ocr_carea' id='block_1_9' title="bbox 435 2733 891 2772">
    <p class='ocr_par' dir='ltr' id='par_1_9' title="bbox 435 2733 891 2772">
     <span class='ocr_line' id='line_1_44' title="bbox 435 2733 891 2772; baseline 0.013 -12"><span class='ocrx_word' id='word_1_456' title='bbox 435 2733 500 2761; x_wconf 78' lang='grc'><strong>874.</strong></span> <span class='ocrx_word' id='word_1_457' title='bbox 528 2735 551 2766; x_wconf 68' lang='lat'>⁸)</span> <span class='ocrx_word' id='word_1_458' title='bbox 569 2737 659 2762; x_wconf 59' lang='lat' dir='ltr'>eomedit</span> <span class='ocrx_word' id='word_1_459' title='bbox 678 2747 698 2763; x_wconf 86' lang='lat' dir='ltr'>c.</span> <span class='ocrx_word' id='word_1_460' title='bbox 784 2740 807 2772; x_wconf 86' lang='lat' dir='ltr'>b)</span> <span class='ocrx_word' id='word_1_461' title='bbox 826 2742 861 2766; x_wconf 75' lang='lat' dir='ltr'>sic</span> <span class='ocrx_word' id='word_1_462' title='bbox 879 2751 891 2766; x_wconf 90' lang='lat' dir='ltr'>c</span> 
     </span>
    </p>
   </div>
   <div class='ocr_carea' id='block_1_10' title="bbox 438 2792 1920 2838">
    <p class='ocr_par' dir='ltr' id='par_1_10' title="bbox 438 2792 1920 2838">
     <span class='ocr_line' id='line_1_45' title="bbox 438 2792 1920 2838; baseline 0.009 -21"><span class='ocrx_word' id='word_1_463' title='bbox 438 2793 462 2825; x_wconf 91' lang='lat'>1)</span> <span class='ocrx_word' id='word_1_464' title='bbox 485 2792 525 2824; x_wconf 86' lang='lat' dir='ltr'>Cf.</span> <span class='ocrx_word' id='word_1_465' title='bbox 545 2794 589 2820; x_wconf 85' lang='lat' dir='ltr'>Ps.</span> <span class='ocrx_word' id='word_1_466' title='bbox 605 2798 640 2826; x_wconf 83' lang='lat'>77,</span> <span class='ocrx_word' id='word_1_467' title='bbox 652 2799 688 2821; x_wconf 78' lang='lat'>57.</span> <span class='ocrx_word' id='word_1_468' title='bbox 775 2799 800 2831; x_wconf 79' lang='lat'>2)</span> <span class='ocrx_word' id='word_1_469' title='bbox 819 2799 860 2831; x_wconf 79' lang='lat' dir='ltr'>C&#39;f.</span> <span class='ocrx_word' id='word_1_470' title='bbox 878 2801 1002 2834; x_wconf 69' lang='lat' dir='ltr'>scriptum</span> <span class='ocrx_word' id='word_1_471' title='bbox 1021 2810 1045 2828; x_wconf 82' lang='lat' dir='ltr'>a.</span> <span class='ocrx_word' id='word_1_472' title='bbox 1060 2805 1132 2829; x_wconf 79' lang='lat'><em>1323.</em></span> <span class='ocrx_word' id='word_1_473' title='bbox 1152 2804 1221 2838; x_wconf 74' lang='lat' dir='ltr'><strong><em>Auy.</em></strong></span> <span class='ocrx_word' id='word_1_474' title='bbox 1236 2808 1251 2830; x_wconf 91' lang='lat'><strong><em>9</em></strong></span> <span class='ocrx_word' id='word_1_475' title='bbox 1268 2804 1371 2837; x_wconf 80' lang='lat' dir='ltr'>datum,</span> <span class='ocrx_word' id='word_1_476' title='bbox 1389 2804 1462 2837; x_wconf 76' lang='lat' dir='ltr'>quod</span> <span class='ocrx_word' id='word_1_477' title='bbox 1479 2804 1510 2830; x_wconf 79' lang='lat' dir='ltr'>in</span> <span class='ocrx_word' id='word_1_478' title='bbox 1529 2803 1715 2838; x_wconf 78' lang='lat' dir='ltr'>Supplemento</span> <span class='ocrx_word' id='word_1_479' title='bbox 1728 2810 1920 2838; x_wconf 73' lang='lat' dir='ltr'>proponemus.</span> 
     </span>
    </p>
   </div>
  </div>
 </body>
</html>
