2184 3126
315 190 376 220 718
509 185 607 212 ACTA
625 183 739 211 REGNI
758 181 941 210 LUDEWICI
961 181 1007 208 IV.
1026 180 1073 207 ET
1091 179 1278 207 FRIDERICI
1297 180 1346 206 111.
1382 179 1458 206 1324.
1495 179 1543 206 Nr.
1556 179 1615 207 901.
1634 179 1694 207 902.
1712 179 1772 207 903.

314 276 423 304 sancte
446 272 613 303 Romanae
638 269 772 301 ecclesie
796 271 890 310 prout
913 270 1040 299 tenetur
1068 266 1208 306 obediat,
1238 276 1298 298 nec
1320 267 1424 307 ipsum
1453 265 1570 297 deceat
1592 265 1754 297 mandatis
1776 266 1964 308 apostolicis

313 324 482 364 contraire,
505 333 561 354 vos
583 323 722 362 insuper,
749 320 816 361 filii,
840 320 895 361 qui
924 319 1005 350 sicut
1034 318 1244 359 supponimus
1272 317 1480 349 devotionem
1509 317 1669 358 integram
1695 317 1796 358 ipsius
1825 318 1963 351 ecclesie

313 375 424 416 colitis,
441 374 558 407 sentire
574 374 606 404 in
621 373 682 404 hiis
697 371 783 403 idem
799 381 872 402 cum
888 369 1033 411 predicto
1050 370 1202 410 episcopo
1219 368 1375 408 debeatis,
1391 368 1634 400 universitatem
1648 371 1789 400 vestram
1801 379 1963 412 rogamus,

311 427 476 458 hortamur
499 428 531 456 et
554 434 720 456 monemus
743 425 876 462 attente,
902 421 1050 462 quatinus
1074 431 1132 462 pro
1155 420 1337 451 reverentia
1359 422 1469 451 nostra
1493 422 1526 451 et
1548 420 1726 461 apostolice
1749 420 1836 452 sedis
1857 421 1963 463 ipsum

313 478 499 518 episcopum
533 479 684 517 tanquam
719 477 859 505 vestrum
897 472 1096 514 spiritualem
1135 474 1261 513 patrem
1294 472 1376 502 sicut
1414 470 1524 502 devoti
1556 471 1701 503 eiusdem
1736 472 1872 504 ecclesie
1906 473 1964 505 filii
1994 489 2008 509 ι

311 530 496 559 reverenter
511 530 545 558 ut
561 526 716 558 condecet
732 528 765 556 et
780 524 945 556 caritative
962 526 1146 563 tractantes,
1163 526 1288 554 remoto
1306 522 1474 554 cuiuslibet
1490 523 1755 556 contradictionis
1771 527 1804 556 et
1814 524 1964 557 molestie

312 579 408 613 tedio.
433 579 492 610 sibi
516 581 582 610 tam
605 579 689 609 circa
713 576 949 607 observantiam
973 574 1131 606 dictorum
1155 585 1364 616 processuum
1388 584 1485 616 quam
1508 574 1582 615 alia,
1606 585 1670 617 que
1694 575 1915 607 obedientiam
1930 578 1965 608 et

310 615 465 662 honorem
489 629 625 661 ecclesie
649 628 792 670 predicte
816 627 999 668 respiciunt,
1024 630 1119 668 prout
1143 626 1321 668 expediens
1345 626 1455 665 fuerit,
1485 627 1529 658 sic
1553 625 1774 659 favorabiliter
1796 627 1964 665 assistatis,

312 681 397 723 quod
420 684 488 712 toto
512 691 606 722 posse
635 678 872 721 cognoscamini
901 679 1068 719 prosequi,
1098 678 1183 719 quod
1213 678 1311 709 etiam
1335 676 1450 720 [ipse]⁰
1477 678 1698 720 prosequitur,
1729 682 1763 710 et
1790 682 1965 721 propterea

311 735 418 764 vestra
441 731 570 763 devotio
593 730 680 772 apud
702 741 759 762 nos
782 733 815 762 et
836 731 940 772 ipsam
963 728 1075 761 sedem
1099 729 1203 770 dignis
1226 729 1258 760 in
1281 728 1422 761 Domino
1445 729 1594 762 laudibus
1617 730 1872 764 commendetur.
1982 745 2008 765 ιο

417 783 536 814 Datum
560 783 754 823 Avinion(e),
779 781 857 813 XII.
873 781 946 813 Kal.
971 781 1059 821 Maii,
1083 791 1166 813 anno
1190 784 1315 813 octavo.

409 999 656 1044 902—905.
697 997 1028 1044 LUDEWICI
1061 996 1345 1043 SCRIPTA
1372 997 1502 1045 PRO
1533 999 1872 1047 DIVERSIS.

901 1074 1009 1110 1324.
1048 1074 1137 1120 Apr.
1159 1074 1373 1111 a0.-—Mai.
1396 1076 1430 1112 7.

523 1187 609 1222 9002.
650 1186 861 1221 Mandatum
889 1187 1018 1223 civitati
1046 1182 1268 1221 Mulhusensi
1296 1187 1472 1223 directum.
1579 1187 1669 1233 Apr.
1688 1189 1750 1223 20.

422 1259 581 1300 Oriqinale
612 1260 684 1302 (or.)
714 1261 750 1293 in
777 1259 935 1292 tabulario
965 1259 1178 1292 Mulhusensi.
1238 1260 1385 1301 Siyillum
1415 1264 1569 1294 secretum
1602 1272 1691 1295 cerae
1725 1262 1840 1295 rubeae
1871 1263 1963 1297 dorso
1981 1280 2006 1300 ιι

310 1312 495 1351 impressum
517 1314 593 1343 erat.
617 1330 658 1334 ——
681 1312 742 1343 Ed.
767 1312 909 1352 Herquet
925 1312 1206 1345 ‘Urkundenbuch’
1227 1323 1263 1352 p.
1279 1314 1343 1344 374
1365 1323 1416 1346 nr.
1434 1314 1497 1344 794
1521 1323 1560 1346 ex
1583 1324 1628 1346 or.
1675 1314 1856 1347 Editionem
1878 1325 1963 1356 repe-

310 1363 415 1395 timus.

418 1431 608 1463 Ludowicus
631 1431 694 1463 Dei
722 1433 830 1473 gracia
855 1433 1075 1464 Romanorum
1106 1443 1164 1464 rex
1193 1442 1322 1474 semper
1349 1436 1505 1475 augustus
1592 1434 1804 1476 prudentibus
1831 1436 1908 1468 viris
1930 1460 1938 1468 .
1957 1461 1964 1468 .

310 1483 479 1523 magistris,
499 1509 504 1514 .
518 1507 525 1514 .
541 1483 724 1514 consulibus
738 1487 770 1515 ct
781 1484 939 1516 universis
951 1484 1074 1515 civibus
1086 1483 1358 1526 Mulhusensibus,
1370 1484 1520 1517 fidelibus
1532 1485 1596 1517 suis
1613 1485 1739 1518 dilectis
1817 1488 1963 1530 graciam

311 1545 400 1566 suam
424 1538 456 1566 et
478 1545 571 1566 omne
594 1535 724 1567 bonum.
1983 1545 2010 1566 ¹⁰

417 1586 505 1617 Sicut
542 1587 612 1618 aliis
649 1586 739 1618 vobis
777 1588 893 1619 nostris
930 1588 1125 1619 iniunximus
1163 1588 1280 1620 litteris
1291 1588 1314 1628 ¹,
1352 1589 1409 1620 ita*
1434 1588 1637 1631 presentibus
1674 1590 1824 1623 fidelitati
1858 1595 1965 1626 vestre

311 1637 538 1679 iniungendum
561 1638 709 1670 duximus
733 1638 906 1670 districtius
930 1642 963 1671 et
984 1639 1214 1681 mandandum,
1243 1643 1279 1671 ut
1301 1639 1472 1682 spectabili
1494 1641 1563 1673 viro
1586 1641 1766 1674 Bettholdo
1789 1644 1900 1676 comiti
1923 1644 1965 1677 de

311 1688 547 1720 Hennenberch
570 1691 742 1722 secretario
765 1693 874 1722 nostro
898 1691 986 1722 fideli
1009 1690 1128 1723 dilecto
1146 1692 1216 1723 vice
1240 1695 1274 1723 et
1295 1691 1368 1723 loco
1383 1693 1484 1724 nostri
1506 1692 1664 1725 studeatis
1680 1694 1712 1725 in
1729 1694 1876 1727 omnibus
1892 1705 1965 1728 cum

313 1740 429 1772 effectu
452 1740 561 1772 debito
583 1741 750 1773 intendere
775 1743 842 1774 sine
866 1742 1041 1774 dificultate
1065 1742 1212 1785 qualibet
1235 1746 1268 1775 et
1291 1753 1417 1785 parere.

418 1791 535 1823 Datum
560 1792 593 1826 in
613 1792 726 1833 Fulda,
749 1793 825 1826 XII.
843 1793 1007 1825 Kalendas
1030 1794 1117 1835 Maii,
1141 1795 1231 1837 regni
1255 1795 1356 1827 nostri
1378 1806 1463 1828 auno
1487 1795 1625 1829 decimo.
1983 1804 2009 1825 ’ὓ

659 1940 730 1970 903.
757 1940 829 1971 904.
865 1938 1054 1971 SCRIPTA
1077 1939 1167 1972 PRO
1193 1940 1480 1975 CIVITATIBUS
1504 1941 1719 1976 SILVANIS.

985 2002 1075 2032 1324.
1110 2001 1186 2033 Mai.
1203 2004 1232 2033 4.
1258 2005 1287 2033 5.

699 2095 785 2132 903.
825 2095 980 2132 Litterae
1010 2099 1057 2132 acl
1083 2097 1271 2134 Switenses.
1377 2099 1469 2135 Mai.
1489 2101 1525 2135 4.

423 2167 580 2207 Or·i9inale
603 2168 676 2210 (or.)
699 2169 735 2200 in
761 2170 920 2202 tabulario
944 2171 1100 2203 Swz'tensi.
1146 2171 1324 2213 DescripSt't
1346 2173 1373 2205 b.
1390 2184 1429 2206 m.
1454 2173 1550 2213 Jaffe.
1595 2175 1770 2216 Inscriptio
1796 2178 1858 2208 est:
1881 2176 1964 2209 Pru-

315 2217 461 2249 dentibus
483 2218 557 2250 viris
581 2243 587 2250 .
605 2244 611 2251 .
635 2221 789 2252 universis
812 2221 994 2254 hominibus
1011 2223 1102 2255 vallis
1125 2224 1157 2255 in
1174 2223 1290 2257 Switze
1313 2226 1430 2257 nostris
1452 2228 1485 2258 et
1507 2226 1636 2268 imperii
1657 2227 1806 2260 fidelibus
1829 2227 1965 2261 dilectis.
1983 2235 2013 2260 ⁴³⁰

316 2268 460 2308 Siyillum
483 2270 572 2302 dorso
594 2271 779 2311 impressum
801 2277 879 2307 erat.

421 2328 565 2368 Bdhmer,
587 2330 661 2371 Req.
686 2333 796 2365 Ludw.
815 2344 851 2373 p.
866 2335 908 2365 41
931 2345 980 2366 nx.
999 2337 1071 2367 716.

423 2405 612 2438 Ludowicus
634 2409 696 2440 Dei
725 2411 829 2451 gratia
851 2412 1070 2445 Romanorum
1098 2424 1157 2445 rex
1187 2425 1317 2457 semper
1347 2418 1502 2457 augustus
1590 2415 1802 2457 prudentibus
1832 2417 1909 2448 viris
1932 2441 1939 2448 .
1957 2441 1964 2449 .

316 2456 470 2487 universis
492 2457 670 2490 hominibus
686 2461 776 2493 vallis
799 2463 831 2494 in
847 2463 962 2496 Switze
986 2465 1050 2496 suis
1074 2469 1107 2497 et
1129 2467 1258 2508 imperii
1280 2466 1430 2499 fidelibus
1452 2467 1588 2500 dilectis·
1666 2469 1808 2510 graciam
1825 2478 1916 2501 suam
1933 2471 1967 2501 et

318 2518 410 2539 omne
434 2508 562 2540 bonum.
1984 2534 2011 2554 ³³

425 2558 527 2601 Super
549 2564 702 2602 pressuris
725 2568 756 2595 et
771 2565 1051 2608 tribulacionibus,
1076 2568 1191 2610 quibus
1213 2579 1273 2611 per
1294 2573 1421 2602 nostros
1444 2573 1477 2602 et
1498 2571 1626 2613 imperii
1643 2572 1767 2604 emulos
1790 2571 1965 2613 afficimini,

317 2613 411 2651 prout
433 2611 591 2644 referente
619 2613 767 2655 religioso
791 2617 857 2648 viro
883 2642 913 2648 ..
938 2619 1119 2651 exhibitore
1150 2622 1352 2662 presencium
1379 2622 1615 2665 intelleximus,
1644 2623 1735 2655 vobis
1763 2623 1966 2665 conpatimur

318 2672 396 2702 puro
421 2662 526 2694 corde.
575 2664 779 2698 Fidelitatem
802 2671 939 2700 vestram
966 2670 1058 2702 nobis
1081 2682 1250 2713 precaram
1277 2674 1358 2705 scire
1381 2674 1537 2716 volentes,
1561 2674 1648 2716 quod
1671 2675 1704 2706 in
1726 2675 1858 2707 instanti
1880 2674 1964 2707 festo

422 2733 487 2761 901.
514 2735 537 2767 c)
555 2737 647 2761 weida
665 2746 686 2763 c.

423 2789 448 2822 1)
467 2788 591 2816 Servatae
608 2799 664 2817 non
682 2795 757 2826 szmt5
775 2795 809 2828 cf.
829 2802 912 2828 supra
930 2804 971 2823 nr.
987 2801 1038 2824 771.
1982 2810 2011 2829 Ψ
