2184 3126
470 175 567 204 ACTA
585 175 699 204 1³le
719 175 904 204 LUDEWICI
922 175 970 203 1V.
988 175 1036 203 ΕΤ
1053 174 1239 203 FRIDEmcl
1256 175 1307 202 111.
1345 175 1420 203 1320.
1457 175 1506 203 Nr.
1518 175 1577 203 564.
1596 176 1654 203 565,
1828 178 1892 209 453

236 262 351 306 quibus
374 262 555 295 antedictus
578 262 741 304 quondam
759 261 944 294 Cum-udusc
969 265 1002 294 et
1025 262 1094 294 eius
1117 265 1341 294 antecessores
1363 272 1384 294 a
1407 261 1489 294 divis
1507 262 1726 294 Romanorum
1750 263 1891 304 impera—

234 314 357 346 toribus
387 317 420 347 et
447 314 577 357 regibus
604 317 791 354 tenuerunt,
826 323 994 356 quousque
1029 313 1147 355 prefati
1181 313 1320 345 heredes
1354 323 1452 355 super
1481 313 1663 345 huiusmodi
1692 313 1890 346 dissensione

234 366 361 398 iusticia
383 365 436 398 vel
463 376 573 398 amore
598 365 783 397 concordati
806 365 937 405 fuerint,
967 365 1186 397 conmittimus
1217 375 1275 407 per
1297 368 1479 407 presentes,
1510 366 1555 396 ita
1579 365 1665 407 quod
1690 365 1891 397 concordatin

234 417 409 450 heredibus
438 416 524 459 apud
553 427 665 449 eorum
687 417 824 449 alterum
855 419 976 448 tantum
1012 415 1098 448 dicta
1128 416 1263 449 comicis
1286 420 1491 458 permaneat,
1525 417 1606 448 sicut
1639 420 1689 449 est
1716 417 1891 459 antiquitus

203 479 215 499 ι
234 468 460 502 introductum.
499 469 532 501 Si
555 479 632 500 vero
656 468 927 500 concordaremur
948 467 1047 500 iidem
1071 466 1210 500 heredes
1233 468 1284 500 vel
1307 479 1370 500 non
1394 471 1428 500 et
1442 468 1545 510 ipsam
1563 469 1731 500 comiciam
1749 468 1890 500 vendere

234 520 356 554 vellent
378 522 411 553 in
434 523 502 553 toto
525 520 578 552 vel
600 520 633 552 in
655 523 748 562 parte
772 530 829 551 seu
852 520 916 551 iam
937 519 1029 551 vobis
1045 519 1249 552 vendiderint
1271 524 1327 552 aut
1349 523 1571 552 antecessores
1595 519 1772 552 eorundem
1796 520 1890 552 here-

234 572 309 605 dum
339 573 371 604 in
399 575 498 614 quota
525 572 647 613 aliqua,
682 574 718 603 ut
745 582 801 603 vos
828 571 916 603 illam
947 581 1057 603 emere
1087 575 1120 603 et
1147 575 1289 613 emptam
1320 575 1431 603 tenere
1459 572 1587 614 possitis
1615 575 1648 603 et
1669 571 1775 603 nullus
1798 572 1890 611 alius,

233 624 463 666 cuiuscumque
487 623 683 656 condicionis
707 623 757 654 vel
781 626 883 654 status
899 624 1028 662 existat,
1052 634 1086 654 se
1111 622 1152 654 de
1176 622 1292 655 eadem
1314 624 1449 655 comicia
1469 622 1577 666 quoad
1599 624 1801 665 empcionem
1825 623 1889 655 iam

234 675 368 715 factam,
397 675 424 707 si
455 685 520 717 qua
546 674 632 707 facta
655 678 718 716 est,
747 685 844 716 quam
867 674 1070 706 decernimus
1093 684 1156 706 non
1180 678 1308 715 tenere,
1338 678 1396 706 aut
1423 674 1464 706 ad
1487 674 1629 706 fiendam
1652 674 1704 705 vel
1727 673 1768 706 ad
1791 674 1889 706 aliam

191 740 217 760 ιο
234 727 479 768 usurpaoionem
503 729 536 758 et
559 725 817 758 detentacionem
841 735 1064 767 quamcunque
1082 726 1287 757 temerariam
1308 725 1492 768 aliqualiter
1507 726 1710 766 intromittat,
1734 725 1826 757 vobis
1850 736 1890 757 ex

233 778 366 821 speciali
385 778 490 821 gratia
506 777 720 820 indulgemus,
741 777 915 809 tenendam
939 780 973 808 et
988 776 1216 818 possidendam
1241 787 1260 808 s.
1283 777 1376 808 nobis
1398 780 1432 808 et
1453 787 1545 809 sacro
1569 777 1705 819 imperio
1730 788 1768 809 eo
1793 777 1890 819 pleno

232 830 313 871 iuro,
337 830 419 861 sicut
442 829 628 871 dependere
652 829 828 861 dinoscitur
850 828 892 861 ab
917 827 1044 860 eodem.
1081 827 1184 860 Vobis
1206 827 1455 860 nichilhominus
1478 828 1696 871 iniungentes,
1720 839 1760 860 ne
1784 828 1889 860 archi-

234 882 422 924 episcopum
445 881 672 914 coloniensem
695 880 746 913 vel
770 880 869 912 alium
893 880 1092 922 episcopum,
1115 880 1284 921 comitem,
1308 879 1463 912 baronem
1486 880 1538 912 vel
1562 880 1703 922 aliquem
1728 881 1889 912 forensem

234 933 276 966 ad
306 933 426 965 dictam
454 933 622 964 comiciam
653 931 899 974 quomodolibet
925 931 1113 963 admittatis.
1212 931 1251 962 In
1278 932 1367 963 euius
1397 931 1444 963 rei
1475 931 1693 963 testimonium
1722 936 1890 973 presentes

191 997 215 1018 u
235 984 393 1017 conscribi
416 987 449 1016 et
472 987 579 1016 nostre
603 984 781 1016 maiestatis
805 983 910 1025 sigillo
934 984 1083 1015 iussimus
1106 983 1292 1015 conmuniri.

340 1035 416 1068 Dat.
440 1035 473 1067 in
500 1034 750 1076 Franchenffirt‚
787 1034 867 1067 1111.
890 1033 1007 1066 Kalen.
1029 1034 1152 1074 Martii,
1185 1044 1269 1066 anno
1299 1033 1430 1066 Domini
1462 1034 1633 1066 millesimo
1662 1035 1889 1067 trecentesimo

232 1088 398 1127 vicesimo,
421 1087 513 1129 regni
536 1097 612 1118 vero
636 1087 735 1118 nostri
758 1097 842 1118 anno
867 1089 971 1119 sexto.

231 1307 306 1343 565.
341 1304 549 1342 FOEDUS
576 1303 818 1342 GERLAOI
842 1303 1067 1342 COMITls
1094 1303 1165 1340 DE
1193 1287 1422 1342 &ASSOW
1446 1302 1559 1341 CUM
1586 1302 1887 1341 LUDEWICO.

907 1373 1016 1409 1320.
1058 1372 1164 1409 Mart.
1185 1373 1221 1409 8.

189 1485 216 1505 a·
345 1473 508 1514 Oriqinale
539 1474 611 1513 (or.)
645 1473 681 1504 in
714 1472 873 1504 tabulario
903 1475 1019 1505 sec-reto
1052 1473 1164 1505 domus
1196 1473 1300 1513 reyiae
1330 1471 1533 1504 Bawaricae.
1593 1472 1792 1504 Contulimus
1821 1482 1888 1504 nos.

234 1524 368 1557 Praeter
389 1527 541 1565 quartum
558 1524 697 1564 pendent
718 1524 834 1565 sigilla,
857 1534 992 1564 quorum
1007 1525 1152 1565 primum
1177 1526 1206 1556 et
1228 1524 1357 1555 tertium
1378 1524 1445 1564 fere
1468 1523 1621 1562 illaesum,
1645 1523 1722 1556 loris
1736 1524 1889 1556 membra-

231 1577 348 1609 naceis.
372 1596 414 1600 —
438 1576 502 1608 Ed.
519 1575 645 1608 Riezler
667 1575 903 1617 ‘Fmschunyen
924 1586 984 1608 zur
1006 1575 1187 1608 Deutschen
1213 1575 1410 1608 Geschichte’
1434 1574 1512 1613 ΧΧ,
1535 1575 1599 1606 241
1622 1586 1672 1607 nr.
1690 1576 1708 1607 5
1732 1586 1771 1607 ex
1793 1586 1839 1607 or.

342 1636 528 1669 Eoearatum
551 1647 615 1668 esse
641 1636 766 1668 videtur
790 1636 898 1669 eadem
924 1647 1037 1674 manu,
1068 1647 1150 1677 quae
1171 1636 1335 1677 Scriptum
1361 1635 1499 1676 foederis
1524 1636 1608 1668 inter
1630 1647 1715 1677 reyes
1743 1646 1774 1668 α.
1792 1636 1887 1668 1325.

232 1688 337 1720 Mart.
354 1689 404 1720 13.
429 1687 532 1720 habiti
553 1688 691 1727 scripsit.

189 1784 215 1805 st
341 1773 414 1805 wir
437 1773 577 1806 Gerlach
599 1773 692 1815 grase
715 1784 778 1806 von
800 1773 958 1806 Nazzawe
981 1773 1135 1814 verjehen
1159 1773 1317 1805 offembar
1339 1783 1379 1805 an
1403 1772 1505 1805 disem
1529 1773 1644 1815 briefe,
1668 1773 1727 1805 daz
1750 1774 1808 1806 wir
1830 1774 1889 1805 mit

233 1835 362 1858 unserm
386 1824 578 1866 genoedigen
601 1824 718 1857 herren
741 1825 860 1857 kunich
883 1825 1083 1867 Ludowigen
1107 1835 1170 1856 von
1191 1825 1296 1856 Rome
1323 1824 1401 1856 fimb
1429 1825 1493 1856 alle
1516 1824 1643 1867 kriegs,
1676 1825 1794 1858 sachen
1822 1825 1888 1857 und

234 1876 365 1918 brucho,
390 1876 441 1909 die
465 1876 622 1908 zwisehen
646 1877 691 1908 im
713 1877 779 1908 und
802 1888 860 1908 uns
884 1876 932 1908 bis
955 1877 1014 1908 her
1037 1887 1188 1918 gewesen
1211 1877 1303 1917 seint,
1327 1875 1448 1918 gutlich
1472 1876 1537 1907 und
1559 1876 1690 1918 lieplich
1715 1877 1890 1909 verrichtet

234 1929 328 1970 seint,
351 1928 399 1960 als
422 1927 564 1960 hernach
586 1928 776 1970 geschriben
801 1932 877 1961 stet:

344 1982 370 2012 1.
405 1979 473 2011 Des
495 1983 602 2012 ersten
625 1979 684 2011 daz
706 1981 764 2012 wir
786 1981 830 2011 im
854 1979 970 2011 dienen
999 1979 1069 2011 suin
1100 1979 1174 2020 gein
1208 1979 1288 2011 aller
1315 1978 1506 2020 maengelich
1529 1979 1751 2011 innewendieh
1775 1979 1889 2011 landes

189 2041 216 2063 ιο
234 2033 293 2064 mit
315 2031 395 2063 aller
417 2041 514 2063 unser
536 2031 646 2063 macht
679 2041 719 2062 an
743 2031 886 2073 geverde
910 2031 973 2062 und
998 2030 1205 2062 euzwendich
1228 2030 1341 2062 landes
1374 2032 1433 2062 mit
1468 2030 1624 2062 dreizzich
1653 2031 1800 2070 helmen,
1835 2031 1887 2063 die

234 2083 328 2115 weile
358 2083 416 2115 der
438 2082 550 2114 kriech
573 2083 730 2115 zwischen
759 2083 802 2114 im
830 2083 895 2115 und
923 2083 1103 2124 herczogen
1133 2082 1340 2114 Friderichen
1364 2092 1426 2113 von
1451 2082 1637 2114 Osterreich
1660 2087 1749 2114 wert.
1795 2083 1887 2115 Doch

233 2133 290 2166 hat
310 2145 370 2166 uns
391 2145 488 2166 unser
509 2134 604 2166 herre
628 2134 687 2166 der
709 2134 846 2166 chunich
868 2134 1044 2166 Ludowich
1069 2134 1228 2173 erlazzen,
1259 2133 1318 2165 daz
1342 2135 1398 2165 wir
1421 2133 1522 2165 wider
1543 2144 1641 2166 unser
1663 2138 1797 2166 swester
1823 2134 1888 2166 und

234 2186 262 2218 ir
284 2185 371 2218 chint
393 2196 489 2218 unser
512 2185 620 2218 oheim
643 2185 732 2218 nicht
754 2186 870 2218 dienen
894 2185 980 2227 sfiln,
1010 2196 1046 2217 ez
1070 2196 1154 2217 were
1183 2185 1287 2216 danne
1317 2185 1376 2217 dez
1405 2186 1431 2216 si
1454 2189 1546 2217 sotan
1569 2190 1661 2227 geste
1688 2186 1720 2217 in
1748 2187 1775 2217 ir
1798 2190 1887 2217 vestn

233 2237 371 2278 liezzen,
407 2237 460 2269 die
482 2247 611 2269 unserm
636 2237 752 2269 herren
787 2237 861 2269 dem
892 2237 1014 2279 kunige
1048 2237 1112 2268 und
1140 2237 1250 2268 seinen
1283 2236 1407 2268 helsern
1435 2237 1627 2269 schoedelich
1650 2247 1768 2269 weren.
1816 2237 1888 2269 Und

190 2297 217 2318 ιι
235 2299 346 2320 swann
369 2288 451 2321 auch
474 2289 499 2320 si
524 2288 582 2320 das
605 2288 671 2330 tun,
695 2300 730 2320 so
754 2289 849 2321 mach
873 2299 932 2320 uns
954 2298 1051 2320 unser
1074 2288 1167 2320 herre
1192 2288 1250 2319 der
1273 2288 1408 2320 chunich
1432 2299 1549 2320 manen
1576 2288 1641 2320 und
1670 2289 1739 2320 silln
1763 2290 1822 2320 wir
1843 2290 1886 2320 im

237 2339 342 2372 danne
365 2339 553 2382 verpunden
586 2341 655 2372 sein
689 2351 726 2373 ze
760 2340 876 2372 dienen
905 2340 1006 2372 wider
1039 2340 1092 2372 die
1126 2340 1238 2372 selben
1271 2343 1363 2381 geste
1397 2339 1462 2371 und
1495 2350 1592 2372 unser
1618 2344 1751 2372 swester
1772 2340 1838 2372 und
1862 2342 1889 2372 ir

235 2391 370 2423 chinder
384 2391 500 2424 helfer.
537 2391 612 2424 Und
628 2392 699 2424 suln
715 2392 779 2424 den
795 2392 862 2434 tfin,
885 2403 967 2424 swas
984 2393 1041 2423 wir
1063 2391 1162 2433 mfign
1186 2402 1227 2423 an
1250 2391 1392 2433 geverde
1414 2391 1620 2423 suzwendich
1643 2402 1740 2423 unser
1755 2396 1890 2424 swester

235 2442 311 2474 lant.
359 2442 448 2475 Aver
477 2443 528 2475 fur
549 2453 646 2476 unser
667 2448 800 2476 swester
823 2447 915 2476 vestn
942 2454 979 2475 ze
1006 2444 1109 2475 reiten
1133 2442 1213 2475 oder
1238 2443 1263 2474 si
1287 2453 1323 2474 ze
1346 2442 1505 2482 besitzen,
1541 2443 1599 2475 des
1628 2444 1696 2475 sein
1720 2445 1778 2475 wir
1800 2443 1889 2475 nicht

236 2492 418 2535 gepflnden.

192 2555 220 2575 ω
345 2546 374 2576 2.
409 2545 478 2578 Uns
503 2545 561 2577 hat
594 2545 676 2578 auch
708 2557 805 2578 unser
831 2547 926 2578 berre
954 2546 1013 2578 der
1036 2545 1171 2577 chunieh
1196 2545 1352 2585 erhzzen,
1387 2545 1446 2577 daz
1469 2546 1527 2577 wir
1553 2546 1596 2577 im
1624 2546 1712 2577 nicht
1735 2546 1887 2578 beholfen

236 2595 307 2627 suin
329 2597 396 2642 sein
418 2596 519 2628 wider
541 2597 658 2629 herren
681 2598 780 2630 Otten
803 2597 993 2641 lantgraven
1018 2608 1081 2629 von
1104 2597 1246 2633 Hessen,
1270 2597 1371 2629 wider
1393 2596 1458 2629 alle
1480 2597 1666 2637 Nazzower,
1696 2598 1759 2629 elle
1784 2598 1886 2639 Span-

235 2646 373 2688 heimer,
407 2647 470 2679 alle
493 2658 555 2680 von
579 2648 911 2691 Ohatzenessebogeu,
942 2648 1113 2680 Gotfriden
1143 2648 1215 2679 dem
1241 2649 1354 2690 grafen
1377 2659 1438 2680 von
1462 2648 1556 2689 Sein,
1590 2648 1799 2681 Hermannen
1825 2649 1887 2680 und

234 2698 359 2730 Johans
382 2699 496 2741 grsfen
519 2710 581 2731 von
605 2699 746 2741 Sfllmes‚
781 2699 978 2733 Heinrichen
1008 2700 1071 2731 den
1097 2698 1222 2741 jfingen
1250 2698 1471 2742 Rfiehgresen,
1505 2700 1613 2732 Johan
1643 2700 1717 2732 deni
1738 2700 1887 2732 Wildon-

341 2784 407 2812 5⁰4.
435 2784 458 2818 θ)
477 2783 614 2813 cunradus
631 2785 655 2813 2.
