<?xml version="1.0" encoding="UTF-8"?>
<!DOCTYPE html PUBLIC "-//W3C//DTD XHTML 1.0 Transitional//EN"
    "http://www.w3.org/TR/xhtml1/DTD/xhtml1-transitional.dtd">
<html xmlns="http://www.w3.org/1999/xhtml" xml:lang="en" lang="en">
 <head>
  <title>
</title>
<meta http-equiv="Content-Type" content="text/html;charset=utf-8" />
  <meta name='ocr-system' content='tesseract 3.04.00' />
  <meta name='ocr-capabilities' content='ocr_page ocr_carea ocr_par ocr_line ocrx_word'/>
</head>
<body>
  <div class='ocr_page' id='page_1' title='image "./monumentagerma05geseuoft_0449.png"; bbox 0 0 2190 3172; ppageno 0'>
   <div class='ocr_carea' id='block_1_1' title="bbox 424 199 1880 233">
    <p class='ocr_par' dir='ltr' id='par_1_1' title="bbox 424 199 1880 233">
     <span class='ocr_line' id='line_1_1' title="bbox 424 199 1880 233; baseline -0.004 0"><span class='ocrx_word' id='word_1_1' title='bbox 424 203 521 233; x_wconf 76' lang='lat' dir='ltr'>ACTA</span> <span class='ocrx_word' id='word_1_2' title='bbox 538 203 652 232; x_wconf 65' lang='lat' dir='ltr'>mmm</span> <span class='ocrx_word' id='word_1_3' title='bbox 670 202 854 231; x_wconf 84' lang='lat' dir='ltr'><strong>LUDEWICI</strong></span> <span class='ocrx_word' id='word_1_4' title='bbox 872 202 920 229; x_wconf 86' lang='lat' dir='ltr'>lv.</span> <span class='ocrx_word' id='word_1_5' title='bbox 939 201 989 230; x_wconf 67' lang='lat' dir='ltr'>m*</span> <span class='ocrx_word' id='word_1_6' title='bbox 1006 200 1189 230; x_wconf 71' lang='lat' dir='ltr'>memicl</span> <span class='ocrx_word' id='word_1_7' title='bbox 1207 200 1256 229; x_wconf 89' lang='lat'><strong>111.</strong></span> <span class='ocrx_word' id='word_1_8' title='bbox 1293 199 1368 228; x_wconf 81' lang='lat'><strong>1818.</strong></span> <span class='ocrx_word' id='word_1_9' title='bbox 1403 200 1451 227; x_wconf 87' lang='lat' dir='ltr'>Nr.</span> <span class='ocrx_word' id='word_1_10' title='bbox 1465 200 1523 228; x_wconf 83' lang='lat'><strong>505.</strong></span> <span class='ocrx_word' id='word_1_11' title='bbox 1542 200 1601 228; x_wconf 78' lang='lat'><strong>506.</strong></span> <span class='ocrx_word' id='word_1_12' title='bbox 1619 199 1678 228; x_wconf 76' lang='lat'><strong>507.</strong></span> <span class='ocrx_word' id='word_1_13' title='bbox 1817 203 1880 233; x_wconf 74' lang='lat'>409</span> 
     </span>
    </p>
   </div>
   <div class='ocr_carea' id='block_1_2' title="bbox 188 286 1882 1109">
    <p class='ocr_par' dir='ltr' id='par_1_2' title="bbox 230 286 1881 488">
     <span class='ocr_line' id='line_1_2' title="bbox 231 286 1880 334; baseline -0.002 -12"><span class='ocrx_word' id='word_1_14' title='bbox 231 294 265 322; x_wconf 84' lang='lat' dir='ltr'>et</span> <span class='ocrx_word' id='word_1_15' title='bbox 287 301 401 334; x_wconf 80' lang='lat' dir='ltr'>aspera</span> <span class='ocrx_word' id='word_1_16' title='bbox 423 292 457 324; x_wconf 91' lang='lat' dir='ltr'>in</span> <span class='ocrx_word' id='word_1_17' title='bbox 479 292 547 324; x_wconf 75' lang='lat' dir='ltr'>vias</span> <span class='ocrx_word' id='word_1_18' title='bbox 568 291 690 334; x_wconf 77' lang='lat' dir='ltr'>planas.</span> <span class='ocrx_word' id='word_1_19' title='bbox 735 290 819 322; x_wconf 85' lang='lat' dir='ltr'>Nam</span> <span class='ocrx_word' id='word_1_20' title='bbox 847 289 983 322; x_wconf 78' lang='lat' dir='ltr'>dextera</span> <span class='ocrx_word' id='word_1_21' title='bbox 1008 290 1078 322; x_wconf 85' lang='lat' dir='ltr'>eius</span> <span class='ocrx_word' id='word_1_22' title='bbox 1106 288 1282 331; x_wconf 81' lang='lat' dir='ltr'>impietatis</span> <span class='ocrx_word' id='word_1_23' title='bbox 1310 287 1479 320; x_wconf 84' lang='lat' dir='ltr'>dexteram</span> <span class='ocrx_word' id='word_1_24' title='bbox 1503 287 1662 319; x_wconf 83' lang='lat' dir='ltr'>Gibelinis</span> <span class='ocrx_word' id='word_1_25' title='bbox 1690 286 1826 319; x_wconf 86' lang='lat' dir='ltr'>deduxit</span> <span class='ocrx_word' id='word_1_26' title='bbox 1848 288 1880 319; x_wconf 89' lang='lat' dir='ltr'>in</span> 
     </span>
     <span class='ocr_line' id='line_1_3' title="bbox 231 339 1881 386; baseline -0.002 -12"><span class='ocrx_word' id='word_1_27' title='bbox 231 343 398 383; x_wconf 71' lang='lat' dir='ltr'>stramine,</span> <span class='ocrx_word' id='word_1_28' title='bbox 432 347 468 376; x_wconf 92' lang='lat' dir='ltr'>ut</span> <span class='ocrx_word' id='word_1_29' title='bbox 495 343 586 386; x_wconf 81' lang='lat' dir='ltr'>quasi</span> <span class='ocrx_word' id='word_1_30' title='bbox 616 353 680 375; x_wconf 89' lang='lat' dir='ltr'>non</span> <span class='ocrx_word' id='word_1_31' title='bbox 707 345 797 374; x_wconf 87' lang='lat' dir='ltr'>esset.</span> <span class='ocrx_word' id='word_1_32' title='bbox 820 351 931 374; x_wconf 86' lang='lat' dir='ltr'>eorum</span> <span class='ocrx_word' id='word_1_33' title='bbox 959 341 1117 373; x_wconf 78' lang='lat' dir='ltr'>memoris</span> <span class='ocrx_word' id='word_1_34' title='bbox 1143 350 1241 383; x_wconf 85' lang='lat' dir='ltr'>super</span> <span class='ocrx_word' id='word_1_35' title='bbox 1264 344 1392 372; x_wconf 80' lang='lat' dir='ltr'>terram.</span> <span class='ocrx_word' id='word_1_36' title='bbox 1437 339 1577 382; x_wconf 83' lang='lat' dir='ltr'>Propter</span> <span class='ocrx_word' id='word_1_37' title='bbox 1605 339 1690 382; x_wconf 89' lang='lat' dir='ltr'>quod</span> <span class='ocrx_word' id='word_1_38' title='bbox 1720 340 1747 371; x_wconf 91' lang='lat' dir='ltr'>si</span> <span class='ocrx_word' id='word_1_39' title='bbox 1770 340 1881 372; x_wconf 85' lang='lat' dir='ltr'>tardus</span> 
     </span>
     <span class='ocr_line' id='line_1_4' title="bbox 231 390 1879 435; baseline -0.001 -10"><span class='ocrx_word' id='word_1_40' title='bbox 231 393 328 426; x_wconf 83' lang='lat' dir='ltr'>fuerit</span> <span class='ocrx_word' id='word_1_41' title='bbox 350 397 528 427; x_wconf 81' lang='lat' dir='ltr'>vestrorum</span> <span class='ocrx_word' id='word_1_42' title='bbox 553 394 688 427; x_wconf 91' lang='lat' dir='ltr'>militum</span> <span class='ocrx_word' id='word_1_43' title='bbox 713 404 890 433; x_wconf 76' lang='lat' dir='ltr'>succursus,</span> <span class='ocrx_word' id='word_1_44' title='bbox 914 392 1000 435; x_wconf 86' lang='lat' dir='ltr'>quod</span> <span class='ocrx_word' id='word_1_45' title='bbox 1023 403 1086 424; x_wconf 92' lang='lat' dir='ltr'>non</span> <span class='ocrx_word' id='word_1_46' title='bbox 1109 391 1216 433; x_wconf 87' lang='lat' dir='ltr'>credo,</span> <span class='ocrx_word' id='word_1_47' title='bbox 1237 402 1302 423; x_wconf 86' lang='lat' dir='ltr'>non</span> <span class='ocrx_word' id='word_1_48' title='bbox 1324 391 1459 424; x_wconf 87' lang='lat' dir='ltr'>multum</span> <span class='ocrx_word' id='word_1_49' title='bbox 1482 391 1588 434; x_wconf 84' lang='lat' dir='ltr'>patiar</span> <span class='ocrx_word' id='word_1_50' title='bbox 1603 394 1725 423; x_wconf 80' lang='lat' dir='ltr'>tantam</span> <span class='ocrx_word' id='word_1_51' title='bbox 1742 390 1879 423; x_wconf 85' lang='lat' dir='ltr'>Gibelli-</span> 
     </span>
     <span class='ocr_line' id='line_1_5' title="bbox 230 443 1878 488; baseline -0.002 -10"><span class='ocrx_word' id='word_1_52' title='bbox 230 455 343 478; x_wconf 83' lang='lat' dir='ltr'>norum</span> <span class='ocrx_word' id='word_1_53' title='bbox 366 445 587 487; x_wconf 85' lang='lat' dir='ltr'>putredinem,</span> <span class='ocrx_word' id='word_1_54' title='bbox 619 446 675 488; x_wconf 88' lang='lat' dir='ltr'>qui</span> <span class='ocrx_word' id='word_1_55' title='bbox 701 445 886 488; x_wconf 88' lang='lat' dir='ltr'>conspectui</span> <span class='ocrx_word' id='word_1_56' title='bbox 912 444 1026 477; x_wconf 83' lang='lat' dir='ltr'>domus</span> <span class='ocrx_word' id='word_1_57' title='bbox 1048 444 1174 476; x_wconf 82' lang='lat' dir='ltr'>Karulli</span> <span class='ocrx_word' id='word_1_58' title='bbox 1200 453 1281 476; x_wconf 77' lang='lat' dir='ltr'>ausu</span> <span class='ocrx_word' id='word_1_59' title='bbox 1307 443 1481 476; x_wconf 73' lang='lat' dir='ltr'>temerario</span> <span class='ocrx_word' id='word_1_60' title='bbox 1503 447 1768 486; x_wconf 82' lang='lat' dir='ltr'>presumpserunt</span> <span class='ocrx_word' id='word_1_61' title='bbox 1791 453 1878 475; x_wconf 92' lang='lat' dir='ltr'>com-</span> 
     </span>
    </p>

    <p class='ocr_par' dir='ltr' id='par_1_3' title="bbox 199 494 1881 745">
     <span class='ocr_line' id='line_1_6' title="bbox 199 494 1881 540; baseline -0.002 -10"><span class='ocrx_word' id='word_1_62' title='bbox 199 510 212 530; x_wconf 67' lang='lat' dir='ltr'><strong>a</strong></span> <span class='ocrx_word' id='word_1_63' title='bbox 230 506 357 539; x_wconf 81' lang='lat' dir='ltr'>parere,</span> <span class='ocrx_word' id='word_1_64' title='bbox 382 498 457 539; x_wconf 90' lang='lat' dir='ltr'>quin</span> <span class='ocrx_word' id='word_1_65' title='bbox 480 498 579 530; x_wconf 90' lang='lat' dir='ltr'>immo</span> <span class='ocrx_word' id='word_1_66' title='bbox 601 498 708 540; x_wconf 88' lang='lat' dir='ltr'>potius</span> <span class='ocrx_word' id='word_1_67' title='bbox 731 507 804 529; x_wconf 89' lang='lat' dir='ltr'>cum</span> <span class='ocrx_word' id='word_1_68' title='bbox 826 496 962 529; x_wconf 85' lang='lat' dir='ltr'>militum</span> <span class='ocrx_word' id='word_1_69' title='bbox 986 500 1020 528; x_wconf 85' lang='lat' dir='ltr'>et</span> <span class='ocrx_word' id='word_1_70' title='bbox 1041 495 1152 539; x_wconf 85' lang='lat' dir='ltr'>populi</span> <span class='ocrx_word' id='word_1_71' title='bbox 1175 495 1371 538; x_wconf 75' lang='lat' dir='ltr'>quantitate,</span> <span class='ocrx_word' id='word_1_72' title='bbox 1394 506 1491 538; x_wconf 80' lang='lat' dir='ltr'>quam</span> <span class='ocrx_word' id='word_1_73' title='bbox 1514 494 1635 536; x_wconf 86' lang='lat' dir='ltr'>habeo,</span> <span class='ocrx_word' id='word_1_74' title='bbox 1666 494 1743 527; x_wconf 88' lang='lat' dir='ltr'>licet</span> <span class='ocrx_word' id='word_1_75' title='bbox 1764 505 1881 537; x_wconf 83' lang='lat' dir='ltr'>pauca,</span> 
     </span>
     <span class='ocr_line' id='line_1_7' title="bbox 231 547 1880 591; baseline 0 -11"><span class='ocrx_word' id='word_1_76' title='bbox 231 549 395 581; x_wconf 80' lang='lat' dir='ltr'>civitatem</span> <span class='ocrx_word' id='word_1_77' title='bbox 412 550 540 590; x_wconf 87' lang='lat' dir='ltr'>penitus</span> <span class='ocrx_word' id='word_1_78' title='bbox 560 549 710 591; x_wconf 76' lang='lat' dir='ltr'>egrediar</span> <span class='ocrx_word' id='word_1_79' title='bbox 731 548 773 581; x_wconf 77' lang='lat' dir='ltr'>ad</span> <span class='ocrx_word' id='word_1_80' title='bbox 789 548 1006 591; x_wconf 86' lang='lat' dir='ltr'>pugnandum.</span> <span class='ocrx_word' id='word_1_81' title='bbox 1037 547 1122 580; x_wconf 90' lang='lat' dir='ltr'>Volo</span> <span class='ocrx_word' id='word_1_82' title='bbox 1138 547 1269 590; x_wconf 84' lang='lat' dir='ltr'>quidem</span> <span class='ocrx_word' id='word_1_83' title='bbox 1284 547 1391 589; x_wconf 83' lang='lat' dir='ltr'>potius</span> <span class='ocrx_word' id='word_1_84' title='bbox 1413 547 1446 579; x_wconf 89' lang='lat' dir='ltr'>in</span> <span class='ocrx_word' id='word_1_85' title='bbox 1461 547 1548 579; x_wconf 85' lang='lat' dir='ltr'>bello</span> <span class='ocrx_word' id='word_1_86' title='bbox 1564 547 1655 587; x_wconf 82' lang='lat' dir='ltr'>mori,</span> <span class='ocrx_word' id='word_1_87' title='bbox 1678 547 1880 580; x_wconf 84' lang='lat' dir='ltr'>inimicorum</span> 
     </span>
     <span class='ocr_line' id='line_1_8' title="bbox 231 598 1881 643; baseline -0.001 -11"><span class='ocrx_word' id='word_1_88' title='bbox 231 600 418 643; x_wconf 79' lang='lat' dir='ltr'>sauguinem</span> <span class='ocrx_word' id='word_1_89' title='bbox 441 600 647 642; x_wconf 85' lang='lat' dir='ltr'>effundendo,</span> <span class='ocrx_word' id='word_1_90' title='bbox 671 611 768 643; x_wconf 87' lang='lat' dir='ltr'>quam</span> <span class='ocrx_word' id='word_1_91' title='bbox 791 600 995 633; x_wconf 84' lang='lat' dir='ltr'>oallamitatis</span> <span class='ocrx_word' id='word_1_92' title='bbox 1011 600 1110 631; x_wconf 85' lang='lat' dir='ltr'>vitam</span> <span class='ocrx_word' id='word_1_93' title='bbox 1133 599 1252 632; x_wconf 85' lang='lat' dir='ltr'>ducere</span> <span class='ocrx_word' id='word_1_94' title='bbox 1275 609 1334 641; x_wconf 84' lang='lat' dir='ltr'>per</span> <span class='ocrx_word' id='word_1_95' title='bbox 1348 599 1553 641; x_wconf 72' lang='lat' dir='ltr'>longaevum.</span> <span class='ocrx_word' id='word_1_96' title='bbox 1586 598 1681 635; x_wconf 87' lang='lat' dir='ltr'>Quod</span> <span class='ocrx_word' id='word_1_97' title='bbox 1703 600 1730 630; x_wconf 88' lang='lat' dir='ltr'>si</span> <span class='ocrx_word' id='word_1_98' title='bbox 1746 599 1881 631; x_wconf 80' lang='lat' dir='ltr'>festinus</span> 
     </span>
     <span class='ocr_line' id='line_1_9' title="bbox 230 650 1881 694; baseline -0.001 -10"><span class='ocrx_word' id='word_1_99' title='bbox 230 651 342 691; x_wconf 79' lang='lat' dir='ltr'>fuerit,</span> <span class='ocrx_word' id='word_1_100' title='bbox 375 654 412 683; x_wconf 87' lang='lat' dir='ltr'>ut</span> <span class='ocrx_word' id='word_1_101' title='bbox 439 651 552 692; x_wconf 85' lang='lat' dir='ltr'>credo,</span> <span class='ocrx_word' id='word_1_102' title='bbox 587 652 786 685; x_wconf 73' lang='lat' dir='ltr'>clarificabor</span> <span class='ocrx_word' id='word_1_103' title='bbox 812 653 844 684; x_wconf 90' lang='lat' dir='ltr'>in</span> <span class='ocrx_word' id='word_1_104' title='bbox 874 650 993 694; x_wconf 87' lang='lat' dir='ltr'>gaudio</span> <span class='ocrx_word' id='word_1_105' title='bbox 1022 661 1140 693; x_wconf 74' lang='lat' dir='ltr'>magno</span> <span class='ocrx_word' id='word_1_106' title='bbox 1168 650 1354 683; x_wconf 79' lang='lat' dir='ltr'>Galicorum</span> <span class='ocrx_word' id='word_1_107' title='bbox 1382 650 1511 683; x_wconf 81' lang='lat' dir='ltr'>fulcitus</span> <span class='ocrx_word' id='word_1_108' title='bbox 1538 651 1730 692; x_wconf 77' lang='lat' dir='ltr'><strong>munimine,</strong></span> <span class='ocrx_word' id='word_1_109' title='bbox 1765 650 1881 693; x_wconf 88' lang='lat' dir='ltr'>quibus</span> 
     </span>
     <span class='ocr_line' id='line_1_10' title="bbox 231 702 1880 745; baseline -0.001 -9"><span class='ocrx_word' id='word_1_110' title='bbox 231 705 393 736; x_wconf 77' lang='lat' dir='ltr'>armorum</span> <span class='ocrx_word' id='word_1_111' title='bbox 415 703 559 745; x_wconf 78' lang='lat' dir='ltr'>probitas</span> <span class='ocrx_word' id='word_1_112' title='bbox 589 707 638 736; x_wconf 88' lang='lat' dir='ltr'>est</span> <span class='ocrx_word' id='word_1_113' title='bbox 660 705 778 736; x_wconf 72' lang='lat' dir='ltr'>innata.</span> <span class='ocrx_word' id='word_1_114' title='bbox 824 703 952 736; x_wconf 85' lang='lat' dir='ltr'>Mecum</span> <span class='ocrx_word' id='word_1_115' title='bbox 980 704 1100 735; x_wconf 90' lang='lat' dir='ltr'>etenim</span> <span class='ocrx_word' id='word_1_116' title='bbox 1133 704 1220 735; x_wconf 88' lang='lat' dir='ltr'>omni</span> <span class='ocrx_word' id='word_1_117' title='bbox 1248 713 1339 735; x_wconf 87' lang='lat' dir='ltr'>mora</span> <span class='ocrx_word' id='word_1_118' title='bbox 1369 703 1549 745; x_wconf 83' lang='lat' dir='ltr'>postposita</span> <span class='ocrx_word' id='word_1_119' title='bbox 1578 702 1636 734; x_wconf 87' lang='lat' dir='ltr'>sub</span> <span class='ocrx_word' id='word_1_120' title='bbox 1665 702 1804 734; x_wconf 86' lang='lat' dir='ltr'>liliorum</span> <span class='ocrx_word' id='word_1_121' title='bbox 1831 702 1880 734; x_wconf 93' lang='lat' dir='ltr'>in-</span> 
     </span>
    </p>

    <p class='ocr_par' dir='ltr' id='par_1_4' title="bbox 188 754 1882 1005">
     <span class='ocr_line' id='line_1_11' title="bbox 188 754 1882 798; baseline -0.002 -9"><span class='ocrx_word' id='word_1_122' title='bbox 188 768 214 789; x_wconf 88' lang='grc' dir='ltr'>ιο</span> <span class='ocrx_word' id='word_1_123' title='bbox 231 754 569 798; x_wconf 71' lang='lat' dir='ltr'>signibuuiotrioibus</span> <span class='ocrx_word' id='word_1_124' title='bbox 582 759 820 798; x_wconf 74' lang='lat' dir='ltr'>consurgentes,</span> <span class='ocrx_word' id='word_1_125' title='bbox 835 755 943 788; x_wconf 89' lang='lat' dir='ltr'>taliter</span> <span class='ocrx_word' id='word_1_126' title='bbox 958 755 990 787; x_wconf 89' lang='lat' dir='ltr'>in</span> <span class='ocrx_word' id='word_1_127' title='bbox 1006 754 1154 787; x_wconf 77' lang='lat' dir='ltr'>tubarum</span> <span class='ocrx_word' id='word_1_128' title='bbox 1172 755 1277 786; x_wconf 85' lang='lat' dir='ltr'>sonitu</span> <span class='ocrx_word' id='word_1_129' title='bbox 1294 758 1328 787; x_wconf 86' lang='lat' dir='ltr'>et</span> <span class='ocrx_word' id='word_1_130' title='bbox 1341 765 1503 787; x_wconf 86' lang='lat' dir='ltr'>armorum</span> <span class='ocrx_word' id='word_1_131' title='bbox 1518 754 1705 797; x_wconf 79' lang='lat' dir='ltr'>strepitibus</span> <span class='ocrx_word' id='word_1_132' title='bbox 1720 755 1882 787; x_wconf 84' lang='lat' dir='ltr'>seviemus</span> 
     </span>
     <span class='ocr_line' id='line_1_12' title="bbox 230 805 1880 849; baseline -0.001 -10"><span class='ocrx_word' id='word_1_133' title='bbox 230 805 263 839; x_wconf 86' lang='lat' dir='ltr'>in</span> <span class='ocrx_word' id='word_1_134' title='bbox 277 807 397 847; x_wconf 81' lang='lat' dir='ltr'>hostes,</span> <span class='ocrx_word' id='word_1_135' title='bbox 414 806 501 849; x_wconf 90' lang='lat' dir='ltr'>quod</span> <span class='ocrx_word' id='word_1_136' title='bbox 516 807 699 839; x_wconf 81' lang='lat' dir='ltr'>lancearum</span> <span class='ocrx_word' id='word_1_137' title='bbox 715 807 900 849; x_wconf 79' lang='lat' dir='ltr'>cuspidibus</span> <span class='ocrx_word' id='word_1_138' title='bbox 916 806 1136 849; x_wconf 87' lang='lat' dir='ltr'>dirumpemus</span> <span class='ocrx_word' id='word_1_139' title='bbox 1151 807 1330 838; x_wconf 79' lang='lat' dir='ltr'>exercitum</span> <span class='ocrx_word' id='word_1_140' title='bbox 1346 807 1427 839; x_wconf 85' lang='lat' dir='ltr'>etin</span> <span class='ocrx_word' id='word_1_141' title='bbox 1442 807 1565 839; x_wconf 87' lang='lat' dir='ltr'>ensium</span> <span class='ocrx_word' id='word_1_142' title='bbox 1581 806 1696 838; x_wconf 89' lang='lat' dir='ltr'>ictibus</span> <span class='ocrx_word' id='word_1_143' title='bbox 1713 806 1880 849; x_wconf 81' lang='lat' dir='ltr'>disperge-</span> 
     </span>
     <span class='ocr_line' id='line_1_13' title="bbox 231 858 1881 901; baseline 0 -10"><span class='ocrx_word' id='word_1_144' title='bbox 231 869 302 891; x_wconf 85' lang='lat' dir='ltr'>mus</span> <span class='ocrx_word' id='word_1_145' title='bbox 324 858 434 892; x_wconf 77' lang='lat' dir='ltr'>taliter</span> <span class='ocrx_word' id='word_1_146' title='bbox 455 868 532 890; x_wconf 84' lang='lat' dir='ltr'>oves</span> <span class='ocrx_word' id='word_1_147' title='bbox 559 859 684 901; x_wconf 85' lang='lat' dir='ltr'>gregis,</span> <span class='ocrx_word' id='word_1_148' title='bbox 714 859 800 901; x_wconf 92' lang='lat' dir='ltr'>quod</span> <span class='ocrx_word' id='word_1_149' title='bbox 827 859 860 891; x_wconf 91' lang='lat' dir='ltr'>in</span> <span class='ocrx_word' id='word_1_150' title='bbox 881 868 1090 901; x_wconf 75' lang='lat' dir='ltr'>personarum</span> <span class='ocrx_word' id='word_1_151' title='bbox 1115 859 1342 890; x_wconf 76' lang='lat' dir='ltr'>exterminium</span> <span class='ocrx_word' id='word_1_152' title='bbox 1372 862 1406 890; x_wconf 87' lang='lat' dir='ltr'>et</span> <span class='ocrx_word' id='word_1_153' title='bbox 1428 858 1664 890; x_wconf 81' lang='lat' dir='ltr'>confussionem</span> <span class='ocrx_word' id='word_1_154' title='bbox 1688 862 1881 901; x_wconf 81' lang='lat' dir='ltr'>perpetuam</span> 
     </span>
     <span class='ocr_line' id='line_1_14' title="bbox 232 909 1882 952; baseline 0 -10"><span class='ocrx_word' id='word_1_155' title='bbox 232 910 428 943; x_wconf 84' lang='lat' dir='ltr'>deducemus</span> <span class='ocrx_word' id='word_1_156' title='bbox 450 909 603 942; x_wconf 79' lang='lat' dir='ltr'>adversos</span> <span class='ocrx_word' id='word_1_157' title='bbox 627 915 660 942; x_wconf 93' lang='lat' dir='ltr'>et</span> <span class='ocrx_word' id='word_1_158' title='bbox 682 911 828 942; x_wconf 82' lang='lat' dir='ltr'>lavantes</span> <span class='ocrx_word' id='word_1_159' title='bbox 850 911 882 942; x_wconf 91' lang='lat' dir='ltr'>in</span> <span class='ocrx_word' id='word_1_160' title='bbox 906 921 1017 942; x_wconf 85' lang='lat' dir='ltr'>eorum</span> <span class='ocrx_word' id='word_1_161' title='bbox 1041 910 1196 952; x_wconf 77' lang='lat' dir='ltr'>sanguine</span> <span class='ocrx_word' id='word_1_162' title='bbox 1217 910 1328 942; x_wconf 75' lang='lat' dir='ltr'>stollas</span> <span class='ocrx_word' id='word_1_163' title='bbox 1350 914 1486 950; x_wconf 72' lang='lat' dir='ltr'>nostras,</span> <span class='ocrx_word' id='word_1_164' title='bbox 1511 909 1736 942; x_wconf 86' lang='lat' dir='ltr'>dilectissimos</span> <span class='ocrx_word' id='word_1_165' title='bbox 1755 915 1882 943; x_wconf 84' lang='lat' dir='ltr'>nostros</span> 
     </span>
     <span class='ocr_line' id='line_1_15' title="bbox 231 961 1879 1005; baseline 0 -10"><span class='ocrx_word' id='word_1_166' title='bbox 231 961 365 995; x_wconf 74' lang='lat' dir='ltr'>Petrum</span> <span class='ocrx_word' id='word_1_167' title='bbox 388 966 422 994; x_wconf 90' lang='lat' dir='ltr'>et</span> <span class='ocrx_word' id='word_1_168' title='bbox 435 961 593 994; x_wconf 72' lang='lat' dir='ltr'>Kar-ulum</span> <span class='ocrx_word' id='word_1_169' title='bbox 609 962 842 994; x_wconf 78' lang='lat' dir='ltr'>vindicabimus</span> <span class='ocrx_word' id='word_1_170' title='bbox 857 963 1054 994; x_wconf 89' lang='lat' dir='ltr'>innocentes.</span> <span class='ocrx_word' id='word_1_171' title='bbox 1089 961 1205 1005; x_wconf 75' lang='lat' dir='ltr'>Sicque</span> <span class='ocrx_word' id='word_1_172' title='bbox 1223 961 1408 994; x_wconf 86' lang='lat' dir='ltr'>Galicorum</span> <span class='ocrx_word' id='word_1_173' title='bbox 1431 972 1546 1004; x_wconf 86' lang='lat' dir='ltr'>regum</span> <span class='ocrx_word' id='word_1_174' title='bbox 1568 962 1750 1004; x_wconf 81' lang='lat' dir='ltr'>proprietas</span> <span class='ocrx_word' id='word_1_175' title='bbox 1772 962 1804 994; x_wconf 92' lang='lat' dir='ltr'>in</span> <span class='ocrx_word' id='word_1_176' title='bbox 1827 972 1879 995; x_wconf 87' lang='lat' dir='ltr'>me</span> 
     </span>
    </p>

    <p class='ocr_par' dir='ltr' id='par_1_5' title="bbox 188 1013 1880 1109">
     <span class='ocr_line' id='line_1_16' title="bbox 188 1013 1880 1056; baseline -0.001 -10"><span class='ocrx_word' id='word_1_177' title='bbox 188 1025 212 1047; x_wconf 73' lang='lat' dir='ltr'>u</span> <span class='ocrx_word' id='word_1_178' title='bbox 231 1024 295 1046; x_wconf 92' lang='lat' dir='ltr'>non</span> <span class='ocrx_word' id='word_1_179' title='bbox 311 1013 486 1056; x_wconf 83' lang='lat' dir='ltr'>delinquet,</span> <span class='ocrx_word' id='word_1_180' title='bbox 502 1014 617 1056; x_wconf 87' lang='lat' dir='ltr'>quibus</span> <span class='ocrx_word' id='word_1_181' title='bbox 633 1024 652 1046; x_wconf 89' lang='lat' dir='ltr'>a</span> <span class='ocrx_word' id='word_1_182' title='bbox 665 1018 780 1046; x_wconf 84' lang='lat' dir='ltr'>natura</span> <span class='ocrx_word' id='word_1_183' title='bbox 797 1014 907 1046; x_wconf 84' lang='lat' dir='ltr'>datum</span> <span class='ocrx_word' id='word_1_184' title='bbox 924 1016 974 1046; x_wconf 85' lang='lat' dir='ltr'>est</span> <span class='ocrx_word' id='word_1_185' title='bbox 989 1014 1175 1046; x_wconf 79' lang='lat' dir='ltr'>iniuriarum</span> <span class='ocrx_word' id='word_1_186' title='bbox 1191 1015 1349 1046; x_wconf 76' lang='lat' dir='ltr'>sarcinam</span> <span class='ocrx_word' id='word_1_187' title='bbox 1365 1024 1428 1046; x_wconf 90' lang='lat' dir='ltr'>non</span> <span class='ocrx_word' id='word_1_188' title='bbox 1444 1017 1584 1056; x_wconf 76' lang='lat' dir='ltr'>portare,</span> <span class='ocrx_word' id='word_1_189' title='bbox 1605 1024 1677 1045; x_wconf 90' lang='lat' dir='ltr'>cum</span> <span class='ocrx_word' id='word_1_190' title='bbox 1693 1014 1880 1046; x_wconf 74' lang='lat' dir='ltr'>iniuriarum</span> 
     </span>
     <span class='ocr_line' id='line_1_17' title="bbox 234 1065 1691 1109; baseline 0.001 -12"><span class='ocrx_word' id='word_1_191' title='bbox 234 1066 375 1098; x_wconf 88' lang='lat' dir='ltr'>omnium</span> <span class='ocrx_word' id='word_1_192' title='bbox 398 1065 519 1098; x_wconf 89' lang='lat' dir='ltr'>ultores</span> <span class='ocrx_word' id='word_1_193' title='bbox 542 1076 605 1097; x_wconf 90' lang='lat' dir='ltr'>non</span> <span class='ocrx_word' id='word_1_194' title='bbox 629 1077 702 1098; x_wconf 84' lang='lat' dir='ltr'>suas</span> <span class='ocrx_word' id='word_1_195' title='bbox 724 1066 755 1098; x_wconf 93' lang='lat' dir='ltr'>in</span> <span class='ocrx_word' id='word_1_196' title='bbox 779 1070 972 1098; x_wconf 83' lang='lat' dir='ltr'>testamento</span> <span class='ocrx_word' id='word_1_197' title='bbox 996 1066 1178 1109; x_wconf 83' lang='lat' dir='ltr'>relinquant</span> <span class='ocrx_word' id='word_1_198' title='bbox 1200 1067 1338 1099; x_wconf 87' lang='lat' dir='ltr'>ultiones</span> <span class='ocrx_word' id='word_1_199' title='bbox 1361 1067 1498 1109; x_wconf 87' lang='lat' dir='ltr'>posteris</span> <span class='ocrx_word' id='word_1_200' title='bbox 1521 1066 1691 1098; x_wconf 79' lang='lat' dir='ltr'>satiendas.</span> 
     </span>
    </p>
   </div>
   <div class='ocr_carea' id='block_1_3' title="bbox 172 1296 1881 1411">
    <p class='ocr_par' dir='ltr' id='par_1_6' title="bbox 172 1296 1881 1411">
     <span class='ocr_line' id='line_1_18' title="bbox 172 1296 1881 1388; baseline 0.001 -46"><span class='ocrx_word' id='word_1_201' title='bbox 172 1340 174 1342; x_wconf 84' lang='lat'><strong>.</strong></span> <span class='ocrx_word' id='word_1_202' title='bbox 208 1298 373 1388; x_wconf 87' lang='grc'><em>506-</em></span> <span class='ocrx_word' id='word_1_203' title='bbox 381 1297 496 1363; x_wconf 87' lang='grc'><em>509.</em></span> <span class='ocrx_word' id='word_1_204' title='bbox 521 1296 800 1360; x_wconf 84' lang='lat' dir='ltr'><strong>SCRIPTA</strong></span> <span class='ocrx_word' id='word_1_205' title='bbox 828 1297 1161 1344; x_wconf 86' lang='lat' dir='ltr'>LUDEWICI</span> <span class='ocrx_word' id='word_1_206' title='bbox 1195 1296 1406 1344; x_wconf 86' lang='lat' dir='ltr'>SUPER</span> <span class='ocrx_word' id='word_1_207' title='bbox 1432 1297 1881 1346; x_wconf 85' lang='lat' dir='ltr'><strong>OBLIGATIONE</strong></span> 
     </span>
     <span class='ocr_line' id='line_1_19' title="bbox 447 1356 1502 1411; baseline 0.001 -3"><span class='ocrx_word' id='word_1_208' title='bbox 447 1368 451 1372; x_wconf 78' lang='grc'><em>“</em></span> <span class='ocrx_word' id='word_1_209' title='bbox 523 1367 525 1369; x_wconf 83' lang='grc'><strong>’</strong></span> <span class='ocrx_word' id='word_1_210' title='bbox 613 1356 948 1408; x_wconf 85' lang='lat' dir='ltr'><strong>CIVITATIS</strong></span> <span class='ocrx_word' id='word_1_211' title='bbox 981 1360 1502 1411; x_wconf 85' lang='lat' dir='ltr'><strong>BOPARDIENSIS.</strong></span> 
     </span>
    </p>
   </div>
   <div class='ocr_carea' id='block_1_4' title="bbox 852 1443 1268 1481">
    <p class='ocr_par' dir='ltr' id='par_1_7' title="bbox 852 1443 1268 1481">
     <span class='ocr_line' id='line_1_20' title="bbox 852 1443 1268 1481; baseline 0 -1"><span class='ocrx_word' id='word_1_212' title='bbox 852 1444 960 1481; x_wconf 86' lang='lat'><strong>1318.</strong></span> <span class='ocrx_word' id='word_1_213' title='bbox 999 1443 1268 1480; x_wconf 82' lang='lat' dir='ltr'>Oct.3..-15</span> 
     </span>
    </p>
   </div>
   <div class='ocr_carea' id='block_1_5' title="bbox 188 1563 1634 1619">
    <p class='ocr_par' dir='ltr' id='par_1_8' title="bbox 188 1563 1634 1619">
     <span class='ocr_line' id='line_1_21' title="bbox 188 1563 1634 1619; baseline 0 -10"><span class='ocrx_word' id='word_1_214' title='bbox 188 1584 215 1605; x_wconf 61' lang='grc' dir='ltr'>πο</span> <span class='ocrx_word' id='word_1_215' title='bbox 311 1563 316 1592; x_wconf 58' lang='lat' dir='ltr'>s</span> <span class='ocrx_word' id='word_1_216' title='bbox 478 1573 564 1610; x_wconf 88' lang='grc'><em>506.</em></span> <span class='ocrx_word' id='word_1_217' title='bbox 604 1573 783 1610; x_wconf 78' lang='lat' dir='ltr'>Absolutio</span> <span class='ocrx_word' id='word_1_218' title='bbox 813 1573 855 1609; x_wconf 81' lang='lat' dir='ltr'>ab</span> <span class='ocrx_word' id='word_1_219' title='bbox 882 1573 1035 1618; x_wconf 73' lang='lat' dir='ltr'>homayio</span> <span class='ocrx_word' id='word_1_220' title='bbox 1062 1574 1204 1618; x_wconf 80' lang='lat' dir='ltr'>imperio</span> <span class='ocrx_word' id='word_1_221' title='bbox 1224 1573 1403 1619; x_wconf 74' lang='lat' dir='ltr'>praestito.</span> <span class='ocrx_word' id='word_1_222' title='bbox 1510 1572 1580 1609; x_wconf 79' lang='lat' dir='ltr'>Oct.</span> <span class='ocrx_word' id='word_1_223' title='bbox 1599 1573 1634 1608; x_wconf 89' lang='lat'>3.</span> 
     </span>
    </p>
   </div>
   <div class='ocr_carea' id='block_1_6' title="bbox 229 1647 1882 1799">
    <p class='ocr_par' dir='ltr' id='par_1_9' title="bbox 229 1647 1882 1799">
     <span class='ocr_line' id='line_1_22' title="bbox 343 1647 1882 1691; baseline 0 -9"><span class='ocrx_word' id='word_1_224' title='bbox 343 1647 504 1690; x_wconf 68' lang='grc' dir='ltr'>Ονίῃωιαῑε</span> <span class='ocrx_word' id='word_1_225' title='bbox 525 1648 601 1691; x_wconf 91' lang='lat' dir='ltr'>(or.)</span> <span class='ocrx_word' id='word_1_226' title='bbox 623 1649 660 1680; x_wconf 77' lang='lat' dir='ltr'>in</span> <span class='ocrx_word' id='word_1_227' title='bbox 683 1647 841 1680; x_wconf 77' lang='lat' dir='ltr'>tabulario</span> <span class='ocrx_word' id='word_1_228' title='bbox 864 1649 947 1689; x_wconf 80' lang='lat' dir='ltr'>reyio</span> <span class='ocrx_word' id='word_1_229' title='bbox 973 1647 1202 1687; x_wconf 71' lang='lat' dir='ltr'>Confluentino.</span> <span class='ocrx_word' id='word_1_230' title='bbox 1244 1647 1443 1681; x_wconf 76' lang='lat' dir='ltr'>Contulimus</span> <span class='ocrx_word' id='word_1_231' title='bbox 1464 1658 1529 1680; x_wconf 82' lang='lat' dir='ltr'>nos.</span> <span class='ocrx_word' id='word_1_232' title='bbox 1575 1648 1680 1689; x_wconf 65' lang='lat' dir='ltr'>sequti</span> <span class='ocrx_word' id='word_1_233' title='bbox 1701 1649 1882 1690; x_wconf 61' lang='lat' dir='ltr'>fragmenta</span> 
     </span>
     <span class='ocr_line' id='line_1_23' title="bbox 229 1691 1880 1746; baseline -0.001 -12"><span class='ocrx_word' id='word_1_234' title='bbox 229 1701 366 1746; x_wconf 76' lang='lat' dir='ltr'>pendent</span> <span class='ocrx_word' id='word_1_235' title='bbox 388 1700 453 1733; x_wconf 86' lang='lat' dir='ltr'>loro</span> <span class='ocrx_word' id='word_1_236' title='bbox 475 1701 718 1734; x_wconf 78' lang='lat' dir='ltr'>membranaceo.</span> <span class='ocrx_word' id='word_1_237' title='bbox 755 1700 798 1732; x_wconf 75' lang='lat' dir='ltr'>In</span> <span class='ocrx_word' id='word_1_238' title='bbox 820 1710 905 1732; x_wconf 86' lang='lat' dir='ltr'>verso</span> <span class='ocrx_word' id='word_1_239' title='bbox 927 1699 1055 1740; x_wconf 74' lang='lat' dir='ltr'>leyitur:</span> <span class='ocrx_word' id='word_1_240' title='bbox 1080 1699 1125 1739; x_wconf 67' lang='lat' dir='ltr'>R„</span> <span class='ocrx_word' id='word_1_241' title='bbox 1151 1700 1313 1740; x_wconf 80' lang='lat' dir='ltr'>itemque.</span> <span class='ocrx_word' id='word_1_242' title='bbox 1327 1699 1376 1732; x_wconf 88' lang='lat' dir='ltr'>L.</span> <span class='ocrx_word' id='word_1_243' title='bbox 1400 1691 1596 1741; x_wconf 82' lang='lat' dir='ltr'>ren(un)ciat</span> <span class='ocrx_word' id='word_1_244' title='bbox 1619 1700 1717 1733; x_wconf 92' lang='lat' dir='ltr'>hulde</span> <span class='ocrx_word' id='word_1_245' title='bbox 1732 1700 1815 1742; x_wconf 83' lang='lat' dir='ltr'>Bop.</span> <span class='ocrx_word' id='word_1_246' title='bbox 1838 1718 1880 1724; x_wconf 93' lang='lat'>—-</span> 
     </span>
     <span class='ocr_line' id='line_1_24' title="bbox 233 1751 1301 1799; baseline -0.002 -14"><span class='ocrx_word' id='word_1_247' title='bbox 233 1752 296 1786; x_wconf 81' lang='lat' dir='ltr'>Ed.</span> <span class='ocrx_word' id='word_1_248' title='bbox 315 1752 461 1799; x_wconf 66' lang='lat' dir='ltr'>Gunther</span> <span class='ocrx_word' id='word_1_249' title='bbox 484 1752 600 1786; x_wconf 74' lang='lat' dir='ltr'>‘Codex</span> <span class='ocrx_word' id='word_1_250' title='bbox 622 1752 858 1793; x_wconf 71' lang='lat' dir='ltr'>diplomaticus’</span> <span class='ocrx_word' id='word_1_251' title='bbox 882 1751 953 1790; x_wconf 89' lang='lat' dir='ltr'>III,</span> <span class='ocrx_word' id='word_1_252' title='bbox 978 1753 1039 1783; x_wconf 79' lang='lat'>184</span> <span class='ocrx_word' id='word_1_253' title='bbox 1062 1752 1173 1798; x_wconf 37' lang='lat' dir='ltr'>nra-92</span> <span class='ocrx_word' id='word_1_254' title='bbox 1194 1762 1233 1784; x_wconf 76' lang='lat' dir='ltr'>ex</span> <span class='ocrx_word' id='word_1_255' title='bbox 1256 1762 1301 1783; x_wconf 89' lang='lat' dir='ltr'>or.</span> 
     </span>
    </p>
   </div>
   <div class='ocr_carea' id='block_1_7' title="bbox 339 1805 989 1854">
    <p class='ocr_par' dir='ltr' id='par_1_10' title="bbox 339 1805 989 1854">
     <span class='ocr_line' id='line_1_25' title="bbox 339 1805 989 1854; baseline -0.003 -9"><span class='ocrx_word' id='word_1_256' title='bbox 339 1805 485 1852; x_wconf 61' lang='lat' dir='ltr'>Bahme&#39;r,</span> <span class='ocrx_word' id='word_1_257' title='bbox 508 1812 583 1854; x_wconf 75' lang='lat' dir='ltr'>Rey.</span> <span class='ocrx_word' id='word_1_258' title='bbox 601 1812 713 1845; x_wconf 74' lang='lat' dir='ltr'>Luam.</span> <span class='ocrx_word' id='word_1_259' title='bbox 731 1823 768 1853; x_wconf 64' lang='grc' dir='ltr'>ρ.</span> <span class='ocrx_word' id='word_1_260' title='bbox 785 1813 826 1843; x_wconf 87' lang='lat'>19</span> <span class='ocrx_word' id='word_1_261' title='bbox 849 1822 900 1845; x_wconf 76' lang='lat' dir='ltr'>m</span> <span class='ocrx_word' id='word_1_262' title='bbox 916 1813 989 1844; x_wconf 83' lang='lat'>325.</span> 
     </span>
    </p>
   </div>
   <div class='ocr_carea' id='block_1_8' title="bbox 187 1907 1881 2313">
    <p class='ocr_par' dir='ltr' id='par_1_11' title="bbox 187 1907 1881 2313">
     <span class='ocr_line' id='line_1_26' title="bbox 187 1907 1880 1951; baseline -0.001 -10"><span class='ocrx_word' id='word_1_263' title='bbox 187 1919 213 1941; x_wconf 65' lang='grc' dir='ltr'>ιι</span> <span class='ocrx_word' id='word_1_264' title='bbox 338 1907 532 1951; x_wconf 79' lang='lat' dir='ltr'>Ludowicus</span> <span class='ocrx_word' id='word_1_265' title='bbox 552 1907 615 1940; x_wconf 85' lang='lat' dir='ltr'>Dei</span> <span class='ocrx_word' id='word_1_266' title='bbox 638 1908 743 1951; x_wconf 83' lang='lat' dir='ltr'>gratia</span> <span class='ocrx_word' id='word_1_267' title='bbox 765 1908 984 1941; x_wconf 81' lang='lat' dir='ltr'>Romanorum</span> <span class='ocrx_word' id='word_1_268' title='bbox 1008 1918 1065 1939; x_wconf 85' lang='lat' dir='ltr'>rex</span> <span class='ocrx_word' id='word_1_269' title='bbox 1089 1917 1218 1949; x_wconf 86' lang='lat' dir='ltr'>semper</span> <span class='ocrx_word' id='word_1_270' title='bbox 1239 1911 1393 1950; x_wconf 81' lang='lat' dir='ltr'>augustus</span> <span class='ocrx_word' id='word_1_271' title='bbox 1477 1908 1636 1951; x_wconf 85' lang='lat' dir='ltr'>strennuis</span> <span class='ocrx_word' id='word_1_272' title='bbox 1658 1911 1692 1940; x_wconf 84' lang='lat' dir='ltr'>et</span> <span class='ocrx_word' id='word_1_273' title='bbox 1714 1907 1880 1949; x_wconf 86' lang='lat' dir='ltr'>prudenti-</span> 
     </span>
     <span class='ocr_line' id='line_1_27' title="bbox 232 1958 1880 2001; baseline -0.002 -8"><span class='ocrx_word' id='word_1_274' title='bbox 232 1960 292 1993; x_wconf 89' lang='lat' dir='ltr'>bus</span> <span class='ocrx_word' id='word_1_275' title='bbox 314 1960 390 1992; x_wconf 84' lang='lat' dir='ltr'>viris</span> <span class='ocrx_word' id='word_1_276' title='bbox 470 1959 622 1999; x_wconf 86' lang='lat' dir='ltr'>sculteto,</span> <span class='ocrx_word' id='word_1_277' title='bbox 654 1983 661 1991; x_wconf 92' lang='lat'><strong>.</strong></span> <span class='ocrx_word' id='word_1_278' title='bbox 679 1983 686 1991; x_wconf 92' lang='lat'><strong>.</strong></span> <span class='ocrx_word' id='word_1_279' title='bbox 709 1959 879 1999; x_wconf 84' lang='lat' dir='ltr'>militibus,</span> <span class='ocrx_word' id='word_1_280' title='bbox 910 1984 942 1991; x_wconf 90' lang='lat'>..</span> <span class='ocrx_word' id='word_1_281' title='bbox 967 1959 1167 1991; x_wconf 78' lang='lat' dir='ltr'>consulibus·</span> <span class='ocrx_word' id='word_1_282' title='bbox 1195 1962 1228 1991; x_wconf 89' lang='lat' dir='ltr'>et</span> <span class='ocrx_word' id='word_1_283' title='bbox 1258 1959 1414 1990; x_wconf 85' lang='lat' dir='ltr'>universis</span> <span class='ocrx_word' id='word_1_284' title='bbox 1445 1958 1565 1991; x_wconf 84' lang='lat' dir='ltr'>civibus</span> <span class='ocrx_word' id='word_1_285' title='bbox 1595 1958 1880 2001; x_wconf 69' lang='lat' dir='ltr'>Bopardiensibm,</span> 
     </span>
     <span class='ocr_line' id='line_1_28' title="bbox 230 2010 1281 2054; baseline -0.003 -9"><span class='ocrx_word' id='word_1_286' title='bbox 230 2012 379 2045; x_wconf 81' lang='lat' dir='ltr'>fidelibus</span> <span class='ocrx_word' id='word_1_287' title='bbox 401 2011 467 2043; x_wconf 86' lang='lat' dir='ltr'>suis</span> <span class='ocrx_word' id='word_1_288' title='bbox 490 2010 616 2043; x_wconf 86' lang='lat' dir='ltr'>dilectis</span> <span class='ocrx_word' id='word_1_289' title='bbox 702 2011 839 2054; x_wconf 81' lang='lat' dir='ltr'>gratiam</span> <span class='ocrx_word' id='word_1_290' title='bbox 863 2022 953 2043; x_wconf 83' lang='lat' dir='ltr'>suam</span> <span class='ocrx_word' id='word_1_291' title='bbox 977 2015 1010 2043; x_wconf 90' lang='lat' dir='ltr'>et</span> <span class='ocrx_word' id='word_1_292' title='bbox 1033 2021 1127 2043; x_wconf 89' lang='lat' dir='ltr'>omne</span> <span class='ocrx_word' id='word_1_293' title='bbox 1150 2010 1281 2042; x_wconf 88' lang='lat' dir='ltr'>bonum.</span> 
     </span>
     <span class='ocr_line' id='line_1_29' title="bbox 339 2062 1879 2105; baseline -0.001 -9"><span class='ocrx_word' id='word_1_294' title='bbox 339 2065 369 2096; x_wconf 81' lang='lat' dir='ltr'>A</span> <span class='ocrx_word' id='word_1_295' title='bbox 393 2063 502 2095; x_wconf 89' lang='lat' dir='ltr'>debito</span> <span class='ocrx_word' id='word_1_296' title='bbox 525 2062 689 2096; x_wconf 80' lang='lat' dir='ltr'>fidelitatis</span> <span class='ocrx_word' id='word_1_297' title='bbox 711 2063 855 2105; x_wconf 83' lang='lat' dir='ltr'>homagii</span> <span class='ocrx_word' id='word_1_298' title='bbox 879 2063 936 2094; x_wconf 89' lang='lat' dir='ltr'>sub</span> <span class='ocrx_word' id='word_1_299' title='bbox 960 2063 1168 2094; x_wconf 79' lang='lat' dir='ltr'>sacramentis</span> <span class='ocrx_word' id='word_1_300' title='bbox 1183 2062 1386 2095; x_wconf 82' lang='lat' dir='ltr'>iurisiurandi</span> <span class='ocrx_word' id='word_1_301' title='bbox 1403 2062 1518 2098; x_wconf 89' lang='lat' dir='ltr'>nobis</span> <span class='ocrx_word' id='word_1_302' title='bbox 1510 2062 1636 2104; x_wconf 80' lang='lat' dir='ltr'>imperii</span> <span class='ocrx_word' id='word_1_303' title='bbox 1654 2062 1782 2094; x_wconf 90' lang='lat' dir='ltr'>nomine</span> <span class='ocrx_word' id='word_1_304' title='bbox 1805 2073 1879 2105; x_wconf 87' lang='lat' dir='ltr'>pre-</span> 
     </span>
     <span class='ocr_line' id='line_1_30' title="bbox 232 2113 1881 2157; baseline -0.001 -9"><span class='ocrx_word' id='word_1_305' title='bbox 232 2116 298 2148; x_wconf 89' lang='lat' dir='ltr'>stiti</span> <span class='ocrx_word' id='word_1_306' title='bbox 320 2126 377 2147; x_wconf 88' lang='lat' dir='ltr'>vos</span> <span class='ocrx_word' id='word_1_307' title='bbox 401 2125 526 2147; x_wconf 84' lang='lat' dir='ltr'>exnunc</span> <span class='ocrx_word' id='word_1_308' title='bbox 548 2114 712 2146; x_wconf 86' lang='lat' dir='ltr'>universos</span> <span class='ocrx_word' id='word_1_309' title='bbox 736 2118 769 2146; x_wconf 88' lang='lat' dir='ltr'>et</span> <span class='ocrx_word' id='word_1_310' title='bbox 790 2113 931 2157; x_wconf 83' lang='lat' dir='ltr'>singulos</span> <span class='ocrx_word' id='word_1_311' title='bbox 954 2118 1062 2146; x_wconf 87' lang='lat' dir='ltr'>nostro</span> <span class='ocrx_word' id='word_1_312' title='bbox 1086 2117 1119 2146; x_wconf 90' lang='lat' dir='ltr'>et</span> <span class='ocrx_word' id='word_1_313' title='bbox 1141 2113 1267 2155; x_wconf 81' lang='lat' dir='ltr'>imperii</span> <span class='ocrx_word' id='word_1_314' title='bbox 1290 2114 1419 2146; x_wconf 89' lang='lat' dir='ltr'>nomine</span> <span class='ocrx_word' id='word_1_315' title='bbox 1442 2113 1638 2146; x_wconf 79' lang='lat' dir='ltr'>absolvimus</span> <span class='ocrx_word' id='word_1_316' title='bbox 1660 2118 1694 2146; x_wconf 82' lang='lat' dir='ltr'>et</span> <span class='ocrx_word' id='word_1_317' title='bbox 1716 2114 1881 2147; x_wconf 75' lang='lat' dir='ltr'>absolutos</span> 
     </span>
     <span class='ocr_line' id='line_1_31' title="bbox 189 2165 1879 2210; baseline -0.001 -11"><span class='ocrx_word' id='word_1_318' title='bbox 189 2177 215 2198; x_wconf 77' lang='grc' dir='ltr'><strong><em>ω</em></strong></span> <span class='ocrx_word' id='word_1_319' title='bbox 232 2167 480 2210; x_wconf 82' lang='lat' dir='ltr'>pronunciamus</span> <span class='ocrx_word' id='word_1_320' title='bbox 514 2169 547 2198; x_wconf 90' lang='lat' dir='ltr'>et</span> <span class='ocrx_word' id='word_1_321' title='bbox 575 2165 694 2198; x_wconf 85' lang='lat' dir='ltr'>liberos</span> <span class='ocrx_word' id='word_1_322' title='bbox 724 2166 858 2198; x_wconf 84' lang='lat' dir='ltr'>dicimus</span> <span class='ocrx_word' id='word_1_323' title='bbox 885 2169 982 2208; x_wconf 88' lang='lat' dir='ltr'>atque</span> <span class='ocrx_word' id='word_1_324' title='bbox 1012 2167 1126 2208; x_wconf 86' lang='lat' dir='ltr'>quitos.</span> <span class='ocrx_word' id='word_1_325' title='bbox 1172 2165 1325 2197; x_wconf 76' lang='lat' dir='ltr'>Fatemur</span> <span class='ocrx_word' id='word_1_326' title='bbox 1347 2166 1445 2197; x_wconf 88' lang='lat' dir='ltr'>etiam</span> <span class='ocrx_word' id='word_1_327' title='bbox 1467 2175 1525 2197; x_wconf 91' lang='lat' dir='ltr'>vos</span> <span class='ocrx_word' id='word_1_328' title='bbox 1558 2166 1650 2198; x_wconf 88' lang='lat' dir='ltr'>nobis</span> <span class='ocrx_word' id='word_1_329' title='bbox 1683 2176 1725 2198; x_wconf 83' lang='lat' dir='ltr'>ex</span> <span class='ocrx_word' id='word_1_330' title='bbox 1752 2166 1879 2198; x_wconf 80' lang='lat' dir='ltr'>vinculo</span> 
     </span>
     <span class='ocr_line' id='line_1_32' title="bbox 233 2217 1879 2260; baseline -0.001 -9"><span class='ocrx_word' id='word_1_331' title='bbox 233 2219 310 2252; x_wconf 89' lang='lat' dir='ltr'>dicti</span> <span class='ocrx_word' id='word_1_332' title='bbox 333 2218 556 2260; x_wconf 25' lang='lat' dir='ltr'>homagiivper</span> <span class='ocrx_word' id='word_1_333' title='bbox 577 2228 634 2250; x_wconf 90' lang='lat' dir='ltr'>vos</span> <span class='ocrx_word' id='word_1_334' title='bbox 660 2219 738 2250; x_wconf 86' lang='lat' dir='ltr'>facti</span> <span class='ocrx_word' id='word_1_335' title='bbox 761 2218 912 2250; x_wconf 90' lang='lat' dir='ltr'>ammodo</span> <span class='ocrx_word' id='word_1_336' title='bbox 940 2229 1002 2250; x_wconf 91' lang='lat' dir='ltr'>non</span> <span class='ocrx_word' id='word_1_337' title='bbox 1025 2218 1167 2260; x_wconf 73' lang='lat' dir='ltr'>astringi.</span> <span class='ocrx_word' id='word_1_338' title='bbox 1212 2217 1338 2249; x_wconf 81' lang='lat' dir='ltr'>Harum</span> <span class='ocrx_word' id='word_1_339' title='bbox 1360 2218 1545 2250; x_wconf 88' lang='lat' dir='ltr'>testimonio</span> <span class='ocrx_word' id='word_1_340' title='bbox 1569 2217 1747 2250; x_wconf 75' lang='lat' dir='ltr'>litterarum</span> <span class='ocrx_word' id='word_1_341' title='bbox 1771 2222 1879 2251; x_wconf 86' lang='lat' dir='ltr'>nostre</span> 
     </span>
     <span class='ocr_line' id='line_1_33' title="bbox 233 2269 1769 2313; baseline -0.003 -10"><span class='ocrx_word' id='word_1_342' title='bbox 233 2270 413 2303; x_wconf 77' lang='lat' dir='ltr'>maiestatis</span> <span class='ocrx_word' id='word_1_343' title='bbox 432 2269 528 2312; x_wconf 81' lang='lat' dir='ltr'>sigilli</span> <span class='ocrx_word' id='word_1_344' title='bbox 550 2269 665 2302; x_wconf 79' lang='lat' dir='ltr'>robore</span> <span class='ocrx_word' id='word_1_345' title='bbox 689 2271 896 2313; x_wconf 84' lang='lat' dir='ltr'>signatarum.</span> <span class='ocrx_word' id='word_1_346' title='bbox 1766 2283 1769 2286; x_wconf 92' lang='lat'><em>·</em></span> 
     </span>
    </p>
   </div>
   <div class='ocr_carea' id='block_1_9' title="bbox 233 2323 1879 2425">
    <p class='ocr_par' dir='ltr' id='par_1_12' title="bbox 233 2323 1879 2425">
     <span class='ocr_line' id='line_1_34' title="bbox 336 2323 1879 2376; baseline 0 -14"><span class='ocrx_word' id='word_1_347' title='bbox 336 2330 414 2374; x_wconf 85' lang='lat' dir='ltr'>Dat.</span> <span class='ocrx_word' id='word_1_348' title='bbox 437 2329 712 2376; x_wconf 16' lang='lat' dir='ltr'>invFrankenfflrt,</span> <span class='ocrx_word' id='word_1_349' title='bbox 736 2323 776 2363; x_wconf 83' lang='lat' dir='ltr'>V.</span> <span class='ocrx_word' id='word_1_350' title='bbox 791 2330 874 2362; x_wconf 88' lang='lat' dir='ltr'>Non.</span> <span class='ocrx_word' id='word_1_351' title='bbox 891 2330 1034 2371; x_wconf 64' lang='lat' dir='ltr'>Octobr„</span> <span class='ocrx_word' id='word_1_352' title='bbox 1058 2339 1140 2361; x_wconf 76' lang='lat' dir='ltr'>anno</span> <span class='ocrx_word' id='word_1_353' title='bbox 1157 2328 1287 2361; x_wconf 89' lang='lat' dir='ltr'>Domini</span> <span class='ocrx_word' id='word_1_354' title='bbox 1309 2329 1479 2362; x_wconf 86' lang='lat' dir='ltr'>millesimo</span> <span class='ocrx_word' id='word_1_355' title='bbox 1503 2330 1729 2362; x_wconf 84' lang='lat' dir='ltr'>trecentesimo</span> <span class='ocrx_word' id='word_1_356' title='bbox 1754 2330 1879 2363; x_wconf 84' lang='lat' dir='ltr'>decimo</span> 
     </span>
     <span class='ocr_line' id='line_1_35' title="bbox 233 2382 966 2425; baseline -0.001 -10"><span class='ocrx_word' id='word_1_357' title='bbox 233 2385 357 2422; x_wconf 79' lang='lat' dir='ltr'>octavo,</span> <span class='ocrx_word' id='word_1_358' title='bbox 379 2382 471 2425; x_wconf 77' lang='lat' dir='ltr'>regni</span> <span class='ocrx_word' id='word_1_359' title='bbox 485 2382 590 2414; x_wconf 51' lang='lat' dir='ltr'>⁴verob</span> <span class='ocrx_word' id='word_1_360' title='bbox 613 2383 712 2414; x_wconf 88' lang='lat' dir='ltr'>nostri</span> <span class='ocrx_word' id='word_1_361' title='bbox 736 2393 819 2414; x_wconf 84' lang='lat' dir='ltr'>anno</span> <span class='ocrx_word' id='word_1_362' title='bbox 843 2387 966 2424; x_wconf 83' lang='lat' dir='ltr'>quarto.</span> 
     </span>
    </p>
   </div>
   <div class='ocr_carea' id='block_1_10' title="bbox 189 2516 1644 2563">
    <p class='ocr_par' dir='ltr' id='par_1_13' title="bbox 189 2516 1644 2563">
     <span class='ocr_line' id='line_1_36' title="bbox 189 2516 1644 2563; baseline -0.001 -8"><span class='ocrx_word' id='word_1_363' title='bbox 189 2522 214 2542; x_wconf 78' lang='lat'>⁸⁵</span> <span class='ocrx_word' id='word_1_364' title='bbox 469 2518 555 2557; x_wconf 85' lang='lat'><strong>507.</strong></span> <span class='ocrx_word' id='word_1_365' title='bbox 596 2519 809 2557; x_wconf 74' lang='lat' dir='ltr'>Mandatum</span> <span class='ocrx_word' id='word_1_366' title='bbox 836 2519 878 2554; x_wconf 78' lang='lat' dir='ltr'>de</span> <span class='ocrx_word' id='word_1_367' title='bbox 903 2519 1056 2563; x_wconf 67' lang='lat' dir='ltr'>homayio</span> <span class='ocrx_word' id='word_1_368' title='bbox 1083 2528 1169 2553; x_wconf 72' lang='lat' dir='ltr'>novo</span> <span class='ocrx_word' id='word_1_369' title='bbox 1192 2518 1414 2563; x_wconf 77' lang='lat' dir='ltr'>praestando.</span> <span class='ocrx_word' id='word_1_370' title='bbox 1520 2516 1591 2554; x_wconf 75' lang='lat' dir='ltr'>Oct.</span> <span class='ocrx_word' id='word_1_371' title='bbox 1610 2518 1644 2553; x_wconf 92' lang='lat'>3.</span> 
     </span>
    </p>
   </div>
   <div class='ocr_carea' id='block_1_11' title="bbox 234 2590 1877 2688">
    <p class='ocr_par' dir='ltr' id='par_1_14' title="bbox 234 2590 1877 2688">
     <span class='ocr_line' id='line_1_37' title="bbox 344 2590 1877 2636; baseline -0.001 -10"><span class='ocrx_word' id='word_1_372' title='bbox 344 2591 503 2634; x_wconf 67' lang='lat' dir='ltr'>Oriqinale</span> <span class='ocrx_word' id='word_1_373' title='bbox 526 2593 600 2636; x_wconf 91' lang='lat' dir='ltr'>(or.)</span> <span class='ocrx_word' id='word_1_374' title='bbox 623 2593 745 2625; x_wconf 77' lang='lat' dir='ltr'>ibidem.</span> <span class='ocrx_word' id='word_1_375' title='bbox 796 2592 993 2625; x_wconf 69' lang='lat' dir='ltr'>Concidimus</span> <span class='ocrx_word' id='word_1_376' title='bbox 1014 2603 1080 2624; x_wconf 74' lang='lat' dir='ltr'>nos.</span> <span class='ocrx_word' id='word_1_377' title='bbox 1126 2590 1271 2633; x_wconf 72' lang='lat' dir='ltr'>Siqiuum</span> <span class='ocrx_word' id='word_1_378' title='bbox 1293 2591 1392 2630; x_wconf 69' lang='lat' dir='ltr'>deest,</span> <span class='ocrx_word' id='word_1_379' title='bbox 1424 2590 1641 2633; x_wconf 73' lang='lat' dir='ltr'>foraminibus</span> <span class='ocrx_word' id='word_1_380' title='bbox 1663 2591 1789 2624; x_wconf 79' lang='lat' dir='ltr'>relictis.</span> <span class='ocrx_word' id='word_1_381' title='bbox 1835 2592 1877 2624; x_wconf 81' lang='lat' dir='ltr'>In</span> 
     </span>
     <span class='ocr_line' id='line_1_38' title="bbox 234 2642 1840 2688; baseline -0.001 -11"><span class='ocrx_word' id='word_1_382' title='bbox 234 2654 336 2678; x_wconf 84' lang='lat' dir='ltr'>verso:</span> <span class='ocrx_word' id='word_1_383' title='bbox 358 2645 402 2688; x_wconf 52' lang='grc' dir='ltr'>ἢ,</span> <span class='ocrx_word' id='word_1_384' title='bbox 426 2644 558 2685; x_wconf 75' lang='lat' dir='ltr'>itemque</span> <span class='ocrx_word' id='word_1_385' title='bbox 572 2645 649 2677; x_wconf 59' lang='lat' dir='ltr'><strong>&gt;.L.</strong></span> <span class='ocrx_word' id='word_1_386' title='bbox 674 2644 759 2687; x_wconf 88' lang='lat' dir='ltr'>quod</span> <span class='ocrx_word' id='word_1_387' title='bbox 783 2644 855 2686; x_wconf 85' lang='lat' dir='ltr'>Bop</span> <span class='ocrx_word' id='word_1_388' title='bbox 878 2645 983 2676; x_wconf 86' lang='lat' dir='ltr'>iurant</span> <span class='ocrx_word' id='word_1_389' title='bbox 1005 2643 1068 2676; x_wconf 79' lang='lat' dir='ltr'>di‘io</span> <span class='ocrx_word' id='word_1_390' title='bbox 1093 2642 1165 2676; x_wconf 83' lang='lat' dir='ltr'>Tre.</span> <span class='ocrx_word' id='word_1_391' title='bbox 1192 2661 1228 2667; x_wconf 91' lang='lat'>—-</span> <span class='ocrx_word' id='word_1_392' title='bbox 1253 2643 1316 2676; x_wconf 80' lang='lat' dir='ltr'>Ed.</span> <span class='ocrx_word' id='word_1_393' title='bbox 1339 2642 1359 2675; x_wconf 80' lang='lat' dir='ltr'>l.</span> <span class='ocrx_word' id='word_1_394' title='bbox 1375 2654 1400 2675; x_wconf 87' lang='lat' dir='ltr'>c.</span> <span class='ocrx_word' id='word_1_395' title='bbox 1425 2642 1494 2682; x_wconf 88' lang='grc' dir='ltr'>ΠΙ,</span> <span class='ocrx_word' id='word_1_396' title='bbox 1519 2644 1580 2675; x_wconf 84' lang='grc'><em>185</em></span> <span class='ocrx_word' id='word_1_397' title='bbox 1603 2653 1652 2676; x_wconf 80' lang='lat' dir='ltr'>nr.</span> <span class='ocrx_word' id='word_1_398' title='bbox 1670 2645 1712 2675; x_wconf 85' lang='lat'>93</span> <span class='ocrx_word' id='word_1_399' title='bbox 1734 2654 1772 2676; x_wconf 75' lang='lat' dir='ltr'>ex</span> <span class='ocrx_word' id='word_1_400' title='bbox 1795 2655 1840 2675; x_wconf 90' lang='lat' dir='ltr'>or.</span> 
     </span>
    </p>
   </div>
   <div class='ocr_carea' id='block_1_12' title="bbox 340 2704 985 2745">
    <p class='ocr_par' dir='ltr' id='par_1_15' title="bbox 340 2704 985 2745">
     <span class='ocr_line' id='line_1_39' title="bbox 340 2704 985 2745; baseline -0.003 -8"><span class='ocrx_word' id='word_1_401' title='bbox 340 2704 486 2743; x_wconf 70' lang='lat' dir='ltr'>Biihmer,</span> <span class='ocrx_word' id='word_1_402' title='bbox 510 2704 585 2745; x_wconf 77' lang='lat' dir='ltr'>Req.</span> <span class='ocrx_word' id='word_1_403' title='bbox 600 2704 711 2737; x_wconf 79' lang='lat' dir='ltr'>Ludw.</span> <span class='ocrx_word' id='word_1_404' title='bbox 730 2715 765 2744; x_wconf 80' lang='lat' dir='ltr'>p.</span> <span class='ocrx_word' id='word_1_405' title='bbox 784 2705 824 2735; x_wconf 90' lang='lat'>19</span> <span class='ocrx_word' id='word_1_406' title='bbox 846 2715 895 2736; x_wconf 76' lang='lat' dir='ltr'>nr.</span> <span class='ocrx_word' id='word_1_407' title='bbox 913 2704 985 2735; x_wconf 77' lang='lat'>326.</span> 
     </span>
    </p>
   </div>
   <div class='ocr_carea' id='block_1_13' title="bbox 335 2816 1370 2850">
    <p class='ocr_par' dir='ltr' id='par_1_16' title="bbox 335 2816 1370 2850">
     <span class='ocr_line' id='line_1_40' title="bbox 335 2816 1370 2850; baseline -0.002 -6"><span class='ocrx_word' id='word_1_408' title='bbox 335 2816 401 2844; x_wconf 72' lang='grc'><em>506-</em></span> <span class='ocrx_word' id='word_1_409' title='bbox 429 2818 453 2849; x_wconf 72' lang='lat'>⁸)</span> <span class='ocrx_word' id='word_1_410' title='bbox 471 2835 478 2844; x_wconf 91' lang='lat'><strong>.</strong></span> <span class='ocrx_word' id='word_1_411' title='bbox 492 2836 498 2843; x_wconf 90' lang='lat'><strong>.</strong></span> <span class='ocrx_word' id='word_1_412' title='bbox 518 2817 579 2843; x_wconf 79' lang='lat' dir='ltr'>add.</span> <span class='ocrx_word' id='word_1_413' title='bbox 599 2826 636 2842; x_wconf 83' lang='lat' dir='ltr'>or.</span> <span class='ocrx_word' id='word_1_414' title='bbox 725 2816 750 2850; x_wconf 75' lang='lat' dir='ltr'>b)</span> <span class='ocrx_word' id='word_1_415' title='bbox 770 2818 795 2842; x_wconf 81' lang='lat' dir='ltr'>in</span> <span class='ocrx_word' id='word_1_416' title='bbox 815 2818 870 2842; x_wconf 81' lang='lat' dir='ltr'>loco</span> <span class='ocrx_word' id='word_1_417' title='bbox 888 2825 963 2848; x_wconf 79' lang='lat' dir='ltr'>rmo;</span> <span class='ocrx_word' id='word_1_418' title='bbox 977 2817 1053 2849; x_wconf 73' lang='lat' dir='ltr'>prius</span> <span class='ocrx_word' id='word_1_419' title='bbox 1070 2817 1191 2850; x_wconf 68' lang='lat' dir='ltr'>ecrt&#39;pmm</span> <span class='ocrx_word' id='word_1_420' title='bbox 1210 2821 1266 2842; x_wconf 73' lang='lat' dir='ltr'>erat</span> <span class='ocrx_word' id='word_1_421' title='bbox 1283 2817 1322 2842; x_wconf 73' lang='grc' dir='ltr'>υἷι</span> <span class='ocrx_word' id='word_1_422' title='bbox 1340 2827 1370 2843; x_wconf 85' lang='lat' dir='ltr'>or</span> 
     </span>
    </p>
   </div>
   <div class='ocr_carea' id='block_1_14' title="bbox 337 2881 1670 2908">
    <p class='ocr_par' dir='ltr' id='par_1_17' title="bbox 337 2881 1670 2908">
     <span class='ocr_line' id='line_1_41' title="bbox 337 2881 1670 2908; baseline -0.001 -1"><span class='ocrx_word' id='word_1_423' title='bbox 337 2889 375 2908; x_wconf 77' lang='lat' dir='ltr'>u..</span> <span class='ocrx_word' id='word_1_424' title='bbox 388 2888 614 2908; x_wconf 68' lang='lat' dir='ltr'>coxsrrru&#39;nons</span> <span class='ocrx_word' id='word_1_425' title='bbox 626 2889 651 2907; x_wconf 91' lang='lat' dir='ltr'>v.</span> <span class='ocrx_word' id='word_1_426' title='bbox 1637 2881 1670 2907; x_wconf 76' lang='lat'>52</span> 
     </span>
    </p>
   </div>
  </div>
 </body>
</html>
