2190 3172
324 181 383 211 164
579 178 677 206 ACTA
695 177 809 205 REGNI
828 177 1013 204 LUDEWICI
1031 177 1079 205 IV.
1097 176 1144 203 ΕΤ
1164 176 1350 205 FBIDERICI
1368 177 1418 205 111.
1454 177 1529 205 1314.
1566 177 1613 204 Nr.
1628 177 1686 205 171.
1705 178 1763 205 172.

321 268 460 297 vestram
484 265 663 297 amiciciam
686 268 719 296 et
742 264 906 296 sollertem
929 267 1069 295 vestram
1091 263 1299 305 prudenciam
1323 274 1573 304 commonemus,
1597 265 1746 306 quatinus
1768 264 1828 296 hec
1846 268 1879 296 et
1895 264 1970 305 alia,

321 327 383 358 que
407 317 581 359 prudentes
604 317 778 348 informare
803 315 923 347 debent
945 315 1077 354 animos,
1102 314 1308 347 advertentes
1331 319 1364 347 et
1387 315 1607 358 preveniendo
1629 316 1845 347 universalem
1861 315 1970 348 turba-

321 370 446 400 cionem
470 370 517 401 rei
539 368 678 410 publice,
700 367 779 410 quid
803 366 957 408 expediat
981 370 1013 398 et
1036 366 1198 408 quomodo
1223 377 1260 398 ac
1283 378 1342 409 per
1364 378 1461 409 quem
1483 367 1687 399 verisimilius
1709 370 1798 399 tanto
1822 368 1971 409 regimini

321 419 493 451 salubriter
524 419 722 459 consulatur,
751 419 881 450 discreti
910 419 1008 449 animi
1035 418 1152 450 iudicio
1182 419 1358 460 intuentes,
1387 419 1567 461 predictum
1591 419 1755 451 dominum
1778 429 1889 461 regem
1911 430 1972 462 per

321 482 394 511 nos,
423 471 510 513 apud
540 482 620 513 quos
649 470 704 502 illa
727 471 796 502 vice
821 473 856 501 ut
877 469 1058 511 predictum
1082 473 1131 501 est
1153 470 1274 502 resedit
1297 471 1432 512 eleccio,
1462 472 1613 502 canonice
1637 471 1778 502 electum
1801 474 1834 502 et
1856 471 1896 502 ab
1920 481 1970 511 eo,

321 523 373 554 cui
406 522 467 554 hoc
504 522 544 553 de
579 523 647 553 iure
683 533 719 554 ac
754 521 934 563 approbata
969 521 1200 553 consuetudine
1236 519 1407 564 competit,
1441 523 1592 564 exigente
1626 523 1752 554 iusticia
1783 526 1971 554 coronatum

321 575 558 615 recognoscatis
581 584 692 615 regem
716 572 963 613 Rom(anorum)
992 575 1025 603 et
1047 573 1094 604 rei
1116 572 1244 614 publice
1269 572 1474 605 defensorem
1497 574 1622 616 sibique
1646 573 1782 605 faveatis
1806 577 1839 605 et
1862 573 1971 605 debita

321 636 359 657 ae
388 628 541 656 consueta
571 624 819 655 honorificencia
848 623 989 655 fideliter
1016 624 1203 665 intendatis,
1237 628 1273 655 ut
1301 624 1436 666 proinde
1471 626 1540 667 ipse
1575 625 1754 657 delectetur
1788 636 1830 657 ex
1860 625 1971 657 debito

321 678 352 708 in
380 677 565 708 libertatum
595 680 627 708 et
654 677 769 708 iurium
797 679 975 708 vestrorum
1009 677 1256 708 conservacione
1284 687 1322 708 ac
1346 677 1521 709 eorundem
1545 680 1718 719 augmento
1742 688 1864 719 nosque
1888 678 1972 709 circa

321 728 381 760 hec
405 728 577 759 reddamur
605 728 719 759 fideles
747 732 780 760 et
803 727 908 759 seduli
930 732 1141 770 promotores.
1192 728 1260 760 Nos
1282 727 1468 770 Rfid(olfus)
1492 729 1556 761 dux
1580 729 1718 773 Saxonis
1742 730 1912 762 memorati
1928 729 1970 772 (ἲ)

321 779 460 822 sigillum
497 790 597 822 penes
625 790 682 811 nos
709 781 875 822 proprium
905 790 969 811 non
997 779 1154 812 habentes
1182 781 1344 821 prenotati
1372 780 1494 812 domini
1519 780 1676 821 Rfid(0lfi)
1707 780 1797 813 ducis
1823 781 1971 814 Bawarie

321 831 469 863 avunculi
492 831 592 862 nostri
615 831 774 863 karissimi
798 831 904 874 sigillo
928 832 1047 863 utimur
1069 832 1102 863 in
1124 832 1297 874 premissis.

428 892 502 924 Dat.
527 892 558 923 in
583 891 683 931 Selse,
706 892 750 924 ΙΙ.
766 892 843 923 Idus
865 892 1043 931 Decembr„

542 1037 622 1074 179.
663 1037 817 1073 Litterae
842 1038 1019 1074 Friderici
1045 1039 1154 1074 eidem
1181 1039 1310 1074 civitati
1338 1038 1496 1075 directae.
1602 1039 1759 1075 Dec.1'7.

435 1111 595 1153 Oriqimle
625 1111 700 1153 (or.)
733 1111 847 1143 ibidem
878 1111 985 1143 ‘Select
1019 1112 1075 1144 der
1101 1112 1397 1144 Kaiserurkunden’
1429 1123 1478 1144 nr.
1503 1113 1575 1145 172.
1629 1112 1744 1145 Denuo
1774 1112 1972 1145 contulimus.

321 1163 493 1203 Inscriptio
519 1165 583 1194 est:
616 1162 834 1194 Prudentibus
857 1163 932 1194 viris
956 1187 988 1194 ..
1013 1163 1189 1204 advocato,
1221 1164 1375 1206 magistro
1407 1165 1540 1205 civium,
1574 1163 1755 1196 consulibus
1789 1168 1822 1196 et
1851 1164 1972 1197 civibus

322 1216 488 1248 Constant.
519 1214 669 1246 fidelibus
700 1215 817 1246 nostris
848 1214 982 1246 dilectis.
1028 1215 1176 1256 Svfflllum
1202 1216 1294 1248 dorso
1323 1217 1510 1256 impressum
1538 1218 1616 1248 erat.
1644 1234 1688 1239 —-
1717 1216 1790 1248 Iam
1817 1216 1973 1258 edidimus

321 1267 341 1299 Ζ.
358 1278 383 1300 c.
402 1266 540 1305 XXIII,
563 1268 628 1298 317
649 1277 699 1298 ην.
715 1267 757 1297 39
780 1277 819 1298 ex
842 1277 886 1298 or.

434 1327 485 1368 Cf.
509 1327 604 1359 etiam
627 1327 720 1368 infra
742 1327 787 1358 ad
807 1337 837 1361 a.
854 1327 948 1359 1315.
994 1327 1072 1359 Jan.
1090 1329 1132 1359 13
1153 1330 1183 1359 et
1204 1327 1307 1359 Mart.
1322 1329 1352 1359 8.

430 1422 614 1454 Fridericus
638 1421 702 1453 Dei
730 1423 839 1463 gracia
865 1421 1085 1454 Romanorum
1117 1433 1174 1454 rex
1204 1433 1333 1464 semper
1355 1426 1509 1465 augustus
1603 1423 1812 1465 prudentibus
1834 1425 1910 1456 viris
1933 1449 1940 1456 .
1965 1449 1972 1456 .

321 1475 495 1514 advocato,
528 1499 534 1505 .
561 1498 568 1505 .
591 1475 746 1516 magistro
777 1474 910 1511 civium,
941 1474 1123 1506 consulibus
1151 1477 1184 1506 et
1213 1474 1335 1506 civibus
1363 1474 1702 1518 Oonstantfiensibus),
1732 1476 1882 1507 fidelibus
1908 1477 1973 1508 suis

322 1527 448 1558 dilectis
536 1527 678 1569 graciam
702 1536 792 1557 suam
817 1529 849 1557 et
872 1536 966 1557 omne
989 1525 1118 1557 bonum.

430 1579 511 1611 Cum
545 1589 603 1609 nos
639 1578 745 1609 divino
779 1578 937 1619 largiente
971 1588 1104 1609 munere
1140 1589 1159 1609 a
1193 1579 1310 1610 saniori
1345 1582 1437 1620 parte
1471 1578 1651 1620 principum
1684 1579 1859 1611 electorum
1887 1580 1973 1611 omni

322 1632 513 1672 exceptione
537 1631 716 1662 maiorumss
738 1630 769 1660 in
795 1630 930 1661 termino
954 1630 996 1661 ad
1018 1630 1202 1672 eligendum
1219 1631 1436 1673 peremptorie
1460 1633 1494 1662 et
1514 1631 1638 1672 precise
1662 1632 1786 1673 prefixo
1809 1632 1841 1663 in
1863 1630 1970 1674 regem

322 1682 540 1714 Romanorum
574 1682 684 1722 electi,
719 1692 737 1712 a
765 1681 943 1713 reverendo
970 1682 1002 1712 in
1026 1681 1153 1713 Christo
1181 1685 1273 1723 patre
1301 1682 1431 1714 domino
1454 1681 1608 1714 Heinrico
1639 1686 1748 1715 sancte
1773 1683 1972 1715 Coloniensis

323 1734 458 1766 ecclesie
488 1733 749 1775 archiepiscopo,
779 1734 829 1765 cui
858 1733 898 1764 de
930 1734 998 1765 iure
1023 1737 1056 1765 et
1081 1744 1122 1765 ex
1145 1734 1277 1776 antiqua
1301 1738 1334 1766 et
1356 1733 1535 1776 approbata
1558 1734 1787 1766 consuetudine
1810 1734 1974 1767 Romanos

323 1796 476 1818 coronare
511 1797 605 1828 reges
636 1786 806 1827 competit,
841 1785 1016 1817 existamus
1050 1786 1082 1817 in
1116 1786 1204 1826 loco,
1239 1796 1302 1828 quo
1334 1786 1420 1818 idem
1452 1795 1605 1818 coronare
1627 1787 1748 1828 potuit,
1778 1790 1814 1818 ut
1837 1786 1975 1819 docebat·

323 1838 417 1880 plene
447 1848 506 1880 per
537 1839 661 1869 litteras
695 1837 904 1879 apostolicas,
940 1847 1020 1879 quas
1051 1837 1110 1868 sub
1140 1837 1229 1869 bulla
1254 1847 1331 1869 vera
1360 1837 1531 1878 vidimus-¹,
1563 1848 1715 1870 coronam
1747 1839 1872 1880 regiam
1902 1839 1975 1870 cum

322 1891 476 1921 unccione
512 1890 635 1930 divina,
670 1889 848 1920 observatis
881 1889 942 1920 hiis
976 1899 1039 1931 que
1077 1889 1241 1922 observari
1275 1889 1396 1921 debent
1423 1890 1455 1921 in
1485 1890 1616 1928 talibus,
1651 1891 1802 1930 assecuti,
1837 1900 1974 1932 cumque

322 1942 471 1973 universa
505 1952 596 1973 sacro
627 1940 776 1973 Romano
806 1941 950 1973 subiecta
977 1942 1114 1983 imperio
1142 1945 1250 1974 nostre
1279 1941 1460 1973 celsitudini
1489 1941 1554 1974 fide
1583 1953 1643 1984 per
1669 1942 1730 1974 hoc
1759 1946 1791 1974 et
1818 1942 1973 1985 obsequio

322 1998 471 2036 prompta
494 1996 602 2025 mente
629 2003 744 2034 parere
773 1996 806 2024 et
828 1993 996 2024 intendere
1020 1996 1203 2034 teneantur,
1295 1994 1538 2026 universitatem
1561 1997 1718 2035 vestram,
1748 2005 1844 2036 quam
1868 1994 1974 2026 eidem

322 2045 458 2087 imperio
488 2056 617 2087 semper
645 2045 791 2076 novimus
824 2055 866 2076 ex
893 2044 1078 2076 devocionis
1101 2048 1207 2077 vestre
1229 2045 1481 2088 promptitudine
1504 2046 1603 2077 fuisse
1626 2046 1769 2084 fidelem,
1799 2045 1974 2078 affectuose

324 2097 526 2138 requirimus,
550 2107 607 2128 vos
630 2097 664 2127 in
686 2096 763 2128 fidei
786 2096 896 2127 debito
921 2107 984 2139 quo
1008 2097 1135 2139 prefato
1158 2098 1370 2139 astringimini
1392 2097 1528 2139 imperio
1552 2102 1803 2138 commonentes,
1827 2098 1976 2140 quatinus

324 2159 387 2180 non
410 2149 566 2190 inspecto,
591 2148 678 2190 quod
702 2148 833 2190 quidam
858 2149 1018 2191 principes
1042 2149 1084 2180 ad
1106 2149 1340 2191 providendum
1356 2149 1447 2181 vobis
1463 2149 1504 2181 de
1520 2149 1680 2192 generalis
1695 2150 1870 2181 amenitate
1885 2150 1976 2192 pacis

325 2200 482 2232 fervidum
505 2201 610 2231 minus
635 2211 732 2242 quam
756 2200 894 2232 decebat
909 2200 1068 2233 habentes
1084 2201 1247 2241 affectum,
1271 2201 1427 2233 illustrem
1442 2201 1681 2243 Lud(owicum)
1697 2201 1812 2233 ducem
1827 2201 1975 2234 Bawarie

323 2252 357 2283 in
380 2252 531 2290 termino,
564 2263 627 2294 quo
658 2253 779 2293 eligere
803 2263 867 2283 non
890 2256 1052 2294 poterant,
1085 2253 1268 2295 eligendum
1294 2253 1456 2294 duxerint,
1486 2263 1543 2285 vos
1563 2254 1596 2284 in
1618 2257 1760 2284 nostram
1784 2253 1974 2285 declinando

323 2307 450 2345 partem
473 2307 580 2335 nostre
605 2305 794 2343 eminencie,
819 2315 882 2345 que
906 2315 1089 2346 personam,
1113 2306 1367 2347 consanguineos
1391 2308 1424 2336 et
1445 2305 1517 2337 resb
1540 2315 1598 2347 pro
1621 2304 1786 2347 republica
1810 2309 1844 2336 et
1866 2306 1974 2347 quiete

323 2354 465 2387 fidelium
490 2356 618 2397 imperii
641 2357 797 2397 promptis
821 2356 990 2388 affectibus
1013 2367 1177 2398 exponere
1200 2368 1264 2389 non
1286 2361 1425 2397 veretur,
1449 2367 1488 2388 ea
1511 2357 1695 2389 devocionis
1718 2361 1752 2389 et
1773 2357 1848 2390 fidei
1867 2361 1973 2390 vestre

324 2407 595 2449 promptitudinee
629 2418 744 2450 parere
777 2409 896 2440 curetis
935 2413 968 2440 et
1001 2409 1188 2450 intendere,
1229 2420 1292 2451 qua
1327 2409 1468 2441 delectet
1504 2420 1568 2440 non
1605 2409 1708 2441 solum
1741 2415 1848 2441 vestra
1883 2409 1974 2441 vobis

325 2464 453 2490 servare
477 2460 561 2498 iura,
595 2459 761 2492 libertates
791 2464 824 2491 et
851 2461 972 2502 gratias
1002 2471 1020 2492 a
1049 2460 1130 2492 divis
1151 2461 1401 2503 imperatoribus
1430 2464 1463 2493 et
1485 2460 1704 2493 Romanorum
1730 2461 1860 2504 regibus
1882 2461 1974 2493 vobis

325 2510 417 2542 datas
443 2511 623 2543 liberaliter
650 2512 821 2553 ampliare,
857 2516 907 2543 set
935 2515 967 2544 et
993 2523 1051 2544 nos
1080 2523 1209 2555 semper
1237 2516 1271 2544 et
1293 2513 1430 2545 ubilibet
1451 2513 1587 2544 inveniri
1610 2513 1730 2545 dehere
1753 2513 1909 2555 benignos
1932 2512 1975 2544 ad

325 2562 442 2601 omnia,
466 2573 529 2604 que
554 2566 626 2594 sunt
649 2563 701 2594 vel
726 2574 795 2595 esse
820 2567 971 2605 poterunt
993 2574 1133 2596 consona
1155 2565 1238 2596 votis
1261 2565 1384 2597 vestris.

432 2621 507 2654 Dat.
531 2623 563 2654 in
587 2623 687 2663 Selse,
710 2624 801 2655 XVI.
818 2624 891 2656 Kal.
908 2625 1046 2666 Ianuar,
1070 2626 1161 2667 regni
1183 2625 1282 2657 nostri
1306 2636 1388 2657 anno
1411 2626 1525 2667 primo.

429 2734 493 2761 172.
522 2734 546 2768 “)
564 2736 600 2761 εἰσ
618 2745 656 2761 ον.
744 2735 769 2769 b)
788 2741 814 2762 et
831 2745 871 2762 res
890 2738 917 2762 in
935 2737 1006 2763 initio
1026 2738 1106 2763 liniae
1125 2738 1162 2763 bia
1180 2738 1302 2771 scriptum
1322 2747 1359 2763 or.
1431 2737 1454 2770 0)
1473 2738 1696 2771 promptitudinem
1716 2747 1753 2764 or.

429 2809 454 2841 1)
477 2807 518 2842 Cf.
536 2816 621 2842 surpra
636 2816 700 2842 paq.
714 2812 760 2835 116
778 2811 831 2836 ποι.
846 2814 867 2835 1.

1991 742 2016 762 1⁰

1991 1126 2016 1145 15

1991 1699 2017 1719 2⁵

1994 2214 2018 2234 ὃὸ

1991 2474 2018 2493 40

1992 2816 2017 2835 ⁴5
