2190 3172
403 201 500 230 ACTA
518 201 632 229 REGNI
651 201 834 231 LUDEWICI
854 201 902 230 lv.
920 201 967 230 ΕΤ
986 202 1171 231 FRIDERICI
1190 203 1238 232 111.
1277 204 1352 232 1315.
1389 204 1436 232 Νι.
1448 205 1508 234 220.
1526 205 1586 234 2212
1604 206 1662 234 222.
1799 211 1862 241 ¹95

210 289 400 322 difficultate
424 289 464 322 de
487 290 624 332 pecunia
647 292 836 331 memorata,
861 289 964 322 donec
987 291 1122 333 pignora
1146 291 1272 334 prefata
1295 291 1503 334 redimantur,
1527 293 1708 326 informetis
1731 299 1764 326 et
1787 295 1857 327 effi-

209 342 328 374 caciter
350 342 488 377 teneatis
509 352 570 374 nec
592 342 786 387 permittatis
801 341 934 383 eosdem
957 342 1042 375 ultra
1064 342 1097 374 id
1114 344 1225 377 vexari
1241 344 1484 386 quomodolibet
1506 345 1558 377 vel
1582 345 1714 389 turbari.
1753 346 1858 378 Salvis

207 395 316 426 tamen
340 393 444 426 eidem
469 384 723 446 ¹archiepiscopo,
740 393 876 450 ecclesie
891 387 1081 442 Maguntine
1105 405 1142 426 ac
1165 395 1404 430 successoribus
1427 396 1492 428 suis
1515 397 1587 430 aliis
1603 397 1859 439 obligacionibus

208 444 270 477 sibi
293 439 550 487 competentibus
573 455 615 477 ex
638 436 848 488 quacumque
863 452 962 477 causa
984 444 1042 477 seu
1066 441 1177 488 quovis
1200 446 1297 478 modo
1320 447 1352 479 in
1376 446 1486 480 Iudeis
1511 449 1672 491 predictis.

176 514 187 533 ὁ
315 504 435 538 Datum
458 506 490 537 in
513 506 625 538 castris
648 504 734 548 apud
756 503 898 548 Spiram‚
924 514 1017 538 anno
1030 505 1161 538 Domini
1184 506 1376 548 MCCCXV,
1400 508 1483 540 Non.
1508 509 1638 550 Marcii,
1667 510 1757 552 regni
1781 521 1858 542 vero

208 556 308 588 nostri
330 566 413 588 anno
436 557 550 599 primo.

413 696 499 733 221.
540 696 751 733 Mandatum
779 698 820 733 de
844 697 1054 734 redimendis
1081 697 1177 734 bonis
1203 699 1351 745 imperii.
1459 700 1570 736 Mart.
1590 703 1648 737 18.

316 773 476 816 Oriyinale
503 774 578 818 (or.)
606 775 720 808 ibidem
741 774 841 809 'KLS
866 787 916 809 nr.
939 777 990 809 37.
1030 776 1280 818 *Descripsimus
1308 789 1375 811 nos.
1427 778 1547 812 Pendet
1575 780 1714 821 siyillum
1737 793 1858 823 parum

205 825 324 859 laesum
346 826 412 858 loro
433 826 675 859 membranaceo.

162 893 188 914 ιο
312 886 460 926 Bo'hmer,
482 886 558 928 Req.
573 886 685 920 Ludw.
706 898 740 928 p.
757 888 775 919 5
792 894 848 920 nr.
867 888 918 920 79.

310 982 504 1016 Ludowicus
526 981 591 1022 Dei
613 983 717 1025 gratia
739 983 958 1016 Romanorum
982 994 1039 1016 rex
1062 995 1192 1026 semper
1215 990 1370 1027 augustus
1437 987 1612 1020 venerabili
1629 987 1729 1021 Petro
1745 993 1856 1022 sancte

181 1035 390 1079 ,Magantine
413 1033 498 1067 sedis
521 1034 763 1078 archiepiscopo
786 1035 869 1067 sacri
891 1036 1018 1077 imperii
1042 1046 1100 1078 per
1123 1035 1332 1069 Germaniam
1349 1038 1641 1081 archicancellario,
1665 1041 1800 1083 principi
1823 1046 1858 1074 et

204 1087 376 1119 secretario
400 1097 457 1118 suo
481 1086 650 1118 karissimo
739 1088 876 1129 gratiam
900 1098 990 1119 suam
1015 1091 1049 1120 et
1070 1099 1165 1120 omne
1189 1088 1318 1121 bonum.

312 1138 396 1175 Quia
419 1141 559 1170 castrum
581 1141 615 1170 et
637 1133 792 1181 oppidum
809 1137 1014 1180 Oppenheim
1031 1149 1109 1171 cum¹
1121 1140 1268 1172 omnibus
1287 1142 1352 1173 suis
1368 1143 1575 1184 pertinenciis
1589 1147 1722 1186 propter
1736 1154 1855 1186 urgen-

152 1197 186 1219 u
205 1194 271 1223 tem
300 1190 527 1222 necessitatem
554 1193 588 1222 et
612 1189 799 1222 evidentem
826 1187 1002 1223 utilitatem
1029 1192 1128 1223 nostri
1156 1195 1191 1224 et
1217 1192 1344 1235 imperii
1373 1194 1431 1226 tibi
1462 1194 1611 1227 duximus
1634 1195 1855 1238 obligandum,

203 1242 354 1275 nolentes
380 1251 515 1284 quoque·
539 1241 721 1273 huiusmodi
749 1242 956 1284 obligationis
979 1245 1126 1285 tempore
1154 1254 1212 1275 nos
1239 1248 1273 1276 et
1302 1245 1473 1288 imperium
1494 1247 1526 1278 in
1550 1246 1711 1290 aliquibus
1733 1247 1856 1280 iuribus

205 1296 238 1326 et
259 1293 434 1326 honoribus
457 1293 614 1325 dictorum
639 1293 736 1325 castri
759 1297 793 1325 et
815 1293 926 1336 oppidi
949 1294 1071 1337 negligi
1095 1295 1339 1337 quomodolibet
1354 1298 1405 1329 vel
1430 1297 1582 1339 fraudari,
1606 1300 1782 1331 sinceritati
1799 1304 1854 1332 tue

180 1365 183 1368 -
204 1346 354 1378 seriosius
376 1346 570 1388 iniungimus
593 1348 626 1378 et
647 1346 848 1387 mandamus,
873 1347 1022 1389 quatinus
1045 1348 1153 1379 omnia
1176 1347 1259 1380 bona
1282 1349 1416 1381 mobilia
1438 1350 1505 1382 'sive
1526 1350 1706 1382 immobilia
1729 1355 1763 1383 et
1784 1352 1854 1383 iura

204 1397 349 1440 quelibet
368 1396 412 1429 de
436 1396 588 1440 predictis
611 1401 716 1429 castro
741 1401 774 1430 et
796 1391 916 1441 oppido
939 1399 1091 1441 alienata,
1115 1399 1283 1440 distracta,
1307 1400 1471 1433 subtracta
1494 1401 1546 1434 vel
1568 1402 1717 1443 neglecta
1742 1403 1854 1444 quovis

159 1456 185 1478 ²0
202 1448 300 1482 modo
323 1456 343 1482 a
364 1449 532 1481 retroactis
553 1449 753 1491 temporibus
775 1459 877 1493 usque
900 1450 996 1483 modo
1019 1452 1148 1484 nomine
1170 1455 1279 1484 nostro
1303 1455 1337 1484 et
1356 1453 1427 1484 vice
1447 1457 1557 1485 nostra
1578 1458 1718 1495 repetas,
1741 1455 1856 1496 exigas

204 1503 238 1532 et
259 1501 404 1543 requiras
428 1504 462 1532 et
483 1500 526 1532 ad
549 1501 598 1532 ius
620 1503 763 1533 nostrum
787 1505 820 1533 et
839 1502 969 1544 imperii
985 1502 1121 1534 reducas
1143 1502 1248 1534 modis
1271 1506 1304 1535 et
1326 1504 1386 1535 viis
1409 1504 1524 1546 quibus
1547 1505 1665 1537 videris
1688 1505 1854 1547 expedire.

204 1552 340 1585 'l'antam
370 1553 403 1584 in
432 1552 494 1584 hoo
518 1552 676 1585 exhibens
699 1553 923 1596 diligenciam,
946 1557 982 1586 ut
1004 1564 1045 1586 ex
1070 1564 1109 1586 eo
1133 1553 1174 1586 de
1198 1554 1300 1596 regali
1322 1555 1546 1588 munificencia
1570 1556 1667 1599 digne
1690 1567 1854 1589 commen-

204 1603 273 1636 dari
295 1604 459 1637 merearis.
1339 1623 1342 1625 -

309 1659 386 1693 Dat.
408 1658 441 1692 ia
465 1660 578 1692 castris
600 1659 687 1702 apud
711 1659 852 1703 Spiram,
874 1661 948 1693 XV.
967 1660 1083 1693 Kalen.
1107 1662 1244 1704 Aprilis,
1273 1673 1356 1694 anno
1379 1662 1509 1695 Domini
1532 1663 1705 1696 millesimo
1729 1668 1854 1696 trecen·

159 1721 185 1742 ss
203 1712 318 1755 tesimo
341 1710 592 1755 quintodecimo,
614 1711 706 1755 regni
727 1719 805 1744 vero
828 1714 928 1745 nostri
953 1724 1035 1746 anno
1059 1714 1172 1756 primo.

366 1861 452 1898 222.
493 1861 705 1897 Mandatum
735 1863 776 1898 de
804 1863 1034 1899 castrensibus
1060 1864 1177 1908 feudis
1198 1864 1399 1910 privandis.
1504 1863 1616 1899 Mart.
1635 1865 1698 1899 25.

312 1933 472 1977 Oriqinale
493 1934 698 1976 deperditum.
734 1954 773 1960 —-
813 1936 877 1968 Ed.
909 1936 1064 1970 Gudenus
1098 1937 1215 1970 ‘Codex
1247 1937 1481 1978 diplomaticus‘
1515 1938 1592 1976 III,
1625 1939 1687 1970 120
1720 1950 1769 1971 nr.
1799 1939 1854 1971 95.

202 1986 382 2021 Editionem
404 1987 583 2029 repetimus.

310 2048 456 2088 Bo'hmer,
477 2047 555 2089 Rey.
571 2048 684 2080 Ludw-
702 2050 784 2091 μό,
796 2059 846 2082 nr.
861 2050 913 2080 82.

159 2150 185 2171 ⁸⁰
275 2151 278 2153 ’
310 2141 503 2182 Ludewicus
525 2142 588 2175 Dei
610 2144 720 2185 gracia
743 2142 962 2176 Romanorum
986 2155 1044 2176 rex
1067 2155 1196 2186 semper
1218 2148 1373 2186 augustus
1438 2145 1615 2178 venerabili
1631 2145 1731 2177 Petro
1747 2145 1852 2178 archi-

203 2195 355 2238 episcopo
378 2192 567 2237 Maguntino
590 2195 726 2237 principi
749 2205 806 2227 suo
830 2194 949 2227 dilecto
1038 2196 1180 2238 graciam
1204 2207 1294 2228 suam
1319 2200 1352 2228 et
1376 2207 1470 2228 omne
1494 2195 1623 2228 bonum.

309 2245 390 2279 Cum
412 2244 468 2288 hii,
491 2246 545 2289 qui
568 2257 626 2278 nos
650 2246 766 2279 debitis
789 2247 854 2278 suis
877 2247 1019 2279 serviciis
1042 2258 1104 2280 non
1121 2251 1365 2290 recognoscunt,
1389 2249 1506 2290 graciis
1534 2251 1568 2280 et
1590 2248 1764 2290 beneficiis,
1788 2260 1853 2291 que

203 2309 222 2331 a
244 2298 394 2333 nobiset
415 2299 550 2341 imperio
578 2302 704 2338 tenent,
732 2298 872 2331 reddunt
901 2310 935 2331 se
966 2299 1128 2342 indignos,
1156 2301 1332 2332 sinceritati
1361 2304 1415 2332 tue
1439 2301 1668 2332 committimus
1696 2301 1851 2341 volentes,

203 2350 352 2392 quatinus
378 2354 556 2382 castrenses
582 2351 615 2382 in
643 2349 848 2393 Oppenheim
877 2354 941 2383 tam
970 2352 1119 2393 antiquos
1151 2362 1246 2394 quam
1276 2363 1390 2392 novos,
1421 2352 1475 2394 qui
1510 2362 1613 2393 nuper
1645 2352 1737 2383 nobis
1764 2352 1851 2394 apud

159 2406 185 2427 δῦ
204 2400 331 2442 Spiram
358 2401 571 2444 neglexerunt
597 2406 708 2434 contra
735 2405 860 2434 nostros
888 2407 921 2435 et
947 2403 1074 2445 imperii
1102 2403 1211 2435 hostes
1243 2403 1377 2446 obsequi
1405 2403 1456 2435 vel
1487 2404 1623 2436 servire.
1656 2403 1759 2436 feodis
1787 2405 1852 2436 suis

203 2450 416 2484 castrensibus
438 2452 570 2494 ibidem,
594 2453 708 2495 quibus
732 2457 765 2485 et
787 2465 844 2486 nos
868 2464 924 2486 eos
947 2455 1108 2496 privamus
1131 2455 1163 2486 in
1186 2455 1247 2487 hiis
1270 2456 1405 2498 scriptis,
1422 2456 1613 2487 auctoritate
1629 2460 1737 2487 nostra
1760 2457 1851 2498 regia

203 2503 329 2546 privare
352 2503 534 2537 nullatenus
556 2506 786 2547 pretermittas.

309 2557 429 2596 Datum
456 2565 543 2607 apud
557 2565 774 2608 Winminam,
803 2576 886 2598 anno
917 2565 1047 2598 Domini
1076 2566 1194 2599 MCCC
1222 2567 1479 2609 quintodecimo,
1502 2566 1594 2598 vm.
1616 2566 1689 2598 Kal.
1718 2567 1850 2608 Aprilis,

204 2614 295 2656 regni
317 2624 394 2648 vero
416 2617 515 2648 nostri
538 2627 621 2649 anno
644 2618 758 2659 primo.

1593 2883 1642 2908 25·
