2190 3172
375 244 435 273 144
610 240 707 268 ACTA
726 240 838 267 REGNI
855 239 1039 267 LUDEWICI
1058 239 1106 267 IV.
1124 239 1172 267 ΕΤ
1191 239 1375 267 FRIDERICI
1393 240 1442 267 111.
1479 239 1554 267 1314.
1590 239 1638 267 Nr.
1653 240 1709 267 150.
1730 239 1787 267 151.

573 372 655 407 150.
696 371 869 416 Scriptum
896 371 937 406 de
963 370 1152 406 redditibus
1177 370 1316 415 imperii
1341 371 1560 407 redimendis.
1667 371 1751 406 Dec.
1771 372 1831 406 20.

485 445 663 486 Oriyinalia
685 445 748 476 duo
767 447 779 476 1
799 447 828 476 et
851 446 869 476 2
893 444 1018 476 omnino
1040 445 1124 476 inter
1145 455 1178 476 se
1200 445 1424 477 concordantia
1448 445 1559 477 ibidem
1574 445 1667 477 KLS
1685 455 1734 476 nr.
1751 445 1803 477 22.
1841 444 2021 486 Descripsi-

372 508 444 529 mus
465 497 512 529 vel
533 496 723 529 contulimus
743 506 810 528 rios.
849 495 992 527 Pendent
1008 506 1113 535 parva
1131 495 1316 537 fraqmenta
1337 496 1435 537 siyilli
1457 496 1648 537 autoqraphi
1673 499 1686 528 1
1710 496 1776 536 filis
1799 497 1910 528 sericis
1931 497 2021 529 rubei

372 549 519 589 niyrique
549 548 667 580 coloris.
767 547 968 588 Autoyraphi
995 549 1014 579 2
1043 547 1140 588 siyilli
1168 548 1380 588 fraqmentum
1405 549 1521 588 pendet
1550 547 1615 588 silis
1640 548 1750 580 sericis
1777 548 1869 587 flavi,
1898 548 2021 587 viridis,

373 601 459 640 niyri
478 600 605 638 coloris;
628 599 663 630 in
684 609 770 630 verso
793 599 921 639 leyitur:
944 599 1100 631 consimil.
2052 612 2065 632 ο

480 655 707 696 Autoyraphora
734 658 746 686 1
773 655 878 686 eadem
900 665 999 687 manu
1020 656 1173 696 scriptum
1196 659 1241 688 est
1263 667 1301 688 ac
1322 667 1371 688 nr.
1389 656 1461 688 141.

481 711 628 748 Bfflrmer,
652 710 727 751 Rey.
744 711 856 743 Ludw.
873 721 908 751 p.
923 712 945 742 3
966 722 1016 744 nr.
1033 713 1084 742 33.

485 767 533 806 Cf.
555 777 655 808 supra
676 777 727 799 nr.
744 767 808 798 142
829 777 896 807 cap.
914 767 965 800 16.

481 862 549 894 Nos
582 862 775 894 Ludowicus
809 861 872 893 Dei
907 862 1011 904 gratia
1040 861 1260 894 Romanorum
1291 872 1351 894 rex
1382 872 1511 904 semper
1545 865 1698 904 augustus
1731 863 1774 895 ad
1802 864 2023 895 universorum

372 915 526 946 noticiam
554 915 700 946 volumus
730 915 915 956 pervenire,
949 913 1036 955 quod
1065 914 1269 946 attendentes
1299 924 1396 956 quam
1423 916 1516 956 grata
1543 924 1639 955 quam
1662 914 1754 946 utilia
1782 915 1930 956 servicia,
1961 925 2024 957 que
2044 929 2069 949 ιο

372 966 566 998 venerabilis
589 967 705 998 Petrus
733 966 994 1008 archiepiscopus
1016 965 1222 1008 Moguntinus
1250 966 1399 1008 princeps
1431 968 1464 997 et
1490 966 1681 998 secretarius
1703 969 1814 998 noster
1835 967 2023 999 karissimus

373 1018 465 1050 nobis
488 1021 521 1050 et
542 1018 678 1059 imperio
702 1018 843 1059 prestitit
865 1017 924 1049 sub
947 1017 1098 1059 gravibus
1121 1017 1284 1049 laboribus
1313 1021 1346 1049 et
1369 1018 1533 1059 expensis,
1562 1017 1622 1049 sibi
1652 1028 1693 1049 ex
1714 1017 1908 1050 liberalitate
1931 1019 2023 1060 regia

372 1069 604 1112 indulgendum
629 1069 778 1100 duximus
801 1072 835 1101 et
857 1069 1060 1111 presentibus
1081 1069 1302 1111 indulgemus,
1325 1069 1412 1111 quod
1435 1069 1579 1101 redditus
1608 1069 1753 1101 feodales
1777 1071 2023 1112 quingentarum

373 1131 553 1153 marcarum
581 1120 706 1162 argenti
729 1120 780 1151 vel
806 1121 948 1151 minores
973 1121 1004 1151 in
1028 1120 1155 1161 castris,
1179 1120 1298 1161 opidis,
1327 1120 1410 1151 villis
1435 1120 1487 1152 vel
1514 1121 1585 1152 aliis
1611 1120 1722 1162 rebus,
1753 1122 1807 1163 qui
1834 1132 1853 1153 a
1875 1122 1968 1154 nobis
1991 1126 2024 1155 et

373 1173 509 1214 imperio
533 1175 683 1204 tenentur
711 1173 743 1202 in
769 1171 916 1212 feodum⁷
946 1182 1054 1203 emere
1090 1165 1147 1202 seu
1176 1182 1363 1213 comparare
1390 1171 1476 1203 licite
1504 1172 1621 1212 valeat,
1647 1172 1841 1214 ubicumque
1861 1173 1913 1205 vel
1935 1173 2023 1216 apud
2043 1188 2067 1207 ιι

374 1234 592 1267 quoscumque
608 1224 695 1265 ipsos
710 1223 855 1255 redditus
870 1223 1000 1255 venales
1023 1223 1142 1264 poterit
1164 1223 1317 1254 invenire.
1356 1222 1407 1254 Ita
1429 1226 1538 1254 tamen
1561 1223 1649 1265 quod
1670 1225 1740 1266 ipse
1769 1228 1802 1256 et
1824 1235 2024 1257 successores

373 1277 422 1307 sui
450 1287 469 1308 a
492 1276 584 1307 nobis
608 1278 641 1307 et
663 1276 798 1317 imperio
822 1275 855 1306 in
882 1274 1012 1306 feodum
1035 1285 1092 1306 seu
1114 1274 1183 1306 iure
1207 1273 1327 1306 feodali
1349 1274 1507 1316 recipiant
1529 1277 1562 1306 et
1584 1277 1717 1307 teneant
1738 1275 1883 1307 redditus
1911 1287 2024 1319 supra-

374 1328 486 1360 dictos.
531 1327 569 1359 In
598 1328 688 1358 cuius
715 1328 761 1358 rei
785 1327 1003 1358 testimonium
1027 1326 1167 1368 sigillum
1191 1329 1333 1357 nostrum
1355 1325 1558 1367 presentibus
1582 1330 1631 1358 est
1653 1337 1841 1368 appensum.

481 1387 555 1419 Dat.
573 1387 749 1429 Moguntie,
772 1386 866 1418 XIII.
883 1386 1022 1418 Kalend.
1039 1386 1178 1427 Ianuar„
1202 1397 1284 1418 anno
1301 1386 1430 1418 Domini
1448 1386 1618 1419 millesimo
1642 1387 1868 1420 trecentesimo
1895 1391 2025 1430 quarto-

373 1439 510 1480 decimo,
534 1440 625 1481 regni
647 1450 723 1471 vero
747 1439 846 1470 nostri
869 1449 952 1470 anno
976 1439 1090 1480 primo.
2043 1444 2070 1464 ²⁰

815 1583 898 1620 151.
939 1583 1162 1628 Confirmatio
1189 1583 1315 1619 telonei.
1420 1584 1504 1619 Dec.
1524 1585 1586 1619 20.

484 1657 644 1698 Oriyiruzle
671 1658 876 1698 deperditum.
924 1658 1022 1699 Copia
1046 1657 1103 1700 (c.)
1132 1658 1168 1689 in
1190 1658 1287 1690 Libro
1315 1661 1503 1699 reyestorum
1527 1658 1582 1689 IV
1601 1658 1735 1697 sol.124
1764 1658 1917 1690 tabularii
1943 1659 2023 1700 reyii

372 1710 616 1750 Herbipolertsis.
640 1728 681 1733 -—
705 1709 766 1741 Ed.
786 1709 941 1741 Gudenus
963 1708 1080 1742 ‘Codex
1108 1709 1337 1749 diplomaticws'
1366 1710 1437 1748 III,
1462 1710 1525 1740 110
1551 1720 1600 1741 nr.
1616 1711 1659 1741 86
1687 1721 1726 1742 ex
1753 1721 1795 1748 c.,
1824 1713 1862 1742 ut
1889 1710 2021 1743 videtur.

373 1762 555 1794 Editio‘nem
577 1762 755 1802 repetimus

480 1817 625 1855 Bo'hmer,
649 1817 725 1857 Rey.
743 1816 856 1848 Ludw.
873 1827 909 1856 p.
926 1819 947 1848 3
969 1827 1018 1849 nr.
1035 1819 1086 1849 34.
2041 1832 2066 1852 ι’,

485 1873 760 1912 Confirmationem
783 1873 989 1904 concessionis
1010 1873 1128 1914 unqelti
1149 1876 1178 1905 et
1200 1874 1393 1906 Iudaeorum
1416 1874 1451 1905 in
1471 1874 1697 1916 Frankenfurt
1719 1875 1758 1906 ab
1773 1874 1926 1906 Heinrico
1944 1874 2022 1907 VII.

373 1935 403 1956 a.
418 1925 512 1956 1310.
536 1925 611 1956 Iun.
625 1925 666 1955 10
687 1925 802 1963 factae,
824 1925 859 1956 in
873 1935 934 1964 quo
949 1925 1131 1957 documento
1153 1926 1274 1957 inserta
1296 1929 1342 1958 est
1362 1926 1515 1958 concessio
1530 1925 1638 1966 Adolfi
1661 1936 1692 1958 a.
1705 1926 1799 1958 1297.
1822 1926 1886 1958 Iul.
1900 1928 1921 1958 7
1935 1926 2023 1964 data,

373 1977 426 2008 hic
448 1987 567 2016 ponere
594 1976 828 2016 supersedimus
855 1976 1016 2017 (B6hmer,
1049 1976 1125 2018 Req.
1149 1978 1261 2009 Ludw.
1284 1988 1319 2017 p.
1343 1978 1364 2008 3
1389 1989 1439 2009 nr.
1463 1978 1529 2020 35).
1579 1978 1722 2010 Exstant
1750 1978 1813 2010 duo
1842 1977 2023 2019 oriyinalia,

373 2040 475 2060 imam
501 2030 536 2060 in
563 2028 721 2060 tabulario
749 2028 890 2069 yenerali
917 2030 1006 2070 requi
1031 2029 1196 2061 Bawarici
1218 2030 1310 2062 KLS
1331 2041 1380 2062 nr.
1396 2030 1452 2068 24,
1482 2029 1617 2062 alierum
1648 2030 1684 2062 in
1711 2029 1870 2062 tabulario
1891 2030 2023 2062 Moeno-

373 2080 629 2122 francofurtano.
678 2081 765 2121 Quae
788 2083 917 2120 praeter
938 2081 1015 2113 haec
1036 2084 1191 2113 ‘notantur
1211 2081 1442 2114 Bo'hmer—Laa
1464 2081 1518 2120 II,
1540 2082 1560 2113 5
1587 2081 1632 2113 ad
1656 2092 1706 2114 nr.
1724 2084 1756 2120 6,
1784 2091 1916 2114 erronea
1937 2085 2022 2115 sunt.
2042 2095 2069 2115 ao

481 2175 549 2207 Nos
582 2175 775 2207 Ludewicus
808 2175 871 2208 Dei
903 2177 1008 2218 gratia
1038 2176 1258 2208 Romanorum
1285 2187 1344 2208 rex
1376 2186 1506 2218 semper
1539 2179 1694 2218 augustus
1727 2176 1770 2208 ad
1803 2178 2050 2215 universorum*

373 2228 524 2259 noticiam
547 2227 692 2259 volumus
714 2228 893 2269 pervenire,
918 2228 1004 2270 quod
1027 2228 1252 2270 indempnitati
1275 2232 1308 2260 et
1324 2227 1493 2260 commodo
1509 2227 1709 2260 subditorum
1726 2228 1817 2260 nobis
1832 2229 2025 2271 populorum

373 2283 410 2310 ut
439 2282 586 2310 tenemur
613 2280 782 2321 providere
811 2279 972 2320 volentes,
1003 2280 1180 2312 venerabili
1207 2280 1306 2312 Petro
1334 2280 1576 2322 archiepiscopo
1606 2280 1794 2322 Magantino
1826 2281 1962 2323 principi
1991 2285 2025 2314 et

374 2332 548 2362 secretario
571 2335 678 2362 nostro
702 2331 870 2363 karissimo
895 2335 928 2363 et
950 2332 1014 2363 suis
1036 2333 1068 2363 in
1092 2332 1230 2364 ecclesia
1245 2332 1460 2375 Mag(untina)
1488 2331 1725 2363 successoribus
1748 2331 1896 2364 duximus
1918 2332 2023 2365 indul-

375 2382 515 2424 gendum
539 2386 572 2414 et
594 2383 796 2424 presentibus
819 2383 1033 2425 indulgemus,
1057 2387 1093 2415 ut
1115 2383 1292 2415 thelonium
1315 2385 1349 2415 in
1372 2383 1580 2425 Mildinberg,
1603 2393 1662 2425 per
1684 2383 1772 2425 quod
1794 2385 2022 2426 negotiatores,
2041 2394 2068 2414 as

374 2437 570 2466 mercatores
594 2437 626 2466 et
648 2435 703 2465 alii
726 2435 872 2466 homines
893 2438 1095 2467 transeuntes
1117 2435 1237 2467 ibidem
1261 2445 1280 2466 a
1303 2434 1482 2476 predonum
1505 2435 1673 2466 insultibus
1696 2435 1918 2478 defensantur,
1941 2436 2024 2468 sicut

376 2486 452 2517 olim
482 2489 626 2526 tempore
651 2487 826 2518 vacationis
849 2488 976 2528 imperii
998 2491 1131 2529 propter
1154 2486 1359 2518 commodum
1386 2487 1618 2518 transeuntium
1641 2490 1884 2529 augmentatum
1908 2487 1968 2519 fuit
1991 2491 2024 2519 et

374 2547 475 2578 usque
503 2537 545 2568 ad
571 2537 631 2568 hec
659 2541 806 2579 tempora
835 2549 894 2580 per
922 2538 1182 2580 archiepiscopos
1208 2537 1444 2580 Maguntin(os)
1477 2541 1660 2580 receptum,
1690 2539 1821 2571 inantea
1858 2540 2024 2580 perpetuis

375 2588 574 2630 temporibus
597 2590 764 2630 percipere
795 2590 924 2622 valeant
950 2590 1052 2622 libere
1080 2593 1114 2622 et
1139 2590 1283 2621 licenter.
1372 2590 1410 2621 In
1433 2590 1522 2621 cuius
1545 2591 1591 2622 rei
1614 2590 1832 2622 testimonium
1854 2594 2023 2632 presentes

374 2640 499 2672 litteras
521 2641 699 2672 maiestatis
722 2645 829 2673 nostre
845 2639 978 2684 'typario
1002 2642 1158 2673 tradimus
1181 2641 1402 2673 communitas.
2040 2654 2069 2673 ω

482 2700 602 2732 Datum
629 2701 809 2743 Maguntie,
837 2702 930 2733 XIII.
954 2703 1027 2735 Kal.
1052 2703 1208 2743 Ianuarii,
1238 2712 1320 2733 anno
1351 2701 1481 2733 Domini
1509 2701 1626 2734 MGOC
1650 2701 1907 2744 quartodecimo,
1931 2703 2023 2745 regni

374 2762 451 2783 vero
475 2753 573 2783 nostri
596 2763 678 2783 anno
702 2754 813 2794 primo.
