2184 3126
416 219 512 248 ACTA
532 220 645 248 REGNI
665 219 849 248 LUDEWICI
869 220 915 249 1v.
934 220 980 248 ET
1000 221 1184 250 FRlDERlCI
1203 222 1252 250 111.
1291 223 1367 250 1324.
1404 223 1542 252 Nr.1017.
1562 224 1637 252 1018.
1790 227 1855 258 845

288 369 582 415 1017-1021.
623 368 966 417 IOHANNIS
995 371 1152 418 XXII.
1184 372 1401 418 PAPAE
1429 373 1765 420 LITTERAE

713 438 1034 486 DIVERSIS
1061 440 1327 487 MISSAE.

800 515 908 552 1324.
945 516 1038 553 Nov.
1063 517 1247 554 132—26.

386 624 477 654 1017.
506 623 596 654 1018.
630 621 854 654 LITTERAE
878 622 940 654 AD
963 623 1229 656 LIUPOLDUM
1251 624 1406 658 DUOEM
1428 625 1662 658 AUSTRIAE.

159 694 171 715 ι
383 696 394 699 ”
820 684 912 717 1324.
948 683 1219 716 Nov.13?—21.

669 779 777 816 1017.
819 780 974 817 [Atterae
995 783 1144 827 priores.
1198 782 1287 818 Nov.
1310 783 1384 820 13?

302 853 401 894 Copia
423 853 480 896 (c.)
503 854 540 886 in
562 854 765 895 Reyestorum
790 854 1017 887 Vaticanorum
1040 856 1194 888 tabularii
1224 856 1374 888 Vaticani
1396 860 1467 889 tom.
1485 858 1551 888 113
1568 857 1628 899 fol.
1645 860 1687 890 44
1710 870 1759 892 nr.
1775 861 1850 892 348.

193 905 392 938 contulimus
413 915 480 938 nos.
503 923 546 930 —-
570 905 780 938 Decurtatam
802 906 848 938 ed.
872 905 997 939 Riezler
1020 907 1185 940 ‘Vatilcom
1202 908 1317 940 Akten’
1337 919 1370 949 p.
1390 909 1452 939 197
1473 919 1523 941 wr.
1540 909 1604 940 416
1625 921 1664 942 ex
1687 922 1713 943 c.

297 965 373 1007 Rey.
390 965 493 999 Leher
515 965 579 999 loco
600 976 701 1006 supra
722 966 766 998 ad
786 977 836 1000 nr.
853 966 917 998 289
940 967 1036 999 citato
1053 978 1088 1007 p.
1106 967 1170 998 259
1192 978 1242 1001 nr.
1258 968 1332 1000 242.

147 1061 172 1081 ιο
298 1051 362 1084 Dil.
385 1052 428 1085 fil.
452 1051 553 1084 nobili
575 1053 644 1084 viro
667 1051 806 1094 Lipoldo
830 1052 904 1084 duci
927 1053 1070 1086 Austrie.

298 1103 484 1137 Nobilitatis
511 1107 566 1136 tue
593 1104 718 1137 litteras
745 1104 838 1136 nobis
865 1115 923 1147 per
951 1105 1006 1137 dil.
1030 1106 1072 1137 fil.
1097 1105 1353 1148 R(aymu)ndum
1377 1105 1543 1138 Guillelmi
1572 1107 1691 1139 ordinis
1714 1108 1849 1140 fratrum

189 1154 351 1188 Minorum
366 1159 568 1198 presentatas
582 1156 722 1198 benigne
739 1157 921 1198 recepimus
944 1160 977 1189 et
1001 1168 1062 1199 que
1080 1157 1183 1189 dictus
1198 1157 1409 1200 Raymundus
1424 1158 1516 1190 nobis
1533 1159 1683 1200 exposuit
1698 1159 1849 1202 dicteque

191 1206 400 1239 continebant
422 1207 539 1249 littere,
563 1207 781 1240 intelleximus
804 1207 986 1251 diligenter.
1039 1208 1123 1241 Sane
1148 1210 1224 1251 quia
1246 1209 1339 1242 nobis
1362 1220 1421 1251 per
1449 1210 1581 1242 easdem
1605 1210 1730 1243 litteras
1753 1222 1851 1254 super

123 1258 129 1264 ⁵
188 1258 334 1300 generali
357 1258 559 1301 indulgentia
580 1262 690 1291 nostra
713 1259 770 1291 tibi
794 1262 913 1302 tueque
938 1261 1093 1292 exercitui
1110 1261 1318 1293 concedenda
1341 1261 1425 1293 inter
1447 1265 1555 1293 cetera
1571 1262 1769 1304 supplicasti,
1791 1274 1851 1295 nos

147 1318 171 1338 ιι
190 1309 230 1342 de
253 1312 311 1342 tua
333 1310 437 1343 salute
467 1311 584 1343 soliciti
614 1321 687 1343 eam
717 1310 775 1343 tibi
804 1321 928 1343 necnon
956 1313 1120 1344 carissime
1150 1313 1182 1344 in
1205 1313 1333 1345 Christo
1361 1313 1426 1346 filie
1454 1316 1562 1346 nostre
1585 1314 1707 1356 Agneti
1736 1315 1849 1356 regine

188 1361 332 1404 Ungarie
355 1361 469 1394 illustri
492 1372 646 1405 germane
670 1365 735 1404 tue,
758 1373 816 1405 pro
841 1374 905 1405 qua
928 1364 1026 1395 etiam
1050 1363 1143 1396 nobis
1166 1365 1381 1406 supplicatum
1405 1365 1522 1404 extitit,
1546 1364 1696 1397 duximus
1721 1365 1849 1398 favora-

189 1410 297 1445 biliter
313 1413 565 1456 concedendam,
589 1414 671 1446 sicut
692 1415 724 1446 in
746 1414 862 1446 litteris
884 1416 1001 1447 nostris
1017 1416 1172 1447 confectis
1187 1427 1284 1458 super
1306 1417 1367 1449 ho'c
1383 1417 1509 1459 plenius
1525 1417 1706 1449 continetur
1717 1418 1737 1449 ¹.
1783 1417 1849 1450 Sed

189 1474 262 1496 cum
289 1465 487 1507 generaliter
513 1466 547 1497 in
575 1465 633 1498 tali
663 1476 739 1498 casu
766 1476 826 1508 per
852 1465 1018 1499 Romanos
1045 1467 1213 1509 pontifices
1239 1478 1447 1511 nequaquam
1475 1469 1608 1501 concedi
1635 1469 1849 1510 consueverit,

188 1516 270 1553 sieut
291 1527 351 1559 per
373 1519 405 1549 te
428 1516 612 1559 petebatur,
635 1516 837 1560 indulgentia
860 1522 1050 1560 memorata,
1074 1530 1132 1551 nos
1155 1530 1251 1561 super
1273 1520 1334 1552 hoc
1357 1519 1538 1552 deliberare
1561 1520 1687 1562 plenius
1710 1521 1848 1552 intendi-

143 1574 170 1596 20
187 1578 258 1600 mus
288 1570 322 1600 et
344 1568 540 1610 concedere,
569 1569 656 1611 quod
685 1569 863 1601 secundum
886 1569 992 1602 Deum
1019 1572 1198 1612 poterimus
1227 1571 1311 1603 bono
1335 1572 1448 1612 modo,
1475 1571 1677 1604 nobilitatem
1710 1572 1848 1604 eandem

186 1620 340 1652 attentius
363 1619 588 1662 exhortantes,
623 1621 772 1663 quatinus
799 1622 884 1653 circa
907 1622 1105 1662 conflictum,
1137 1633 1235 1665 quem
1258 1633 1368 1665 speras
1395 1623 1517 1656 habere
1541 1627 1652 1655 contra
1675 1649 1682 1655 .
1701 1648 1708 1656 .
1733 1623 1847 1656 ducem

185 1671 340 1712 Bavarie,
371 1674 408 1703 ut
435 1673 603 1714 scripsisti,
639 1673 666 1704 si
697 1675 729 1705 te
763 1673 854 1705 illum
886 1673 992 1706 subire
1029 1675 1208 1716 contingat,
1241 1675 1286 1706 sic
1316 1678 1371 1707 tue
1401 1685 1439 1707 ac
1466 1685 1693 1717 germanorum
1720 1678 1849 1708 tuorum

185 1723 350 1755 securitati
381 1718 552 1765 provideas
581 1727 614 1755 et
642 1724 754 1765 saluti,
782 1724 868 1766 quod
897 1727 985 1756 tuam
1015 1728 1048 1757 et
1078 1726 1220 1767 ipsorum
1247 1737 1401 1768 personas
1427 1726 1580 1768 gravibus
1607 1727 1758 1769 periculis
1785 1738 1849 1759 non

186 1783 340 1816 exponas.

143 1830 168 1851 2³
294 1824 415 1858 Datum
437 1826 604 1859 ΧῩΙΠΙ.1
627 1828 700 1860 Kal.
724 1828 926 1869 Decembris,
950 1839 1034 1860 anno
1058 1840 1152 1861 nono.

644 1958 753 1996 1018.
793 1959 949 1996 Litterae
975 1960 1115 1996 alterae.
1223 1961 1311 1997 Nov.
1332 1964 1393 1997 21.

298 2030 396 2071 Copia
419 2032 475 2074 (c.)
498 2032 612 2064 ibidem
630 2032 691 2075 fol.
707 2033 750 2064 43
772 2044 822 2066 nr.
838 2035 911 2067 344.
960 2034 1159 2068 Contulimus
1185 2046 1252 2068 nos.
1276 2054 1317 2059 —
1340 2035 1550 2068 Decurtatam
1571 2035 1621 2069 ed.
1636 2034 1760 2067 Riealer
1782 2034 1803 2067 l.
1819 2045 1847 2066 c.

179 2091 216 2122 p.
235 2083 297 2114 198
319 2092 369 2114 nr.
386 2084 449 2115 421
473 2094 511 2116 ex
534 2094 560 2116 c.

293 2142 370 2184 Rey.
385 2142 488 2176 Lo'her
509 2143 532 2175 l.
548 2155 574 2177 c.
590 2154 627 2185 p.
642 2145 707 2176 259
729 2155 777 2178 nr.
794 2146 868 2178 243.

142 2237 170 2258 ao
294 2227 358 2261 Dil.
382 2229 425 2261 fil.
450 2230 549 2262 nobili
572 2231 640 2262 viro
664 2231 802 2274 Lipoldo
827 2232 900 2264 duci
922 2233 1063 2264 Austrie.

293 2279 406 2323 Nuper
435 2282 476 2314 ad
500 2285 644 2314 nostram
670 2284 865 2326 presentiam
890 2285 1056 2316 venientes
1078 2284 1132 2316 dil.
1156 2284 1199 2316 fil.
1222 2285 1411 2326 magistrum
1434 2284 1611 2316 Iohannem
1634 2283 1844 2316 Pheffehardi

185 2330 412 2372 cappellanum
427 2336 571 2366 nostrum
588 2337 621 2366 et
635 2334 806 2367 Albertum
823 2335 998 2368 familiares
1022 2339 1055 2367 et
1069 2337 1202 2368 nuncios
1218 2339 1289 2368 tuos
1305 2346 1428 2368 necnon
1444 2335 1619 2368 nobilitatis
1642 2339 1696 2368 tue
1719 2336 1844 2368 litteras

186 2379 229 2412 ab
252 2381 299 2413 eis
320 2386 429 2416 nostro
445 2385 640 2427 apostolatui
656 2390 859 2428 presentatas
882 2387 976 2419 solita
998 2387 1198 2429 benignitate
1218 2388 1399 2430 recepimus
1422 2391 1455 2420 et
1477 2398 1527 2426 ea,
1551 2398 1613 2430 que
1637 2387 1713 2420 dicti
1736 2387 1843 2419 nuncii

188 2431 247 2464 sub
271 2434 443 2468 commissa
466 2436 527 2468 sibi
550 2447 609 2479 per
637 2437 761 2470 litteras
784 2439 870 2480 ipsas
895 2438 1060 2471 credentia
1082 2438 1175 2470 nobis
1198 2438 1392 2471 verbotenus
1421 2440 1624 2482 explicarunt
1650 2443 1683 2472 et
1708 2441 1740 2471 in
1768 2450 1841 2481 pre-

142 2492 167 2513 εο
187 2482 280 2515 dictis
295 2485 540 2519 continebantur
554 2488 678 2528 litteris,
696 2489 913 2522 intelleximus
929 2490 1110 2532 diligenter.
1157 2489 1242 2522 Sane
1265 2491 1340 2533 quia
1356 2501 1453 2533 super
1475 2490 1537 2522 illis
1560 2493 1615 2523 tua
1637 2501 1710 2523 cum
1733 2494 1842 2523 nostra

186 2536 346 2568 concurrit
360 2537 505 2579 intentio,
522 2540 625 2582 magis
641 2540 789 2573 ordinare
806 2542 938 2574 realiter
953 2545 986 2574 et
1001 2542 1131 2584 exequi,
1152 2542 1239 2584 quod
1255 2543 1287 2574 in
1302 2542 1363 2574 hac
1379 2546 1470 2585 parte
1486 2542 1660 2575 viderimus
1675 2543 1841 2585 expedire.

185 2595 283 2628 quam
298 2586 404 2620 verbis
425 2589 589 2632 explicare
605 2593 814 2634 proponimus
829 2593 969 2626 Domino
986 2593 1196 2626 concedente.
1240 2593 1343 2626 Porro
1367 2594 1408 2627 de
1424 2596 1586 2638 prosperis
1610 2595 1671 2627 tuis
1687 2596 1841 2627 successi—

186 2636 246 2669 bus
268 2637 362 2670 nobis
376 2649 436 2681 per
451 2639 553 2673 dictas
568 2641 693 2676 litteras
708 2644 866 2677 nunciatis
889 2645 944 2677 leti
963 2656 1058 2687 quam
1075 2645 1247 2687 plurimum
1265 2649 1298 2678 et
1313 2646 1443 2678 iocundi
1459 2650 1570 2679 contra
1585 2647 1840 2679 inobedientiam

186 2691 220 2720 et
242 2699 394 2723 excessus
409 2692 608 2733 prelatorum
622 2693 760 2737 illorum,
785 2696 826 2728 de
843 2697 958 2739 quibus
975 2696 1137 2729 faciebant
1152 2697 1296 2739 predicte
1313 2697 1420 2731 littere
1437 2698 1645 2738 mentionem,
1670 2698 1840 2740 providere

138 2773 167 2792 ω
291 2765 373 2795 1017.
400 2769 424 2802 ¹)
442 2770 479 2796 ica
497 2779 517 2797 c.

289 2835 314 2868 1)
336 2834 377 2871 Of.
397 2836 500 2865 Riuler
517 2838 533 2866 1.
547 2846 570 2867 c.
587 2848 614 2874 ρ.
628 2844 678 2868 201
696 2849 738 2868 nr.
753 2845 834 2868 428⁰.
