<?xml version="1.0" encoding="UTF-8"?>
<!DOCTYPE html PUBLIC "-//W3C//DTD XHTML 1.0 Transitional//EN"
    "http://www.w3.org/TR/xhtml1/DTD/xhtml1-transitional.dtd">
<html xmlns="http://www.w3.org/1999/xhtml" xml:lang="en" lang="en">
 <head>
  <title>
</title>
<meta http-equiv="Content-Type" content="text/html;charset=utf-8" />
  <meta name='ocr-system' content='tesseract 3.04.00' />
  <meta name='ocr-capabilities' content='ocr_page ocr_carea ocr_par ocr_line ocrx_word'/>
</head>
<body>
  <div class='ocr_page' id='page_1' title='image "./monumentagerma05geseuoft_0804.png"; bbox 0 0 2184 3126; ppageno 0'>
   <div class='ocr_carea' id='block_1_1' title="bbox 327 168 1705 210">
    <p class='ocr_par' dir='ltr' id='par_1_1' title="bbox 327 168 1705 210">
     <span class='ocr_line' id='line_1_1' title="bbox 327 168 1705 210; baseline -0.01 -1"><span class='ocrx_word' id='word_1_1' title='bbox 327 179 388 210; x_wconf 84' lang='lat'>764</span> <span class='ocrx_word' id='word_1_2' title='bbox 593 173 690 202; x_wconf 86' lang='lat' dir='ltr'>ACTA</span> <span class='ocrx_word' id='word_1_3' title='bbox 708 171 821 199; x_wconf 84' lang='lat' dir='ltr'><strong>REGNI</strong></span> <span class='ocrx_word' id='word_1_4' title='bbox 841 170 1026 198; x_wconf 88' lang='lat' dir='ltr'>LUDEWICI</span> <span class='ocrx_word' id='word_1_5' title='bbox 1045 170 1092 200; x_wconf 86' lang='lat' dir='ltr'>IV.</span> <span class='ocrx_word' id='word_1_6' title='bbox 1111 169 1158 196; x_wconf 77' lang='lat' dir='ltr'>ET</span> <span class='ocrx_word' id='word_1_7' title='bbox 1178 169 1364 196; x_wconf 80' lang='lat' dir='ltr'>FRIDERICI</span> <span class='ocrx_word' id='word_1_8' title='bbox 1383 169 1432 196; x_wconf 87' lang='lat'>111.</span> <span class='ocrx_word' id='word_1_9' title='bbox 1470 168 1546 196; x_wconf 79' lang='lat'><strong>1324.</strong></span> <span class='ocrx_word' id='word_1_10' title='bbox 1583 168 1631 195; x_wconf 83' lang='lat' dir='ltr'>Nr.</span> <span class='ocrx_word' id='word_1_11' title='bbox 1645 168 1705 196; x_wconf 78' lang='lat'>925.</span> 
     </span>
    </p>
   </div>
   <div class='ocr_carea' id='block_1_2' title="bbox 393 333 1910 450">
    <p class='ocr_par' dir='ltr' id='par_1_2' title="bbox 393 333 1910 450">
     <span class='ocr_line' id='line_1_2' title="bbox 393 333 1910 387; baseline -0.003 0"><span class='ocrx_word' id='word_1_12' title='bbox 393 341 644 387; x_wconf 80' lang='lat'>925—927.</span> <span class='ocrx_word' id='word_1_13' title='bbox 688 336 1018 384; x_wconf 84' lang='lat' dir='ltr'>LUDEWICI</span> <span class='ocrx_word' id='word_1_14' title='bbox 1046 335 1319 382; x_wconf 87' lang='lat' dir='ltr'><strong>SCRIPTA</strong></span> <span class='ocrx_word' id='word_1_15' title='bbox 1342 335 1472 381; x_wconf 89' lang='lat' dir='ltr'>PRO</span> <span class='ocrx_word' id='word_1_16' title='bbox 1502 333 1910 383; x_wconf 83' lang='lat' dir='ltr'>CASTRUCGIO</span> 
     </span>
     <span class='ocr_line' id='line_1_3' title="bbox 824 403 1476 450; baseline -0.003 0"><span class='ocrx_word' id='word_1_17' title='bbox 824 405 910 450; x_wconf 84' lang='lat' dir='ltr'>DE</span> <span class='ocrx_word' id='word_1_18' title='bbox 939 403 1476 450; x_wconf 85' lang='lat' dir='ltr'><strong>ANTELMINELLIS.</strong></span> 
     </span>
    </p>
   </div>
   <div class='ocr_carea' id='block_1_3' title="bbox 991 488 1306 525">
    <p class='ocr_par' dir='ltr' id='par_1_3' title="bbox 991 488 1306 525">
     <span class='ocr_line' id='line_1_4' title="bbox 991 488 1306 525; baseline 0 -1"><span class='ocrx_word' id='word_1_19' title='bbox 991 488 1099 524; x_wconf 64' lang='lat' dir='ltr'><strong>13Q4.</strong></span> <span class='ocrx_word' id='word_1_20' title='bbox 1140 488 1225 525; x_wconf 85' lang='lat' dir='ltr'>Mai.</span> <span class='ocrx_word' id='word_1_21' title='bbox 1246 488 1306 524; x_wconf 67' lang='lat'>29.</span> 
     </span>
    </p>
   </div>
   <div class='ocr_carea' id='block_1_4' title="bbox 437 595 1436 641">
    <p class='ocr_par' dir='ltr' id='par_1_4' title="bbox 437 595 1436 641">
     <span class='ocr_line' id='line_1_5' title="bbox 437 595 1436 641; baseline -0.006 -8"><span class='ocrx_word' id='word_1_22' title='bbox 437 602 485 640; x_wconf 83' lang='lat' dir='ltr'>Cf.</span> <span class='ocrx_word' id='word_1_23' title='bbox 502 610 600 641; x_wconf 75' lang='lat' dir='ltr'>supra</span> <span class='ocrx_word' id='word_1_24' title='bbox 622 609 671 631; x_wconf 77' lang='lat' dir='ltr'>nr.</span> <span class='ocrx_word' id='word_1_25' title='bbox 688 597 862 629; x_wconf 81' lang='lat'><em>570—573</em></span> <span class='ocrx_word' id='word_1_26' title='bbox 884 598 914 629; x_wconf 80' lang='lat' dir='ltr'>ct</span> <span class='ocrx_word' id='word_1_27' title='bbox 935 597 1028 639; x_wconf 76' lang='lat' dir='ltr'>infra</span> <span class='ocrx_word' id='word_1_28' title='bbox 1049 597 1093 628; x_wconf 82' lang='lat' dir='ltr'>ad</span> <span class='ocrx_word' id='word_1_29' title='bbox 1114 606 1144 630; x_wconf 89' lang='lat' dir='ltr'>a.</span> <span class='ocrx_word' id='word_1_30' title='bbox 1169 596 1263 628; x_wconf 78' lang='lat'><strong><em>1326.</em></strong></span> <span class='ocrx_word' id='word_1_31' title='bbox 1287 595 1390 628; x_wconf 83' lang='lat' dir='ltr'>Mart.</span> <span class='ocrx_word' id='word_1_32' title='bbox 1407 596 1436 627; x_wconf 90' lang='lat'>9.</span> 
     </span>
    </p>
   </div>
   <div class='ocr_carea' id='block_1_5' title="bbox 549 717 2023 756">
    <p class='ocr_par' dir='ltr' id='par_1_5' title="bbox 549 717 2023 756">
     <span class='ocr_line' id='line_1_6' title="bbox 549 717 2023 756; baseline -0.003 0"><span class='ocrx_word' id='word_1_33' title='bbox 549 720 635 756; x_wconf 66' lang='lat'><strong>925.</strong></span> <span class='ocrx_word' id='word_1_34' title='bbox 678 718 880 755; x_wconf 75' lang='lat' dir='ltr'>Commissio</span> <span class='ocrx_word' id='word_1_35' title='bbox 906 719 1094 754; x_wconf 75' lang='lat' dir='ltr'><em>vicariatus</em></span> <span class='ocrx_word' id='word_1_36' title='bbox 1121 717 1269 753; x_wconf 76' lang='lat' dir='ltr'>civitatis</span> <span class='ocrx_word' id='word_1_37' title='bbox 1295 717 1474 754; x_wconf 75' lang='lat' dir='ltr'>Lucanae.</span> <span class='ocrx_word' id='word_1_38' title='bbox 1583 717 1674 755; x_wconf 75' lang='lat' dir='ltr'>Mai.</span> <span class='ocrx_word' id='word_1_39' title='bbox 1702 720 1764 754; x_wconf 75' lang='lat'>29.</span> <span class='ocrx_word' id='word_1_40' title='bbox 2009 731 2023 752; x_wconf 76' lang='grc' dir='ltr'><strong>ι</strong></span> 
     </span>
    </p>
   </div>
   <div class='ocr_carea' id='block_1_6' title="bbox 324 799 1981 939">
    <p class='ocr_par' dir='ltr' id='par_1_6' title="bbox 324 799 1981 939">
     <span class='ocr_line' id='line_1_7' title="bbox 435 799 1980 845; baseline 0 -10"><span class='ocrx_word' id='word_1_41' title='bbox 435 803 533 845; x_wconf 83' lang='lat' dir='ltr'>Copia</span> <span class='ocrx_word' id='word_1_42' title='bbox 556 803 612 844; x_wconf 91' lang='lat' dir='ltr'>(c.)</span> <span class='ocrx_word' id='word_1_43' title='bbox 635 803 671 834; x_wconf 75' lang='lat' dir='ltr'>in</span> <span class='ocrx_word' id='word_1_44' title='bbox 696 801 844 843; x_wconf 68' lang='lat' dir='ltr'>Goplario</span> <span class='ocrx_word' id='word_1_45' title='bbox 867 801 1028 832; x_wconf 84' lang='lat' dir='ltr'>‘Armario</span> <span class='ocrx_word' id='word_1_46' title='bbox 1043 800 1089 832; x_wconf 89' lang='grc' dir='ltr'>ΙΙ</span> <span class='ocrx_word' id='word_1_47' title='bbox 1105 810 1155 832; x_wconf 76' lang='lat' dir='ltr'>nr.</span> <span class='ocrx_word' id='word_1_48' title='bbox 1173 800 1250 831; x_wconf 82' lang='lat'><strong><em>116⁷</em></strong></span> <span class='ocrx_word' id='word_1_49' title='bbox 1273 809 1352 831; x_wconf 84' lang='lat' dir='ltr'>saec.</span> <span class='ocrx_word' id='word_1_50' title='bbox 1371 799 1468 832; x_wconf 86' lang='lat' dir='ltr'><strong><em>XIV.</em></strong></span> <span class='ocrx_word' id='word_1_51' title='bbox 1492 800 1648 841; x_wconf 76' lang='lat' dir='ltr'>(Capitoli</span> <span class='ocrx_word' id='word_1_52' title='bbox 1662 801 1687 833; x_wconf 93' lang='grc' dir='ltr'><em>Ι</em></span> <span class='ocrx_word' id='word_1_53' title='bbox 1690 800 1732 842; x_wconf 85' lang='lat' dir='ltr'>V)</span> <span class='ocrx_word' id='word_1_54' title='bbox 1754 801 1808 840; x_wconf 83' lang='lat' dir='ltr'>fol.</span> <span class='ocrx_word' id='word_1_55' title='bbox 1824 803 1867 834; x_wconf 80' lang='lat'>48</span> <span class='ocrx_word' id='word_1_56' title='bbox 1889 802 1980 835; x_wconf 77' lang='lat' dir='ltr'>tabu-</span> 
     </span>
     <span class='ocr_line' id='line_1_8' title="bbox 325 851 1981 896; baseline -0.001 -9"><span class='ocrx_word' id='word_1_57' title='bbox 325 856 401 888; x_wconf 83' lang='lat' dir='ltr'>larii</span> <span class='ocrx_word' id='word_1_58' title='bbox 421 855 501 896; x_wconf 76' lang='lat' dir='ltr'>reyii</span> <span class='ocrx_word' id='word_1_59' title='bbox 519 854 653 886; x_wconf 79' lang='lat' dir='ltr'>Ducam‘.</span> <span class='ocrx_word' id='word_1_60' title='bbox 701 852 901 885; x_wconf 64' lang='lat' dir='ltr'>Cmvtulimus</span> <span class='ocrx_word' id='word_1_61' title='bbox 922 862 988 884; x_wconf 79' lang='lat' dir='ltr'>nos.</span> <span class='ocrx_word' id='word_1_62' title='bbox 1012 871 1054 875; x_wconf 91' lang='lat'>—</span> <span class='ocrx_word' id='word_1_63' title='bbox 1077 851 1140 883; x_wconf 79' lang='lat' dir='ltr'>Ed.</span> <span class='ocrx_word' id='word_1_64' title='bbox 1157 851 1312 883; x_wconf 73' lang='lat' dir='ltr'>Manmci</span> <span class='ocrx_word' id='word_1_65' title='bbox 1334 851 1397 884; x_wconf 85' lang='lat' dir='ltr'>loco</span> <span class='ocrx_word' id='word_1_66' title='bbox 1419 861 1521 892; x_wconf 79' lang='lat' dir='ltr'>supra</span> <span class='ocrx_word' id='word_1_67' title='bbox 1543 852 1588 884; x_wconf 82' lang='lat' dir='ltr'>ad</span> <span class='ocrx_word' id='word_1_68' title='bbox 1600 862 1650 884; x_wconf 80' lang='lat' dir='ltr'>nr.</span> <span class='ocrx_word' id='word_1_69' title='bbox 1667 854 1731 884; x_wconf 89' lang='grc'>168</span> <span class='ocrx_word' id='word_1_70' title='bbox 1752 853 1848 886; x_wconf 77' lang='lat' dir='ltr'>citato</span> <span class='ocrx_word' id='word_1_71' title='bbox 1865 864 1899 894; x_wconf 76' lang='lat' dir='ltr'>p.</span> <span class='ocrx_word' id='word_1_72' title='bbox 1915 854 1981 886; x_wconf 80' lang='lat'>202</span> 
     </span>
     <span class='ocr_line' id='line_1_9' title="bbox 324 907 544 939; baseline -0.009 0"><span class='ocrx_word' id='word_1_73' title='bbox 324 917 374 939; x_wconf 79' lang='lat' dir='ltr'>nr.</span> <span class='ocrx_word' id='word_1_74' title='bbox 392 907 434 938; x_wconf 79' lang='lat'>14</span> <span class='ocrx_word' id='word_1_75' title='bbox 455 917 494 938; x_wconf 78' lang='lat' dir='ltr'>ex</span> <span class='ocrx_word' id='word_1_76' title='bbox 518 917 544 938; x_wconf 92' lang='lat' dir='ltr'>c.</span> 
     </span>
    </p>
   </div>
   <div class='ocr_carea' id='block_1_7' title="bbox 432 963 2025 1065">
    <p class='ocr_par' dir='ltr' id='par_1_7' title="bbox 432 963 2025 1065">
     <span class='ocr_line' id='line_1_10' title="bbox 435 963 1980 1006; baseline 0 -8"><span class='ocrx_word' id='word_1_77' title='bbox 435 966 549 998; x_wconf 75' lang='lat' dir='ltr'>Pauca</span> <span class='ocrx_word' id='word_1_78' title='bbox 563 976 643 1006; x_wconf 78' lang='lat' dir='ltr'>quac</span> <span class='ocrx_word' id='word_1_79' title='bbox 658 964 845 997; x_wconf 72' lang='lat' dir='ltr'>conveniunt</span> <span class='ocrx_word' id='word_1_80' title='bbox 860 974 931 995; x_wconf 84' lang='lat' dir='ltr'>cum</span> <span class='ocrx_word' id='word_1_81' title='bbox 946 963 1166 995; x_wconf 79' lang='lat' dir='ltr'>Commissione</span> <span class='ocrx_word' id='word_1_82' title='bbox 1183 973 1283 1003; x_wconf 74' lang='lat' dir='ltr'>supra</span> <span class='ocrx_word' id='word_1_83' title='bbox 1298 973 1348 995; x_wconf 80' lang='lat' dir='ltr'>nr.</span> <span class='ocrx_word' id='word_1_84' title='bbox 1363 963 1435 1002; x_wconf 85' lang='lat'><em>570,</em></span> <span class='ocrx_word' id='word_1_85' title='bbox 1451 963 1567 995; x_wconf 73' lang='lat' dir='ltr'>litteris</span> <span class='ocrx_word' id='word_1_86' title='bbox 1582 963 1759 996; x_wconf 78' lang='lat' dir='ltr'><strong><em>minoribus</em></strong></span> <span class='ocrx_word' id='word_1_87' title='bbox 1773 965 1980 998; x_wconf 71' lang='lat' dir='ltr'><strong><em>excussimus.</em></strong></span> 
     </span>
     <span class='ocr_line' id='line_1_11' title="bbox 432 1024 2025 1065; baseline -0.003 -7"><span class='ocrx_word' id='word_1_88' title='bbox 432 1025 576 1063; x_wconf 68' lang='lat' dir='ltr'>Bfflzmer,</span> <span class='ocrx_word' id='word_1_89' title='bbox 599 1025 674 1065; x_wconf 75' lang='lat' dir='ltr'>Rey.</span> <span class='ocrx_word' id='word_1_90' title='bbox 691 1024 803 1057; x_wconf 79' lang='lat' dir='ltr'>Dudw.</span> <span class='ocrx_word' id='word_1_91' title='bbox 822 1034 856 1064; x_wconf 78' lang='lat' dir='ltr'>p.</span> <span class='ocrx_word' id='word_1_92' title='bbox 872 1025 916 1056; x_wconf 82' lang='lat'>42</span> <span class='ocrx_word' id='word_1_93' title='bbox 937 1034 987 1055; x_wconf 76' lang='lat' dir='ltr'>nr.</span> <span class='ocrx_word' id='word_1_94' title='bbox 1004 1024 1078 1056; x_wconf 80' lang='lat'><strong><em>722.</em></strong></span> <span class='ocrx_word' id='word_1_95' title='bbox 1999 1036 2025 1057; x_wconf 74' lang='grc' dir='ltr'>ιο</span> 
     </span>
    </p>
   </div>
   <div class='ocr_carea' id='block_1_8' title="bbox 325 1119 1983 1256">
    <p class='ocr_par' dir='ltr' id='par_1_8' title="bbox 325 1119 1983 1256">
     <span class='ocr_line' id='line_1_12' title="bbox 433 1119 1981 1162; baseline 0.001 -10"><span class='ocrx_word' id='word_1_96' title='bbox 433 1120 615 1153; x_wconf 88' lang='lat' dir='ltr'>Ludovicus</span> <span class='ocrx_word' id='word_1_97' title='bbox 631 1120 693 1152; x_wconf 91' lang='lat' dir='ltr'>Dei</span> <span class='ocrx_word' id='word_1_98' title='bbox 709 1120 814 1162; x_wconf 85' lang='lat' dir='ltr'>gratia</span> <span class='ocrx_word' id='word_1_99' title='bbox 829 1119 1049 1151; x_wconf 84' lang='lat' dir='ltr'>Romanorum</span> <span class='ocrx_word' id='word_1_100' title='bbox 1064 1129 1123 1150; x_wconf 85' lang='lat' dir='ltr'>rex</span> <span class='ocrx_word' id='word_1_101' title='bbox 1138 1129 1268 1160; x_wconf 80' lang='lat' dir='ltr'>semper</span> <span class='ocrx_word' id='word_1_102' title='bbox 1283 1122 1437 1161; x_wconf 85' lang='lat' dir='ltr'>augustus</span> <span class='ocrx_word' id='word_1_103' title='bbox 1524 1119 1695 1162; x_wconf 84' lang='lat' dir='ltr'>magnifico</span> <span class='ocrx_word' id='word_1_104' title='bbox 1711 1121 1779 1152; x_wconf 82' lang='lat' dir='ltr'>viro</span> <span class='ocrx_word' id='word_1_105' title='bbox 1795 1120 1981 1154; x_wconf 77' lang='lat' dir='ltr'>Oastruecio</span> 
     </span>
     <span class='ocr_line' id='line_1_13' title="bbox 326 1170 1983 1213; baseline 0 -8"><span class='ocrx_word' id='word_1_106' title='bbox 326 1173 366 1205; x_wconf 88' lang='lat' dir='ltr'>de</span> <span class='ocrx_word' id='word_1_107' title='bbox 389 1171 627 1204; x_wconf 82' lang='lat' dir='ltr'>Antelminellis</span> <span class='ocrx_word' id='word_1_108' title='bbox 651 1172 769 1203; x_wconf 85' lang='lat' dir='ltr'>vicario</span> <span class='ocrx_word' id='word_1_109' title='bbox 792 1171 1011 1211; x_wconf 76' lang='lat' dir='ltr'>Lucanorum,</span> <span class='ocrx_word' id='word_1_110' title='bbox 1043 1181 1099 1202; x_wconf 91' lang='lat' dir='ltr'>suo</span> <span class='ocrx_word' id='word_1_111' title='bbox 1132 1173 1165 1202; x_wconf 83' lang='lat' dir='ltr'>et</span> <span class='ocrx_word' id='word_1_112' title='bbox 1193 1170 1320 1212; x_wconf 88' lang='lat' dir='ltr'>imperii</span> <span class='ocrx_word' id='word_1_113' title='bbox 1343 1170 1432 1202; x_wconf 88' lang='lat' dir='ltr'>fideli</span> <span class='ocrx_word' id='word_1_114' title='bbox 1455 1170 1575 1203; x_wconf 88' lang='lat' dir='ltr'>dilecto</span> <span class='ocrx_word' id='word_1_115' title='bbox 1673 1172 1812 1213; x_wconf 77' lang='lat' dir='ltr'><strong>gratiam</strong></span> <span class='ocrx_word' id='word_1_116' title='bbox 1834 1181 1925 1204; x_wconf 83' lang='lat' dir='ltr'>suam</span> <span class='ocrx_word' id='word_1_117' title='bbox 1948 1176 1983 1206; x_wconf 84' lang='lat' dir='ltr'>et</span> 
     </span>
     <span class='ocr_line' id='line_1_14' title="bbox 325 1223 570 1256; baseline -0.004 -1"><span class='ocrx_word' id='word_1_118' title='bbox 325 1234 419 1256; x_wconf 88' lang='lat' dir='ltr'>omne</span> <span class='ocrx_word' id='word_1_119' title='bbox 442 1223 570 1255; x_wconf 91' lang='lat' dir='ltr'>bonum.</span> 
     </span>
    </p>
   </div>
   <div class='ocr_carea' id='block_1_9' title="bbox 324 1281 2030 2621">
    <p class='ocr_par' dir='ltr' id='par_1_9' title="bbox 324 1281 2030 2516">
     <span class='ocr_line' id='line_1_15' title="bbox 432 1281 1982 1326; baseline 0.001 -11"><span class='ocrx_word' id='word_1_120' title='bbox 432 1283 537 1325; x_wconf 84' lang='lat' dir='ltr'>Regie</span> <span class='ocrx_word' id='word_1_121' title='bbox 565 1282 767 1314; x_wconf 83' lang='lat' dir='ltr'><strong>liberalitatis</strong></span> <span class='ocrx_word' id='word_1_122' title='bbox 795 1282 967 1314; x_wconf 84' lang='lat' dir='ltr'>clementia</span> <span class='ocrx_word' id='word_1_123' title='bbox 995 1283 1026 1313; x_wconf 92' lang='lat' dir='ltr'>in</span> <span class='ocrx_word' id='word_1_124' title='bbox 1054 1282 1120 1313; x_wconf 87' lang='lat' dir='ltr'>suis</span> <span class='ocrx_word' id='word_1_125' title='bbox 1147 1281 1297 1314; x_wconf 88' lang='lat' dir='ltr'>fidelibus</span> <span class='ocrx_word' id='word_1_126' title='bbox 1330 1282 1506 1324; x_wconf 84' lang='lat' dir='ltr'>gratiarum</span> <span class='ocrx_word' id='word_1_127' title='bbox 1539 1282 1625 1315; x_wconf 88' lang='lat' dir='ltr'>dona</span> <span class='ocrx_word' id='word_1_128' title='bbox 1656 1283 1886 1326; x_wconf 81' lang='lat' dir='ltr'>multiplicans,</span> <span class='ocrx_word' id='word_1_129' title='bbox 1919 1283 1982 1316; x_wconf 86' lang='lat' dir='ltr'>illis</span> 
     </span>
     <span class='ocr_line' id='line_1_16' title="bbox 326 1333 2027 1378; baseline 0.001 -11"><span class='ocrx_word' id='word_1_130' title='bbox 326 1336 476 1377; x_wconf 83' lang='lat' dir='ltr'>precipue</span> <span class='ocrx_word' id='word_1_131' title='bbox 493 1334 658 1366; x_wconf 85' lang='lat' dir='ltr'>consuevit</span> <span class='ocrx_word' id='word_1_132' title='bbox 673 1344 842 1375; x_wconf 78' lang='lat' dir='ltr'>assurgere</span> <span class='ocrx_word' id='word_1_133' title='bbox 859 1333 950 1376; x_wconf 78' lang='lat' dir='ltr'>larga</span> <span class='ocrx_word' id='word_1_134' title='bbox 965 1344 1072 1374; x_wconf 83' lang='lat' dir='ltr'>manu,</span> <span class='ocrx_word' id='word_1_135' title='bbox 1095 1334 1150 1375; x_wconf 88' lang='lat' dir='ltr'>qui</span> <span class='ocrx_word' id='word_1_136' title='bbox 1166 1344 1224 1375; x_wconf 92' lang='lat' dir='ltr'>per</span> <span class='ocrx_word' id='word_1_137' title='bbox 1246 1344 1389 1376; x_wconf 88' lang='lat' dir='ltr'>pugnam</span> <span class='ocrx_word' id='word_1_138' title='bbox 1406 1334 1591 1366; x_wconf 85' lang='lat' dir='ltr'>continuam</span> <span class='ocrx_word' id='word_1_139' title='bbox 1613 1335 1646 1366; x_wconf 90' lang='lat' dir='ltr'>in</span> <span class='ocrx_word' id='word_1_140' title='bbox 1660 1334 1802 1368; x_wconf 80' lang='lat' dir='ltr'>rebelles</span> <span class='ocrx_word' id='word_1_141' title='bbox 1817 1346 1875 1378; x_wconf 91' lang='lat' dir='ltr'>pro</span> <span class='ocrx_word' id='word_1_142' title='bbox 1891 1335 1982 1368; x_wconf 81' lang='lat' dir='ltr'>exal·</span> <span class='ocrx_word' id='word_1_143' title='bbox 2001 1347 2027 1367; x_wconf 75' lang='lat' dir='ltr'>u</span> 
     </span>
     <span class='ocr_line' id='line_1_17' title="bbox 326 1385 1983 1427; baseline 0.001 -8"><span class='ocrx_word' id='word_1_144' title='bbox 326 1387 446 1419; x_wconf 82' lang='lat' dir='ltr'>tatione</span> <span class='ocrx_word' id='word_1_145' title='bbox 470 1396 586 1418; x_wconf 89' lang='lat' dir='ltr'>corone</span> <span class='ocrx_word' id='word_1_146' title='bbox 610 1386 813 1427; x_wconf 82' lang='lat' dir='ltr'>singulares·</span> <span class='ocrx_word' id='word_1_147' title='bbox 836 1385 1016 1427; x_wconf 83' lang='lat' dir='ltr'>triumphos</span> <span class='ocrx_word' id='word_1_148' title='bbox 1045 1388 1078 1417; x_wconf 89' lang='lat' dir='ltr'>et</span> <span class='ocrx_word' id='word_1_149' title='bbox 1100 1396 1218 1417; x_wconf 89' lang='lat' dir='ltr'>nomen</span> <span class='ocrx_word' id='word_1_150' title='bbox 1241 1385 1406 1417; x_wconf 88' lang='lat' dir='ltr'>laudabile</span> <span class='ocrx_word' id='word_1_151' title='bbox 1429 1389 1502 1418; x_wconf 86' lang='lat' dir='ltr'>sunt</span> <span class='ocrx_word' id='word_1_152' title='bbox 1523 1386 1637 1419; x_wconf 84' lang='lat' dir='ltr'>sortiti.</span> <span class='ocrx_word' id='word_1_153' title='bbox 1686 1386 1771 1419; x_wconf 81' lang='lat' dir='ltr'>Sane</span> <span class='ocrx_word' id='word_1_154' title='bbox 1794 1397 1867 1419; x_wconf 85' lang='lat' dir='ltr'>oum</span> <span class='ocrx_word' id='word_1_155' title='bbox 1890 1397 1983 1420; x_wconf 85' lang='lat' dir='ltr'>vera-</span> 
     </span>
     <span class='ocr_line' id='line_1_18' title="bbox 325 1436 1985 1480; baseline 0.001 -11"><span class='ocrx_word' id='word_1_156' title='bbox 325 1439 405 1470; x_wconf 84' lang='lat' dir='ltr'>citer</span> <span class='ocrx_word' id='word_1_157' title='bbox 427 1438 564 1469; x_wconf 84' lang='lat' dir='ltr'>sciamus</span> <span class='ocrx_word' id='word_1_158' title='bbox 586 1440 619 1469; x_wconf 88' lang='lat' dir='ltr'>te</span> <span class='ocrx_word' id='word_1_159' title='bbox 642 1437 831 1478; x_wconf 83' lang='lat' dir='ltr'>precipuum</span> <span class='ocrx_word' id='word_1_160' title='bbox 857 1437 888 1468; x_wconf 91' lang='lat' dir='ltr'>in</span> <span class='ocrx_word' id='word_1_161' title='bbox 913 1436 1059 1478; x_wconf 81' lang='lat' dir='ltr'>partibus</span> <span class='ocrx_word' id='word_1_162' title='bbox 1081 1436 1176 1469; x_wconf 83' lang='lat' dir='ltr'>Italie</span> <span class='ocrx_word' id='word_1_163' title='bbox 1200 1446 1258 1479; x_wconf 87' lang='lat' dir='ltr'>pro</span> <span class='ocrx_word' id='word_1_164' title='bbox 1282 1447 1373 1469; x_wconf 87' lang='lat' dir='ltr'>sacro</span> <span class='ocrx_word' id='word_1_165' title='bbox 1400 1437 1537 1479; x_wconf 90' lang='lat' dir='ltr'>imperio</span> <span class='ocrx_word' id='word_1_166' title='bbox 1564 1438 1708 1480; x_wconf 81' lang='lat' dir='ltr'>pugilem</span> <span class='ocrx_word' id='word_1_167' title='bbox 1736 1439 1882 1472; x_wconf 71' lang='lat' dir='ltr'>extitisse</span> <span class='ocrx_word' id='word_1_168' title='bbox 1905 1438 1985 1471; x_wconf 89' lang='lat' dir='ltr'>nulli</span> 
     </span>
     <span class='ocr_line' id='line_1_19' title="bbox 324 1487 1984 1532; baseline 0.001 -11"><span class='ocrx_word' id='word_1_169' title='bbox 324 1489 485 1532; x_wconf 85' lang='lat' dir='ltr'>parcendo</span> <span class='ocrx_word' id='word_1_170' title='bbox 509 1488 663 1530; x_wconf 83' lang='lat' dir='ltr'>periculo,</span> <span class='ocrx_word' id='word_1_171' title='bbox 688 1489 778 1520; x_wconf 89' lang='lat' dir='ltr'>oneri</span> <span class='ocrx_word' id='word_1_172' title='bbox 801 1487 853 1520; x_wconf 81' lang='lat' dir='ltr'>vel</span> <span class='ocrx_word' id='word_1_173' title='bbox 877 1487 979 1519; x_wconf 86' lang='lat' dir='ltr'>labori</span> <span class='ocrx_word' id='word_1_174' title='bbox 1003 1498 1041 1519; x_wconf 86' lang='lat' dir='ltr'>ac</span> <span class='ocrx_word' id='word_1_175' title='bbox 1064 1488 1184 1519; x_wconf 78' lang='lat' dir='ltr'>iustitia</span> <span class='ocrx_word' id='word_1_176' title='bbox 1207 1491 1262 1520; x_wconf 80' lang='lat' dir='ltr'>tua</span> <span class='ocrx_word' id='word_1_177' title='bbox 1286 1491 1319 1520; x_wconf 84' lang='lat' dir='ltr'>et</span> <span class='ocrx_word' id='word_1_178' title='bbox 1341 1488 1441 1520; x_wconf 84' lang='lat' dir='ltr'>animi</span> <span class='ocrx_word' id='word_1_179' title='bbox 1463 1488 1626 1531; x_wconf 78' lang='lat' dir='ltr'>probitate</span> <span class='ocrx_word' id='word_1_180' title='bbox 1649 1489 1750 1522; x_wconf 88' lang='lat' dir='ltr'>victos</span> <span class='ocrx_word' id='word_1_181' title='bbox 1772 1489 1814 1522; x_wconf 87' lang='lat' dir='ltr'>de</span> <span class='ocrx_word' id='word_1_182' title='bbox 1837 1489 1984 1523; x_wconf 74' lang='lat' dir='ltr'>hostibus</span> 
     </span>
     <span class='ocr_line' id='line_1_20' title="bbox 325 1539 1984 1583; baseline 0.001 -10"><span class='ocrx_word' id='word_1_183' title='bbox 325 1541 459 1573; x_wconf 89' lang='lat' dir='ltr'>devotos</span> <span class='ocrx_word' id='word_1_184' title='bbox 490 1551 548 1582; x_wconf 87' lang='lat' dir='ltr'>pro</span> <span class='ocrx_word' id='word_1_185' title='bbox 580 1540 716 1582; x_wconf 89' lang='lat' dir='ltr'>imperio</span> <span class='ocrx_word' id='word_1_186' title='bbox 747 1541 888 1572; x_wconf 87' lang='lat' dir='ltr'>tenuisse</span> <span class='ocrx_word' id='word_1_187' title='bbox 917 1550 955 1571; x_wconf 84' lang='lat' dir='ltr'>ac</span> <span class='ocrx_word' id='word_1_188' title='bbox 978 1539 1090 1571; x_wconf 86' lang='lat' dir='ltr'>devios</span> <span class='ocrx_word' id='word_1_189' title='bbox 1118 1539 1266 1571; x_wconf 89' lang='lat' dir='ltr'>infideles</span> <span class='ocrx_word' id='word_1_190' title='bbox 1296 1539 1338 1572; x_wconf 88' lang='lat' dir='ltr'>ad</span> <span class='ocrx_word' id='word_1_191' title='bbox 1364 1539 1463 1572; x_wconf 84' lang='lat' dir='ltr'>fidem</span> <span class='ocrx_word' id='word_1_192' title='bbox 1492 1541 1642 1582; x_wconf 78' lang='lat' dir='ltr'>gratiosis</span> <span class='ocrx_word' id='word_1_193' title='bbox 1674 1542 1798 1574; x_wconf 87' lang='lat' dir='ltr'>meritis</span> <span class='ocrx_word' id='word_1_194' title='bbox 1819 1542 1984 1583; x_wconf 77' lang='lat' dir='ltr'>invitasse,</span> 
     </span>
     <span class='ocr_line' id='line_1_21' title="bbox 325 1591 2028 1636; baseline 0 -12"><span class='ocrx_word' id='word_1_195' title='bbox 325 1593 469 1624; x_wconf 84' lang='lat' dir='ltr'>volentes</span> <span class='ocrx_word' id='word_1_196' title='bbox 491 1592 719 1634; x_wconf 84' lang='lat' dir='ltr'>premissorum</span> <span class='ocrx_word' id='word_1_197' title='bbox 736 1591 872 1624; x_wconf 89' lang='lat' dir='ltr'>obtentu</span> <span class='ocrx_word' id='word_1_198' title='bbox 896 1591 1054 1623; x_wconf 83' lang='lat' dir='ltr'>extollere</span> <span class='ocrx_word' id='word_1_199' title='bbox 1071 1602 1188 1623; x_wconf 87' lang='lat' dir='ltr'>nomen</span> <span class='ocrx_word' id='word_1_200' title='bbox 1212 1594 1303 1623; x_wconf 85' lang='lat' dir='ltr'>tuum</span> <span class='ocrx_word' id='word_1_201' title='bbox 1328 1595 1361 1624; x_wconf 82' lang='lat' dir='ltr'>et</span> <span class='ocrx_word' id='word_1_202' title='bbox 1385 1595 1416 1625; x_wconf 83' lang='lat' dir='ltr'>te</span> <span class='ocrx_word' id='word_1_203' title='bbox 1439 1593 1645 1636; x_wconf 86' lang='lat' dir='ltr'>prerogativa</span> <span class='ocrx_word' id='word_1_204' title='bbox 1663 1593 1791 1635; x_wconf 78' lang='lat' dir='ltr'>spetiali</span> <span class='ocrx_word' id='word_1_205' title='bbox 1813 1594 1983 1636; x_wconf 80' lang='lat' dir='ltr'>magnifiee</span> <span class='ocrx_word' id='word_1_206' title='bbox 2002 1603 2028 1624; x_wconf 73' lang='lat' dir='ltr'>so</span> 
     </span>
     <span class='ocr_line' id='line_1_22' title="bbox 325 1643 1986 1684; baseline 0.002 -9"><span class='ocrx_word' id='word_1_207' title='bbox 325 1643 492 1684; x_wconf 75' lang='lat' dir='ltr'>honorare,</span> <span class='ocrx_word' id='word_1_208' title='bbox 510 1644 696 1676; x_wconf 80' lang='lat' dir='ltr'>vicariatum</span> <span class='ocrx_word' id='word_1_209' title='bbox 713 1648 859 1675; x_wconf 79' lang='lat' dir='ltr'>civitatis</span> <span class='ocrx_word' id='word_1_210' title='bbox 882 1648 1004 1675; x_wconf 82' lang='lat' dir='ltr'>Lucane</span> <span class='ocrx_word' id='word_1_211' title='bbox 1028 1648 1144 1682; x_wconf 91' lang='lat' dir='ltr'>eiusque</span> <span class='ocrx_word' id='word_1_212' title='bbox 1167 1646 1347 1675; x_wconf 63' lang='lat' dir='ltr'>districtusb</span> <span class='ocrx_word' id='word_1_213' title='bbox 1371 1657 1420 1676; x_wconf 86' lang='lat' dir='ltr'>sex</span> <span class='ocrx_word' id='word_1_214' title='bbox 1436 1649 1623 1677; x_wconf 78' lang='lat' dir='ltr'>miliariorum</span> <span class='ocrx_word' id='word_1_215' title='bbox 1646 1651 1676 1677; x_wconf 81' lang='lat' dir='ltr'>et</span> <span class='ocrx_word' id='word_1_216' title='bbox 1691 1650 1916 1678; x_wconf 77' lang='lat' dir='ltr'>suburbanorum</span> <span class='ocrx_word' id='word_1_217' title='bbox 1939 1651 1986 1679; x_wconf 88' lang='lat' dir='ltr'>vel</span> 
     </span>
     <span class='ocr_line' id='line_1_23' title="bbox 325 1695 1985 1740; baseline 0.002 -14"><span class='ocrx_word' id='word_1_218' title='bbox 325 1699 406 1734; x_wconf 82' lang='lat' dir='ltr'>quasi</span> <span class='ocrx_word' id='word_1_219' title='bbox 427 1702 456 1727; x_wconf 79' lang='lat' dir='ltr'>et</span> <span class='ocrx_word' id='word_1_220' title='bbox 472 1700 713 1734; x_wconf 75' lang='lat' dir='ltr'>provinciarum0</span> <span class='ocrx_word' id='word_1_221' title='bbox 729 1700 853 1727; x_wconf 85' lang='lat' dir='ltr'>Vallium</span> <span class='ocrx_word' id='word_1_222' title='bbox 868 1699 985 1732; x_wconf 88' lang='lat' dir='ltr'>Nebule,</span> <span class='ocrx_word' id='word_1_223' title='bbox 1001 1699 1106 1727; x_wconf 83' lang='lat' dir='ltr'>Ariane</span> <span class='ocrx_word' id='word_1_224' title='bbox 1130 1702 1159 1727; x_wconf 80' lang='lat' dir='ltr'>et</span> <span class='ocrx_word' id='word_1_225' title='bbox 1175 1700 1262 1733; x_wconf 84' lang='lat' dir='ltr'>Lime,</span> <span class='ocrx_word' id='word_1_226' title='bbox 1286 1701 1316 1727; x_wconf 82' lang='lat' dir='ltr'>et</span> <span class='ocrx_word' id='word_1_227' title='bbox 1338 1695 1527 1728; x_wconf 66' lang='lat' dir='ltr'>terrarum‘¹</span> <span class='ocrx_word' id='word_1_228' title='bbox 1542 1701 1646 1728; x_wconf 86' lang='lat' dir='ltr'>civium</span> <span class='ocrx_word' id='word_1_229' title='bbox 1663 1701 1844 1737; x_wconf 71' lang='lat' dir='ltr'>Garfagnane</span> <span class='ocrx_word' id='word_1_230' title='bbox 1867 1696 1985 1740; x_wconf 62' lang='grc' dir='ltr'>[(311111]ο</span> 
     </span>
     <span class='ocr_line' id='line_1_24' title="bbox 325 1747 1984 1792; baseline 0.002 -14"><span class='ocrx_word' id='word_1_231' title='bbox 325 1751 408 1778; x_wconf 85' lang='lat' dir='ltr'>terris</span> <span class='ocrx_word' id='word_1_232' title='bbox 424 1760 479 1785; x_wconf 91' lang='lat' dir='ltr'>que</span> <span class='ocrx_word' id='word_1_233' title='bbox 494 1751 626 1779; x_wconf 87' lang='lat' dir='ltr'>dicuntur</span> <span class='ocrx_word' id='word_1_234' title='bbox 641 1752 820 1784; x_wconf 83' lang='lat' dir='ltr'>Blancorum,</span> <span class='ocrx_word' id='word_1_235' title='bbox 838 1748 977 1779; x_wconf 86' lang='lat' dir='ltr'>Verucola</span> <span class='ocrx_word' id='word_1_236' title='bbox 992 1752 1145 1779; x_wconf 88' lang='lat' dir='ltr'>Bossorum</span> <span class='ocrx_word' id='word_1_237' title='bbox 1170 1754 1200 1779; x_wconf 81' lang='lat' dir='ltr'>et</span> <span class='ocrx_word' id='word_1_238' title='bbox 1215 1751 1276 1779; x_wconf 88' lang='lat' dir='ltr'>eius</span> <span class='ocrx_word' id='word_1_239' title='bbox 1292 1752 1380 1785; x_wconf 84' lang='lat' dir='ltr'>curia,</span> <span class='ocrx_word' id='word_1_240' title='bbox 1405 1747 1616 1781; x_wconf 74' lang='lat' dir='ltr'>Pontremulo</span> <span class='ocrx_word' id='word_1_241' title='bbox 1639 1747 1713 1792; x_wconf 61' lang='grc' dir='ltr'>[θίῦ]Β</span> <span class='ocrx_word' id='word_1_242' title='bbox 1736 1749 1806 1781; x_wconf 74' lang='lat' dir='ltr'>eius</span> <span class='ocrx_word' id='word_1_243' title='bbox 1829 1749 1984 1790; x_wconf 65' lang='lat' dir='ltr'>(liutticffl,</span> 
     </span>
     <span class='ocr_line' id='line_1_25' title="bbox 326 1799 1985 1842; baseline 0.002 -12"><span class='ocrx_word' id='word_1_244' title='bbox 326 1803 483 1838; x_wconf 81' lang='lat' dir='ltr'>Lunigiana</span> <span class='ocrx_word' id='word_1_245' title='bbox 506 1802 537 1830; x_wconf 86' lang='lat' dir='ltr'>et</span> <span class='ocrx_word' id='word_1_246' title='bbox 566 1799 714 1831; x_wconf 91' lang='lat' dir='ltr'>omnibus</span> <span class='ocrx_word' id='word_1_247' title='bbox 737 1800 830 1831; x_wconf 87' lang='lat' dir='ltr'>terris</span> <span class='ocrx_word' id='word_1_248' title='bbox 853 1800 921 1831; x_wconf 88' lang='lat' dir='ltr'>sitis</span> <span class='ocrx_word' id='word_1_249' title='bbox 944 1799 1024 1831; x_wconf 79' lang='lat' dir='ltr'>citra</span> <span class='ocrx_word' id='word_1_250' title='bbox 1054 1802 1086 1831; x_wconf 88' lang='lat' dir='ltr'>et</span> <span class='ocrx_word' id='word_1_251' title='bbox 1109 1799 1193 1831; x_wconf 86' lang='lat' dir='ltr'>ultra</span> <span class='ocrx_word' id='word_1_252' title='bbox 1223 1810 1341 1842; x_wconf 86' lang='lat' dir='ltr'>aquam</span> <span class='ocrx_word' id='word_1_253' title='bbox 1364 1799 1478 1842; x_wconf 86' lang='lat' dir='ltr'>Magre</span> <span class='ocrx_word' id='word_1_254' title='bbox 1505 1800 1537 1832; x_wconf 88' lang='lat' dir='ltr'>in</span> <span class='ocrx_word' id='word_1_255' title='bbox 1559 1800 1701 1832; x_wconf 88' lang='lat' dir='ltr'>Lunensi</span> <span class='ocrx_word' id='word_1_256' title='bbox 1728 1800 1863 1842; x_wconf 83' lang='lat' dir='ltr'>diocesi,</span> <span class='ocrx_word' id='word_1_257' title='bbox 1891 1805 1985 1833; x_wconf 76' lang='lat' dir='ltr'>Massa</span> 
     </span>
     <span class='ocr_line' id='line_1_26' title="bbox 327 1851 2028 1895; baseline 0.002 -14"><span class='ocrx_word' id='word_1_258' title='bbox 327 1857 356 1882; x_wconf 84' lang='lat' dir='ltr'>et</span> <span class='ocrx_word' id='word_1_259' title='bbox 378 1854 521 1882; x_wconf 80' lang='lat' dir='ltr'>Versilia*</span> <span class='ocrx_word' id='word_1_260' title='bbox 544 1857 573 1882; x_wconf 83' lang='lat' dir='ltr'>et</span> <span class='ocrx_word' id='word_1_261' title='bbox 595 1855 676 1883; x_wconf 81' lang='lat' dir='ltr'>Valle</span> <span class='ocrx_word' id='word_1_262' title='bbox 699 1855 769 1882; x_wconf 85' lang='lat' dir='ltr'>Arni</span> <span class='ocrx_word' id='word_1_263' title='bbox 792 1851 984 1883; x_wconf 85' lang='lat' dir='ltr'>auctoritate</span> <span class='ocrx_word' id='word_1_264' title='bbox 1007 1851 1099 1892; x_wconf 86' lang='lat' dir='ltr'>regia</span> <span class='ocrx_word' id='word_1_265' title='bbox 1122 1854 1231 1883; x_wconf 88' lang='lat' dir='ltr'>nostro</span> <span class='ocrx_word' id='word_1_266' title='bbox 1255 1855 1289 1883; x_wconf 89' lang='lat' dir='ltr'>et</span> <span class='ocrx_word' id='word_1_267' title='bbox 1316 1851 1399 1883; x_wconf 83' lang='lat' dir='ltr'>sacri</span> <span class='ocrx_word' id='word_1_268' title='bbox 1421 1852 1549 1894; x_wconf 88' lang='lat' dir='ltr'>imperii</span> <span class='ocrx_word' id='word_1_269' title='bbox 1571 1852 1643 1884; x_wconf 85' lang='lat' dir='ltr'>vice</span> <span class='ocrx_word' id='word_1_270' title='bbox 1670 1857 1704 1884; x_wconf 88' lang='lat' dir='ltr'>et</span> <span class='ocrx_word' id='word_1_271' title='bbox 1725 1853 1854 1884; x_wconf 85' lang='lat' dir='ltr'>nomine</span> <span class='ocrx_word' id='word_1_272' title='bbox 1882 1862 1984 1895; x_wconf 88' lang='lat' dir='ltr'>usque</span> <span class='ocrx_word' id='word_1_273' title='bbox 2002 1863 2028 1883; x_wconf 71' lang='lat'>2⁵</span> 
     </span>
     <span class='ocr_line' id='line_1_27' title="bbox 326 1901 1985 1946; baseline 0.002 -13"><span class='ocrx_word' id='word_1_274' title='bbox 326 1901 368 1933; x_wconf 85' lang='lat' dir='ltr'>ad</span> <span class='ocrx_word' id='word_1_275' title='bbox 390 1905 533 1933; x_wconf 86' lang='lat' dir='ltr'>nostrum</span> <span class='ocrx_word' id='word_1_276' title='bbox 557 1902 608 1934; x_wconf 88' lang='lat' dir='ltr'>vel</span> <span class='ocrx_word' id='word_1_277' title='bbox 631 1903 804 1934; x_wconf 89' lang='lat' dir='ltr'>sucessoris</span> <span class='ocrx_word' id='word_1_278' title='bbox 827 1904 927 1934; x_wconf 88' lang='lat' dir='ltr'>nostri</span> <span class='ocrx_word' id='word_1_279' title='bbox 950 1902 1090 1936; x_wconf 87' lang='lat' dir='ltr'>Romani</span> <span class='ocrx_word' id='word_1_280' title='bbox 1122 1903 1327 1946; x_wconf 81' lang='lat' dir='ltr'>imperatoris</span> <span class='ocrx_word' id='word_1_281' title='bbox 1349 1903 1401 1935; x_wconf 89' lang='lat' dir='ltr'>vel</span> <span class='ocrx_word' id='word_1_282' title='bbox 1430 1903 1517 1945; x_wconf 82' lang='lat' dir='ltr'>regis</span> <span class='ocrx_word' id='word_1_283' title='bbox 1542 1903 1782 1946; x_wconf 78' lang='lat' dir='ltr'>beneplacitum</span> <span class='ocrx_word' id='word_1_284' title='bbox 1812 1907 1846 1936; x_wconf 87' lang='lat' dir='ltr'>et</span> <span class='ocrx_word' id='word_1_285' title='bbox 1872 1904 1985 1936; x_wconf 78' lang='lat' dir='ltr'>volun-</span> 
     </span>
     <span class='ocr_line' id='line_1_28' title="bbox 326 1953 1985 1998; baseline 0.002 -14"><span class='ocrx_word' id='word_1_286' title='bbox 326 1956 427 1985; x_wconf 86' lang='lat' dir='ltr'>tatem</span> <span class='ocrx_word' id='word_1_287' title='bbox 450 1953 507 1984; x_wconf 88' lang='lat' dir='ltr'>tibi</span> <span class='ocrx_word' id='word_1_288' title='bbox 530 1955 758 1986; x_wconf 81' lang='lat' dir='ltr'>committimus</span> <span class='ocrx_word' id='word_1_289' title='bbox 786 1958 819 1986; x_wconf 86' lang='lat' dir='ltr'>et</span> <span class='ocrx_word' id='word_1_290' title='bbox 843 1956 875 1986; x_wconf 91' lang='lat' dir='ltr'>in</span> <span class='ocrx_word' id='word_1_291' title='bbox 897 1955 975 1997; x_wconf 91' lang='lat' dir='ltr'>ipsis</span> <span class='ocrx_word' id='word_1_292' title='bbox 999 1956 1150 1996; x_wconf 86' lang='lat' dir='ltr'>civitate,</span> <span class='ocrx_word' id='word_1_293' title='bbox 1177 1956 1272 1987; x_wconf 86' lang='lat' dir='ltr'>terris</span> <span class='ocrx_word' id='word_1_294' title='bbox 1305 1958 1339 1987; x_wconf 86' lang='lat' dir='ltr'>et</span> <span class='ocrx_word' id='word_1_295' title='bbox 1361 1955 1440 1987; x_wconf 87' lang='lat' dir='ltr'>locis</span> <span class='ocrx_word' id='word_1_296' title='bbox 1463 1959 1497 1987; x_wconf 92' lang='lat' dir='ltr'>et</span> <span class='ocrx_word' id='word_1_297' title='bbox 1518 1955 1589 1988; x_wconf 86' lang='lat' dir='ltr'>aliis</span> <span class='ocrx_word' id='word_1_298' title='bbox 1612 1955 1784 1988; x_wconf 83' lang='lat' dir='ltr'>antedictis</span> <span class='ocrx_word' id='word_1_299' title='bbox 1806 1966 1865 1998; x_wconf 90' lang='lat' dir='ltr'>pro</span> <span class='ocrx_word' id='word_1_300' title='bbox 1892 1955 1985 1988; x_wconf 89' lang='lat' dir='ltr'>nobis</span> 
     </span>
     <span class='ocr_line' id='line_1_29' title="bbox 326 2005 1986 2049; baseline 0.003 -14"><span class='ocrx_word' id='word_1_301' title='bbox 326 2005 357 2035; x_wconf 88' lang='lat' dir='ltr'>in</span> <span class='ocrx_word' id='word_1_302' title='bbox 380 2005 449 2047; x_wconf 81' lang='lat' dir='ltr'>ipso</span> <span class='ocrx_word' id='word_1_303' title='bbox 473 2016 563 2037; x_wconf 83' lang='lat' dir='ltr'>sacro</span> <span class='ocrx_word' id='word_1_304' title='bbox 586 2006 721 2048; x_wconf 91' lang='lat' dir='ltr'>imperio</span> <span class='ocrx_word' id='word_1_305' title='bbox 744 2011 775 2038; x_wconf 85' lang='lat' dir='ltr'>te</span> <span class='ocrx_word' id='word_1_306' title='bbox 796 2007 951 2038; x_wconf 79' lang='lat' dir='ltr'>vicarium</span> <span class='ocrx_word' id='word_1_307' title='bbox 975 2008 1197 2040; x_wconf 88' lang='lat' dir='ltr'>constituimus</span> <span class='ocrx_word' id='word_1_308' title='bbox 1221 2010 1255 2039; x_wconf 92' lang='lat' dir='ltr'>et</span> <span class='ocrx_word' id='word_1_309' title='bbox 1277 2007 1413 2039; x_wconf 79' lang='lat' dir='ltr'>facimus</span> <span class='ocrx_word' id='word_1_310' title='bbox 1435 2007 1634 2049; x_wconf 81' lang='lat' dir='ltr'>generalem.</span> <span class='ocrx_word' id='word_1_311' title='bbox 1679 2007 1905 2040; x_wconf 83' lang='lat' dir='ltr'>Conoedentes</span> <span class='ocrx_word' id='word_1_312' title='bbox 1926 2007 1986 2040; x_wconf 90' lang='lat' dir='ltr'>tibi</span> 
     </span>
     <span class='ocr_line' id='line_1_30' title="bbox 327 2056 1986 2101; baseline 0.003 -14"><span class='ocrx_word' id='word_1_313' title='bbox 327 2056 503 2097; x_wconf 85' lang='lat' dir='ltr'>plenariam</span> <span class='ocrx_word' id='word_1_314' title='bbox 525 2057 757 2089; x_wconf 85' lang='lat' dir='ltr'>iurisditionem</span> <span class='ocrx_word' id='word_1_315' title='bbox 781 2059 813 2089; x_wconf 92' lang='lat' dir='ltr'>in</span> <span class='ocrx_word' id='word_1_316' title='bbox 837 2058 986 2090; x_wconf 88' lang='lat' dir='ltr'>omnibus</span> <span class='ocrx_word' id='word_1_317' title='bbox 1010 2059 1166 2101; x_wconf 87' lang='lat' dir='ltr'>predictis</span> <span class='ocrx_word' id='word_1_318' title='bbox 1189 2059 1332 2099; x_wconf 85' lang='lat' dir='ltr'>civitate,</span> <span class='ocrx_word' id='word_1_319' title='bbox 1355 2059 1450 2093; x_wconf 78' lang='lat' dir='ltr'>terris</span> <span class='ocrx_word' id='word_1_320' title='bbox 1473 2062 1507 2090; x_wconf 86' lang='lat' dir='ltr'>et</span> <span class='ocrx_word' id='word_1_321' title='bbox 1528 2058 1618 2100; x_wconf 89' lang='lat' dir='ltr'>locis,</span> <span class='ocrx_word' id='word_1_322' title='bbox 1641 2061 1676 2090; x_wconf 88' lang='lat' dir='ltr'>ut</span> <span class='ocrx_word' id='word_1_323' title='bbox 1697 2059 1801 2100; x_wconf 90' lang='lat' dir='ltr'>possis</span> <span class='ocrx_word' id='word_1_324' title='bbox 1823 2059 1986 2101; x_wconf 82' lang='lat' dir='ltr'>inquirere</span> 
     </span>
     <span class='ocr_line' id='line_1_31' title="bbox 328 2108 2030 2153; baseline 0.002 -15"><span class='ocrx_word' id='word_1_325' title='bbox 328 2111 360 2138; x_wconf 84' lang='lat' dir='ltr'>et</span> <span class='ocrx_word' id='word_1_326' title='bbox 383 2108 494 2148; x_wconf 88' lang='lat' dir='ltr'>punire</span> <span class='ocrx_word' id='word_1_327' title='bbox 519 2112 551 2140; x_wconf 91' lang='lat' dir='ltr'>et</span> <span class='ocrx_word' id='word_1_328' title='bbox 574 2109 807 2141; x_wconf 89' lang='lat' dir='ltr'>iurisditionem</span> <span class='ocrx_word' id='word_1_329' title='bbox 832 2111 996 2152; x_wconf 80' lang='lat' dir='ltr'>sanguinis</span> <span class='ocrx_word' id='word_1_330' title='bbox 1024 2122 1096 2143; x_wconf 87' lang='lat' dir='ltr'>cum</span> <span class='ocrx_word' id='word_1_331' title='bbox 1119 2121 1209 2143; x_wconf 89' lang='lat' dir='ltr'>mero</span> <span class='ocrx_word' id='word_1_332' title='bbox 1234 2115 1267 2143; x_wconf 86' lang='lat' dir='ltr'>et</span> <span class='ocrx_word' id='word_1_333' title='bbox 1289 2112 1392 2143; x_wconf 85' lang='lat' dir='ltr'>mixto</span> <span class='ocrx_word' id='word_1_334' title='bbox 1415 2111 1552 2153; x_wconf 87' lang='lat' dir='ltr'>imperio</span> <span class='ocrx_word' id='word_1_335' title='bbox 1577 2120 1731 2143; x_wconf 84' lang='lat' dir='ltr'>exercere</span> <span class='ocrx_word' id='word_1_336' title='bbox 1753 2110 1785 2142; x_wconf 90' lang='lat' dir='ltr'>in</span> <span class='ocrx_word' id='word_1_337' title='bbox 1809 2121 1930 2152; x_wconf 81' lang='lat' dir='ltr'>genere</span> <span class='ocrx_word' id='word_1_338' title='bbox 1953 2114 1987 2143; x_wconf 86' lang='lat' dir='ltr'>et</span> <span class='ocrx_word' id='word_1_339' title='bbox 2005 2120 2030 2140; x_wconf 66' lang='grc' dir='ltr'>πο</span> 
     </span>
     <span class='ocr_line' id='line_1_32' title="bbox 328 2159 1987 2204; baseline 0.003 -15"><span class='ocrx_word' id='word_1_340' title='bbox 328 2159 360 2189; x_wconf 90' lang='lat' dir='ltr'>in</span> <span class='ocrx_word' id='word_1_341' title='bbox 383 2160 491 2200; x_wconf 90' lang='lat' dir='ltr'>specie</span> <span class='ocrx_word' id='word_1_342' title='bbox 507 2170 565 2201; x_wconf 88' lang='lat' dir='ltr'>per</span> <span class='ocrx_word' id='word_1_343' title='bbox 581 2163 612 2192; x_wconf 88' lang='lat' dir='ltr'>te</span> <span class='ocrx_word' id='word_1_344' title='bbox 629 2161 679 2192; x_wconf 85' lang='lat' dir='ltr'>vel</span> <span class='ocrx_word' id='word_1_345' title='bbox 703 2162 801 2193; x_wconf 85' lang='lat' dir='ltr'>alium</span> <span class='ocrx_word' id='word_1_346' title='bbox 824 2165 881 2193; x_wconf 82' lang='lat' dir='ltr'>aut</span> <span class='ocrx_word' id='word_1_347' title='bbox 897 2162 988 2204; x_wconf 84' lang='lat' dir='ltr'>alios,</span> <span class='ocrx_word' id='word_1_348' title='bbox 1013 2163 1063 2194; x_wconf 89' lang='lat' dir='ltr'>cui</span> <span class='ocrx_word' id='word_1_349' title='bbox 1086 2163 1139 2194; x_wconf 86' lang='lat' dir='ltr'>vel</span> <span class='ocrx_word' id='word_1_350' title='bbox 1163 2162 1279 2204; x_wconf 89' lang='lat' dir='ltr'>quibus</span> <span class='ocrx_word' id='word_1_351' title='bbox 1301 2163 1405 2204; x_wconf 87' lang='lat' dir='ltr'>ipsam</span> <span class='ocrx_word' id='word_1_352' title='bbox 1428 2161 1662 2194; x_wconf 77' lang='lat' dir='ltr'>iurisditionem</span> <span class='ocrx_word' id='word_1_353' title='bbox 1677 2162 1876 2194; x_wconf 87' lang='lat' dir='ltr'>commiseris</span> <span class='ocrx_word' id='word_1_354' title='bbox 1892 2172 1987 2194; x_wconf 84' lang='lat' dir='ltr'>exer-</span> 
     </span>
     <span class='ocr_line' id='line_1_33' title="bbox 329 2210 1985 2257; baseline 0.004 -17"><span class='ocrx_word' id='word_1_355' title='bbox 329 2210 474 2242; x_wconf 87' lang='lat' dir='ltr'>cendam.</span> <span class='ocrx_word' id='word_1_356' title='bbox 518 2211 663 2253; x_wconf 88' lang='lat' dir='ltr'>Recepto</span> <span class='ocrx_word' id='word_1_357' title='bbox 687 2213 833 2254; x_wconf 78' lang='lat' dir='ltr'>primitus</span> <span class='ocrx_word' id='word_1_358' title='bbox 856 2225 875 2246; x_wconf 91' lang='lat' dir='ltr'>a</span> <span class='ocrx_word' id='word_1_359' title='bbox 899 2218 931 2247; x_wconf 88' lang='lat' dir='ltr'>te</span> <span class='ocrx_word' id='word_1_360' title='bbox 954 2216 1155 2255; x_wconf 84' lang='lat' dir='ltr'>iuramento‚·</span> <span class='ocrx_word' id='word_1_361' title='bbox 1171 2215 1257 2257; x_wconf 91' lang='lat' dir='ltr'>quod</span> <span class='ocrx_word' id='word_1_362' title='bbox 1280 2216 1384 2257; x_wconf 86' lang='lat' dir='ltr'>ipsam</span> <span class='ocrx_word' id='word_1_363' title='bbox 1410 2214 1644 2246; x_wconf 88' lang='lat' dir='ltr'>iurisditionem</span> <span class='ocrx_word' id='word_1_364' title='bbox 1667 2213 1808 2246; x_wconf 83' lang='lat' dir='ltr'>fideliter</span> <span class='ocrx_word' id='word_1_365' title='bbox 1830 2224 1985 2246; x_wconf 84' lang='lat' dir='ltr'>exerceas</span> 
     </span>
     <span class='ocr_line' id='line_1_34' title="bbox 329 2260 1986 2308; baseline 0.006 -18"><span class='ocrx_word' id='word_1_366' title='bbox 329 2260 406 2291; x_wconf 91' lang='lat' dir='ltr'>nulli</span> <span class='ocrx_word' id='word_1_367' title='bbox 434 2262 595 2302; x_wconf 89' lang='lat' dir='ltr'>parcendo</span> <span class='ocrx_word' id='word_1_368' title='bbox 630 2264 681 2295; x_wconf 92' lang='lat' dir='ltr'>vel</span> <span class='ocrx_word' id='word_1_369' title='bbox 712 2268 822 2296; x_wconf 81' lang='lat' dir='ltr'>contra</span> <span class='ocrx_word' id='word_1_370' title='bbox 854 2266 1009 2298; x_wconf 82' lang='lat' dir='ltr'>iustitiam</span> <span class='ocrx_word' id='word_1_371' title='bbox 1042 2266 1253 2308; x_wconf 86' lang='lat' dir='ltr'>offendendo,</span> <span class='ocrx_word' id='word_1_372' title='bbox 1288 2266 1345 2298; x_wconf 85' lang='lat' dir='ltr'>sed</span> <span class='ocrx_word' id='word_1_373' title='bbox 1377 2267 1426 2299; x_wconf 91' lang='lat' dir='ltr'>ius</span> <span class='ocrx_word' id='word_1_374' title='bbox 1455 2276 1548 2298; x_wconf 88' lang='lat' dir='ltr'>suum</span> <span class='ocrx_word' id='word_1_375' title='bbox 1577 2265 1750 2307; x_wconf 87' lang='lat' dir='ltr'>unicuique</span> <span class='ocrx_word' id='word_1_376' title='bbox 1782 2265 1954 2298; x_wconf 88' lang='lat' dir='ltr'>tribuendo</span> <span class='ocrx_word' id='word_1_377' title='bbox 1963 2266 1986 2300; x_wconf 86' lang='lat'>¹.</span> 
     </span>
     <span class='ocr_line' id='line_1_35' title="bbox 329 2311 1986 2360; baseline 0.005 -18"><span class='ocrx_word' id='word_1_378' title='bbox 329 2311 484 2343; x_wconf 88' lang='lat' dir='ltr'>Volentes</span> <span class='ocrx_word' id='word_1_379' title='bbox 506 2323 564 2354; x_wconf 89' lang='lat' dir='ltr'>per</span> <span class='ocrx_word' id='word_1_380' title='bbox 586 2314 667 2346; x_wconf 88' lang='lat' dir='ltr'>hanc</span> <span class='ocrx_word' id='word_1_381' title='bbox 691 2318 931 2350; x_wconf 87' lang='lat' dir='ltr'>concessionem</span> <span class='ocrx_word' id='word_1_382' title='bbox 948 2322 1091 2350; x_wconf 87' lang='lat' dir='ltr'>nostram</span> <span class='ocrx_word' id='word_1_383' title='bbox 1114 2319 1145 2350; x_wconf 92' lang='lat' dir='ltr'>in</span> <span class='ocrx_word' id='word_1_384' title='bbox 1168 2319 1332 2360; x_wconf 87' lang='lat' dir='ltr'>premissis</span> <span class='ocrx_word' id='word_1_385' title='bbox 1348 2318 1456 2350; x_wconf 88' lang='lat' dir='ltr'>omnia</span> <span class='ocrx_word' id='word_1_386' title='bbox 1471 2320 1504 2350; x_wconf 86' lang='lat' dir='ltr'>et</span> <span class='ocrx_word' id='word_1_387' title='bbox 1519 2317 1645 2360; x_wconf 81' lang='lat' dir='ltr'>singula</span> <span class='ocrx_word' id='word_1_388' title='bbox 1661 2316 1719 2348; x_wconf 82' lang='lat' dir='ltr'>tibi</span> <span class='ocrx_word' id='word_1_389' title='bbox 1736 2326 1807 2349; x_wconf 89' lang='lat' dir='ltr'>esse</span> <span class='ocrx_word' id='word_1_390' title='bbox 1824 2327 1986 2358; x_wconf 82' lang='lat' dir='ltr'>concessa,</span> 
     </span>
     <span class='ocr_line' id='line_1_36' title="bbox 331 2365 2029 2412; baseline 0.005 -19"><span class='ocrx_word' id='word_1_391' title='bbox 331 2373 466 2404; x_wconf 90' lang='lat' dir='ltr'>quorum</span> <span class='ocrx_word' id='word_1_392' title='bbox 489 2365 655 2405; x_wconf 84' lang='lat' dir='ltr'>spetialem</span> <span class='ocrx_word' id='word_1_393' title='bbox 683 2369 944 2402; x_wconf 88' lang='lat' dir='ltr'>commissionem</span> <span class='ocrx_word' id='word_1_394' title='bbox 973 2371 1044 2402; x_wconf 85' lang='lat' dir='ltr'>fieri</span> <span class='ocrx_word' id='word_1_395' title='bbox 1074 2373 1264 2412; x_wconf 85' lang='lat' dir='ltr'>opporteret</span> <span class='ocrx_word' id='word_1_396' title='bbox 1292 2373 1326 2402; x_wconf 80' lang='lat' dir='ltr'>et</span> <span class='ocrx_word' id='word_1_397' title='bbox 1353 2379 1416 2412; x_wconf 90' lang='lat' dir='ltr'>que</span> <span class='ocrx_word' id='word_1_398' title='bbox 1445 2369 1477 2400; x_wconf 92' lang='lat' dir='ltr'>in</span> <span class='ocrx_word' id='word_1_399' title='bbox 1498 2368 1644 2411; x_wconf 82' lang='lat' dir='ltr'>generali</span> <span class='ocrx_word' id='word_1_400' title='bbox 1673 2369 1900 2401; x_wconf 88' lang='lat' dir='ltr'>commissione</span> <span class='ocrx_word' id='word_1_401' title='bbox 1921 2379 1986 2401; x_wconf 89' lang='lat' dir='ltr'>non</span> <span class='ocrx_word' id='word_1_402' title='bbox 2004 2380 2029 2400; x_wconf 74' lang='lat'>³⁵</span> 
     </span>
     <span class='ocr_line' id='line_1_37' title="bbox 330 2414 1987 2464; baseline 0.005 -20"><span class='ocrx_word' id='word_1_403' title='bbox 330 2414 583 2457; x_wconf 86' lang='lat' dir='ltr'>intelligerentur</span> <span class='ocrx_word' id='word_1_404' title='bbox 605 2419 784 2461; x_wconf 80' lang='lat' dir='ltr'>commissa,</span> <span class='ocrx_word' id='word_1_405' title='bbox 808 2421 866 2452; x_wconf 86' lang='lat' dir='ltr'>nisi</span> <span class='ocrx_word' id='word_1_406' title='bbox 884 2421 926 2453; x_wconf 89' lang='lat' dir='ltr'>de</span> <span class='ocrx_word' id='word_1_407' title='bbox 944 2422 1022 2464; x_wconf 87' lang='lat' dir='ltr'>ipsis</span> <span class='ocrx_word' id='word_1_408' title='bbox 1040 2422 1134 2454; x_wconf 81' lang='lat' dir='ltr'>fieret</span> <span class='ocrx_word' id='word_1_409' title='bbox 1148 2423 1269 2454; x_wconf 82' lang='lat' dir='ltr'>mentio</span> <span class='ocrx_word' id='word_1_410' title='bbox 1284 2421 1438 2464; x_wconf 88' lang='lat' dir='ltr'>spetialis.</span> <span class='ocrx_word' id='word_1_411' title='bbox 1525 2421 1562 2452; x_wconf 95' lang='lat' dir='ltr'>In</span> <span class='ocrx_word' id='word_1_412' title='bbox 1586 2421 1675 2452; x_wconf 90' lang='lat' dir='ltr'>cuius</span> <span class='ocrx_word' id='word_1_413' title='bbox 1698 2421 1746 2453; x_wconf 90' lang='lat' dir='ltr'>rei</span> <span class='ocrx_word' id='word_1_414' title='bbox 1769 2421 1987 2453; x_wconf 85' lang='lat' dir='ltr'>testimonium</span> 
     </span>
     <span class='ocr_line' id='line_1_38' title="bbox 330 2467 1744 2516; baseline 0.006 -20"><span class='ocrx_word' id='word_1_415' title='bbox 330 2469 496 2507; x_wconf 87' lang='lat' dir='ltr'>presentes</span> <span class='ocrx_word' id='word_1_416' title='bbox 519 2467 575 2499; x_wconf 83' lang='lat' dir='ltr'>tibi</span> <span class='ocrx_word' id='word_1_417' title='bbox 600 2468 764 2510; x_wconf 86' lang='lat' dir='ltr'>dirigimus</span> <span class='ocrx_word' id='word_1_418' title='bbox 787 2470 862 2514; x_wconf 75' lang='lat' dir='ltr'>[et]e</span> <span class='ocrx_word' id='word_1_419' title='bbox 886 2473 1057 2506; x_wconf 71' lang='lat' dir='ltr'>tradimus‘</span> <span class='ocrx_word' id='word_1_420' title='bbox 1078 2475 1276 2516; x_wconf 85' lang='lat' dir='ltr'>appensione</span> <span class='ocrx_word' id='word_1_421' title='bbox 1300 2473 1397 2516; x_wconf 89' lang='lat' dir='ltr'>sigilli</span> <span class='ocrx_word' id='word_1_422' title='bbox 1418 2473 1499 2515; x_wconf 88' lang='lat' dir='ltr'>regii</span> <span class='ocrx_word' id='word_1_423' title='bbox 1522 2473 1744 2504; x_wconf 82' lang='lat' dir='ltr'>communitas.</span> 
     </span>
    </p>

    <p class='ocr_par' dir='ltr' id='par_1_10' title="bbox 332 2525 1987 2621">
     <span class='ocr_line' id='line_1_39' title="bbox 438 2525 1987 2576; baseline 0.006 -20"><span class='ocrx_word' id='word_1_424' title='bbox 438 2525 557 2558; x_wconf 83' lang='lat' dir='ltr'>Datum</span> <span class='ocrx_word' id='word_1_425' title='bbox 587 2528 619 2558; x_wconf 90' lang='lat' dir='ltr'>in</span> <span class='ocrx_word' id='word_1_426' title='bbox 651 2530 751 2570; x_wconf 81' lang='lat' dir='ltr'>regali</span> <span class='ocrx_word' id='word_1_427' title='bbox 781 2533 900 2574; x_wconf 89' lang='lat' dir='ltr'>oppido</span> <span class='ocrx_word' id='word_1_428' title='bbox 928 2537 1036 2566; x_wconf 89' lang='lat' dir='ltr'>nostro</span> <span class='ocrx_word' id='word_1_429' title='bbox 1063 2534 1271 2576; x_wconf 79' lang='lat' dir='ltr'>Franchfort,</span> <span class='ocrx_word' id='word_1_430' title='bbox 1305 2532 1420 2576; x_wconf 82' lang='lat' dir='ltr'>quarto</span> <span class='ocrx_word' id='word_1_431' title='bbox 1448 2532 1587 2565; x_wconf 83' lang='lat' dir='ltr'>Kalend.</span> <span class='ocrx_word' id='word_1_432' title='bbox 1612 2533 1711 2574; x_wconf 85' lang='lat' dir='ltr'>Iunii,</span> <span class='ocrx_word' id='word_1_433' title='bbox 1742 2543 1826 2566; x_wconf 85' lang='lat' dir='ltr'>anno</span> <span class='ocrx_word' id='word_1_434' title='bbox 1854 2533 1987 2566; x_wconf 89' lang='lat' dir='ltr'>Domini</span> 
     </span>
     <span class='ocr_line' id='line_1_40' title="bbox 332 2574 1102 2621; baseline 0.016 -15"><span class='ocrx_word' id='word_1_435' title='bbox 332 2574 595 2619; x_wconf 82' lang='lat' dir='ltr'>MCCCXXIIII,</span> <span class='ocrx_word' id='word_1_436' title='bbox 620 2581 710 2621; x_wconf 87' lang='lat' dir='ltr'>regni</span> <span class='ocrx_word' id='word_1_437' title='bbox 733 2592 808 2614; x_wconf 90' lang='lat' dir='ltr'>vero</span> <span class='ocrx_word' id='word_1_438' title='bbox 832 2585 931 2616; x_wconf 88' lang='lat' dir='ltr'>nostri</span> <span class='ocrx_word' id='word_1_439' title='bbox 955 2596 1038 2617; x_wconf 84' lang='lat' dir='ltr'>anno</span> <span class='ocrx_word' id='word_1_440' title='bbox 1062 2586 1102 2618; x_wconf 93' lang='lat' dir='ltr'>X.</span> 
     </span>
    </p>
   </div>
   <div class='ocr_carea' id='block_1_10' title="bbox 434 2702 2031 2806">
    <p class='ocr_par' dir='ltr' id='par_1_11' title="bbox 434 2702 2031 2806">
     <span class='ocr_line' id='line_1_41' title="bbox 434 2702 2031 2748; baseline 0.006 -19"><span class='ocrx_word' id='word_1_441' title='bbox 434 2702 500 2730; x_wconf 74' lang='lat'>925.</span> <span class='ocrx_word' id='word_1_442' title='bbox 525 2706 549 2738; x_wconf 71' lang='lat'>¹³·)</span> <span class='ocrx_word' id='word_1_443' title='bbox 562 2707 677 2739; x_wconf 82' lang='lat' dir='ltr'>singulos</span> <span class='ocrx_word' id='word_1_444' title='bbox 689 2717 709 2735; x_wconf 86' lang='lat' dir='ltr'>c.</span> <span class='ocrx_word' id='word_1_445' title='bbox 779 2709 804 2741; x_wconf 81' lang='lat' dir='ltr'>b)</span> <span class='ocrx_word' id='word_1_446' title='bbox 821 2711 964 2739; x_wconf 77' lang='lat' dir='ltr'>districtum</span> <span class='ocrx_word' id='word_1_447' title='bbox 975 2723 995 2740; x_wconf 76' lang='lat' dir='ltr'>c.</span> <span class='ocrx_word' id='word_1_448' title='bbox 1066 2716 1089 2747; x_wconf 89' lang='lat' dir='ltr'>c)</span> <span class='ocrx_word' id='word_1_449' title='bbox 1102 2715 1234 2748; x_wconf 73' lang='lat' dir='ltr'>provintifi</span> <span class='ocrx_word' id='word_1_450' title='bbox 1244 2723 1265 2741; x_wconf 82' lang='lat' dir='ltr'>c.</span> <span class='ocrx_word' id='word_1_451' title='bbox 1336 2712 1361 2745; x_wconf 82' lang='lat' dir='ltr'>d)</span> <span class='ocrx_word' id='word_1_452' title='bbox 1375 2714 1455 2740; x_wconf 71' lang='lat' dir='ltr'>terriu</span> <span class='ocrx_word' id='word_1_453' title='bbox 1466 2722 1486 2740; x_wconf 85' lang='lat' dir='ltr'>c.</span> <span class='ocrx_word' id='word_1_454' title='bbox 1553 2713 1576 2745; x_wconf 77' lang='grc' dir='ltr'>ο)</span> <span class='ocrx_word' id='word_1_455' title='bbox 1590 2714 1683 2740; x_wconf 74' lang='lat' dir='ltr'>excidit</span> <span class='ocrx_word' id='word_1_456' title='bbox 1692 2722 1714 2740; x_wconf 84' lang='lat' dir='ltr'>c.</span> <span class='ocrx_word' id='word_1_457' title='bbox 1779 2712 1798 2745; x_wconf 79' lang='lat' dir='ltr'>f)</span> <span class='ocrx_word' id='word_1_458' title='bbox 1811 2713 1952 2739; x_wconf 80' lang='lat' dir='ltr'>traddimus</span> <span class='ocrx_word' id='word_1_459' title='bbox 1964 2720 1986 2739; x_wconf 79' lang='lat' dir='ltr'>c.</span> <span class='ocrx_word' id='word_1_460' title='bbox 2004 2721 2031 2742; x_wconf 70' lang='grc' dir='ltr'>ιο</span> 
     </span>
     <span class='ocr_line' id='line_1_42' title="bbox 435 2770 731 2806; baseline 0.01 -9"><span class='ocrx_word' id='word_1_461' title='bbox 435 2771 461 2803; x_wconf 92' lang='grc'>1)</span> <span class='ocrx_word' id='word_1_462' title='bbox 482 2770 523 2803; x_wconf 79' lang='lat' dir='ltr'>Of.</span> <span class='ocrx_word' id='word_1_463' title='bbox 542 2771 606 2806; x_wconf 70' lang='lat' dir='ltr'>Diq.</span> <span class='ocrx_word' id='word_1_464' title='bbox 620 2777 641 2804; x_wconf 84' lang='lat'>1,</span> <span class='ocrx_word' id='word_1_465' title='bbox 654 2777 677 2806; x_wconf 86' lang='lat'>1,</span> <span class='ocrx_word' id='word_1_466' title='bbox 691 2777 731 2800; x_wconf 83' lang='lat'>10.</span> 
     </span>
    </p>
   </div>
  </div>
 </body>
</html>
