2158 3138
382 181 479 210 Ac'rA
499 172 614 210 unam
632 181 815 210 Lunnwm
834 182 882 211 Ν.
902 182 947 210 ΕΤ
967 182 1152 211 samnium
1173 184 1222 212 111.
1260 185 1335 212 1314.
1371 185 1422 212 Νι.
1439 186 1495 214 114.
1517 187 1573 214 115.
1593 189 1651 215 116,
1785 194 1839 223 ιιι

295 268 486 311 Compar-uit
513 278 622 301 coram
650 268 742 301 uobis
770 268 902 301 illustris
929 270 1079 312 princeps
1106 270 1290 303 Fridericus
1319 271 1385 303 dux
1409 273 1540 305 Austrie
1570 275 1601 305 in
1623 274 1842 307 Romanorum

183 330 298 363 regem
323 320 404 352 alias
427 330 528 362 regno
551 330 608 352 seu
630 320 768 362 imperio
791 320 941 353 Romano
964 332 1024 364 per
1046 326 1181 354 mortem
1207 322 1280 355 dive
1304 324 1541 357 recordacionis
1565 325 1686 358 domini
1710 326 1841 359 chrici

186 371 350 414 quondam
372 371 512 404 Romani
534 372 740 414 imperatoris
763 376 898 404 vacante
915 373 1048 413 electus,
1072 374 1256 416 supplicans
1279 379 1314 406 ut
1337 375 1530 408 electionem
1547 377 1587 408 de
1605 378 1674 419 ipso
1691 379 1843 409 canonico.

185 422 393 463 celebratam,
420 426 458 455 ut
479 424 604 463 asserit,
628 423 846 465 dignaremur,
870 428 965 466 prout
988 425 1085 457 officii
1108 427 1208 458 nostri
1232 425 1378 458 debitum
1395 438 1436 459 ex
1453 429 1585 470 antiqua
1609 433 1641 459 et
1664 429 1844 471 approbata

153 480 166 500 ⁶
183 485 222 507 ac
259 474 415 507 laudabili
450 474 682 507 consuetudine
716 485 735 507 a
770 478 933 517 tempore,
967 477 1056 508 cuius
1084 478 1242 509 memoria
1270 488 1334 510 non
1362 479 1487 519 existit,
1511 479 1645 522 pacifice
1673 480 1844 512 observata

183 526 328 568 requirit,
353 528 534 568 acceptare,
560 526 665 567 ipsum
689 525 722 557 in
738 525 922 558 Romanum
947 536 1059 568 regem
1082 528 1233 570 ungendo
1257 534 1290 561 et
1305 530 1498 562 coronando.
1537 532 1660 563 Verum
1677 533 1844 574 cupientes

183 577 230 609 sio
253 577 350 609 officii
377 578 478 609 nostri
501 577 646 609 debitum
670 578 702 609 in
725 577 785 609 hac
810 581 903 619 parte
927 578 988 610 sibi
1011 579 1209 621 impendere,
1234 591 1273 613 nc
1297 582 1429 614 alterius
1452 583 1501 614 ius
1524 583 1680 624 ledamus,
1705 583 1762 615 tibi
1786 583 1844 615 sub

184 639 270 672 pena
301 629 642 661 excommunicationis
665 630 823 661 sententie
848 629 912 662 late
936 631 1090 662 canonica
1105 633 1281 664 monitione
1298 634 1454 674 premissa
1470 634 1671 675 mandamus,
1686 638 1845 677 quatenus

185 681 344 713 illustrem
378 681 558 725 principem
591 681 802 713 Ludowicum
835 681 950 714 ducem
984 681 1151 723 Bawarie,
1186 685 1241 726 qui
1275 685 1305 716 in
1343 684 1404 717 hoc
1440 696 1515 717 casu
1545 686 1689 718 eiusdem
1723 687 1845 720 domini

141 739 168 759 ω
185 731 342 765 Fridorici
366 732 482 765 dicitur
505 732 677 774 conlectus,
701 733 846 775 aliosque
871 743 1091 776 quoscumque
1115 735 1139 766 81
1165 736 1219 777 qui
1242 736 1376 776 fuerint,
1401 737 1455 778 qui
1478 748 1512 769 se
1536 738 1595 779 ipsi
1620 737 1787 770 Friderico
1812 745 1846 771 et

185 783 337 815 electioni
365 783 405 816 de
437 784 508 826 ipso
538 783 700 816 celebrate
728 794 894 826 opponere
918 785 1078 816 voluerint
1105 789 1138 817 et
1164 797 1222 818 sua
1251 787 1446 820 crediderint
1469 790 1638 830 interesse,
1666 791 1746 822 cites
1770 801 1842 832 per-

184 835 353 877 emptorie,
377 835 402 867 si
437 835 652 877 personaliter
674 836 780 878 ipsum
804 839 837 868 et
861 836 942 867 alios
964 836 1127 878 predictos
1151 838 1241 870 adire
1269 850 1380 871 secure
1404 842 1539 882 poteris,
1562 842 1642 873 alias
1664 843 1690 873 si
1714 847 1846 884 propter

183 886 363 928 potentiam
385 893 442 918 aut
463 886 625 919 maliciam
656 888 726 919 eius
748 897 806 919 seu
829 888 990 919 fautorum
1015 888 1159 920 eiusdem
1183 889 1350 922 Ludowici
1366 892 1398 923 in
1415 902 1526 924 eorum
1544 894 1710 934 presencia
1727 895 1844 936 exequi

181 947 249 970 non
270 939 403 980 poteris,
426 939 506 971 cites
529 938 663 970 eosdem
685 940 905 981 peremptorie
928 939 959 970 in
977 939 1057 971 locis
1079 941 1285 973 vicinioribus
1307 943 1394 984 ipsis,
1418 943 1534 985 quibus
1557 955 1690 986 presens
1709 945 1843 977 manda-

140 997 166 1017 ιῡ
185 991 254 1021 tum
289 990 408 1032 exequi
442 991 683 1022 convenientius
716 1000 829 1022 secure
863 992 1000 1033 poteris,
1037 995 1072 1023 ut
1100 993 1131 1023 in
1159 994 1298 1025 crastino
1329 994 1425 1026 beate
1449 995 1571 1027 Cecilie
1601 997 1732 1037 virginis
1759 1007 1841 1029 nunc
1856 1007 1955 1030 Nona.

184 1043 319 1072 venturo
344 1040 478 1073 Colonie
508 1051 616 1073 coram
645 1042 738 1074 nobis
769 1046 978 1084 conpareant,
1013 1043 1136 1075 docturi
1162 1044 1202 1076 de
1226 1046 1294 1077 iure
1318 1057 1375 1078 suo
1400 1050 1433 1078 et
1455 1048 1650 1088 proposituri
1678 1049 1785 1080 omnia
1812 1053 1845 1080 et

183 1092 319 1134 singula,
348 1103 448 1135 quare
473 1092 559 1125 dicta
584 1094 692 1125 unctio
714 1096 747 1125 et
763 1095 928 1126 coronatio
945 1095 1006 1136 ipsi
1023 1094 1152 1127 domino
1168 1095 1333 1129 Friderico
1349 1108 1412 1129 non
1429 1099 1470 1129 sit
1484 1099 1600 1130 merito
1615 1099 1843 1140 impendenda,

184 1153 256 1175 eum
286 1144 487 1177 intimatione
517 1144 627 1176 debita
652 1148 685 1176 et
707 1149 870 1178 consueta.
916 1145 1073 1178 Reddens
1108 1147 1232 1179 litteras
1255 1149 1412 1190 sigillatas
1440 1152 1472 1181 in
1495 1151 1621 1192 signum
1645 1152 1845 1183 executionis

181 1194 280 1227 facte.

139 1255 167 1276 so
292 1245 414 1278 Datum
437 1246 563 1288 Bunne,
586 1248 618 1280 in
642 1249 781 1280 crastino
805 1247 955 1280 Omnium
979 1253 1174 1291 sanctorum,
1199 1261 1282 1283 anno
1306 1251 1437 1284 Domini
1460 1252 1690 1285 MCCCXIIII.

352 1379 435 1416 115.
480 1379 694 1415 Mandatum
723 1379 905 1416 Gerhardo
933 1382 975 1417 de
1002 1381 1208 1418 Landscron
1235 1383 1410 1419 directum.
1516 1384 1602 1420 Noe).
1621 1387 1676 1421 11.

298 1451 518 1485 Summanum
540 1455 665 1485 tantum
694 1454 731 1486 in
752 1454 937 1486 Inventario
960 1455 1080 1494 ‘Stisels
1102 1457 1134 1488 A
1169 1457 1206 1488 de
1227 1467 1313 1489 anno
1336 1458 1429 1488 1600'
1452 1458 1505 1497 sol.
1523 1461 1576 1490 36‘
1605 1460 1728 1491 archivi
1749 1461 1842 1501 bury-

184 1504 352 1545 9raviatus
374 1504 412 1536 de
434 1504 574 1543 Sinzich,
596 1506 682 1546 quod
703 1508 780 1538 tunc
800 1506 976 1539 Nassoviae
999 1510 1068 1539 erat
1091 1508 1126 1539 in
1151 1509 1309 1541 tabulario
1332 1509 1501 1542 liberorum
1524 1510 1677 1543 baronum
1699 1522 1720 1543 α
1743 1512 1841 1544 Stein.

185 1554 365 1595 Descripsit
386 1556 427 1587 A.
445 1555 546 1597 Wyss.
569 1574 611 1580 —
635 1557 807 1590 Ineditum.

143 1647 168 1668 ,ιι
296 1633 378 1665 Ε1110
410 1633 599 1666 lateinisehe
631 1635 761 1667 missiva
784 1635 919 1668 Heurici
943 1636 1163 1669 erzbischofen
1187 1649 1225 1670 zu
1250 1637 1363 1670 0611011
1394 1649 1434 1669 an
1458 1639 1552 1671 herrn
1576 1639 1724 1672 Gerhard
1747 1640 1841 1673 herrn

185 1695 225 1716 zu
250 1684 442 1717 Landskron
469 1686 597 1727 rittere,
621 1685 679 1718 dns
712 1697 747 1718 01·
773 1687 855 1719 nach
878 1688 992 1720 Achen
1016 1699 1071 1720 zur
1094 1689 1262 1731 kriinunge
1286 1690 1344 1721 des
1369 1701 1439 1722 new
1468 1691 1622 1722 erwiilten
1646 1691 1842 1724 Rt'imischen

186 1735 303 1778 konigs
326 1747 365 1768 zu
387 1738 550 1769 verreisen
574 1737 760 1779 fiirhabens,
785 1739 843 1770 mit
865 1739 936 1781 pitt,
959 1739 1034 1771 herr
1051 1739 1199 1773 Gerhard
1215 1752 1286 1773 zum
1304 1742 1464 1773 starksten
1481 1745 1592 1784 geriist
1611 1742 1691 1774 feria
1708 1747 1843 1785 quarta·
1858 1756 1958 1778 somno.

186 1790 261 1830 post
286 1792 418 1820 octavas
441 1788 494 1820 bei
517 1788 583 1821 ihm
606 1800 643 1821 zu
659 1789 845 1822 Lechenich
869 1791 1063 1823 ankommen
1086 1792 1153 1823 und
1177 1793 1218 1824 do
1242 1793 1369 1825 dannen
1393 1793 1542 1835 folgends
1564 1794 1612 1825 uff
1631 1795 1744 1826 Achen
1767 1795 1840 1826 mit-

183 1839 346 1871 verreisen
370 1839 475 1872 wolle.
520 1840 581 1872 Mit
603 1840 805 1884 erbietunge,
828 1843 935 1874 solchs
958 1843 1157 1875 wiederumb
1180 1855 1219 1876 zu
1242 1845 1418 1887 vergelten.

137 1906 164 1927 ω
293 1890 360 1923 Sub
384 1891 460 1923 dato
483 1891 628 1934 Bonnae,
651 1893 683 1924 in
707 1893 760 1925 die
784 1893 871 1926 beati
894 1894 1024 1926 Martini
1048 1895 1214 1936 hyemalis.

239 2090 326 2127 116.
367 2090 657 2128 Procuratorium
684 2094 814 2129 comitis
840 2094 999 2130 Palatini
1022 2107 1088 2140 pro
1117 2096 1264 2132 Gerlaco
1293 2098 1334 2132 de
1363 2097 1519 2133 Nassow.
1625 2097 1712 2133 Noc.
1732 2099 1788 2132 15.

296 2163 460 2205 Ονίρίηαῖε
491 2166 564 2206 (or.)
600 2166 636 2198 in
674 2167 833 2199 tabulario
862 2178 1006 2200 caesareo
1035 2169 1274 2202 Vindobonensi.
1331 2170 1568 2211 Descripsimus
1597 2182 1662 2204 nos,
1720 2171 1840 2203 Pendet

184 2214 326 2256 siyillum
347 2216 415 2255 fere
437 2215 582 2249 illaesum
605 2217 670 2250 loro
692 2219 935 2251 membranaceo.
981 2220 1024 2252 In
1047 2231 1152 2253 verso:
1174 2232 1232 2263 pro
1257 2223 1479 2254 coronacione.

287 2275 391 2308 Belum
400 2287 443 2315 er,
467 2276 544 2317 Rey.
561 2277 674 2310 Ludw.
693 2289 728 2318 p.
744 2279 810 2310 239
833 2279 1065 2312 Reichssachen
1087 2291 1136 2312 nr.
1154 2282 1205 2313 43.

137 2371 163 2391 aa
289 2361 478 2404 Rud(olfus)
501 2363 564 2395 Dei
588 2365 694 2405 gratia
717 2374 826 2396 comes
849 2365 1011 2407 palatinus
1034 2366 1118 2398 Reni
1142 2367 1207 2399 dux
1230 2368 1379 2400 Bawarie
1467 2369 1623 2400 universis
1652 2373 1684 2400 et
1707 2367 1839 2410 singulis

183 2413 237 2456 qui
269 2423 326 2446 sua
355 2414 552 2447 crediderint
580 2416 736 2447 interesse
825 2417 963 2449 salutem
987 2428 1058 2450 cum
1082 2419 1282 2460 plenitudine
1306 2421 1408 2451 omnis
1436 2420 1512 2451 boni
1540 2431 1662 2452 necnon
1687 2421 1838 2451 noticiam

180 2463 444 2507 subscriptorum.

291 2515 371 2548 Cum
402 2518 624 2550 serenissimus
652 2518 800 2550 dominus
827 2519 1040 2562 Friderficus)
1071 2520 1137 2552 dux
1165 2522 1314 2559 Austrie,
1343 2533 1440 2564 quem
1470 2534 1532 2554 una
1560 2534 1632 2555 cum
1656 2523 1727 2554 aliis
1750 2533 1837 2554 com-

183 2567 382 2610 principibus
415 2572 448 2601 et
481 2569 716 2602 coelectoribus
748 2571 864 2603 nostris
898 2572 930 2603 in
964 2582 1076 2614 regem
1105 2573 1263 2615 elegimus
1293 2574 1543 2615 Romansprum)
1575 2574 1703 2605 favente
1732 2574 1838 2605 divina

133 2617 361 2652 wolemencia
390 2621 644 2662 promovendum
675 2622 705 2653 in
734 2623 979 2665 imperatorem,
1009 2624 1051 2655 ad
1080 2635 1213 2666 presens
1239 2627 1437 2668 Aquisgrani
1461 2626 1580 2658 debeat
1603 2627 1763 2663 coronari,
1787 2626 1838 2656 cui

183 2671 388 2703 coronacioni
421 2672 526 2703 causis
559 2673 726 2715 legittimis
757 2677 790 2706 et
819 2676 1010 2707 necessariis
1032 2676 1194 2718 prepediti
1222 2688 1285 2709 non
1312 2688 1482 2719 possumus
1504 2677 1716 2719 personaliter
1740 2678 1836 2709 inter-

185 2730 273 2762 esse,
297 2721 395 2753 nobili
420 2723 488 2755 viro
512 2722 651 2756 Gerlaco
674 2725 843 2767 spectabili
868 2727 975 2758 comiti
1004 2727 1045 2759 de
1070 2727 1227 2759 Nazzawe
1255 2729 1376 2760 sororio
1401 2734 1509 2759 nostro
1532 2729 1701 2759 karissimo
1725 2727 1838 2759 damus

297 2806 360 2833 115·
389 2806 413 2841 Ι)
429 2809 554 2834 incertum
572 2819 608 2836 an
626 2810 737 2843 quinta!
