2184 3126
318 145 380 175 462
554 141 651 169 ACTA
671 141 783 168 REGNI
802 141 986 168 LUDEWICI
1006 141 1053 168 IV.
1071 141 1118 167 ΕΤ
1138 141 1158 167 F
1162 142 1322 169 RIDERICI
1342 143 1390 169 111.
1429 143 1503 171 1320.
1539 143 1588 170 Nr.
1601 144 1660 172 576.
1679 145 1739 172 577.

317 230 382 261 und
406 229 470 261 den
493 228 689 260 ertzbischof
708 238 770 260 van
794 228 893 259 Trere
916 227 999 259 noch
1022 227 1123 259 wider
1145 228 1172 259 ir
1195 228 1306 260 beider
1328 229 1451 261 helfere
1480 230 1545 261 und
1573 230 1691 263 denere
1715 232 1782 263 neit
1805 232 1864 264 siin
1887 233 1971 265 noch

318 282 382 313 don
405 282 495 313 solen
517 281 576 312 mit
591 283 712 312 werten
735 280 819 310 noch
842 280 903 311 mit
920 279 1051 311 werken
1074 279 1157 310 noch
1180 281 1238 328 mit
1260 281 1482 322 ingeineirleie
1505 282 1624 314 sachen
1647 293 1707 314 ane
1730 283 1794 315 alle
1817 284 1972 326 geverde,

317 333 357 365 de
380 334 453 365 wile
476 333 534 364 der
557 332 669 364 kreich
691 331 880 363 intwischen
902 331 934 362 in
957 331 1023 362 und
1047 331 1184 372 herzoge
1208 331 1375 363 Friderich
1398 343 1460 363 von
1477 332 1653 365 Oisterrich
1678 338 1757 366 wert
1779 334 1844 366 und
1867 335 1916 366 bis
1939 335 1978 367 uf

317 386 411 417 einen
434 385 654 425 einmoutigen
676 383 871 414 Romischen
895 383 1026 424 kuning.
1121 383 1195 414 Und
1223 382 1279 414 dat
1306 383 1362 415 dat
1390 384 1458 415 also
1485 395 1548 415 von
1570 396 1629 416 uns
1653 385 1744 417 stede
1768 386 1832 417 und
1856 397 1972 419 unver—

317 437 460 468 brochen
482 436 604 475 belive,
632 435 680 466 als
702 434 951 476 vorgeschriven
978 434 1066 475 steit,
1096 445 1131 465 so
1159 434 1223 465 han
1246 435 1303 466 vvir
1327 435 1426 466 desen
1454 436 1542 467 brief
1564 437 1623 468 mit
1645 447 1778 468 unseme
1801 438 1972 480 ingesigile
2003 446 2016 466 ⁸

316 488 477 530 besigelet
498 487 573 518 inde
597 486 672 518 hain
695 485 844 528 gebeden
866 495 967 516 unsen
994 485 1100 516 lieven
1122 495 1226 517 neven
1250 496 1347 527 greve
1371 485 1477 518 Jehan
1499 498 1562 519 van
1583 487 1760 530 Spanheim
1781 488 1848 520 und
1871 499 1972 531 greve

317 539 495 571 Wilhelme
519 549 581 570 van
602 537 937 578 Katzenellenbogen,
966 536 1022 568 dat
1049 536 1101 568 die
1129 536 1236 568 dieser
1258 541 1435 578 egenanter
1458 539 1554 581 dinge
1577 539 1724 571 urkunde
1748 539 1815 571 und
1837 541 1973 582 gezuich

317 592 378 623 siin
401 590 440 622 zfi
463 592 552 622 einer
574 599 697 621 merrer
720 589 923 630 stedigunge.

423 642 498 673 Und
520 642 578 673 wir
600 651 699 682 greve
715 641 822 672 Jehan
845 639 910 670 und
933 650 1031 681 greve
1047 639 1204 671 Wilhelm
1228 639 1279 671 die
1302 645 1541 682 vorgenantene
1565 642 1666 673 durch
1689 643 1861 675 ernstliche
1885 643 1970 675 bede

314 704 410 725 unses
433 696 654 734 vorgenanten
676 702 781 724 neven
804 702 902 733 greve
919 691 1055 733 Symons
1070 701 1131 722 van
1148 691 1332 733 Spanheym
1357 692 1521 725 erkennen
1543 704 1612 734 uns,
1637 694 1693 725 dat
1708 695 1766 726 wir
1789 695 1883 727 deser
1898 705 1970 727 vor·
1990 703 2016 722 1⁰

315 748 472 788 genanter
501 745 597 786 dinge
627 744 774 775 urkunde
806 742 872 774 und
903 743 1038 785 gezuich
1072 743 1147 783 siin,
1190 743 1282 774 wand
1311 744 1369 774 wir
1403 743 1445 775 da
1478 744 1510 776 bi
1539 745 1604 776 und
1637 745 1678 776 da
1713 756 1790 777 over
1821 746 1881 778 siin
1914 757 1972 789 ge-

314 807 432 828 wesen.
519 795 594 827 Und
617 795 675 827 das
697 806 736 827 zu
760 796 843 826 eime
866 794 1014 826 urkunde
1037 794 1112 826 hain
1128 795 1186 826 wir
1207 805 1286 826 unse
1309 795 1488 837 ingesigele
1509 795 1549 827 zfi
1572 796 1667 828 deme
1689 798 1780 829 sinen
1803 807 1844 829 an
1860 798 1972 830 desem

314 848 401 880 brfflf
419 848 761 940 {zzazgiltlgegeven
784 897 816 929 bi
839 897 1010 929 Gemunde
1033 897 1071 928 uf
1091 897 1186 928 deme
1209 897 1320 938 velde,
1345 897 1386 929 do
1409 909 1484 930 man
1507 899 1589 930 zalte
1613 910 1676 931 van
1699 899 1810 932 Godes
1833 900 1969 942 geburte

314 950 430 983 dusent
453 950 652 982 druhundert
673 949 739 981 und
761 949 935 981 zwentzich
961 949 1027 990 jar,
1056 948 1114 980 des
1137 948 1339 980 Midwechen
1363 959 1420 980 vor
1443 949 1505 982 den
1527 950 1719 992 Pingesten,
1743 951 1801 983 der
1823 963 1890 984 was
1913 952 1971 984 der
1989 960 2014 980 1⁵

313 1002 482 1035 vierzende
506 1002 587 1034 dach
611 1002 643 1033 in
667 1001 729 1032 den
753 1001 859 1042 Meye.

495 1194 569 1230 577.
603 1192 869 1230 LITTERAE
899 1190 1167 1228 IOHANNIS
1191 1191 1318 1228 XXII.
1342 1192 1418 1228 AD
1443 1191 1787 1231 VICARIATUM

835 1247 1059 1284 IMPERII
1090 1245 1446 1285 SPECTANTES.

989 1315 1099 1351 1320.
1134 1315 1219 1351 Mai.
1244 1315 1301 1351 19.

423 1409 522 1449 Copia
547 1410 600 1449 (c.)
628 1409 665 1440 in
692 1407 897 1448 Reyestorum
926 1405 1082 1438 tabularii
1110 1406 1260 1438 Vaticani
1288 1409 1360 1440 tom.
1382 1408 1424 1438 70
1447 1417 1492 1447 ep.
1517 1407 1554 1440 de
1580 1418 1646 1440 cur.
1664 1408 1714 1440 62.
1769 1408 1969 1442 Contulimus
1985 1418 2012 1439 20

310 1472 377 1495 nos.
403 1479 442 1484 —
466 1460 530 1492 Ed.
555 1460 682 1492 Riezler
704 1458 870 1491 ‘Vatilcam
887 1458 1008 1490 Akten’
1025 1469 1061 1498 p.
1079 1458 1142 1489 101
1165 1468 1214 1489 nr.
1232 1459 1295 1489 184
1317 1469 1356 1490 ex
1379 1469 1406 1490 c.

419 1521 568 1559 Biihmer,
598 1520 674 1561 Re9.
691 1519 804 1551 Ludw.
828 1529 861 1558 p.
881 1518 946 1550 215
973 1518 1090 1550 deste
1115 1529 1165 1550 nr.
1182 1519 1233 1549 10.
1285 1518 1389 1550 Lo'her
1415 1518 1480 1551 loco
1508 1529 1609 1559 supra
1635 1520 1680 1551 ad
1705 1530 1754 1552 nr.
1777 1520 1842 1552 289
1870 1521 1968 1554 citato

307 1584 342 1614 p.
357 1573 422 1605 242
443 1583 493 1605 nr.
511 1572 554 1604 57
559 1583 570 1611 ,·
592 1570 889 1612 Preyer-Remkem
908 1580 940 1610 p.
957 1570 1023 1602 212
1043 1580 1093 1601 nr.
1110 1570 1162 1600 52.

423 1632 471 1672 Cf.
494 1641 595 1671 supra
617 1641 667 1662 nr.
683 1632 748 1662 401
771 1633 800 1662 et
821 1630 896 1661 443.

419 1717 670 1750 Venerabilibus
693 1716 845 1748 fratribus
866 1715 1024 1747 universis
1047 1715 1298 1756 archiepiscopis
1321 1719 1353 1747 et
1376 1715 1536 1757 episcopis
1563 1727 1622 1758 per
1648 1718 1846 1759 provinciam
1869 1718 1968 1756 Lom7
1988 1726 2014 1747 as

314 1770 426 1802 bardie
449 1769 640 1801 constitutis.

397 1821 587 1863 Apostolice
611 1819 772 1852 servitutis
801 1818 956 1850 incumbit
978 1818 1084 1849 officio
1114 1828 1236 1859 nosque
1259 1821 1394 1859 paterne
1418 1820 1560 1851 caritatis
1582 1821 1716 1853 affectus
1739 1821 1840 1853 multa
1863 1821 1971 1854 reddit

312 1874 491 1905 attentione
521 1872 689 1912 sollicitos,
720 1873 756 1902 ut
785 1881 842 1901 vos
869 1869 912 1901 ad
943 1880 992 1910 ea,
1024 1880 1086 1911 que
1116 1873 1222 1901 vestre
1250 1870 1361 1901 salutis
1388 1873 1421 1902 et
1446 1872 1535 1912 pacis
1565 1876 1739 1915 augmenta
1771 1873 1969 1915 contingunt,

312 1928 447 1967 paterne
471 1923 639 1965 diligentie
663 1922 776 1954 studiis
800 1923 987 1954 excitemus.
1034 1921 1119 1953 Sane
1147 1921 1267 1953 dudum
1290 1921 1420 1963 fe(licis)
1433 1923 1693 1964 rec(ordationis)
1710 1924 1860 1957 Clemens
1882 1935 1970 1966 papa

310 1977 352 2009 V.
375 1976 587 2018 predecessor
616 1977 741 2014 noster,
770 1973 812 2005 ad
840 1983 936 2015 quem
963 1973 1091 2014 imperii
1121 1976 1196 2004 tunc
1219 1974 1376 2014 vacantis,
1407 1974 1489 2006 sicut
1515 1975 1621 2007 adhuc
1643 1986 1759 2008 vacare
1783 1976 1968 2018 dinoscitur,
1986 1988 2013 2008 ιο

310 2028 456 2070 regimen
479 2026 675 2069 pertinebat,
703 2025 874 2058 attendens
897 2035 993 2067 quam
1016 2025 1110 2056 avide
1133 2028 1291 2057 rectorem
1314 2025 1409 2057 Italie
1432 2030 1542 2068 partes
1564 2028 1734 2069 presertim
1758 2038 1820 2070 que
1844 2028 1886 2059 ad
1907 2029 1968 2060 im-

309 2080 436 2122 perium
462 2080 568 2120 ipsum
595 2078 759 2119 pertinent
786 2077 962 2119 exigebant
989 2077 1194 2118 strenuitate,
1224 2077 1394 2118 prudentia
1425 2081 1458 2109 et
1483 2080 1630 2120 potentia
1656 2080 1767 2122 utique
1795 2079 1968 2122 preditum,

311 2132 400 2163 euius
422 2130 625 2172 providentia
647 2130 731 2161 inter
753 2128 918 2170 improbos
940 2128 1123 2160 innocentia
1145 2131 1214 2160 tuta
1236 2129 1423 2170 persisteret
1445 2132 1479 2161 et
1500 2131 1533 2161 in
1554 2131 1632 2172 ipsis
1654 2130 1809 2173 improbis
1830 2130 1970 2163 nocendi

313 2181 449 2214 facultas
473 2185 505 2214 et
528 2181 659 2213 audatia
687 2191 749 2223 que
774 2183 994 2222 contemptum
1018 2181 1183 2212 consuevit
1205 2190 1320 2222 parere
1343 2180 1538 2223 frenaretur,
1561 2192 1686 2214 necnon
1710 2185 1742 2214 et
1763 2183 1797 2214 in
1820 2182 1968 2215 conside-

311 2234 470 2266 rationem
493 2233 632 2264 deducto
657 2232 744 2274 quod
765 2233 850 2274 ipse,
881 2232 923 2263 ad
946 2242 1043 2274 quem
1065 2233 1197 2274 negotia
1219 2232 1360 2274 undique
1383 2233 1472 2264 velut
1494 2233 1536 2265 ad
1558 2244 1648 2266 mare
1670 2234 1803 2266 flumina
1825 2235 1966 2266 conflue·
1986 2244 2012 2264 ns

310 2285 398 2325 bant,
421 2285 579 2327 premissa
602 2295 661 2326 per
683 2295 716 2316 se
741 2284 861 2326 exequi
883 2295 945 2316 non
969 2283 1108 2325 valebat,
1131 2284 1350 2316 necessarium
1372 2284 1441 2316 fore
1464 2286 1641 2327 prospexit,
1669 2286 1756 2328 quod
1779 2285 1834 2317 alii
1857 2295 1968 2318 curam

310 2337 476 2379 regiminis
493 2337 708 2367 committeret
723 2337 904 2377 memorati,
927 2339 963 2367 ut
985 2335 1040 2367 ubi
1056 2337 1125 2377 ipse
1148 2346 1281 2377 presens
1305 2346 1375 2367 esse
1390 2347 1454 2368 non
1469 2339 1607 2378 poterat,
1630 2348 1687 2369 sua
1703 2337 1818 2369 saltem
1834 2348 1967 2379 presen-

310 2391 434 2421 taretur
457 2389 631 2419 auctoritas
653 2398 712 2429 per
735 2388 883 2429 eundem,
971 2390 1086 2419 exacte
1117 2387 1215 2429 igitur
1244 2387 1485 2419 deliberationis
1514 2389 1663 2420 examine
1695 2388 1893 2430 precedente
1925 2388 1968 2421 ad

311 2441 510 2473 carissimum
533 2440 565 2470 in
589 2439 715 2471 Christo
739 2439 840 2471 filium
862 2442 1006 2471 nostrum
1028 2438 1207 2471 Robertum
1231 2438 1339 2471 Sicilie
1366 2449 1479 2481 regem
1505 2439 1676 2482 illustrem,
1707 2451 1803 2483 quem
1831 2443 1968 2473 noverat

311 2492 372 2524 sibi
396 2494 428 2524 et
451 2491 586 2523 ecclesie
609 2491 755 2523 Romane
780 2491 947 2531 devotum,
976 2491 1064 2522 cuius
1086 2490 1336 2532 providentiam,
1360 2493 1583 2524 strenuitatem
1607 2496 1640 2524 et
1661 2493 1840 2534 potentiam
1865 2503 1965 2535 expe·
1983 2502 2009 2522 ιο

310 2544 426 2576 rientia
450 2544 482 2574 in
504 2544 629 2585 magnis
658 2546 691 2574 et
719 2542 827 2574 arduis
851 2543 988 2585 probata
1010 2542 1149 2584 negotiis
1171 2542 1364 2574 luculentius
1387 2543 1643 2584 demonstrabat,
1675 2545 1785 2576 oculos
1808 2555 1865 2576 sue
1889 2555 1966 2576 con-

310 2595 514 2627 siderationis
537 2598 736 2635 convertens,
760 2605 834 2626 eum
856 2594 896 2626 de
913 2595 1047 2626 fratrum
1063 2605 1192 2626 suorum
1209 2594 1352 2636 consilio,
1377 2595 1417 2627 de
1434 2606 1569 2637 quorum
1585 2606 1719 2628 numero
1736 2599 1811 2628 tune
1828 2606 1966 2637 eramus,

308 2647 342 2678 in
366 2646 489 2678 eisdem
511 2645 656 2687 partibus
679 2646 763 2677 dicto
788 2649 896 2678 tamen
920 2646 1071 2678 subiectis
1094 2646 1244 2687 imperi0‚
1268 2646 1397 2678 civitate
1419 2646 1571 2679 Ianuensi
1594 2658 1666 2679 cum
1690 2647 1849 2689 districtu,
1872 2647 1966 2680 terri-

310 2699 392 2730 torio
415 2701 449 2730 et
471 2697 672 2740 pertinentiis
700 2698 763 2728 suis
792 2708 834 2729 ex
861 2698 957 2729 certis
986 2698 1090 2728 causis
1118 2697 1288 2729 dumtaxat
1317 2701 1469 2740 excepta,
1498 2699 1653 2732 vicarium
1675 2701 1709 2731 in
1731 2699 1964 2742 temporalibus

308 2760 411 2791 usque
434 2750 477 2781 ad
499 2749 585 2782 sedis
609 2749 785 2790 apostolice
808 2749 1048 2791 beneplacitum
1071 2749 1235 2780 constituit
1257 2750 1458 2792 generalem,
1488 2751 1619 2792 plenam
1648 2751 1679 2783 ei
1705 2754 1903 2793 potestatem
1931 2754 1965 2783 et
1982 2759 2008 2779 ⁴⁵
