2190 3172
493 234 591 262 ACTA
611 234 724 262 REGNI
742 234 928 262 LUDEWICI
947 234 994 263 tv.
1013 234 1059 262 ΕΤ
1078 233 1262 262 FRIDERICI
1282 234 1331 262 111.
1368 234 1444 262 1317.
1481 235 1530 262 Nr.
1542 235 1600 263 390.
1808 239 1870 270 327

214 321 345 353 domino
369 324 403 353 et
425 321 529 353 amico
552 324 660 353 nostro
684 321 809 354 sincero
833 322 937 355 detur.
982 321 1086 363 Siyilli
1108 321 1199 354 dorso
1221 321 1368 362 impressi
1388 322 1519 362 vestiqia
1538 325 1718 362 supersunt.
1743 342 1783 346 —
1806 323 1870 355 Ed.

214 372 310 413 Kopp
334 371 656 405 ‘Geschichtsbllltter’
678 373 707 411 I,
731 373 795 404 129
816 383 855 406 ex
877 383 923 406 or.

322 431 470 471 Bo'hmer,
494 432 570 474 Rey.
586 432 700 467 Ludw.
717 442 752 473 p.
768 433 834 465 414
857 432 1088 466 Reichssachen
1109 442 1160 464 nr.
1176 431 1241 463 403
1262 431 1390 472 (Addit.
1406 432 1494 473 III).

325 491 486 534 Oriyinale
501 492 602 524 denuo
617 492 799 533 inspectum,
815 493 961 534 quamvis
974 493 1012 525 in
1025 502 1059 525 eo
1074 491 1112 524 dc
1125 494 1224 523 morte
1243 490 1444 528 Woldemari,
1460 492 1498 524 de
1513 493 1707 525 successione
1723 493 1871 526 Heinrici

184 551 195 571 ⁶
214 554 294 576 nova
315 544 392 584 ficta
406 543 601 586 referantur,
623 545 703 585 quin
717 545 935 578 authenticum
957 544 1009 583 sit,
1032 543 1175 576 dubitari
1196 553 1261 575 non
1275 545 1386 584 potest.
1426 543 1540 584 Itaque
1556 545 1682 584 partim
1704 555 1742 577 ea
1762 546 1869 584 secuti,

205 594 445 636 quaeschrohe
467 595 530 628 loco
551 605 653 636 supra
675 596 719 628 ad
739 606 789 629 nr.
801 596 843 628 25
863 597 960 629 citato
975 606 1011 636 p.
1027 595 1210 628 278—233
1231 595 1368 635 exponit,
1390 605 1421 626 a.
1439 596 1534 628 1317.
1557 596 1786 629 vindicandum
1807 609 1871 630 esse

209 646 404 687 gustavimus.

319 731 436 764 Petrus
459 731 521 764 Dei
548 733 654 775 gratia
681 736 793 765 sancte
814 732 1022 775 Maguntine·
1045 731 1132 764 sedis
1155 731 1418 775 archiepiscopus
1441 734 1522 765 sacri
1545 734 1673 776 imperii
1703 746 1761 777 per
1787 734 1870 767 Ger-

210 782 351 815 maniam
367 783 689 816 archicancellarius·
768 783 869 816 nobili
884 785 951 816 viro
975 787 1009 816 et
1029 783 1158 816 domino
1176 783 1306 816 domino
1323 782 1493 816 Conrado·
1508 785 1678 827 spectabili
1696 787 1805 818 comiti
1829 786 1870 819 dc

170 844 195 864 ιο
211 833 378 876 Friberg·,
400 833 530 866 domino
554 838 587 867 et
609 835 714 868 amico
738 839 847 868 nostro
870 835 1040 867 karissimo
1128 835 1267 867 salutem
1290 845 1363 866 cum
1386 835 1511 868 sincere
1535 835 1716 869 dilectionis
1740 838 1869 870 affectu.

319 887 365 927 (1)
396 885 678 922 Quemadmodum
702 890 757 919 tua
779 887 872 919 nobis
894 886 1024 919 dilectio
1041 896 1172 929 semper
1194 897 1230 919 se
1246 886 1396 919 servilem
1413 887 1562 919 exhibuit
1583 891 1682 930 atque
1698 893 1870 931 promtam,

211 948 270 981 pro
294 947 334 970 eo
357 937 399 969 ad
415 937 534 979 omnia,
558 948 621 980 que
638 940 726 970 tuam
742 939 920 981 respiciunt
934 938 1108 971 utilitatem
1124 939 1246 980 pariter
1269 942 1302 971 et
1317 938 1509 980 profectum,
1532 940 1649 971 merito
1666 941 1869 983 precogitare

202 992 368 1033 tenemur.
406 989 493 1021 Hinc
517 993 567 1021 est
589 989 677 1032 quod
699 993 801 1022 status
824 990 944 1022 domini
960 990 1060 1022 nostri
1075 990 1297 1032 gloriosissimi
1313 989 1525 1031 Lu(dowici)·
1540 990 1761 1024 Romanorum
1785 994 1870 1035 regis

210 1041 243 1073 in
259 1040 426 1073 omnibusb
442 1041 587 1073 succedit
602 1052 767 1084 prospere.
801 1041 1033 1074 Procuratores
1052 1051 1110 1073 scu
1125 1042 1241 1082 nuncii,
1265 1041 1320 1084 qui
1335 1042 1513 1073 transmissi
1529 1041 1659 1074 fuerunt
1674 1053 1733 1084 per
1748 1043 1869 1076 dictum

169 1092 378 1126 mdominum
400 1095 543 1126 nostrum
567 1092 607 1125 ad
633 1094 755 1125 curiam
778 1093 971 1134 Romanam,
995 1092 1038 1125 ad
1060 1095 1174 1124 nutum
1199 1096 1232 1125 et
1254 1103 1313 1135 pro
1335 1093 1502 1125 voluntate
1527 1093 1604 1126 dicti
1625 1093 1747 1126 domini
1769 1096 1870 1127 nostri

209 1143 450 1177 Romanorum·
465 1145 551 1186 regis
567 1145 676 1176 omnia
695 1145 833 1187 negocia
855 1145 886 1176 in
903 1144 1037 1176 secretis
1053 1143 1307 1186 exepediverunt
1329 1147 1363 1176 et
1382 1143 1484 1176 bene⁰
1500 1144 1662 1186 exspediti
1685 1151 1740 1177 acc
1755 1145 1869 1178 lauda-

164 1232 181 1235 „
210 1195 318 1228 biliter
333 1198 407 1228 sunt
422 1196 553 1236 reversi,
577 1195 636 1228 sed
659 1196 799 1238 quedam
820 1206 945 1228 summa
960 1196 1097 1237 pecunie
1119 1195 1265 1238 impedit,
1289 1206 1387 1238 quam
1410 1206 1468 1227 uos
1491 1195 1574 1228 infra
1596 1196 1670 1228 hinc
1694 1200 1728 1229 et
1751 1198 1868 1230 festum

209 1246 335 1279 Pasche
365 1247 406 1279 de
433 1250 543 1279 nostra
566 1248 704 1290 pecunia
727 1249 858 1289 propria
881 1246 1020 1279 finaliter
1043 1246 1281 1289 exspediemus.
1326 1246 1508 1289 Esxpedita
1530 1247 1586 1279 illa
1609 1249 1761 1290 pecunia,
1794 1252 1869 1281 tunc

211 1298 315 1331 dictim
341 1298 489 1331 dominus
516 1302 626 1331 noster
655 1301 822 1341 tamquam
850 1299 1055 1331 confirmatus
1082 1309 1142 1330 rex
1169 1297 1390 1330 Romanorum
1425 1309 1484 1340 per
1516 1299 1628 1331 sedem
1656 1299 1870 1342 apostolicam

147 1382 149 1384 .
166 1360 193 1381 ὀ
205 1349 339 1394 publice
355 1360 393 1383 ac
408 1350 549 1392 undique
566 1351 794 1392 proclamatur.
872 1350 918 1392 (2)
938 1349 1066 1382 Deinde
1082 1359 1142 1382 rex
1157 1349 1301 1392 Ungarie
1317 1359 1391 1382 cum
1407 1350 1592 1392 pocioribus
1608 1351 1763 1383 dominis⁰
1779 1353 1870 1394 regni

211 1402 355 1435 eiusdem
373 1412 446 1434 cum
463 1402 592 1434 domino
605 1405 715 1435 nostro
730 1402 894 1434 antedicto
906 1401 1149 1434 Romanorum·
1164 1412 1242 1444 rege
1257 1405 1307 1434 est
1322 1401 1562 1443 confederatus,
1579 1402 1619 1435 dc
1635 1413 1699 1445 quo
1715 1414 1869 1446 maguum

160 1479 166 1494 ζ
208 1453 429 1487 indubitanter
451 1453 584 1486 habebit
606 1454 793 1486 subsidium.
888 1453 936 1496 (3)
958 1453 1085 1486 Ich-co‘¹
1108 1453 1256 1485 dominus
1275 1453 1506 1486 Woldemarus
1528 1453 1870 1497 Brandenburgensis⁸

209 1506 352 1539 marchio
376 1508 425 1538 est
448 1505 639 1538 defunctus¹
662 1508 696 1537 et
719 1504 887 1537 dominus⁸
902 1505 1064 1537 Henricus
1086 1504 1213 1537 inclitus
1235 1505 1379 1537 marchio
1402 1505 1434 1537 in
1450 1505 1664 1538 hereditatem
1681 1505 1868 1549 marchi[o]-

208 1561 303 1590 natus
326 1557 480 1590 successit
502 1557 654 1599 predicti,
686 1567 759 1589 cum
787 1567 850 1599 quo
880 1557 912 1588 in
943 1556 1134 1599 epiphania‘
1154 1556 1286 1588 Domini
1315 1557 1522 1589 tractavimus
1548 1568 1607 1599 pro
1630 1558 1725 1590 factis
1748 1557 1869 1590 domini

165 1619 190 1640 ss
209 1609 309 1642 nostri
324 1609 570 1649 R(omanorum)
595 1609 708 1651 r(egis)
728 1610 910 1642 memorati.
948 1608 1011 1645 Qui
1032 1608 1097 1640 fide
1121 1607 1198 1640 data
1221 1609 1368 1650 promisit
1384 1618 1506 1640 necnon
1527 1609 1704 1651 privilegiis
1727 1610 1792 1641 suis
1815 1609 1868 1642 fir-

208 1661 379 1693 missimist
401 1671 435 1692 se
459 1660 615 1702 obIIgavit
637 1661 758 1692 servire
782 1671 854 1692 cum
875 1661 1059 1702 quingentis
1080 1660 1252 1692 dextrariis
1272 1660 1398 1702 magnis
1420 1661 1481 1702 ipsi
1502 1661 1632 1693 domino
1655 1662 1726 1703 regi
1749 1663 1781 1695 in
1803 1662 1869 1694 suis

209 1713 308 1745 etiam
332 1713 499 1755 exspensis
522 1713 670 1754 propriis.
751 1711 798 1753 (4)
823 1712 959 1754 Insuper
982 1712 1127 1754 prefatus
1150 1711 1298 1743 dominus
1320 1715 1430 1743 noster
1451 1711 1692 1744 Romanorum·
1715 1724 1773 1745 rex
1796 1724 1868 1745 curn

208 1764 300 1796 fratri
330 1774 388 1796 suo
412 1763 543 1796 domino
566 1763 708 1795 Rudolfo
736 1763 851 1795 illustri
874 1763 1009 1805 principi
1037 1763 1131 1795 ducid
1153 1763 1321 1795 Bawarie·
1343 1763 1507 1796 mediante
1537 1767 1646 1796 nostro
1674 1765 1807 1796 consilio
1835 1768 1869 1797 et

208 1826 266 1858 pro
293 1815 458 1853 voluntate
489 1815 657 1847 amborum
686 1814 893 1847 laudabiliter
921 1819 970 1846 est
992 1814 1242 1846 reconciliatus²
1266 1814 1388 1854 taliter,
1419 1814 1507 1857 quod
1534 1815 1620 1847 dicta
1643 1816 1867 1848 reconciliacio

163 1876 191 1897 so
207 1876 372 1910 nunquam
401 1877 459 1908 per
481 1866 624 1908 aliquem
646 1867 788 1908 ipsorum
812 1866 1014 1908 infringatur.
1060 1865 1114 1898 Sic
1136 1867 1244 1898 omnia
1267 1865 1353 1898 facta
1376 1866 1535 1908 sepedicti
1557 1867 1679 1899 domini
1702 1869 1803 1899 nostri
1826 1867 1867 1900 de

207 1919 313 1960 gratia
328 1917 391 1950 Dei
414 1917 577 1950 fortunate
601 1928 635 1949 se
659 1917 842 1960 disponunt.
924 1918 970 1958 (5)
994 1917 1102 1954 Quare
1126 1920 1214 1949 tuam
1238 1928 1390 1960 rogamus
1413 1918 1629 1959 dilectionem,
1653 1918 1694 1951 de
1718 1929 1782 1961 qua
1804 1929 1868 1951 non

208 1969 368 2002 modicam
392 1970 536 2012 gerimus
558 1969 719 2010 fiduciam,
743 1970 893 2011 quatinus
915 1970 948 2001 in
970 1973 1064 2011 parte
1088 1969 1209 2001 domini
1232 1970 1334 2001 nostri
1348 1969 1503 2001 antedicti
1518 1969 1758 2002 Romanorum·
1781 1972 1868 2013 regis

206 2020 363 2063 fideliter,
397 2024 493 2064 prout
521 2021 687 2064 hucusque
716 2021 837 2062 fecisti,
872 2021 952 2053 velis
984 2031 1202 2063 perseverare.
1252 2021 1321 2053 Nos
1355 2022 1441 2053 enim
1468 2025 1673 2063 prenotatum
1701 2021 1867 2054 dominum

206 2076 350 2105 nostrum
383 2073 426 2105 ad
448 2073 510 2104 hoc
534 2072 750 2105 effectualiter
772 2072 976 2114 inducemus,
1005 2075 1041 2104 ut
1070 2072 1128 2104 tibi
1158 2075 1191 2104 et
1220 2073 1284 2104 tuis
1315 2072 1356 2104 de
1379 2072 1527 2116 dampnis
1550 2074 1581 2104 in
1604 2074 1740 2106 servicio
1768 2074 1867 2116 ipsius

162 2133 188 2155 ss
206 2126 346 2167 receptis
369 2124 566 2157 satisfacietd
589 2125 669 2156 nolit
691 2124 779 2164 velit,
803 2124 844 2156 de
868 2135 931 2166 quo
955 2123 1013 2155 tibi
1036 2125 1077 2155 sit
1099 2123 1321 2156 indubitabilis
1344 2124 1513 2157 certitudo.
1551 2124 1704 2167 Alioquin
1728 2136 1786 2157 nos
1810 2125 1867 2157 tibi

207 2176 442 2208 satisfaciemus
464 2176 506 2208 de
529 2178 638 2207 nostra
661 2176 798 2217 pecunia
821 2176 961 2217 propria.
1050 2177 1096 2216 (6)
1119 2175 1264 2207 Tandem
1289 2185 1455 2218 rogamus,
1478 2179 1514 2208 ut
1536 2175 1579 2207 ad
1602 2187 1660 2208 nos
1683 2177 1812 2219 Spiram
1835 2178 1867 2209 in

205 2226 367 2271 dominica
391 2227 491 2264 Quasi
522 2226 619 2259 modo
649 2227 751 2269 geniti
778 2227 919 2259 infantes
947 2227 1134 2269 postpositis
1163 2226 1311 2258 omnibus
1335 2228 1480 2269 negociis
1507 2229 1639 2270 propria
1670 2228 1702 2260 in
1730 2239 1867 2271 persona

161 2317 165 2322 .
206 2278 326 2324 venias
353 2278 406 2311 vel
440 2279 555 2311 saltem
594 2278 728 2310 fratrem
766 2282 856 2311 tuum
893 2278 1116 2311 honorabilem
1154 2279 1256 2310 virum
1295 2278 1461 2312 dominum
1501 2281 1700 2322 prepositum
1737 2282 1866 2323 Argen-

205 2331 388 2363 tinensem·
420 2330 604 2363 nullatenus
637 2329 856 2374 obmitte[ns]¹¹
891 2331 1028 2372 dirigas,
1063 2330 1183 2363 ibidem
1219 2334 1326 2363 tecum
1360 2332 1528 2363 tractaturi
1560 2332 1613 2364 vel
1647 2343 1721 2365 cum
1755 2332 1866 2364 fratri‘¹

160 2387 188 2407 ⁴⁰
205 2384 261 2414 tuo
277 2381 425 2424 predicto
448 2382 481 2413 in
497 2381 690 2424 quibusdam
707 2383 850 2423 secretis,
874 2392 937 2424 que
962 2382 1019 2414 tibi
1043 2386 1077 2414 et
1099 2381 1190 2414 fratri
1212 2384 1268 2413 tuo
1291 2385 1366 2414 sunt
1387 2382 1489 2424 utilia,
1511 2383 1604 2415 nobis
1626 2382 1706 2427 [et]¹¹
1730 2385 1866 2426 imperio

206 2433 358 2475 proficua.
449 2433 497 2475 (7)
519 2433 642 2467 Ultimo
666 2434 821 2475 petimus,
850 2437 887 2465 ut
909 2433 1016 2466 verbis
1039 2433 1165 2472 latoris,
1191 2434 1307 2465 notarii
1330 2444 1368 2466 ac
1391 2435 1557 2467 secretarii
1579 2436 1678 2467 nostri
1702 2435 1812 2467 dilecti
1834 2436 1866 2467 in

205 2478 267 2516 hiis
290 2482 438 2517 o'mnibus
461 2484 559 2517 fldem
582 2485 663 2517 velis
686 2483 886 2529 adhibe[re]'¹
909 2485 1074 2517 credulam
1098 2485 1130 2516 in
1153 2484 1307 2517 dicendis.

313 2535 388 2568 Dat.
412 2535 536 2579 Prage,
566 2537 598 2568 in
628 2536 680 2569 die
709 2537 810 2569 sancti
833 2536 1026 2571 Sebastiani.
1077 2536 1191 2579 Sigillo
1219 2540 1327 2569 nostro
1350 2541 1475 2570 secreto
1503 2548 1562 2580 pro
1584 2539 1789 2581 presentibus
1818 2540 1866 2570 usi

208 2597 327 2620 sumus.

161 2704 188 2724 ⁴5
310 2697 378 2732 88⁰.
406 2697 430 2732 Ι)
453 2699 566 2732 sequitur
589 2717 596 2725 .
609 2717 616 2726 .
639 2708 678 2725 m·-
777 2699 802 2733 b)
826 2701 852 2726 in
877 2701 998 2726 omuibus
1022 2709 1105 2733 supra
1132 2701 1228 2726 lineam
1252 2700 1316 2727 add.
1336 2709 1374 2727 or.
1472 2704 1496 2732 ο)
1519 2710 1602 2734 supro
1625 2702 1719 2728 lineam
1745 2702 1808 2728 add.
1827 2711 1864 2727 or.

207 2738 234 2773 ὖ)
252 2741 287 2766 n'o
305 2750 343 2768 or.
431 2742 456 2773 ⁰)
473 2741 587 2775 sequitur
604 2742 652 2768 diss
670 2742 743 2769 delae.
762 2751 800 2769 or.
887 2742 908 2775 f)
927 2744 1059 2777 Epiohffir
1077 2752 1115 2769 or.
1197 2744 1222 2776 Β)
1241 2744 1289 2770 irm
1307 2744 1334 2770 in
1353 2745 1407 2770 loeo
1427 2753 1487 2771 raso
1506 2754 1544 2771 or.
1628 2743 1654 2776 ¹¹)
1674 2745 1747 2770 uncie
1765 2746 1865 2770 inclusa

209 2783 323 2809 abacista
341 2792 378 2810 or.

312 2842 338 2875 1)
359 2841 434 2870 obi-'e
451 2851 477 2870 a.
493 2845 556 2871 1319
573 2851 606 2869 m.
619 2843 707 2878 Auq.,·
725 2843 761 2876 cf.
774 2843 887 2871 Solu-ohe
905 2845 921 2872 1.
934 2853 956 2872 c.
1047 2845 1076 2878 2)
1095 2843 1138 2879 Cf.
1156 2845 1233 2879 insi-a
1251 2854 1294 2873 nr.
1307 2849 1448 2874 392-394.

1887 1259 1939 1285 Apr.
1948 1260 1967 1280 3.

1883 1568 1928 1589 Ian.
1939 1571 1959 1590 s.

1882 2240 1932 2265 Apr.
1946 2242 1977 2261 ιο.
