2190 3172
12 1167 24 1189 ἶ(

14 1190 22 1202 ΓΙ

14 1206 28 1217 ,x

13 1222 16 1234 ι
20 1230 23 1236 ,

12 1254 21 1272 i.

11 1277 22 1314 i*

9 1342 22 1369 3

8 1626 11 1628 .
7 1531 16 1587 fid,-
7 1486 21 1525 :5³⁶⁶
8 1391 22 1479 *···0·5‡-*⁷
9 1378 10 1381 „

471 201 567 230 ACTA
586 202 700 230 REGNI
718 202 901 230 LUDEWIOI
920 202 968 230 lv.
987 202 1033 230 m·
1052 202 1236 231 anssmcl
1256 204 1304 230 111.
1342 204 1415 232 131⁴.
1452 205 1572 234 Nr 159.
1593 208 1648 235 160.
1821 214 1878 244 153

338 292 367 322 7.
390 294 480 321 ltcm⁰
490 290 679 328 promittimus
687 301 737 321 uos
746 294 873 321 acturum
884 294 914 321 et
922 294 1081 321 curaturum
1092 302 1142 329 pro
1153 303 1232 329 posse
1242 296 1344 328 nostro,
1354 297 1427 331 quod
1439 297 1551 325 illustre
1558 307 1571 324 s
1583 299 1697 335 princip
1704 309 1737 327 es
1747 300 1880 331 liudolfus
1895 315 1906 328 e

235 351 345 374 comes
355 341 517 384 palatinus
528 341 612 373 Reni
625 345 680 372 dux
686 344 814 372 Bawarie
823 353 970 379 gennanus
980 347 1074 373 noster
1083 346 1244 373 karissimus
1254 355 1303 382 pro
1313 356 1343 373 se
1356 350 1385 375 et
1394 348 1451 375 suis
1461 349 1609 377 heredibus
1620 352 1694 379 omui
1706 352 1767 384 iuri.
1774 355 1881 383 accioni

235 404 283 424 ssu
296 395 494 431 persecucioni,
506 396 580 431 quod
593 405 641 424 seu
654 404 737 431 quam
750 396 838 424 babet
854 404 910 424 seu
929 396 1032 425 habere
1051 399 1145 432 potest
1163 398 1191 425 in
1205 398 1284 426 bonis
1293 401 1323 426 et
1335 400 1554 434 possessionibus
1566 411 1604 429 ac
1617 403 1724 431 iuribus
1736 406 1772 433 ab
1785 407 1880 434 eodem

234 447 446 483 archiepiscopo
469 447 631 475 Trevereusi
657 449 687 475 et
711 447 771 475 eius
793 448 912 476 ecclesia
934 448 1056 476 detentis
1075 451 1104 477 et
1122 450 1268 484 possessis,
1292 450 1471 487 integraliter
1493 456 1523 481 et
1540 458 1639 489 sponte
1657 457 1835 486 renunciabit
1853 463 1882 487 st

202 507 214 527 ο
232 499 330 528 eadem
347 498 402 527 sibi
421 500 451 527 et
467 499 585 527 ecclesie
602 508 651 527 sue
669 499 796 534 quitsbit
814 501 843 527 et
861 499 1024 535 specialiter
1042 509 1075 528 ea
1093 510 1147 536 que
1166 502 1252 530 habet
1270 505 1298 530 et
1317 503 1421 531 habere
1440 507 1534 539 potest
1552 506 1580 533 iu
1599 507 1684 541 opido
1697 508 1880 538 Monuterii‘

235 551 395 586 Meynevelt
413 553 442 579 st
460 550 488 578 in
507 552 598 578 castro
617 548 739 578 'Pharon
757 559 791 578 ac
809 559 902 579 eorum
922 552 1098 587 appendiciis
1116 553 1345 589 quibuscumque.
1382 555 1417 582 Et
1436 556 1566 584 dictum
1585 558 1881 597 archiepiscopum

234 602 430 634 Treverensem
448 603 478 629 et
495 601 555 629 eius
573 602 720 630 ecclesiam
739 604 837 630 contra
855 610 1043 637 quoscumque
1061 604 1210 638 tuebimur,
1229 607 1471 634 manutenebimus
1483 611 1512 635 et
1524 609 1702 638 defendemus
1721 611 1748 639 in
1768 613 1880 641 eisdem.

341 651 371 683 8.
405 653 495 681 nemo
513 653 704 688 promittimus
722 662 819 681 curare
841 656 871 682 et
889 654 997 682 efficere
1018 663 1066 689 pro
1089 664 1170 690 posse
1188 659 1294 688 nostro.
1315 659 1388 692 quod
1415 658 1570 687 ‘Rudolsus
1587 661 1643 689 dux
1662 663 1789 691 Bavarie
1807 672 1880 704 ger·
1910 683 1915 689 .

232 712 345 735 manus
366 705 476 734 noster
498 701 686 734 karissimus
707 714 800 733 omnes
818 706 930 734 litteras
948 706 1166 743 obligacionum,
1185 717 1254 743 quas
1273 709 1375 737 habuit
1393 713 1422 738 et
1441 711 1527 739 habet
1545 714 1656 748 abipso
1668 715 1881 752 archiepiscopo

191 763 217 783 ιο
235 758 264 785 et
286 756 398 785 domino
419 756 544 784 Iohanne
566 765 632 792 rege
658 757 803 789 Bohemie,
827 766 865 784 ac
887 757 993 785 eciam
1018 758 1229 793 promissionum
1254 760 1356 795 sigillis
1374 770 1467 789 eorum
1490 763 1631 798 sigillatas
1657 767 1800 795 occasione
1819 777 1880 803 pro-

231 807 365 837 mocionis
383 808 510 843 faciende
527 808 563 836 de
579 808 658 836 dicto
677 830 683 836 .
697 829 703 836 .
721 817 787 844 rege
801 808 935 837 Bohemie
947 809 976 836 in
988 818 1082 845 regem
1098 810 1280 838 Romanorum
1294 811 1348 846 ipsi
1367 813 1580 851 archiepiscopo
1592 818 1722 845 restituat
1739 815 1879 858 integra—

231 855 310 889 liter
318 859 362 890 *et
383 856 426 889 eid
447 856 588 899 plenum.

338 908 427 942 Nulli
461 918 539 951 ergo
573 910 702 941 omnino
737 909 901 941 hominum
928 910 1026 942 liceat
1053 912 1204 953 paginam
1237 912 1410 955 infringere
1443 920 1626 957 presentem
1659 918 1709 950 vel
1741 920 1771 951 ei
1803 930 1881 951 ausu

233 961 404 994 temerario
421 960 664 1003 quomodolibet
680 962 848 994 contraire.
940 962 1046 1004 Siquis
1062 967 1170 995 autem
1194 963 1255 996 hoc
1275 968 1470 1007 attemptare
1486 970 1727 1010 presumpserit,
1752 972 1880 1013 preter‘¹

187 1025 213 1045 u·
231 1014 341 1045 nostre
364 1012 597 1055 indignacionis
621 1012 766 1054 aculeos,
801 1013 903 1055 quosd
925 1015 1040 1046 merito
1064 1015 1184 1056 poterit
1207 1015 1395 1057 formidare,
1423 1018 1546 1060 ipsum‘
1571 1021 1724 1053 mulctam
1752 1027 1880 1055 centum

211 1076 214 1079 ’
231 1063 384 1097 librarum
401 1065 470 1096 auri
484 1065 555 1107 ipso
571 1064 658 1096 facto
675 1064 878 1097 decernimus
894 1066 1102 1106 incursurum,
1126 1067 1335 1100 medietatem
1361 1069 1435 1101 fisco
1458 1075 1566 1103 nostro
1592 1076 1625 1103 et
1644 1073 1741 1105 aliam
1757 1074 1880 1107 medie-

233 1118 335 1148 tatem
356 1125 484 1148 csmere
508 1115 742 1159 archiepiscopi
765 1116 1001 1159 Trev(erensis)
1025 1118 1170 1150 totaliter
1191 1119 1418 1152 inferendam(

336 1167 375 1200 In
403 1178 538 1210 quorum
566 1169 707 1200 omnium
735 1172 768 1200 et
795 1168 991 1211 singulorum
1027 1170 1252 1203 certitudinem
1287 1175 1320 1203 et
1347 1172 1470 1205 roboris
1502 1174 1686 1207 firmitatem
1715 1182 1882 1218 presentes

232 1218 357 1252 litteras
379 1219 484 1262 sigillo
508 1222 616 1252 nostre
639 1220 728 1261 regie
751 1221 930 1253 maiestatis
952 1221 1108 1253 tradimus
1131 1223 1351 1255 communitas.

188 1283 214 1304 ὀ
338 1275 460 1308 Datum
482 1275 627 1318 Colonie,
651 1276 712 1308 ΙΙΙ.
729 1276 839 1309 Nonas
854 1276 1056 1318 Decembris,
1072 1287 1155 1310 anno
1173 1277 1302 1311 Domini
1318 1279 1489 1312 millesimo
1507 1284 1732 1316 trecentesimo
1750 1290 1878 1326 quarto-

233 1327 368 1370 decimo,
391 1328 483 1370 regni
504 1338 582 1360 vero
606 1329 706 1360 nostri
728 1338 811 1360 anno
835 1330 948 1370 primo.

383 1443 464 1479 160.
507 1443 732 1488 Confirmatio
761 1444 807 1479 ad
833 1443 998 1480 teloneum
1025 1445 1300 1490 Confluentinum
1325 1451 1492 1493 spectans.
1601 1449 1679 1485 Dec.
1700 1451 1733 1486 3.

341 1512 518 1554 Oriyinalia
545 1513 610 1545 tria
635 1515 720 1545 1—:3
749 1513 876 1553 ibidem,
904 1524 1038 1554 quorum
1070 1516 1088 1547 3
1111 1516 1236 1555 partim
1267 1526 1435 1548 corrosum.
1480 1517 1658 1558 Descripsit
1679 1519 1725 1552 vel
1745 1522 1879 1553 contulit

233 1563 274 1597 R.
291 1564 442 1598 Ladicke.
493 1564 636 1597 Pendent
662 1564 769 1605 siqilla
791 1564 870 1605 plus
892 1566 1038 1598 'minusve
1065 1566 1152 1598 laesa
1178 1566 1244 1607 filis
1271 1568 1381 1599 sericis
1408 1569 1497 1601 rubei
1526 1569 1662 1611 flaquue
1689 1571 1813 1604 coloris.
1837 1592 1878 1597 —

191 1624 217 1646 ss
234 1615 405 1649 Ineditum.

341 1668 391 1711 Cf.
412 1679 512 1710 supra
533 1679 584 1701 nr.
602 1669 665 1700 159
688 1679 756 1709 cap.
774 1671 802 1701 1.
849 1669 891 1701 In
914 1680 982 1711 cap.
998 1670 1020 1700 2
1041 1670 1196 1703 nonnulla
1211 1672 1399 1704 conveniunt
1421 1683 1492 1704 cum
1507 1672 1755 1707 Promissionum
1778 1686 1878 1718 supra

229 1730 278 1753 m.
299 1719 342 1752 63
363 1731 431 1761 cap.
447 1722 477 1752 8.

337 1788 529 1822 Ludowieus
563 1790 625 1822 Dei
656 1791 760 1833 gratia
788 1789 1007 1823 Romanorum
1035 1802 1093 1823 rex
1123 1802 1251 1834 semper
1280 1796 1433 1835 augustus
1534 1794 1689 1826 universis
1713 1800 1879 1837 presentes

231 1839 356 1873 litteras
377 1842 567 1885 inspecturis
655 1843 792 1884 gratiam
816 1853 907 1875 suam
931 1847 964 1875 ct
986 1853 1080 1875 omne
1104 1843 1232 1876 bonum.

187 1903 213 1924 so
339 1895 367 1925 1.
406 1891 488 1925 Cum
522 1894 744 1926 serenissimus
782 1895 931 1936 princeps
972 1895 1074 1927 felicis
1108 1896 1339 1928 recordationis
1371 1896 1542 1929 dominus·
1576 1897 1735 1930 Henricus
1769 1898 1877 1931 divina

231 1943 420 1987 disponente
448 1945 620 1978 clementia
647 1945 868 1978 Romanorum
894 1947 1086 1989 imperator,
1110 1958 1182 1979 cum
1212 1947 1316 1980 adhuc
1339 1948 1440 1990 regali
1464 1949 1657 1981 excellentia
1681 1950 1877 1992 fungeretur,

229 1995 404 2031 venerabili
428 1996 617 2029 Baldewino
641 2001 750 2030 sancte
773 1998 981 2030 Treverensis
1005 1999 1141 2031 ecclesie
1164 1999 1407 2042 archiepiscopo
1430 2001 1566 2043 principi
1583 2005 1691 2033 nostro
1708 2001 1877 2034 karissimo

229 2050 362 2090 propter
383 2059 499 2092 graves
522 2059 682 2092 expensas
709 2060 768 2092 per
795 2050 899 2092 ipsum
922 2050 1199 2093 archiepiscopum
1227 2051 1328 2083 factas
1354 2052 1387 2083 in
1410 2052 1544 2084 servicio
1567 2055 1600 2084 et
1622 2052 1777 2095 obsequio
1801 2053 1877 2085 dicti

230 2098 350 2132 domini
372 2100 576 2143 imperatoris
600 2105 633 2133 et
654 2101 780 2143 imperii
804 2101 846 2133 ob
869 2101 1054 2134 evidentem
1079 2103 1126 2134 rei
1150 2102 1277 2144 publice
1302 2106 1335 2134 et
1356 2103 1438 2135 sacri
1460 2103 1585 2145 imperii
1609 2104 1791 2144 utilitatem,
1814 2115 1878 2147 que

187 2162 213 2183 ιι
230 2162 295 2184 non
317 2152 385 2185 sine
408 2153 498 2195 gravi
529 2156 562 2185 et
589 2156 746 2196 perpetuo
770 2153 938 2196 dispendio
962 2153 1098 2186 ecclesie
1122 2154 1329 2186 Treverensis
1359 2155 1507 2187 sustineri
1533 2165 1592 2187 nec
1615 2155 1695 2187 solvi
1718 2160 1878 2197 poterant,

229 2213 354 2236 necnon
376 2206 508 2247 propter
530 2204 692 2237 fructuosa
715 2205 860 2246 servicia,
885 2215 946 2247 que
970 2205 1056 2238 idem
1079 2205 1340 2248 archiepiscopus
1363 2206 1483 2248 pluries
1506 2207 1610 2238 eidem
1635 2207 1820 2249 imperatori
1845 2211 1879 2238 et

229 2255 365 2298 imperio
389 2255 535 2288 exhibuit
558 2267 630 2289 cum
654 2256 782 2297 effectu,
806 2267 840 2289 se
864 2267 988 2289 necnon
1011 2257 1136 2289 nobiles
1160 2261 1193 2289 et
1215 2257 1354 2290 vasallos
1376 2257 1512 2290 ecclesie
1535 2269 1591 2290 sue
1615 2269 1672 2300 pro
1689 2258 1876 2290 defensione

230 2310 264 2339 et
298 2309 542 2351 recuperatione
577 2311 678 2340 status
710 2309 836 2351 imperii
865 2319 988 2340 necnon
1022 2309 1068 2340 rei
1095 2309 1224 2351 publice
1251 2313 1336 2341 statu
1364 2310 1498 2352 pacifico
1528 2309 1739 2352 exponendo,
1774 2314 1807 2341 et
1842 2315 1878 2342 ut

229 2360 371 2392 securior
402 2359 576 2392 conductus
610 2360 847 2392 transeuntibus
880 2360 1054 2402 prebeatur
1088 2360 1260 2403 pluresque
1298 2362 1377 2393 alias
1411 2371 1523 2394 causas
1557 2362 1717 2404 legitimas
1751 2361 1877 2404 prefato

184 2418 214 2440 «ο
231 2410 474 2454 archiepiscopo
503 2412 632 2454 suisque
660 2411 896 2444 successoribus
923 2415 956 2444 et
983 2411 1118 2444 ecclesie
1143 2412 1347 2454 Treverensi,
1377 2423 1439 2455 que
1463 2424 1525 2446 una
1548 2413 1589 2445 de
1612 2413 1821 2445 nobilioribus
1844 2419 1878 2444 et

229 2462 462 2505 antiquioribus
484 2463 567 2495 sacri
588 2464 714 2505 imperii
738 2463 970 2506 principatibus
986 2474 1056 2495 esse
1073 2463 1247 2496 dinoscitur
1262 2468 1295 2496 et
1311 2463 1369 2496 sub
1386 2468 1522 2507 augusto
1538 2466 1655 2496 meruit
1674 2465 1878 2496 incrementis

229 2515 391 2557 prosperis
413 2515 636 2557 multipliciter
657 2516 870 2557 augmentari,
887 2515 1067 2548 serenitatis
1090 2526 1146 2547 sue
1169 2516 1418 2548 munificentiam
1442 2516 1661 2548 favorabiliter
1677 2520 1876 2555 convertens,

229 2566 387 2608 premissa
409 2576 658 2608 recompensans
680 2577 739 2598 suo
762 2570 795 2599 et
817 2577 946 2598 suorum
970 2577 1190 2598 successorum
1211 2566 1431 2599 Romanorum
1454 2579 1567 2610 regum
1591 2572 1624 2599 et
1647 2569 1875 2610 imperatorum

230 2617 358 2649 nomine
382 2617 516 2649 duorum
540 2628 723 2660 grossorum
748 2618 981 2650 Turonensium
1005 2619 1046 2650 de
1070 2619 1215 2661 qualibet
1237 2623 1363 2651 carrata
1386 2621 1449 2651 viui
1473 2625 1506 2652 et
1528 2620 1569 2651 de
1593 2620 1663 2651 aliis
1683 2619 1876 2652 mercatibus

187 2676 214 2697 u
232 2667 323 2700 iuxta
345 2672 532 2701 consuetam
550 2670 749 2702 taxationem
766 2670 950 2712 pedagium,
966 2671 1115 2712 vectigal,
1131 2670 1338 2712 guidagiumb
1361 2682 1418 2702 seu
1442 2671 1647 2703 theloneume
1671 2672 1700 2702 in
1724 2670 1876 2709 dominio,

334 2737 398 2764 159.
427 2739 451 2771 ⁰)
474 2748 548 2773 capp.
564 2742 579 2765 7
601 2744 625 2766 ct
648 2742 666 2766 8
691 2740 781 2766 dacum
804 2740 840 2766 Η.
943 2739 968 2772 ⁶)
987 2745 1090 2774 preter
1109 2740 1177 2766 aaut
1197 2740 1230 2765 H.
1332 2740 1355 2771 θ)
1373 2749 1453 2773 quos
1471 2740 1539 2765 decet
1558 2740 1592 2765 ΙΙ.
1694 2739 1715 2772 s)
1734 2741 1875 2773 ipsum—

230 2781 431 2808 inferendam
450 2783 541 2808 desunt
559 2783 594 2808 Η.

334 2831 400 2859 10⁰.
428 2832 452 2865 ⁸)
471 2851 477 2859 .
492 2853 498 2860 .
517 2833 578 2858 aad.
599 2833 673 2859 1—3.
761 2833 785 2866 b)
803 2834 952 2867 gvidagium
971 2834 996 2860 2.
1014 2834 1038 2860 3.
1128 2835 1151 2866 c)
1171 2835 1297 2861 teloneum
1317 2834 1340 2860 2.
1359 2834 1383 2859 3.

333 2891 375 2911 u..
388 2891 614 2911 cossrrrurmsss
626 2893 652 2911 v.
1639 2885 1673 2912 20
