2190 3172
435 235 532 265 ACTA
550 220 663 265 REGNI
682 236 870 265 LUDEWICI
887 237 935 265 1v.
953 237 999 266 ΕΤ
1019 237 1205 266 FRIDERICI
1224 238 1272 266 111.
1311 239 1385 267 1315.
1422 239 1471 267 Nr.
1484 240 1543 268 291.
1562 240 1621 268 292.
1794 244 1858 274 255

201 323 322 356 daltres
341 324 425 365 jons.
471 322 515 355 Et
544 334 640 366 apres
667 323 748 364 daeo
777 323 831 356 vol
857 334 892 356 se
915 334 1012 366 posar
1041 325 1088 358 ele
1111 335 1222 368 camps
1252 329 1362 358 contre
1387 325 1480 358 laltre
1508 331 1541 358 et
1568 326 1620 359 vol
1648 327 1679 358 lo
1710 328 1795 369 gitar
1818 328 1858 359 dc

199 377 286 407 terra
308 385 327 407 o
351 384 414 417 que
438 385 544 417 venga
567 386 587 407 a
610 374 740 408 batalla.
786 375 857 408 Mas
879 386 921 407 no
944 386 1019 408 creu
1043 376 1110 408 null
1132 376 1219 415 hom,
1243 387 1306 420 que
1330 377 1424 410 laltre
1447 378 1479 410 lo
1503 388 1562 420 gos
1585 389 1727 420 esperar.

306 426 392 459 Item
414 436 471 458 vos
493 426 544 466 sac
567 436 587 459 a
609 426 714 467 saber,
743 436 806 468 que
829 437 887 459 nos
910 437 973 469 que
996 427 1058 469 ych
1081 428 1198 460 havem
1223 429 1318 461 hauts
1340 440 1436 471 grans
1459 429 1593 462 treballs
1615 434 1648 462 et
1670 430 1788 473 despes
1812 436 1859 463 tot

200 479 300 519 quant
322 477 373 509 hic
397 481 554 520 apertam.
598 477 640 510 Et
667 479 722 510 axi
745 488 803 510 nos
825 478 932 510 volem
956 489 1103 521 esperar,
1132 491 1258 522 pusque
1286 484 1355 513 tant
1384 481 1426 514 ho
1450 481 1567 514 havem
1590 486 1733 524 esperat,
1762 483 1859 524 quina

169 536 180 556 υ
199 528 221 560 fi
243 538 343 561 auran
365 527 414 560 los
436 528 542 561 affers.
584 529 648 562 Cor
670 530 698 561 si
713 539 884 571 passavem
907 540 947 562 en
965 530 1173 571 Lombardia,
1198 542 1277 574 gran
1294 532 1390 574 profit
1404 543 1463 565 nos
1479 543 1624 575 pensam,
1648 544 1748 575 quens
1764 535 1858 566 seria.

199 579 305 612 Prech
329 590 395 621 vos,
419 590 515 622 quem
539 580 723 622 perdonets,
747 590 817 613 com
841 591 922 613 nous
946 581 994 614 fas
1017 582 1116 614 letres
1139 583 1309 625 especialu,
1339 594 1402 626 que
1427 595 1466 616 en
1489 587 1559 616 tant
1580 595 1677 626 grans
1700 585 1803 617 affans
1827 592 1859 618 et

199 631 320 663 trebals
343 642 412 664 som
437 631 526 663 enfre
549 631 667 664 moltes
689 632 798 674 letres,
823 643 885 675 que
909 632 950 665 he
974 643 994 665 a
1018 633 1066 666 fer
1089 634 1129 666 de
1153 634 1185 666 la
1207 645 1344 677 senyora
1368 639 1401 667 et
1423 646 1465 667 un
1489 639 1523 667 et
1546 636 1602 676 als,
1627 647 1690 678 que
1714 648 1754 679 yo
1778 648 1859 669 nous

198 693 265 725 pux
281 684 420 715 escriure
437 683 633 726 longament.
672 683 745 716 Non
767 694 813 725 se,
837 695 877 716 en
900 684 976 726 quin
999 688 1079 727 punt
1102 695 1154 717 me
1178 686 1262 727 parti
1286 686 1326 718 de
1350 686 1381 718 la
1404 691 1473 718 cort
1497 686 1549 719 del
1565 698 1682 729 senyor
1704 699 1770 730 rey,
1795 699 1858 731 que

198 745 240 766 no
263 734 305 766 he
328 734 375 767 fet
397 744 505 777 negun
529 734 570 767 de
592 746 667 767 mon
691 746 782 777 prou.
827 735 898 767 Mas
921 735 963 768 he
987 736 1018 768 fe
1043 747 1083 768 en
1105 736 1195 778 Deu,
1227 748 1289 779 que
1314 737 1356 769 ell
1378 748 1431 769 me
1454 738 1578 780 minor,
1609 750 1673 781 que
1698 751 1793 782 apres
1817 740 1858 772 de

156 794 182 814 ιο
199 796 278 828 gran
304 786 370 818 mal
403 796 441 818 ve
471 797 550 828 gran
580 786 654 819 ben.
700 787 784 819 Item
811 798 870 819 vos
899 787 950 827 fac
980 788 1090 829 saber,
1117 789 1153 829 jo
1177 788 1394 829 Nalamanda,
1426 800 1489 831 que
1516 800 1612 832 apres
1636 790 1706 823 dels
1729 802 1859 824 correus

198 837 306 870 Johan
333 840 367 870 et
389 847 508 879 mongo
535 837 638 870 venoh
668 849 710 870 un
733 849 861 879 correu,
890 840 946 882 qui
972 840 1026 871 viu
1053 840 1085 872 la
1113 845 1197 872 mort
1227 840 1290 873 den
1314 841 1354 873 R.
1400 840 1443 873 Et
1465 846 1579 884 sporta
1603 842 1701 874 letres
1724 847 1858 884 vostros,

199 888 240 921 de
267 889 300 921 la
327 888 406 931 qual
435 899 509 921 cosa
533 889 569 930 jo
596 891 672 932 agui
699 891 780 922 molt
805 901 884 933 gran
907 902 972 934 gog
1000 894 1034 924 et
1055 902 1135 934 gran
1158 893 1259 934 plaer.
1303 893 1347 925 Et
1369 894 1499 926 entenIa
1522 895 1548 926 si
1573 899 1664 927 entre
1688 895 1736 927 les
1759 896 1858 927 altres

199 950 305 982 ceses,
339 950 402 983 que
425 940 462 982 jo
490 951 552 983 quo
576 941 700 983 degues
722 945 892 984 recaptara
914 942 931 974 I
958 946 1048 975 carta
1079 943 1132 975 del
1156 953 1273 985 senyor
1302 955 1358 986 rey
1386 949 1509 986 nostre,
1540 956 1603 988 que
1633 957 1712 978 anas
1742 947 1773 978 al
1801 958 1857 989 rey

197 990 400 1036 F[rederie]‚¹
424 991 455 1024 el
485 1002 588 1035 queus
610 992 701 1025 lexas
723 997 791 1026 trer
812 993 854 1026 de
877 994 910 1026 la
932 1005 990 1026 sua
1012 997 1099 1027 terra
1122 994 1175 1026 III
1197 994 1251 1039 ffi[.
1269 1020 1276 1027 .
1294 994 1336 1039 .]·
1358 997 1476 1029 salmes
1499 997 1540 1029 de
1565 997 1714 1030 forment.
1759 998 1803 1030 Et
1821 999 1857 1039 jo

155 1053 180 1074 u
198 1043 247 1077 fas
270 1054 327 1076 vos
350 1043 460 1084 saber,
490 1055 552 1086 que
575 1055 683 1087 negun
705 1055 769 1077 non
792 1045 876 1086 loab,
905 1056 968 1088 que
996 1045 1028 1078 la
1051 1057 1152 1089 agues
1175 1047 1229 1079 del
1251 1058 1324 1090 rey,
1356 1052 1390 1080 et
1411 1049 1466 1080 axi
1492 1049 1528 1090 jo
1552 1053 1672 1082 mostre
1695 1050 1727 1082 la
1751 1055 1858 1082 vostra

197 1095 280 1129 Istra
302 1107 320 1128 a
344 1095 376 1128 la
398 1106 508 1138 reyna.
554 1095 596 1128 Et
619 1096 683 1129 ella
706 1099 854 1139 atorgam
883 1097 915 1129 la
945 1101 1034 1130 carta
1055 1097 1136 1130 molt
1159 1099 1464 1132 volenterosament.
1510 1099 1553 1132 Et
1575 1100 1617 1133 he
1640 1101 1672 1133 la
1695 1101 1803 1133 hauda
1826 1106 1860 1133 et

197 1150 316 1180 tremet
342 1148 412 1180 laus
438 1158 498 1190 per
527 1146 683 1191 aque[s]ts
706 1158 838 1180 correus
862 1158 990 1191 aquexa
1018 1152 1051 1181 et
1074 1149 1090 1181 I
1113 1149 1209 1190 altra,
1241 1161 1324 1193 quen
1357 1151 1398 1183 he
1423 1151 1598 1193 recaptade
1629 1152 1669 1184 de
1693 1152 1725 1185 la
1748 1163 1857 1195 reyna,

199 1210 261 1242 que
284 1210 325 1231 va
348 1199 380 1232 al
403 1210 459 1241 rey
483 1199 627 1241 d'Arago
652 1199 692 1232 de
716 1200 847 1242 prechs‚
874 1210 937 1242 que
966 1200 1009 1232 ell
1033 1211 1096 1243 que
1120 1201 1196 1242 deja
1220 1202 1362 1234 deliurar
1382 1203 1614 1236 iversosament
1638 1204 1685 1236 los
1709 1203 1816 1236 diuers
1840 1215 1858 1236 a

198 1261 268 1284 mes
291 1262 359 1284 sors
376 1275 383 1283 .
401 1275 407 1283 .
426 1275 433 1282 .
451 1275 458 1283 .

155 1311 181 1331 ὀ
308 1302 411 1335 Scrita
434 1303 467 1334 in
490 1302 614 1343 Baden,
638 1303 730 1335 VIII.
747 1302 825 1335 Idus
848 1303 941 1335 Iunii.

292 1521 538 1567 292—295.
581 1519 861 1566 SCRIPTA
888 1520 1242 1567 FRIDERICI
1277 1520 1407 1567 PRO
1436 1522 1766 1569 DIVERSIS.

747 1597 854 1634 1315.
893 1597 974 1634 Iun.
1000 1598 1222 1644 11.-Aug.
1248 1599 1304 1635 11.

286 1713 372 1749 292.
413 1713 587 1759 Scriptum
610 1725 678 1759 pro
705 1713 882 1749 comitibus
909 1713 950 1749 dc
978 1713 1151 1759 Homhery
1179 1717 1209 1749 et
1238 1715 1279 1749 de
1305 1714 1499 1759 Habsbmy.
1606 1715 1687 1751 Iun.
1706 1717 1762 1750 11.

309 1786 470 1828 Oriyinale
495 1787 570 1829 (or.)
597 1787 633 1819 in
659 1786 820 1819 tabulario
847 1797 992 1819 caesareo
1016 1787 1256 1820 Vindobonensi.
1306 1788 1448 1821 Contulit
1472 1788 1514 1820 R.
1531 1788 1689 1821 Salomon.
1735 1788 1855 1821 Pendet

156 1847 181 1868 n
199 1837 338 1880 sigillum
360 1839 428 1878 sere
449 1838 593 1870 illaesum
615 1838 680 1870 loro
703 1838 944 1871 membranaceo.

306 1897 452 1937 Bo'hmer,
476 1898 552 1939 Rey.
568 1897 681 1931 Ludw.
699 1909 734 1939 p.
753 1900 816 1931 167
838 1899 1008 1931 Friedrich
1031 1909 1081 1931 nr.
1098 1901 1150 1931 43.

305 1988 373 2021 Nos
406 1988 592 2021 Fridericus
625 1988 690 2021 Dei
721 1990 830 2031 gracia
861 1989 1080 2022 Romanorum
1115 1999 1174 2021 rex
1207 2000 1336 2031 semper
1370 1994 1523 2031 augustus
1558 1990 1599 2022 ad
1633 1991 1855 2022 universorum

198 2040 349 2072 noticiam
372 2040 520 2072 volumus
543 2041 726 2082 pervenire,
759 2040 845 2083 quod
875 2041 1038 2072 constituti
1069 2041 1100 2072 in
1123 2045 1232 2072 nostre
1255 2042 1435 2073 maiestatis
1458 2042 1625 2083 presencia
1649 2041 1774 2073 nobiles
1797 2042 1855 2073 viri

198 2090 399 2124 Wernherus
426 2102 534 2124 comes
562 2092 602 2124 de
629 2091 820 2134 Homberge
851 2095 884 2124 et
912 2092 1073 2124 Iohannes
1102 2102 1212 2124 comes
1243 2092 1284 2124 de
1310 2092 1531 2133 Habisburch,
1564 2094 1791 2135 consanguinei
1823 2096 1856 2125 et

99 2179 101 2181 ,
155 2156 181 2176 ao
198 2142 312 2175 fideles
334 2144 435 2175 nostri
454 2143 626 2183 karissimi,
651 2144 819 2186 cupientes
842 2143 939 2176 iidem
956 2143 1082 2175 nobiles
1106 2143 1189 2175 bona
1213 2147 1246 2175 et
1260 2148 1349 2175 recta
1364 2144 1547 2176 intencione
1563 2150 1697 2186 propter
1719 2144 1855 2186 ydemp·

146 2203 149 2206 ·
197 2195 324 2227 titatem
351 2195 529 2236 sanguinis,
559 2205 631 2226 cum
659 2194 775 2227 fratres
798 2195 955 2227 couterini
979 2195 1131 2235 existant,
1170 2198 1205 2226 ut
1235 2195 1328 2227 unius
1355 2195 1441 2227 bona
1470 2195 1512 2227 ad
1535 2195 1672 2227 alterum
1703 2206 1744 2227 ex
1777 2197 1856 2238 ipsis

198 2245 339 2278 debeant
353 2247 534 2288 provenire,
551 2246 696 2288 prefatus
711 2246 912 2278 Wernherus
928 2246 1114 2278 theloneum
1131 2247 1163 2278 in
1178 2246 1294 2278 Flfilen
1311 2247 1378 2278 sive
1394 2247 1443 2278 ius
1459 2247 1546 2289 quod
1570 2248 1601 2278 in
1615 2248 1686 2289 ipso
1702 2247 1855 2279 theloneo

197 2297 320 2330 habere
343 2297 519 2330 dinoscitur
541 2298 668 2340 prefato
691 2298 828 2330 Iohanni
851 2301 885 2330 et
905 2299 1070 2330 viceversa
1093 2297 1179 2330 idem
1202 2298 1364 2330 Iohannes
1387 2299 1447 2340 ipsi
1463 2298 1646 2331 Wernhero
1668 2300 1855 2331 comitatum

198 2359 290 2381 suum
318 2349 351 2381 in
374 2349 547 2391 Kletgowe
575 2359 613 2381 ac
636 2349 846 2382 advocaciam
872 2350 905 2381 iu
927 2349 1073 2391 Rynowe
1105 2353 1139 2381 et
1164 2350 1362 2392 generaliter
1389 2351 1497 2382 omnia
1523 2351 1588 2382 alia
1610 2350 1717 2386 feoda,
1749 2360 1812 2392 que
1836 2360 1855 2381 a

155 2412 180 2433 ns
198 2400 291 2432 nobis
315 2403 349 2432 et
370 2401 505 2443 imperio
522 2400 599 2432 dicti
613 2401 748 2433 comites
763 2403 876 2433 tenent
897 2403 932 2432 et
954 2400 1120 2442 possident
1143 2405 1176 2433 et
1199 2405 1310 2433 tenere
1333 2412 1370 2433 ac
1386 2401 1508 2433 habere
1525 2401 1655 2442 debent,
1678 2401 1855 2433 accedente

200 2451 242 2497 ad
263 2452 326 2484 hoc
347 2456 456 2484 nostro
481 2462 637 2484 consensu
661 2456 694 2484 et
716 2453 908 2484 auctoritate
933 2453 1109 2494 expressis,
1141 2463 1199 2494 per
1221 2463 1335 2484 manus
1357 2456 1484 2485 nostras
1506 2453 1634 2496 regales
1657 2463 1738 2484 unus
1761 2453 1855 2484 alteri

199 2504 326 2546 pepigit
354 2506 388 2536 et
414 2503 550 2546 legavit,
581 2503 668 2546 quod
691 2503 867 2546 vulgariter
894 2503 1010 2535 dicitur
1037 2505 1090 2535 ain
1112 2504 1304 2547 gemaechd.
1350 2505 1542 2537 Reservavit
1564 2508 1674 2536 tamen
1697 2505 1757 2537 sibi
1781 2514 1854 2546 pre-

199 2553 285 2587 fatus
300 2554 511 2596 wernherus,
535 2556 590 2598 qui
612 2555 754 2587 nondum
777 2558 933 2587 uxoratus
949 2556 1070 2596 existit,
1094 2555 1181 2598 quod
1204 2556 1246 2588 de
1270 2556 1375 2588 feodis
1397 2557 1462 2588 suis
1478 2556 1631 2598 predictis
1655 2557 1758 2597 uxori,
1783 2566 1854 2587 cum

201 2616 264 2648 qua
290 2607 396 2648 ipsum
418 2606 696 2639 matrimonialiter
727 2607 918 2639 contrahere
946 2607 1128 2648 continget,
1158 2607 1371 2639 donacionem
1402 2611 1537 2650 propter
1558 2609 1691 2649 nupcias
1715 2613 1747 2639 et
1769 2618 1854 2639 mor-

154 2668 183 2688 4ο
200 2658 382 2699 gonaticam
406 2657 515 2690 valeat
537 2658 711 2700 assignare.
752 2658 890 2690 Omnem
907 2657 1155 2690 nichilhominus
1177 2657 1352 2691 defectum.
1376 2661 1402 2691 si
1426 2660 1496 2701 quis
1520 2659 1551 2690 in
1573 2659 1756 2690 huiusmodi
1779 2669 1854 2690 con-

200 2710 304 2740 tractu
327 2718 398 2741 esse
421 2712 532 2750 posset
562 2711 695 2751 propter
722 2709 940 2741 minoritatem
963 2719 1118 2741 annorum
1143 2710 1261 2751 prefati
1284 2710 1437 2742 Iohannis
1460 2710 1615 2752 patruelis
1638 2711 1754 2742 nostri.
1778 2720 1853 2750 sup-

201 2758 328 2801 plentes
343 2759 384 2792 de
396 2759 596 2802 plenitudine
608 2761 698 2802 regie
711 2761 891 2802 potestatis,
909 2762 1077 2802 presertim
1092 2771 1163 2792 cum
1179 2761 1211 2792 in
1223 2762 1341 2794 iudicio
1355 2763 1442 2794 curie
1459 2765 1566 2793 nostre
1579 2762 1663 2793 foret
1677 2761 1854 2793 obtentum.

303 2853 369 2881 201.
396 2855 420 2887 ι)
439 2854 559 2888 foramen
577 2863 614 2880 or.
702 2854 729 2887 ιι)
747 2855 789 2881 ιω.
807 2865 845 2881 or.
