2184 3126
412 190 510 219 ACTA
529 190 642 219 amm
661 189 846 218 LUDEWICI
866 189 912 217 lv.
930 189 978 216 ET
997 188 1182 217 mmmmm
1202 189 1250 216 111.
1288 189 1363 216 1822.
1400 188 1450 216 Nr.
1462 189 1522 217 695.
1540 189 1599 217 696.
1618 189 1677 216 697.
1810 191 1873 221 549

327 277 518 310 Ludowicus
547 277 610 310 Dei
642 278 747 319 gratia
773 276 994 309 Romanorum
1027 286 1087 308 rex
1116 285 1245 317 semper
1277 278 1433 317 augustus
1529 275 1770 307 honorabilibus
1798 275 1874 307 viris

218 330 393 372 preposito,
416 329 540 361 decano
562 329 686 371 totique
709 327 851 370 capitulo
875 327 1011 359 ecclesie
1034 327 1135 358 sancti
1149 326 1305 358 Florentii
1326 327 1359 358 in
1381 326 1526 359 Haslach
1550 325 1632 358 dioc.
1651 327 1872 368 Argentinen.,

220 380 344 413 devotis
367 381 432 412 suis
455 379 588 424 dilectis,
667 379 806 422 gratiam
829 388 919 411 suam
943 374 978 410 et
999 388 1094 410 omne
1117 377 1247 410 bonum.

326 431 579 464 Predecessores
602 431 701 462 nostri
724 429 945 463 Romanorum
968 439 1064 472 reges
1090 432 1124 461 et
1151 430 1364 472 imperatores
1391 432 1464 471 post
1492 428 1758 461 sublimacionem
1780 439 1872 461 suam

187 491 200 511 θ
219 483 306 526 apud
329 482 470 525 singulas
493 482 647 515 ecclesias
670 492 768 524 super
790 482 882 514 unius
905 492 1042 524 persone
1064 481 1191 523 ydonee
1214 482 1399 523 receptione
1422 481 1587 513 habebant
1609 484 1722 523 petere
1746 484 1780 512 et
1802 491 1874 513 curn

219 533 474 577 promptitudine
508 533 653 576 qualibet
686 532 842 565 exaudiri.
903 531 1219 576 [Predecessorum]⁸
1253 533 1351 575 igitur
1388 535 1570 565 nostrorum
1608 532 1681 564 dive
1718 533 1873 565 memorie

218 586 362 628 vestigiis
403 585 601 626 insistentes,
636 594 676 616 ne
713 585 781 616 iura
809 588 918 616 nostra
955 587 988 616 et
1014 584 1141 626 imperii
1174 583 1342 626 negligere
1373 583 1555 625 videamur,
1596 584 1652 627 qui
1691 594 1733 616 ex
1766 584 1873 616 officio

218 636 507 669 administracionis
530 635 669 677 desuper
696 635 790 667 nobis
819 635 937 667 tradite
967 635 1048 667 alios
1077 635 1234 667 debemus
1262 636 1296 667 in
1322 645 1380 667 sua
1408 636 1534 668 iusticia
1563 635 1750 675 confovere,
1781 635 1874 668 vobis

218 687 346 720 racione
376 687 552 719 creacionis
578 690 687 718 nostre
714 686 803 728 regie
830 697 889 728 pro
918 685 1056 719 discreto
1079 685 1220 728 Hugone
1242 686 1308 718 filio
1335 686 1483 728 Hugonis
1511 686 1603 719 Fulle
1631 686 1724 719 nobis
1753 686 1873 719 dilecto

177 750 201 771 u
221 738 388 781 dirigimus
405 739 574 780 primarias
590 748 704 780 preces
720 741 854 770 nostras.
900 737 1120 770 Devocionem
1136 740 1277 770 vestram
1292 740 1416 770 attente
1430 738 1632 780 requirentes
1647 741 1681 771 et
1696 738 1872 778 hortantes,

218 790 367 832 quatinus
390 789 528 821 eundem
551 789 736 831 Hugonem,
760 789 850 821 cuius
873 789 1114 831 promocionem
1136 790 1260 821 sincero
1284 788 1446 831 diligimus
1469 800 1510 822 ex
1533 790 1662 830 affectu,
1686 790 1728 822 ob
1750 790 1819 822 iura
1841 793 1875 822 et

219 841 447 883 primariarum
482 850 614 882 precum
649 842 830 871 nostrarum
865 841 1085 872 reverenciam
1112 840 1144 872 in
1173 843 1313 872 vestrum
1349 844 1382 872 et
1409 840 1545 873 ecclesie
1573 844 1679 873 vestre
1709 842 1872 884 recipiatis

217 892 405 924 canonicum
429 894 462 923 et
485 891 689 932 confratrem,
714 890 821 923 eidem
845 890 885 923 de
909 891 1075 933 prebenda
1097 894 1232 923 vacante
1255 890 1298 923 ad
1320 901 1453 933 presens
1475 892 1527 924 vel
1550 893 1697 934 proxime
1720 896 1874 924 vacatura

218 942 301 975 adeo
330 942 508 974 liberaliter
540 942 763 984 providentes.
798 945 834 974 ut
867 941 1004 974 obindeb
1032 943 1148 974 vestris
1174 945 1208 974 et
1234 941 1372 975 ecclesie
1397 947 1504 975 vestre
1531 943 1815 976 commoditatibus
1842 948 1875 976 et

175 1005 201 1026 u
219 993 418 1037 profectibus
442 993 664 1026 favorabiliter
686 993 853 1025 intendere
876 1004 934 1026 nos
957 993 1108 1026 delectet.

329 1045 448 1078 Datum
481 1045 568 1087 apud
598 1045 794 1087 Augustam,
824 1044 883 1077 lv.
906 1045 979 1077 Kal.
1007 1044 1212 1086 Decembris,
1246 1055 1328 1077 anno
1358 1044 1490 1077 Domini
1517 1045 1750 1088 MCCCXXII,
1784 1048 1875 1089 regni

217 1097 317 1129 nostri
340 1107 424 1129 anno
447 1107 541 1128 nono.

531 1226 724 1258 696-699.
758 1224 1003 1257 FORMULAE
1026 1224 1209 1257 PREOUM
1231 1223 1562 1258 PRIMARIARUM.

953 1283 1029 1316 Sine
1053 1284 1139 1317 dato.

176 1395 202 1415 πο
287 1373 290 1376 ’
831 1382 918 1418 696.
959 1381 1128 1418 Formula
1150 1384 1262 1427 prior.

328 1452 484 1485 Servatur
511 1451 547 1483 in
569 1450 667 1483 Libro
694 1450 904 1483 cancellariae
930 1451 986 1494 (c.)
1008 1451 1174 1484 Ludewici
1200 1452 1299 1493 reyis,
1332 1452 1370 1485 de
1397 1463 1460 1493 quo
1484 1463 1512 1484 v.
1534 1462 1636 1493 supra
1662 1453 1707 1484 ad
1733 1463 1783 1485 m.
1801 1454 1873 1492 679,

218 1503 272 1543 fol.
290 1505 342 1535 76.
365 1522 407 1527 —
430 1502 492 1535 Ed.
515 1502 558 1534 H.
576 1501 732 1534 Bresslau
755 1502 869 1535 ‘Neues
890 1503 1020 1535 Archiv'
1042 1502 1138 1542 XIV,
1160 1503 1225 1535 432
1246 1514 1296 1535 nr.
1314 1506 1334 1535 1
1356 1514 1395 1536 ex
1418 1514 1444 1536 c.
1490 1503 1673 1536 Editiomm
1694 1506 1872 1545 repetimus.

328 1588 551 1629 Lud(owicus)
581 1593 641 1620 etc.
735 1588 978 1620 honorabilibus
1007 1588 1067 1620 vel
1094 1588 1350 1622 venerabilibus·
1376 1590 1451 1621 viris
1480 1589 1690 1631 p(reposito)‚
1719 1590 1873 1632 d(ecano)

219 1639 636 1684 Tong(rensis)·c(apituli),
659 1639 785 1671 devotis
808 1641 873 1671 suis
896 1639 1022 1672 dilectis
1045 1643 1105 1672 etc.

175 1706 201 1727 ,ι
326 1691 440 1723 Inclite
464 1691 701 1723 recordacionis
725 1691 870 1723 divorum
898 1692 1130 1734 imperatorum
1153 1695 1187 1724 et
1209 1702 1323 1734 regum
1345 1691 1580 1733 Romanorum,
1609 1691 1875 1734 predecessorum

220 1745 401 1775 nostrorum
424 1742 605 1780 illustrium,
629 1743 683 1784 qui
707 1742 882 1774 secundum
905 1743 1070 1784 antiquam
1094 1746 1128 1775 et
1150 1742 1365 1785 approbatam
1387 1743 1470 1774 sacri
1485 1742 1625 1774 Romani
1648 1743 1778 1786 imperii
1801 1754 1877 1775 con-

223 1794 435 1827 swetudinem
463 1798 542 1836 aput
569 1794 711 1836 singulas
739 1794 960 1834 kathedrales,
989 1794 1179 1836 collegiatae
1205 1804 1263 1826 seu
1286 1794 1514 1826 conventuales
1537 1794 1691 1826 ecclesias
1714 1796 1763 1827 sui
1785 1796 1877 1837 regni

221 1856 317 1888 super
340 1845 522 1888 provisione
549 1846 643 1877 unius
670 1855 807 1887 persone
831 1845 958 1887 ydonee
981 1845 1144 1878 habebant
1166 1849 1279 1888 petere
1303 1849 1336 1878 et
1358 1856 1430 1878 cum
1454 1845 1709 1888 promptitudine
1733 1846 1878 1889 qualibet

221 1896 384 1938 exaudiri,
416 1897 561 1939 vestigiis
588 1896 787 1938 inherentes,
818 1896 909 1928 vobis
936 1908 994 1939 pro
1025 1897 1144 1930 dilecto
1172 1897 1266 1929 nobis
1290 1922 1337 1937 ..‚
1365 1898 1454 1929 cuius
1481 1899 1721 1939 promocionem
1751 1899 1876 1930 sincero

176 1962 203 1984 ω
220 1947 383 1990 diligimus
399 1958 441 1980 ex
457 1947 586 1988 affectu,
603 1958 716 1990 preces
732 1951 858 1980 nostras
873 1948 1042 1990 primarias
1057 1947 1249 1980 fiducialiter
1264 1949 1414 1980 duximus
1430 1948 1651 1991 porrigendas,
1668 1948 1879 1982 devocionem

220 2002 360 2032 vestram
388 2000 546 2031 attencius
575 2000 791 2042 requirentes,
821 2000 971 2042 quatinus
994 1999 1132 2032 eundem
1158 2024 1189 2032 ..
1214 1999 1255 2031 ob
1284 2003 1465 2032 nostrarum
1495 2011 1627 2042 precum
1654 2001 1880 2042 primax-iarum

221 2052 440 2083 reverenciam
463 2052 495 2082 in
518 2053 660 2083 vestrum
688 2051 850 2094 recipiatis
873 2052 1062 2083 canonicum
1093 2054 1126 2083 et
1153 2051 1362 2091 confratrem,
1390 2051 1451 2083 sibi
1484 2051 1525 2083 de
1549 2051 1730 2094 prebenda,
1761 2052 1787 2083 si
1815 2061 1879 2094 qua

221 2105 315 2134 vacat
337 2102 389 2134 vel
412 2112 508 2144 quam
533 2103 671 2144 primum
694 2112 810 2134 vacare
833 2103 966 2144 ceperit,
990 2102 1073 2134 adeo
1097 2102 1276 2135 liberaliter
1298 2104 1469 2145 provisuri,
1499 2106 1535 2134 ut
1562 2103 1680 2135 obinde
1703 2104 1819 2135 vestris
1846 2108 1879 2135 et

222 2153 359 2186 ecclesie
387 2157 494 2186 vestre
523 2153 701 2186 commodis
729 2157 762 2185 et
791 2153 990 2195 profectibus
1020 2153 1227 2185 favorabilius
1254 2154 1422 2186 intendere
1457 2153 1577 2186 debeat
1603 2155 1695 2196 regia
1722 2154 1879 2186 celsitudo

179 2218 205 2238 ιο
222 2204 287 2237 vel
309 2204 477 2237 intendere
501 2204 679 2237 debeamus
702 2205 763 2236 vel
788 2204 985 2246 peramplius
1007 2205 1174 2237 intendere
1198 2215 1256 2236 nos
1279 2205 1430 2238 delectet.

827 2310 915 2346 697.
958 2310 1126 2346 Formula
1155 2310 1275 2346 altera.

331 2379 485 2412 Servatm·
506 2380 630 2412 ibidem.
654 2397 694 2403 -—
718 2379 782 2412 Ed.
799 2379 819 2411 l.
836 2390 862 2412 c.
878 2379 974 2418 XIV,
997 2381 1061 2411 433
1082 2390 1133 2411 nr.
1148 2380 1179 2411 2.
1226 2380 1309 2412 Item
1329 2380 1507 2420 repetimus.

329 2456 551 2499 Lud(owicus)
568 2460 628 2489 etc.
706 2457 882 2489 venerabili
899 2457 1052 2499 episcopo
1069 2460 1142 2498 etc.,
1165 2456 1253 2488 fideli
1269 2467 1326 2489 suo
1343 2456 1462 2489 dilecto
1478 2461 1539 2490 etc.
1563 2478 1604 2484 -
1628 2457 1789 2501 religiosis
1803 2468 1878 2500 per·

223 2509 309 2540 sonis
331 2508 441 2541 abbati
463 2511 497 2540 et
519 2508 690 2540 conventui
713 2526 755 2532 —
779 2508 941 2540 abbatisse
966 2512 998 2540 et
1021 2509 1191 2540 conventui
1216 2527 1256 2531 —
1279 2509 1440 2550 priorisse,
1463 2509 1617 2551 magistre
1641 2513 1675 2541 et
1697 2510 1878 2543 conventui.

179 2567 208 2587 ⁴⁰
225 2558 350 2591 devotis
368 2560 438 2591 'suis
462 2559 597 2591 dilectis.

332 2610 447 2643 Inclite
470 2611 701 2643 recordationis
717 2614 778 2642 etc.
803 2629 839 2633 —
867 2610 1058 2642 fidelitatem
1082 2611 1166 2642 sive
1190 2609 1400 2642 devocionem
1419 2611 1578 2643 attencius
1602 2612 1812 2653 requirentes,
1837 2630 1876 2635 -—

226 2662 290 2694 vel
317 2662 429 2694 intimo
457 2673 497 2694 ex
526 2662 645 2694 affectu
672 2681 713 2685 —
743 2663 891 2704 quatinus
919 2662 1026 2694 eidem
1056 2662 1096 2694 de
1125 2662 1281 2694 beneficio
1306 2662 1524 2694 ecclesiastico
1550 2662 1591 2694 ad
1616 2667 1755 2695 vestram
1778 2663 1877 2695 colia-

329 2745 395 2774 895.
423 2747 448 2779 ⁸)
466 2747 559 2773 excid-'t
576 2748 615 2773 od.
703 2746 728 2779 h)
746 2749 838 2774 abinde
856 2749 896 2775 ed.

333 2796 398 2824 ⁶⁹8.
426 2797 449 2830 ⁸)
468 2798 510 2824 vel
529 2798 720 2824 venerabilibus
739 2800 766 2825 in
784 2801 900 2834 mar-qim
919 2801 1046 2826 adiectum
1064 2809 1084 2825 c.
