2184 3126
258 124 261 126 -
294 140 357 171 448
534 136 631 164 ACTA
649 136 762 164 REGNI
782 135 966 163 LUDEWIOI
985 135 1031 162 IV.
1051 135 1096 162 ΕΤ
1114 134 1301 163 FRIDERICI
1320 135 1368 162 ΙΙΙ.
1404 135 1481 163 1320.
1516 135 1566 162 Nr.
1578 136 1637 163 558.
1655 136 1714 163 559.

294 227 328 255 et
355 223 540 256 obedientie
570 225 602 255 in
631 223 799 255 animabus
823 224 964 254 oninium
987 222 1206 264 predictorum
1234 222 1334 254 nobili
1357 224 1425 255 viro
1449 222 1578 254 domino
1602 222 1733 254 Uldrico
1757 222 1798 254 de
1815 222 1948 254 Walseb

293 275 389 308 Stirie
413 276 582 317 capitaneo
606 276 805 317 procuratori
829 279 862 306 et
885 275 1105 316 procuratorio
1128 274 1256 306 nomine
1280 275 1476 306 serenissimi
1497 275 1650 316 principis
1678 277 1711 305 et
1734 274 1855 306 domini
1877 274 1948 305 Fri-

294 327 392 359 derici
409 327 627 359 Romanorum
652 327 738 368 regis
754 336 883 367 semper
898 326 1026 367 augusti
1049 328 1083 357 et
1105 325 1187 357 sacri
1202 324 1342 357 Romani
1363 326 1491 368 imperii
1514 329 1547 358 et
1561 326 1690 358 nomine
1712 326 1813 367 ipsius
1828 325 1949 357 domini

294 380 380 420 regis
404 382 437 410 et
458 379 586 420 imperii
609 378 787 420 recipienti,
811 377 1066 408 condictionibus
1088 377 1120 408 in
1144 380 1346 409 sacramento
1368 378 1469 419 ipsius
1485 377 1606 409 domini
1629 377 1670 409 de
1686 377 1800 408 Walse
1822 377 1951 408 insertis

294 433 328 462 et
350 431 475 472 scriptis
488 431 508 461 ¹.
554 430 772 461 Promitentes
795 428 1004 470 solempniter
1027 428 1104 460 dicti
1128 428 1248 460 domini
1271 430 1473 470 capitaneus,
1504 430 1629 461 anciani
1657 433 1690 460 et
1716 428 1879 470 sapientes
1908 428 1949 460 de
1974 431 2008 457 ι’

294 492 414 523 arengo
439 481 559 512 dictum
592 483 827 512 sacramentum
858 484 890 512 et
917 481 1155 522 prestacionem
1186 481 1394 521 sacramenti,
1427 491 1490 523 que
1519 481 1578 512 fiet
1604 491 1663 522 per
1685 479 1806 511 dictum
1837 489 1950 511 eorum

294 532 471 574 syndicum,
494 533 621 563 firmum
645 541 774 573 semper
797 535 830 563 et
852 534 956 563 ratum
980 534 1077 573 atque
1094 534 1220 573 gratum
1236 531 1359 563 habere
1383 535 1417 563 et
1438 536 1551 564 tenere
1575 535 1608 564 et
1629 542 1693 563 non
1716 531 1951 563 contrafacere

293 585 345 616 vel
362 585 472 615 venire
495 584 527 615 in
545 583 713 615 animabus
730 594 851 625 eorum,
876 591 948 615 cum
972 583 1170 625 obligatione
1194 594 1305 615 eorum
1329 586 1363 615 et
1386 583 1555 615 cuiuslibet
1578 594 1689 615 eorum
1714 585 1747 614 et
1763 583 1848 614 dicte
1872 583 1950 614 civi-

293 637 368 667 tatis
391 635 557 666 bonorum.

403 722 448 763 (2)
472 721 597 753 Eodem
615 721 677 762 die,
701 721 772 753 loco
797 725 830 752 et
849 720 995 752 testibus.
1035 720 1072 752 In
1092 720 1188 762 pleno
1214 724 1247 752 et
1261 720 1406 762 generali
1429 731 1550 762 arengo
1575 724 1608 752 et
1631 721 1784 752 concione
1808 721 1951 752 comunis
1970 729 1996 749 ιο

294 777 327 805 et
350 773 462 815 populi
484 773 597 805 Padue
626 773 666 804 ad
696 783 809 804 sonum
837 783 1053 814 canpanarum
1083 775 1116 804 et
1137 783 1217 804 voce
1241 783 1416 813 preconum
1443 783 1535 804 more
1564 772 1658 803 solito
1682 774 1951 813 congregatorum

294 826 324 856 in
348 826 462 856 maiori
486 825 555 856 sala
577 824 709 856 maioris
731 825 848 866 palacii
872 825 1016 856 comunis
1031 824 1156 864 Padue,
1179 825 1211 855 in
1235 835 1299 866 quo
1316 824 1447 865 quidem
1471 834 1592 866 arengo
1615 824 1771 855 intererat
1785 823 1951 854 hominum

294 877 432 908 civitatis
446 876 560 908 Padue
584 876 727 908 maxima
749 876 932 917 multitudo,
956 876 1113 908 discretus
1128 877 1176 907 vir
1190 877 1345 918 magister
1361 876 1511 909 Marchus
1534 875 1669 907 condam
1687 875 1808 906 domini
1822 874 1952 906 Viviani

294 929 334 960 de
359 928 545 960 Oalcaterra
573 927 722 969 syndicus
752 931 785 959 et
812 928 1000 969 syndacario
1024 928 1153 959 nomine
1176 929 1320 959 comunis
1350 931 1382 959 et
1404 928 1569 959 hominum
1598 928 1735 959 civitatis
1757 926 1886 967 Padue,
1916 929 1952 957 ut
1981 952 1984 956 ,

294 983 420 1013 constat
435 979 563 1021 publico
580 980 790 1011 instrumento
808 979 926 1020 scripto
950 990 1010 1021 per
1029 990 1080 1011 me
1097 978 1273 1011 Sachetum
1289 980 1449 1011 notarium
1465 979 1713 1020 infrascriptum,
1737 977 1780 1009 ad
1795 977 1952 1009 honorem
1970 986 1995 1007 u

294 1034 328 1063 et
342 1031 471 1063 laudem
488 1031 586 1062 Ihesu
604 1030 699 1062 Cristi
723 1031 854 1072 eiusque
878 1031 989 1062 matris
1013 1034 1046 1062 et
1060 1031 1162 1062 tocius
1186 1031 1274 1062 curie
1298 1031 1426 1062 celestis
1449 1034 1482 1062 et
1503 1030 1734 1062 exaltationem
1757 1029 1953 1060 serenissimi

294 1083 446 1124 principis
463 1082 583 1113 domini
599 1083 699 1113 nostri
715 1081 835 1112 domini
850 1074 1006 1113 Friderici
1023 1081 1244 1113 Romanorum
1260 1083 1347 1123 regis
1363 1092 1493 1124 semper
1508 1082 1636 1124 augusti
1652 1081 1797 1122 sacrique
1813 1080 1953 1112 Romani

293 1134 421 1175 imperii
452 1137 485 1164 et
508 1133 784 1164 conservationem
816 1135 848 1163 et
876 1133 1044 1164 tuitionem
1068 1133 1179 1175 populi
1209 1136 1242 1164 et
1271 1134 1409 1165 civitatis
1432 1133 1546 1165 Padue
1577 1134 1690 1174 suique
1714 1132 1889 1172 districtus,
1920 1132 1953 1164 in

293 1185 441 1218 manibus
470 1185 586 1216 nobilis
608 1185 669 1215 viri
692 1184 813 1215 domini
835 1183 958 1216 Uldrici
983 1184 1023 1216 de
1041 1184 1171 1216 Walsec
1195 1184 1291 1216 Stirie
1316 1185 1476 1226 capitanei
1499 1184 1715 1226 procuratoris
1745 1187 1778 1215 et
1800 1193 1952 1225 procura-

294 1237 376 1269 torio
399 1237 528 1268 nomine
545 1236 622 1267 dicti
639 1235 761 1267 domini
784 1236 870 1278 regis
893 1239 927 1267 et
949 1237 1078 1277 imperii
1101 1236 1255 1268 antedicti
1279 1240 1312 1268 et
1334 1247 1393 1277 pro
1417 1235 1534 1268 eodem
1551 1235 1680 1267 domino
1703 1245 1782 1276 rege
1806 1237 1839 1266 et
1861 1244 1953 1266 sacro
1971 1242 1998 1263 su

294 1290 430 1331 imperio
461 1289 645 1330 recipientis
660 1288 863 1331 ‚fidelitatem
898 1291 930 1319 et
958 1288 1175 1320 obedientiam
1206 1292 1408 1320 sacramento
1439 1288 1649 1330 corporaliter
1679 1289 1764 1318 tacto
1796 1285 1879 1317 libro
1911 1285 1954 1317 ad

295 1345 405 1373 sancta
427 1341 491 1372 Dei
515 1341 686 1382 euangelia
711 1340 952 1372 condicionibus
979 1341 1106 1371 insertis
1133 1341 1165 1371 in
1193 1344 1396 1372 sacramento
1423 1341 1483 1382 ipsi
1509 1339 1638 1372 domino
1661 1337 1795 1370 Uldrico
1818 1338 1953 1379 prestito

295 1397 328 1425 et
351 1393 495 1425 exhibito
509 1393 519 1412 ¹
542 1393 658 1423 iuravit
681 1395 713 1424 et
735 1392 883 1433 promisit
904 1393 934 1423 in
959 1392 1127 1424 animabus
1149 1392 1312 1424 hominum
1337 1392 1476 1424 civitatis
1497 1391 1621 1431 Padue.

402 1449 483 1481 Post
509 1448 595 1490 quod
622 1448 811 1490 magnificus
838 1447 986 1479 dominus
1013 1448 1159 1480 dominus
1182 1448 1320 1480 Iacobus
1347 1448 1388 1480 de
1413 1448 1560 1488 Cararia,
1589 1448 1644 1489 qui
1672 1447 1859 1488 capitaneus
1885 1450 1954 1478 erat

295 1501 433 1532 civitatis
447 1500 562 1532 Padue
586 1503 619 1531 et
635 1499 807 1540 districtus,
830 1510 888 1530 suo
905 1499 1034 1531 nomine
1058 1503 1092 1531 et
1114 1500 1243 1531 nomine
1261 1500 1364 1531 tocius
1378 1499 1501 1541 populi,
1525 1499 1642 1531 Christi
1659 1498 1787 1530 nomine
1804 1497 1952 1530 invocato
1971 1508 1996 1529 ss

293 1552 456 1594 laudeque
480 1553 570 1593 regie
594 1552 772 1586 maiestatis
795 1556 829 1582 et
850 1552 978 1592 imperii
1001 1552 1168 1593 premissa,
1192 1551 1345 1583 vexillum
1368 1562 1522 1593 magnum
1545 1551 1753 1583 comunancie
1777 1552 1810 1582 et
1832 1550 1954 1594 populi,

295 1604 402 1636 claves
426 1605 524 1635 etiam
548 1614 659 1635 omnes
675 1607 841 1645 portarum
858 1604 995 1634 civitatis
1010 1603 1124 1635 Padue
1140 1604 1268 1645 publice
1293 1607 1326 1635 et
1341 1604 1449 1645 palam
1473 1604 1504 1635 in
1521 1603 1607 1636 dicto
1631 1614 1751 1647 arengo
1774 1607 1807 1638 in
1828 1605 1954 1646 signum

294 1655 476 1687 traditionis
506 1659 538 1686 et
561 1656 810 1697 consignationis
832 1655 932 1696 ipsius
955 1655 1093 1686 civitatis
1116 1655 1230 1687 Padue
1261 1658 1294 1687 et
1317 1655 1479 1687 districtus
1501 1656 1561 1697 ipsi
1586 1656 1715 1689 domino
1738 1659 1872 1691 Uldrico
1895 1671 1954 1702 pro

291 1707 382 1739 dicto
401 1707 530 1738 domino
555 1717 632 1748 rege
657 1710 690 1738 et
712 1707 848 1748 imperio
871 1707 1040 1748 recipienti
1065 1710 1097 1738 et
1120 1707 1340 1748 procuratorio
1365 1707 1494 1738 nomine
1518 1708 1681 1740 antedicto
1699 1709 1798 1752 dedit,
1822 1711 1967 1743 tradidit.

297 1763 330 1790 et
360 1758 569 1800 consignavit.
617 1758 679 1794 Qui
707 1757 838 1799 quidem
867 1757 1014 1788 dominus
1036 1757 1186 1790 Uldricus
1216 1759 1346 1790 nomine
1376 1759 1475 1800 ipsius
1503 1758 1623 1790 domini
1652 1762 1738 1802 regis
1768 1765 1800 1793 et
1827 1763 1954 1804 imperii
1972 1774 1998 1794 ω

296 1810 472 1842 clementer
503 1813 535 1841 et
557 1809 697 1850 benigne
726 1810 831 1850 ipsum
855 1809 1023 1850 vexillum,
1052 1809 1158 1841 claves
1182 1812 1348 1851 totamque
1377 1811 1541 1842 civitatem
1569 1809 1645 1854 [επ]τι
1667 1812 1767 1853 ipsius
1797 1814 1954 1855 populum

295 1862 478 1894 uuiversum
502 1862 533 1892 in
549 1862 784 1902 protectionem
809 1863 842 1892 et
858 1860 1078 1892 defensionem
1102 1861 1356 1892 condictionibus
1379 1862 1505 1893 insertis
1529 1865 1561 1893 et
1584 1865 1770 1905 conscriptis
1794 1865 1824 1896 in
1849 1876 1954 1897 sacra-

296 1916 404 1945 mento
428 1914 489 1954 ipsi
513 1913 643 1944 domino
667 1913 801 1954 prestito
825 1916 858 1944 et
881 1911 1026 1943 exhibito
1050 1913 1253 1955 amplexatus
1277 1916 1353 1944 este.

638 2044 725 2080 559.
765 2044 920 2080 Litterae
946 2045 1038 2090 regyis
1060 2045 1206 2090 priores.
1314 2046 1424 2081 1320.
1453 2046 1533 2081 Ian.
1553 2047 1614 2082 23.

409 2117 507 2157 Copia
530 2117 585 2159 (c.)
610 2118 721 2149 ibidem
743 2118 885 2156 fol.157¹
909 2118 947 2159 (l.
964 2119 1045 2150 XII.
1070 2129 1137 2158 cap.
1156 2119 1199 2160 7).
1224 2138 1264 2142 —
1288 2119 1350 2151 Ed.
1368 2119 1387 2150 Z.
1402 2129 1425 2150 c.
1443 2130 1479 2159 p.
1494 2121 1535 2150 69
1557 2131 1596 2151 ex
1619 2131 1645 2152 c.
1684 2121 1866 2154 Editionem
1881 2123 1956 2155 item
1973 2136 1999 2156 ιε

296 2169 474 2209 repetimus.

405 2246 587 2278 Fridericus
610 2246 673 2277 Dei
695 2247 801 2288 gratia
821 2247 1041 2278 Romanorum
1064 2258 1122 2279 rex
1146 2258 1274 2289 semper
1297 2252 1452 2290 augustus
1529 2250 1666 2280 strenuis
1689 2252 1723 2281 et
1745 2250 1956 2291 prudentibus

296 2298 372 2329 viris
395 2298 560 2339 potestati,
584 2298 736 2338 ancianis,
760 2299 892 2330 consilio
918 2302 951 2330 et
973 2299 1102 2330 comuni
1125 2302 1159 2330 et
1181 2300 1330 2331 universo
1354 2300 1474 2341 populo
1499 2301 1637 2332 civitatis
1659 2301 1783 2342 Padue,
1806 2301 1956 2334 fidelibus

298 2349 362 2380 suis
385 2349 511 2380 dilectis
576 2350 714 2390 gratiam
738 2360 830 2381 suam
853 2354 886 2381 et
909 2361 1003 2382 omne
1027 2350 1157 2382 bonum.

405 2400 594 2431 Laudabilis
617 2401 702 2432 fame
726 2405 832 2433 vestre
855 2403 1042 2443 preconium
1065 2405 1231 2444 gratanter
1260 2402 1300 2433 de
1331 2413 1414 2433 novo
1446 2403 1562 2434 nostris
1592 2404 1723 2436 auribus
1750 2405 1954 2446 inculcatum,
1972 2423 2001 2443 m

297 2452 331 2482 in
354 2461 392 2482 eo
409 2452 580 2493 presertim
597 2452 682 2493 quod
700 2452 809 2484 debito
826 2453 1001 2494 fidelitatis,
1026 2464 1088 2495 quo
1112 2454 1205 2485 nobis
1229 2458 1262 2486 ct
1284 2464 1375 2485 sacro
1392 2455 1602 2496 astringimini
1622 2456 1770 2497 imperio,
1794 2454 1956 2488 maiestati

297 2505 404 2534 nostre
429 2502 617 2534 obedientes
640 2507 676 2534 ut
698 2505 787 2544 pacis
817 2507 850 2535 et
872 2505 997 2536 iusticie
1021 2505 1179 2537 zelatores
1202 2516 1260 2536 vos
1283 2506 1416 2537 curastis
1440 2506 1602 2548 subicere,
1628 2508 1801 2549 plurimum
1825 2517 1954 2540 comen-

299 2554 426 2593 damus,
457 2564 539 2596 eque
564 2554 695 2596 dignum
720 2559 752 2586 et
775 2555 1010 2587 benemeritum
1034 2560 1235 2598 reputantes,
1266 2560 1300 2588 ut
1324 2567 1387 2598 quo
1411 2558 1603 2590 maturiores
1625 2559 1790 2591 fidelitatis
1822 2563 1855 2591 et
1878 2559 1955 2591 obe-

298 2605 419 2636 dientie
435 2610 541 2637 vestre
563 2606 657 2637 nobis
681 2606 840 2638 obtulistis
855 2608 1027 2648 primicias,
1051 2618 1090 2639 eo
1112 2608 1287 2650 ampliores
1303 2608 1451 2640 debeatis
1465 2610 1641 2651 gratiarum
1665 2614 1698 2642 et
1712 2611 1955 2653 promocionum

402 2691 467 2717 558.
495 2691 520 2724 b)
538 2693 655 2717 vberalse
674 2702 695 2718 c.
784 2692 807 2726 ⁰)
827 2695 959 2719 vverasale
978 2703 998 2719 c.
1088 2693 1113 2726 d)
1132 2695 1223 2719 excidit
1241 2703 1262 2720 c.
1350 2695 1373 2726 θ)
1391 2695 1428 2720 ita
1446 2696 1539 2721 desinit
1556 2706 1576 2722 c.
1972 2714 2005 2734 45,

403 2751 429 2781 1)
451 2750 542 2783 Supra
561 2758 602 2777 nr.
615 2754 668 2777 557.
