2190 3172
314 188 374 218 172
548 185 644 213 ACTA
664 185 776 212 REGNI
795 183 980 211 LUDEWIOI
999 183 1045 210 IV.
1065 183 1111 210 ΕΤ
1129 182 1315 210 FRIDERICI
1334 183 1382 210 ΙΙΙ.
1418 183 1494 210 1314.
1529 183 1579 210 Nr.
1594 183 1651 211 185.
1671 183 1730 211 186.

404 336 477 371 185.
511 334 828 371 MANDATUM
851 331 1124 371 LUDEWICI
1146 332 1250 371 PRO
1274 331 1492 370 CIVIBUS
1514 331 1869 371 MOGUNTINIS.

979 401 1087 437 1314.
1129 401 1215 438 Dee.
1237 401 1296 438 24.

424 501 585 542 Oriyinale
602 502 675 542 (or.)
698 502 734 532 in
749 501 908 533 tabulario
929 500 1068 541 qenerali
1089 501 1179 541 reyni
1194 501 1359 532 Bawarici
1373 500 1464 532 KLS
1483 511 1533 533 nr.
1548 502 1601 532 27.
1646 500 1880 540 Descripsimus
1893 511 1961 533 nos.

311 554 432 586 Pendet
454 553 594 594 sigillum
617 553 736 584 laesum
758 553 824 592 silis
845 553 956 584 sericis
977 553 1067 584 rubei
1088 553 1225 593 flavique
1247 552 1368 586 coloris.
1393 571 1432 576 -—
1455 553 1625 585 Ineditum.

419 614 566 650 Bo'hmer,
591 613 666 653 Rey.
683 613 795 644 Ludw.
814 623 850 653 p.
868 613 890 644 3
911 623 960 644 nr.
977 614 1028 645 44.
1993 626 2006 645 s

422 674 509 714 Quae
531 673 722 704 concordant
751 683 823 704 cum
846 673 1006 705 Mandato
1028 683 1059 704 a.
1079 673 1172 704 1285.
1195 673 1271 705 Iun.
1287 674 1330 704 26
1356 683 1457 712 supra
1479 675 1550 704 tom.
1568 673 1644 711 111,
1665 674 1729 704 348
1751 683 1800 704 nr.
1817 672 1895 711 364,
1927 682 1964 704 ea

310 726 396 766 typis
418 725 592 756 minoribus
615 734 748 756 excussa
770 727 854 756 sunt.
1133 735 1138 739 ·

422 823 480 849 Nos
504 818 697 850 Ludewicus
717 822 766 850 Dei
786 821 880 857 gratia
899 822 1085 850 Romanorum
1103 830 1151 849 rex
1169 830 1278 856 semper
1295 823 1432 855 augustus
1449 821 1485 849 ad
1503 821 1693 849 universorum
1713 824 1771 849 tam
1790 821 1964 857 presencium

309 884 395 909 quam
414 875 568 902 futurorum
588 875 721 902 noticiam
742 875 869 902 volumus
887 874 1041 910 pervenire,
1060 874 1135 908 quod
1152 883 1202 901 nos
1220 874 1255 901 ob
1271 874 1352 902 fidem
1365 873 1612 908 inpermutabilem
1625 876 1654 901 et
1666 874 1791 909 preclare
1805 873 1964 900 devocionis

310 926 517 964 memorandam
542 926 739 959 constantiam,
765 926 866 960 quibus
890 926 1040 961 prudentes
1060 925 1113 952 viri
1131 946 1137 953 .
1157 946 1163 951 .
1183 925 1258 952 cives
1277 925 1504 960 Moguntinenses
1525 925 1623 953 dilecti
1645 926 1734 953 nostri
1752 926 1847 953 fideles
1865 934 1916 953 nos
1935 927 1964 953 et
1984 935 2009 954 ιο

311 978 460 1012 imperium
479 977 583 1012 iugiter
601 980 776 1008 venerantur.
807 974 849 1005 ad
877 975 977 1006 instar
1005 974 1078 1006 dive
1108 975 1264 1005 memorie
1295 973 1456 1015 quondam
1486 974 1683 1006 serenissimi
1712 974 1834 1006 domini
1857 977 1890 1006 et
1912 974 1964 1006 avi

310 1026 410 1057 nostri
434 1026 590 1057 carissimi
614 1026 735 1057 domini
758 1025 889 1057 Rudolfi
911 1027 997 1068 regis
1020 1025 1261 1057 Romanorum¹
1285 1029 1374 1056 nobili
1393 1029 1451 1056 viro
1471 1049 1477 1056 .
1497 1049 1502 1055 .
1522 1028 1609 1055 iudici
1627 1028 1703 1056 curie
1726 1031 1819 1057 nostre
1842 1028 1964 1056 inhibui-

310 1090 371 1108 mus
390 1083 419 1108 et
437 1080 615 1115 presentibus
634 1080 800 1113 inhibemus,
819 1081 894 1115 quod
913 1081 946 1108 de
965 1081 1070 1108 eisdem
1088 1080 1197 1107 civibus
1211 1080 1474 1116 Moguntinensibus
1494 1081 1537 1107 vel
1557 1089 1650 1108 eorum
1663 1080 1759 1114 aliquo
1773 1081 1845 1107 nulli
1858 1080 1964 1108 iudicet

311 1131 504 1167 conquerenti,
529 1134 572 1159 set
596 1133 721 1160 volentes
744 1133 778 1160 de
803 1133 907 1160 eisdem
932 1132 1042 1160 civibus
1067 1133 1111 1160 vel
1135 1142 1230 1161 eorum
1249 1133 1345 1167 aliquo
1364 1133 1503 1167 querelari
1522 1133 1558 1159 ad
1575 1141 1625 1159 nos
1643 1132 1754 1159 eosdem
1772 1131 1864 1159 dietus
1881 1131 1966 1159 iudex

309 1184 395 1211 debet
417 1184 610 1211 transmittere
634 1186 664 1212 et
685 1194 734 1212 nes
758 1184 824 1219 [eos]
854 1185 890 1211 ad
913 1184 1059 1212 civitatem
1080 1185 1323 1220 Moguntinensem
1346 1184 1521 1212 remittemus
1539 1193 1632 1211 amore
1651 1184 1695 1211 vel
1714 1183 1825 1211 iustitia
1843 1184 1964 1218 compla-
1985 1193 2008 1212 ιι

309 1236 424 1262 nendos.
461 1235 541 1266 Quod
565 1235 589 1262 si
617 1235 721 1263 ibidem
745 1237 850 1263 factum
874 1245 929 1263 non
954 1236 1051 1267 fuerit,
1074 1245 1123 1263 nos
1147 1236 1259 1270 utrique
1282 1236 1358 1271 perti
1382 1236 1576 1264 exhibebimus
1594 1235 1702 1264 iustitie
1721 1236 1964 1270 complementum.

311 1287 416 1314 Dantes
435 1286 475 1314 eis
494 1287 545 1314 has
563 1289 673 1314 nostras
691 1288 803 1315 litteras
822 1289 850 1315 in
869 1288 1062 1315 testimonium
1082 1296 1165 1323 super
1183 1296 1224 1315 eo.

414 1343 518 1370 Datum
537 1343 691 1378 Moguntie,
719 1351 804 1372 nono
826 1340 941 1372 Kalen.
963 1340 1043 1381 Ian„
1072 1343 1225 1371 indictione
1243 1344 1319 1375 XIII.
1338 1352 1410 1371 suno
1424 1343 1535 1370 Domini
1550 1338 1783 1380 MOCCXIIH‚
1802 1343 1879 1378 regni
1900 1351 1964 1370 vero

310 1395 398 1422 nostri
417 1403 489 1422 anno
507 1395 606 1430 primo.

414 1598 508 1643 186.
538 1598 632 1643 187.
675 1598 954 1644 SCRIPTA
981 1597 1312 1645 FRIDERICI
1346 1597 1475 1644 PRO
1503 1597 1818 1644 KRAFTON
1821 1597 1859 1643 E
1980 1609 2007 1629 ²⁰

868 1664 954 1708 DE
982 1661 1405 1709 HOHENLOCH.

982 1745 1089 1780 1314.
1131 1744 1217 1781 Dec.
1239 1745 1299 1782 26.

789 1860 871 1896 186.
911 1860 1087 1906 Scriptum
1108 1860 1220 1906 prius.
1331 1859 1414 1896 Dec.
1433 1862 1494 1896 26.

421 1933 582 1975 Oriyinale
612 1935 686 1977 (or.)
718 1935 753 1966 in
783 1934 942 1967 tabulario
972 1935 1185 1976 Oehrinyensi.
1239 1934 1385 1976 Sigillum
1416 1935 1535 1967 hesum
1563 1935 1681 1975 pendet
1713 1934 1777 1967 loro
1809 1934 1963 1966 membra-

309 1995 416 2016 naceo.
451 2004 493 2008 —
526 1987 588 2018 Ed.
612 1987 726 2019 Weller
752 1986 1025 2019 ‘Hohenlohisches
1053 1986 1316 2020 Urkundenbuch’
1339 1987 1392 2026 ΙΙ,
1421 1988 1463 2018 66
1488 1997 1538 2018 nr.
1554 1988 1597 2017 87
1621 1997 1659 2018 ex
1686 1997 1730 2018 or.
1781 1986 1963 2018 Editionem
1981 1999 2006 2020 aa

310 2039 487 2078 repetimus.

419 2098 565 2136 Biihmer,
590 2098 665 2139 Rey.
684 2099 797 2131 Ludw.
814 2109 851 2138 p.
869 2099 932 2130 164
956 2099 1124 2131 Friedrich
1146 2109 1196 2130 nr.
1212 2100 1243 2130 3.

421 2193 488 2225 Nos
524 2194 707 2225 Fridericus
738 2194 802 2226 Dei
833 2195 938 2236 gratia
970 2194 1191 2226 Romanorum
1226 2203 1284 2225 rex
1318 2203 1446 2235 semper
1479 2195 1633 2234 augustus
1667 2192 1709 2223 ad
1742 2193 1965 2224 universorum

313 2246 465 2276 noticiam
494 2245 656 2287 publicam
687 2247 832 2288 cupimus
863 2247 1047 2288 pervenire,
1083 2246 1170 2288 quod
1196 2256 1255 2277 nos
1285 2256 1342 2287 pro
1371 2245 1470 2287 gratis
1497 2248 1531 2276 et
1557 2244 1689 2275 utilibus
1716 2244 1873 2286 serviciis,
1902 2254 1965 2287 que

313 2296 430 2328 nobilis
459 2298 507 2328 vir
530 2297 645 2328 Krafto
678 2298 718 2329 de
741 2298 936 2330 Hohenloch
966 2298 1070 2330 fidelis
1101 2302 1210 2330 noster
1239 2297 1375 2329 dilectus
1405 2296 1498 2328 nobis
1528 2299 1561 2328 et
1587 2296 1723 2338 imperio
1756 2295 1904 2328 exhibuit
1932 2298 1966 2328 et
1983 2310 2009 2336 ,ιο

313 2348 418 2380 adhuc
453 2348 588 2380 durante
618 2349 701 2380 inter
732 2361 789 2381 nos
819 2353 852 2381 et
880 2350 1066 2381 karissimos
1096 2350 1212 2382 fratres
1245 2353 1371 2380 nostros
1399 2373 1406 2379 .
1431 2372 1439 2379 .
1467 2347 1565 2379 duces
1593 2348 1722 2379 Austrie
1753 2347 1892 2379 illustres
1922 2358 1964 2380 ex

312 2400 376 2431 sina
400 2403 432 2431 et
454 2400 612 2431 illustrem
637 2401 751 2433 ducem
774 2401 923 2433 Bawarie
947 2402 1136 2434 Ludwicum
1160 2412 1202 2433 ex
1225 2404 1317 2443 parte
1345 2400 1448 2432 alters.
1472 2399 1631 2431 discordia
1655 2399 1810 2431 exhibere
1834 2399 1967 2431 debebit

312 2451 465 2492 fideliter,
490 2456 526 2483 ut
548 2454 707 2493 promisit,
738 2464 811 2493 nos,
843 2454 960 2485 fratres
982 2461 1107 2485 nostros
1131 2457 1164 2485 et
1186 2453 1358 2484 servitores
1381 2462 1588 2494 quoscunque
1612 2451 1654 2482 ad
1677 2454 1782 2482 castre.
1804 2461 1861 2482 sua
1883 2451 1965 2483 reci-

312 2503 430 2545 piendo
455 2506 488 2534 et
511 2505 744 2545 conservando,
777 2516 849 2537 cum
881 2509 1009 2538 centum
1040 2506 1172 2537 armatis
1196 2505 1260 2536 suis
1286 2504 1318 2535 in
1340 2507 1451 2535 nostro
1475 2503 1608 2535 servicio
1632 2503 1715 2534 infra
1738 2503 1857 2534 limites
1879 2506 1965 2535 terre

312 2555 491 2586 Franconie
515 2555 685 2587 residendo
709 2567 746 2588 ac
770 2557 802 2588 in
825 2561 968 2588 nostrum
991 2557 1187 2589 adiutorium
1211 2567 1283 2588 cum
1304 2556 1536 2598 quinquaginta
1559 2555 1706 2597 galeatis,
1729 2554 1911 2597 ubicunque
1933 2555 1967 2586 iu
1984 2573 2011 2592 ³⁵

313 2607 435 2647 campis
459 2607 697 2648 collocabimur‚
726 2609 895 2648 veniendo,
927 2609 1034 2641 eidem
1058 2609 1209 2640 Kraftoni
1231 2612 1370 2640 castrum
1394 2612 1427 2640 et
1449 2607 1581 2649 opidum
1605 2608 1635 2638 in
1659 2606 1852 2648 Rotenburg
1873 2606 1966 2638 nobis

314 2660 348 2688 et
370 2658 505 2699 imperio
530 2660 728 2699 pertinencia
752 2671 821 2692 cum
848 2661 995 2693 omnibus
1018 2661 1241 2703 proventibus,
1271 2660 1392 2692 iuribus
1415 2662 1449 2691 et
1470 2659 1678 2701 pertinenciis
1708 2659 1772 2689 suis
1795 2669 1853 2700 pro
1876 2658 1965 2690 mille

315 2712 348 2740 et
376 2710 558 2751 quingentis
587 2712 703 2742 marcis
731 2713 857 2754 argenti
881 2712 1040 2754 Spirensis
1070 2712 1222 2754 ponderis
1250 2715 1363 2744 tenore
1391 2712 1594 2754 presencium
1617 2710 1798 2752 obligamus
1821 2713 1887 2742 tam
1911 2710 1966 2742 diu

419 2803 444 2834 1)
462 2803 552 2837 Sapra
570 2806 629 2830 tom.
644 2805 701 2838 III,
719 2808 773 2831 348
791 2814 833 2832 nr.
847 2808 906 2833 364.
