2158 3138
421 193 516 222 ACTA
534 193 648 221 REGNI
666 191 852 220 LUDEWIOI
872 191 918 219 lv.
936 192 983 220 ET
1001 192 1186 220 FRlDERlCI
1206 192 1253 219 111.
1292 193 1366 220 1814.
1403 193 1451 220 Nr.
1467 194 1522 221 117.
1545 195 1602 221 118.
1777 199 1836 228 115

183 283 379 326 premittitur
401 291 491 314 more
514 280 663 313 obsidum
687 284 720 313 et
741 280 966 312 fideiussorum
995 283 1031 312 ut
1058 283 1108 312 est
1131 279 1252 312 dictum
1281 279 1465 313 faciendum
1489 281 1695 321 intrabimus,
1718 281 1837 314 abinde

182 345 246 368 non
277 333 411 374 exituri,
440 333 543 366 donec
570 332 612 365 de
641 332 778 375 pecunia
806 331 933 374 prefata
961 342 1018 374 pro
1043 333 1179 364 termino
1203 342 1260 364 seu
1283 333 1445 373 terminis,
1475 343 1533 374 pro
1558 343 1621 374 quo
1645 334 1695 364 vel
1721 333 1837 375 quibus

183 385 355 427 defecerit,
383 388 417 418 et
443 384 515 417 aliis
548 384 712 427 premissis
747 383 844 415 fuerit
871 383 1071 416 satisfactum
1099 387 1133 416 et
1162 384 1288 425 prefate
1319 384 1426 415 littero
1454 384 1514 416 sub
1537 384 1650 426 sigillis
1674 386 1841 426 premissis

183 437 302 470 fuerint
323 436 462 479 sigillato
485 439 519 468 et
540 436 601 478 ipsi
625 435 735 467 comiti
757 435 929 477 assignate.
1019 435 1057 467 In
1080 435 1170 467 cuius
1193 436 1241 467 rei
1258 436 1477 467 testimonium
1495 435 1601 476 sigilla
1618 440 1725 467 nostra
1742 435 1838 467 duxi-

150 500 164 520 ε
181 499 254 521 mus
275 487 480 531 presentibus
502 486 705 530 apponenda.

287 539 408 572 Datum
431 550 515 572 anno
537 539 669 571 Domini
684 537 802 571 MCGC
826 538 1081 580 quartodecimo,
1105 538 1242 570 sabbato
1266 542 1339 580 post
1362 538 1478 570 festum
1503 538 1590 571 besti
1614 538 1743 570 Martini
1768 539 1840 580 epi·

182 591 272 635 scopi
295 591 463 634 hyemalis.

383 703 560 756 1⁷18—4i20.
596 722 786 756 SCRIPTA
808 721 1158 755 ARCHIEPISCOPI
1182 721 1477 755 COLONIENSIS
1501 722 1644 755 SUPER

746 773 1069 806 OORONATIONE
1092 773 1274 806 HABITA.

139 850 166 870 ιο
822 839 914 870 1314.
948 838 1031 870 Nov.
1048 840 1144 872 25.—
1152 840 1203 870 28.

463 945 546 982 118.
587 944 759 991 Scriptum
786 944 927 980 subditis
952 944 1089 990 imperii
1115 944 1291 980 directum.
1399 944 1488 980 Nov.
1509 946 1571 980 25.

291 1013 452 1056 oriyinale
474 1013 552 1057 (or.)
578 1014 615 1046 in
641 1013 800 1047 tabulario
827 1024 971 1046 caesareo
988 1013 1226 1046 Vindobonensi.
1269 1013 1468 1046 Contulimus
1489 1024 1556 1046 nos.
1604 1014 1749 1046 Pendent
1773 1016 1842 1047 tria

179 1065 284 1108 siqilla
302 1065 378 1106 plus
399 1066 541 1098 minusve
562 1065 649 1098 laesa
669 1064 736 1105 filis
757 1066 868 1098 sericis
889 1065 980 1097 rubei
1002 1065 1124 1097 coloris.

286 1126 433 1164 Bo'hmer,
456 1125 531 1167 Ray.
555 1125 667 1159 Ludw.
685 1136 721 1166 p.
738 1126 804 1158 239
828 1125 1060 1158 Reichssachen
1082 1136 1132 1157 nr.
1150 1125 1201 1157 44.

139 1229 166 1250 u
291 1220 330 1253 Iu
351 1221 415 1253 Dei
437 1221 567 1253 nomine
591 1230 695 1253 amen.

287 1272 448 1305 Henricus
476 1272 540 1304 Dei
566 1273 676 1315 gracia
704 1275 815 1304 sancte
838 1272 1039 1304 Goloniensis
1068 1273 1205 1305 ecclesie
1235 1272 1498 1314 archiepiscopus
1528 1273 1612 1304 sacri
1634 1273 1761 1314 imperii
1784 1283 1845 1314 per

181 1323 310 1357 Italiam
332 1323 632 1356 archicancellarius
719 1323 898 1365 magnificis
921 1324 1128 1366 principibus,
1154 1324 1353 1366 proceribus,
1377 1323 1549 1364 nobilibus,
1567 1324 1840 1364 ministerialibus,

181 1375 406 1416 castrensibus,
429 1374 550 1407 civibus
573 1379 607 1407 et
628 1375 783 1407 universis
806 1376 888 1407 sacri
903 1375 1043 1407 Romani
1066 1376 1193 1418 imperii
1212 1375 1371 1413 fidelibus,
1388 1375 1431 1407 ad
1447 1386 1527 1417 quos
1543 1379 1711 1417 presentes
1734 1375 1843 1407 littere

181 1427 387 1469 pervenerint
472 1426 747 1469 infrascriptarum
770 1437 966 1470 cognoscere
990 1428 1171 1459 veritatem.

139 1486 166 1506 ²⁰
292 1478 339 1520 (1)
369 1477 460 1510 Alias
482 1481 616 1510 vacante
632 1478 780 1510 Romano
803 1479 940 1520 imperio
963 1489 1020 1511 seu
1042 1489 1142 1521 regno
1166 1489 1225 1520 per
1247 1483 1384 1510 mortem
1408 1479 1518 1511 inclite
1541 1479 1696 1511 memorie
1720 1478 1840 1511 domini

182 1528 316 1562 Henrici
343 1529 506 1572 quondam
533 1529 755 1562 Romanorum
781 1530 986 1571 imperatoris
1013 1533 1046 1562 et
1073 1530 1114 1562 de
1142 1531 1303 1562 communi
1331 1530 1497 1562 voluntate
1527 1531 1706 1572 principum
1736 1531 1785 1562 ius
1808 1531 1840 1561 in

183 1580 347 1614 eleccione
376 1581 475 1613 futuri
499 1581 720 1614 Romanorum
747 1582 834 1624 regis
862 1581 1055 1614 habencium
1089 1581 1130 1614 ad
1158 1582 1357 1614 eleccionem
1381 1581 1458 1613 dicti
1488 1583 1574 1624 regis
1606 1582 1658 1613 die
1688 1581 1841 1613 videlicet

183 1633 321 1665 crastino
345 1633 433 1665 beati
454 1633 542 1665 Luce
566 1633 775 1676 ewangeliste
798 1634 945 1675 proxime
970 1634 1124 1675 preterito
1148 1633 1235 1675 apud
1258 1633 1482 1665 Frankenvort
1510 1634 1689 1675 assignato,
1713 1632 1834 1664 ibidem
1848 1641 1895 1662 οσι
1909 1643 1940 1662 ιο.

183 1682 301 1716 eadem
323 1683 376 1716 die
399 1684 444 1716 sic
467 1684 630 1726 assignata
652 1688 686 1716 et
714 1685 747 1716 in
773 1684 844 1716 loco
875 1684 993 1716 eodem
1023 1685 1134 1716 debito
1163 1684 1316 1716 videlicet
1339 1684 1565 1716 Frankenvort
1595 1685 1637 1716 ab
1666 1684 1843 1716 illustribus

139 1743 165 1764 ιι
181 1735 356 1777 Rudolpho
384 1736 501 1768 comite
527 1736 671 1778 palatino
698 1735 783 1768 Reni
810 1736 892 1767 duce
923 1736 1088 1777 Bawarie,
1118 1735 1260 1768 habente
1292 1736 1348 1767 illa
1378 1737 1446 1768 vice
1479 1747 1537 1778 per
1565 1737 1689 1768 litteras
1716 1739 1843 1767 nostras

183 1786 353 1828 patentes²
375 1790 572 1829 potestatem
593 1798 652 1829 pro
676 1787 768 1819 nobis
791 1787 943 1829 eligendi,
967 1798 1004 1819 ac
1027 1787 1201 1829 Rudolpho
1225 1787 1306 1819 duce
1323 1787 1475 1826 Saxonie,
1499 1789 1553 1830 qui
1578 1789 1609 1819 in
1633 1788 1838 1829 possessione

183 1838 260 1870 iuris
282 1838 334 1870 vel
356 1839 448 1882 quasi
470 1838 611 1881 eligendi
634 1839 695 1871 fuit
717 1842 751 1871 et
773 1842 823 1871 est
846 1842 879 1871 et
902 1839 1126 1881 progenitores
1149 1839 1197 1870 sui
1221 1839 1350 1871 fuerant
1365 1850 1385 1870 a
1401 1843 1559 1881 tempore,
1576 1840 1666 1870 cuius
1682 1839 1839 1870 memoria

185 1889 217 1921 in
244 1890 436 1922 contrarium
463 1900 527 1922 non
554 1891 680 1931 existit,
710 1901 748 1922 ac
777 1890 919 1922 Heni-ico
950 1890 1032 1922 duce
1063 1891 1228 1923 Oarinthie
1257 1901 1333 1922 vero
1365 1891 1488 1922 herede
1518 1895 1551 1922 et
1579 1901 1657 1933 rege
1683 1890 1842 1922 Bohemie

127 1956 130 1961 ·
183 1940 314 1973 illustris
343 1941 491 1983 princeps
517 1941 664 1974 dominus
693 1941 886 1974 Fredericus
921 1942 986 1973 dux
1017 1943 1147 1974 Austrie
1181 1943 1213 1973 in
1253 1942 1473 1974 Romanorum
1507 1953 1617 1984 regem
1648 1941 1840 1983 eligebatur.

142 2001 168 2022 ιο
184 1991 312 2025 Deinde
334 1992 422 2025 idem
444 1992 636 2026 Fredericus
659 1995 704 2026 sic
727 1994 849 2026 electus
872 2004 1063 2035 comparens
1087 2004 1195 2025 coram
1219 1993 1327 2034 nobis,
1356 1994 1556 2025 eleccionem
1586 2004 1676 2025 suam
1702 2004 1761 2035 per
1784 2003 1842 2024 nos

185 2047 352 2086 acceptam
387 2044 501 2076 haberi
533 2055 633 2087 seque
667 2046 699 2077 in
726 2056 838 2088 regem
865 2045 1084 2077 Romanorum
1113 2045 1189 2087 ungi
1217 2049 1250 2076 et
1277 2046 1424 2077 coronari
1454 2046 1553 2087 peciit
1582 2055 1655 2076 cum
1686 2045 1843 2076 instancia

186 2095 296 2128 debita
319 2099 352 2128 et
374 2096 560 2128 consueta&
605 2096 673 2128 Nos
696 2100 815 2138 autem,
840 2107 880 2128 ne
904 2106 963 2138 per
986 2097 1187 2138 repentinam
1204 2106 1316 2127 manus
1332 2097 1578 2138 imposicionem
1595 2099 1706 2128 contra
1723 2095 1843 2127 doctri-

185 2157 259 2180 nam
282 2147 442 2190 apostoli⁸
464 2148 635 2190 quicquam
658 2149 690 2180 in
713 2148 795 2180 hac·
818 2151 909 2190 parte
934 2147 1041 2179 facere
1058 2157 1229 2189 perperam
1245 2147 1438 2186 videremur,
1458 2148 1613 2179 illustrem
1631 2147 1841 2179 Ludewicum

187 2197 302 2231 ducem
325 2198 484 2240 Bawarie,
508 2200 572 2241 qui,
595 2203 631 2232 ut
653 2199 695 2231 ad
718 2210 776 2231 nos
798 2200 956 2242 pervenit,
981 2199 1126 2230 eiusdem
1143 2198 1309 2230 Frederici
1334 2210 1353 2231 a
1377 2199 1569 2241 quibusdam
1593 2199 1664 2230 aliis
1688 2199 1839 2241 principi-

143 2259 170 2281 οι
187 2250 247 2282 bus
269 2261 304 2282 se
327 2251 465 2283 asseruit
486 2250 677 2292 coelectum,
703 2262 890 2293 omnesque,
915 2251 969 2293 qui
993 2261 1028 2282 se
1052 2251 1137 2282 dicto
1161 2250 1335 2282 Frederico
1367 2261 1531 2293 opponere
1556 2251 1675 2282 vellent
1698 2251 1748 2282 vel
1782 2249 1842 2281 sibi

187 2302 220 2334 in
242 2301 390 2334 Romano
413 2312 514 2344 regno
537 2303 586 2334 ius
609 2305 721 2345 pocius
744 2303 960 2342 vendicarent,
984 2302 1076 2334 citari
1099 2302 1234 2334 fecimus
1257 2312 1366 2334 coram
1390 2303 1482 2334 nobis
1506 2302 1547 2334 ad
1571 2306 1677 2334 certos
1700 2302 1786 2333 diem
1811 2305 1844 2333 et

187 2353 295 2385 locum
317 2353 359 2385 ad
384 2353 564 2386 docendum
588 2354 629 2386 de
652 2356 732 2395 iure,
756 2356 782 2386 si
806 2354 891 2396 quod
915 2355 962 2386 eis
985 2357 1188 2395 competeret
1206 2354 1238 2385 in
1255 2364 1355 2395 regno
1375 2357 1552 2386 memorato
1562 2354 1584 2385 ².
1630 2353 1725 2385 Cives
1741 2354 1843 2384 eciam

7 2443 12 2449 Ι
189 2405 360 2447 Aqueuses
381 2405 510 2437 interim
532 2416 591 2447 per
612 2406 809 2448 sollempnes
831 2409 956 2437 nostros
979 2405 1111 2436 nuncios
1135 2408 1168 2436 et
1191 2405 1350 2446 speciales
1379 2406 1492 2447 primo,
1519 2405 1662 2436 secundo
1686 2410 1718 2436 et
1740 2405 1841 2436 tercio

8 2444 30 2506 ff}
189 2455 232 2488 ad
261 2466 318 2488 eos
344 2457 547 2489 transmissos
576 2458 696 2500 requiri
726 2457 876 2497 fecimus,
904 2460 939 2488 ut
967 2467 1026 2488 nos
1054 2457 1300 2488 inti-omisissent
1331 2468 1389 2498 pro
1421 2457 1632 2488 coronacione
1661 2455 1843 2487 huiusmodi

10 2507 22 2522 *²
146 2517 172 2538 ιο
190 2506 294 2549 Aquis
316 2507 474 2548 facienda,
498 2512 533 2539 ut
556 2511 606 2540 est
627 2510 735 2541 moris.
825 2509 872 2549 (2)
895 2507 957 2540 Die
980 2509 1090 2549 itaque
1114 2507 1298 2549 supradicta
1321 2509 1365 2539 sic
1390 2518 1449 2550 per
1471 2519 1528 2539 nos
1545 2507 1650 2539 eidem
1668 2507 1843 2538 Ludewico

192 2562 226 2590 et
247 2558 318 2590 aliis
341 2559 579 2601 oppositoribus
601 2561 699 2602 ipsius
722 2560 887 2592 Frederici
915 2559 1040 2602 prefixa
1069 2569 1128 2591 nec
1151 2560 1220 2601 ipse
1244 2558 1436 2590 Ludewicus
1459 2569 1518 2590 nec
1541 2558 1657 2600 aliquis
1679 2558 1762 2589 alter
1786 2567 1845 2599 per

192 2619 227 2641 se
250 2609 303 2641 vel
325 2620 384 2652 per
407 2610 488 2642 alios
511 2621 620 2643 coram
642 2611 735 2643 nobis
758 2614 1008 2654 comparuerunt
1030 2621 1088 2642 nec
1112 2611 1247 2652 proponi
1272 2611 1444 2652 quicquam
1468 2610 1628 2649 fecerunt,
1659 2619 1759 2651 quare
1783 2609 1843 2649 ipsi

193 2660 366 2693 Frederico
400 2662 433 2693 in
459 2663 624 2703 premissis
653 2666 796 2695 nostrum
823 2673 887 2694 non
918 2662 1113 2694 deberemus
1141 2661 1237 2693 officii
1265 2661 1410 2693 debitum
1439 2661 1594 2703 inpertiri.
1640 2661 1723 2696 Quin
1747 2661 1846 2701 igitur

297 2740 361 2769 118.
389 2742 414 2774 ὓ)
432 2743 459 2768 iu
477 2743 525 2769 hac
542 2743 571 2769 in
589 2744 644 2770 Ioco
663 2753 724 2771 racc
743 2754 780 2771 or.

149 2809 176 2830 ⁴⁵
298 2810 325 2842 1)
343 2808 436 2843 Supra
453 2818 495 2836 m.
510 2814 548 2837 19.
636 2811 663 2845 2)
683 2811 725 2845 Os.
744 2820 827 2845 supra
845 2819 887 2839 nr.
902 2816 954 2839 114.
1042 2811 1069 2844 8)
1090 2811 1131 2845 Cf.
1151 2814 1173 2836 2.
1192 2809 1301 2837 Timoth.
1318 2815 1337 2840 t,
1352 2813 1375 2836 6.
1623 2852 1637 2866 a

1590 2853 1622 2878 15
