2190 3172
462 167 559 196 ACTA
579 167 693 196 amm
712 167 898 196 LUDEWIOI
916 167 963 196 IV.
981 168 1028 196 m·
1046 168 1232 197 FRIDEBICI
1251 170 1299 197 111.
1337 170 1412 198 1315.
1448 170 1497 198 Νι.
1509 171 1569 198 276.
1587 171 1646 198 277.
1816 176 1877 206 239

223 254 404 299 [no]lumus‚
429 254 517 298 quod
539 265 559 287 a
575 254 762 287 reverendis
777 254 923 298 patribus
939 254 1076 287 dominis
1092 256 1309 288 cardinalibus
1325 257 1504 299 apostolice
1521 257 1607 290 sedis
1623 259 1739 290 nostris
1756 260 1877 300 amicis,

223 309 350 350 quibus,
374 307 468 339 sicuti
490 307 555 339 iam
572 306 663 338 vobis
685 316 745 348 per
760 307 951 349 premissam
973 306 1113 340 litteram
1133 311 1275 340 nostram
1298 311 1409 340 notum
1426 308 1571 349 fecimus,
1594 309 1731 341 multum
1755 310 1876 342 intente

222 357 387 401 precando
410 358 610 400 scripsimus,
633 361 669 390 ut
690 358 740 390 ius
762 361 904 391 vestrum
927 361 962 391 et
983 362 1124 391 vestram
1148 361 1307 392 iusticiam
1331 363 1466 403 paterna
1489 360 1712 392 benivolencia
1734 363 1876 403 amplec-

224 412 330 442 tentes
352 412 460 442 vestra
486 410 624 452 negocia
646 409 786 452 benigne
809 410 968 452 recipiant
990 413 1024 443 et
1046 410 1268 444 favorabiliter
1290 415 1519 454 promoveant,
1547 413 1730 454 provisione
1754 413 1877 445 circun-

190 477 203 498 ι
223 464 335 503 specta
357 460 616 494 adversariorum
643 461 784 504 impetus
811 461 1063 503 compescendo,
1093 462 1218 495 litteras
1247 464 1420 506 recipimus
1449 463 1673 505 responsales²
1697 465 1728 496 in
1751 475 1878 497 summa

221 511 330 545 taliter
352 512 564 554 continentes,
589 511 676 555 quod
699 512 962 546 consideracione
984 514 1083 546 nostri
1100 514 1230 547 honoris
1254 518 1287 547 et
1308 518 1490 547 nostrorum
1506 514 1640 547 obtentu
1657 517 1877 557 precaminum

220 564 312 596 vobis
334 563 367 595 in
391 563 564 606 premissis,
587 564 620 595 in
643 567 798 606 quantum
822 563 1000 596 secundum
1022 564 1129 598 Deum
1154 569 1187 598 et
1209 567 1367 599 iusticiam
1391 567 1547 609 poterint,
1575 568 1726 599 assistent
1749 568 1877 600 auxiliis

221 618 255 647 et
270 615 476 658 interponent
491 614 667 648 efficaciter
681 618 791 658 partes
815 626 900 657 suas,
924 616 1057 659 congrui
1078 616 1223 660 suffragii
1243 618 1355 650 auxilii
1376 618 1518 650 efficacis
1541 621 1574 650 et
1589 618 1742 651 fructuosi
1758 619 1877 652 favoris

220 676 355 710 operam
378 666 562 708 impensuri.

178 735 203 756 ω
328 717 449 751 Datum
473 716 688 759 Barchinone‚
711 717 772 750 111.
791 717 870 750 Idus
893 718 980 761 May,
1003 729 1087 752 anno
1109 719 1240 752 Domini
1263 720 1456 753 Moccxv.

736 777 922 811 Bernardus
945 779 986 811 de
1010 779 1179 812 Aversone
1203 780 1385 822 m(andato)
1408 782 1521 824 r(egis)
1545 786 1578 814 et
1602 782 1661 815 fuit
1684 784 1714 815 ei
1739 783 1831 816 lecta.

440 908 527 945 277.
568 908 758 955 Responsio
785 909 1042 956 archiepiscopo
1069 910 1265 948 Coloniensi
1291 913 1385 948 data.
1493 914 1584 951 Mai.
1605 915 1661 950 13.

334 983 434 1025 Copia
457 982 512 1026 (c.)
540 982 654 1015 ibidem
681 982 701 1015 l.
718 993 743 1015 c.
767 982 828 1025 fol.
845 985 875 1015 7¹
895 984 1017 1024 partim
1039 986 1185 1018 evanida.
1218 1005 1258 1010 —
1288 986 1351 1018 Ed.
1373 986 1534 1028 Zeissberq
1565 986 1584 1020 l.
1601 998 1626 1019 c.
1647 999 1684 1028 p.
1701 989 1744 1019 27
1767 999 1817 1021 nr.
1835 990 1876 1020 19

154 1047 156 1049 ·
219 1047 259 1070 ex
281 1047 308 1070 c.
353 1035 538 1068 Editionem
559 1035 738 1075 repetimus.

177 1111 202 1133 rs
331 1097 379 1137 Of.
401 1106 502 1138 supra
523 1106 574 1128 nr.
589 1095 663 1128 254.

327 1182 466 1215 Iacobus
491 1184 552 1214 etc.
636 1181 815 1214 reverendo
840 1183 872 1214 in
889 1181 1017 1215 Christo
1040 1185 1125 1226 patri
1147 1183 1290 1216 Henrico
1314 1184 1421 1216 divina
1443 1184 1650 1227 providencia
1672 1189 1763 1217 sante
1780 1185 1876 1217 Colo-

218 1235 337 1268 niensis
366 1233 504 1267 ecclesie
537 1232 782 1275 archiepiscopo
814 1234 896 1266 sacri
925 1234 1053 1276 imperii
1081 1245 1141 1277 per
1163 1235 1291 1267 Italiam
1314 1235 1596 1268 archicancellario
1684 1236 1820 1269 salutem
1844 1242 1877 1269 et

218 1287 343 1319 sincere
368 1284 551 1318 dilectionis
574 1284 736 1316 affectum.

329 1336 490 1379 Scriptum
506 1339 648 1368 vestrum
664 1336 790 1368 noviter
805 1336 899 1368 nobis
914 1338 1046 1369 missum
1057 1338 1070 1357 ²
1091 1342 1185 1380 grata
1207 1349 1305 1371 manu
1320 1340 1501 1382 recipimus,
1525 1340 1581 1372 leti
1604 1340 1746 1382 regimus
1768 1350 1875 1372 suam-

176 1407 203 1428 „
221 1399 285 1433 que
309 1388 543 1421 continenciam
567 1387 788 1420 intelleximus
808 1386 990 1431 diligenter.
1029 1388 1072 1421 Et
1094 1389 1253 1432 siquidem
1277 1391 1352 1433 quia
1376 1402 1417 1424 ex
1440 1395 1552 1423 tenore
1568 1391 1749 1423 huiusmodi
1766 1392 1875 1433 scripti

220 1441 319 1475 vestri
341 1451 399 1473 nos
422 1450 481 1482 per
503 1439 619 1472 seriem
642 1438 839 1471 informastis
861 1439 903 1472 de
926 1439 1099 1473 eleccionis
1121 1442 1257 1484 negocio
1281 1442 1446 1475 celebrate
1474 1443 1515 1475 de
1543 1443 1714 1485 magnifico
1738 1443 1874 1485 principi

221 1493 351 1526 domino
374 1491 549 1524 Frederico
572 1490 742 1523 karissimo
772 1491 839 1523 filio
868 1495 977 1524 nostro
1012 1492 1044 1524 in
1074 1492 1292 1525 Romanorum
1322 1504 1434 1536 regem
1464 1505 1484 1526 a
1507 1494 1597 1526 vobis
1625 1498 1658 1526 et
1687 1494 1758 1526 aliis
1787 1505 1874 1526 com-

220 1543 416 1588 principibus
439 1543 554 1574 vestris
576 1542 607 1573 in
627 1542 848 1575 Romanorum
872 1543 958 1585 regis
981 1543 1146 1576 eleccione
1170 1545 1220 1576 ius
1243 1545 1457 1577 habentibus·
1481 1549 1515 1578 et
1536 1546 1699 1578 unccionis
1721 1556 1759 1577 ac
1783 1556 1874 1578 coro-

219 1595 363 1629 nacionis
391 1604 449 1627 sue
479 1597 513 1626 ct
540 1593 627 1635 quod
655 1594 688 1626 in
712 1594 860 1626 omnibus
889 1595 955 1627 suis
983 1594 1076 1628 factis
1109 1599 1143 1628 et
1173 1596 1308 1638 agendis
1338 1596 1446 1629 divina
1475 1597 1667 1639 disponente
1698 1597 1874 1629 clemencia

175 1664 201 1686 ,ι
218 1650 427 1692 prosperatur
454 1655 577 1678 necnon
601 1645 802 1678 certificastis
831 1657 890 1678 nos
921 1646 962 1679 de
990 1646 1068 1688 hiis,
1101 1658 1164 1689 que
1197 1648 1402 1690 postmodum
1431 1652 1504 1681 acta
1530 1652 1603 1681 sunt
1628 1650 1712 1681 inter
1739 1659 1813 1681 enm
1842 1653 1875 1681 et

218 1699 362 1733 inolitum
386 1696 593 1730 Ludovicum
616 1696 731 1730 ducem
754 1698 909 1739 Bavarie,
946 1699 999 1740 qui
1033 1709 1068 1730 se
1098 1700 1130 1730 in
1157 1709 1269 1741 regem
1292 1699 1511 1732 Romanorum
1540 1710 1559 1732 a
1586 1694 1777 1742 quibusdam
1805 1700 1875 1732 aliis

221 1749 420 1795 principibus
445 1748 524 1781 dicit
548 1749 703 1789 electum,
727 1749 760 1781 in
783 1749 899 1791 quibus
921 1749 1102 1782 antefatum
1126 1750 1329 1783 karissimum
1353 1751 1453 1783 filium
1476 1755 1620 1783 nostrum
1644 1761 1715 1784 esse
1737 1751 1875 1784 scribitis

219 1802 445 1846 prosperatum
470 1800 625 1843 quodque
653 1801 758 1842 ipsum
789 1801 938 1833 civitates
960 1801 1145 1844 imperiales
1172 1807 1403 1844 cognoscentes
1427 1802 1577 1835 eumdem
1606 1807 1758 1845 tanquam
1781 1813 1874 1835 suum

221 1853 384 1886 dominum
408 1855 443 1885 et
463 1851 686 1885 Romanorum
709 1861 820 1894 regem
844 1851 1020 1884 honorifice
1044 1858 1237 1896 receperunt
1260 1857 1294 1886 et
1316 1855 1475 1897 recipiunt
1497 1854 1584 1886 omni
1606 1854 1659 1886 die
1682 1854 1743 1886 sibi
1765 1855 1874 1886 multis

177 1922 204 1943 ω
221 1904 396 1938 bonoribus
413 1907 619 1937 occurrentes
642 1906 676 1935 et
690 1902 858 1935 fidelitatis
873 1903 1019 1936 debitum
1037 1904 1228 1937 exhibentes
1244 1905 1362 1947 eidem,
1450 1906 1526 1947 quia
1547 1906 1578 1937 in
1602 1909 1748 1948 pretacto
1772 1907 1874 1938 eciam

219 1957 338 2000 scripto
361 1960 468 1989 vestro
496 1955 590 1987 nobis
619 1958 731 1987 notum
764 1955 887 1988 fecistis
915 1954 956 1988 de
979 1957 1191 1988 coronacione
1215 1957 1246 1988 in
1268 1956 1488 1989 Romanorum
1515 1958 1659 1999 reginam
1683 1957 1814 1989 illustris
1836 1967 1874 1989 ac

218 2008 388 2040 karissime
421 2006 486 2039 filie
519 2009 629 2038 nostre
657 2004 807 2037 Elizabet
842 2005 918 2038 dicti
952 2007 1039 2048 regis
1064 2006 1284 2040 Romanorum
1317 2009 1473 2040 consortis
1505 2008 1701 2040 celebranda
1734 2009 1766 2040 in
1800 2012 1874 2040 tunc

218 2062 354 2092 venturo
376 2069 459 2091 nunc
482 2058 640 2100 preterito
662 2057 809 2099 proxime
835 2057 920 2089 festo
942 2057 1189 2099 Pentechostes,
1213 2069 1254 2091 ex
1277 2061 1441 2102 premissis
1464 2060 1721 2092 exaltacionibus
1744 2064 1777 2092 et
1799 2071 1874 2102 pro-
1890 2066 1984 2088 mn-

219 2111 410 2154 speritatum
433 2109 625 2141 eximiarum
649 2108 767 2151 graciis
797 2108 937 2150 desuper
965 2108 1049 2141 datis
1075 2120 1095 2141 a
1118 2109 1273 2151 Domino,
1308 2122 1388 2153 quas
1417 2122 1475 2143 nos
1499 2112 1588 2143 velut
1619 2115 1713 2154 pater
1741 2112 1773 2143 in
1802 2111 1875 2143 filiis

177 2179 203 2199 ι»
223 2162 316 2195 nobis
345 2161 551 2200 ascribimus,
586 2160 705 2192 letatus
735 2162 784 2192 est
815 2160 940 2192 animus
971 2163 1081 2192 noster
1110 2161 1231 2203 gaudio
1261 2173 1379 2205 magno
1403 2163 1498 2195 valde
1525 2173 1702 2205 sensusque
1729 2162 1876 2206 n[ostro]s

220 2213 328 2247 leticie
358 2213 522 2246 cumulata
555 2212 694 2245 materia
726 2212 899 2244 innovavit.
959 2211 1002 2244 Et
1035 2213 1111 2255 quia
1143 2223 1184 2245 cx
1211 2215 1376 2255 premissis
1409 2218 1442 2246 et
1474 2215 1546 2246 aliis
1575 2225 1631 2246 vos
1663 2215 1876 2257 promocionis

219 2276 322 2308 acque
344 2265 475 2298 honoris
498 2263 736 2296 antedictorum
759 2264 846 2305 regis
873 2267 907 2296 et
929 2265 1040 2306 regine
1064 2264 1307 2297 karissimorum
1329 2266 1467 2298 filiorum
1490 2269 1671 2298 nostrorum
1695 2266 1874 2298 ferventem

219 2317 442 2360 cognoscimus
464 2316 642 2349 zelatorem
666 2318 699 2347 et
721 2314 894 2347 sollicitum
919 2325 957 2347 ac
980 2315 1165 2348 continuum
1181 2320 1411 2358 promotorem,
1435 2316 1550 2360 a[c]tus
1565 2322 1689 2350 vestros
1712 2322 1746 2350 et
1763 2318 1874 2349 volun-

219 2370 320 2401 tatem
347 2367 547 2400 laudabilem
574 2365 819 2407 comendantes,
853 2365 945 2398 vobis
975 2366 1049 2399 inde
1081 2368 1261 2409 graciarum
1289 2366 1478 2411 [decidimus
1508 2370 1672 2410 acciones,
1707 2373 1875 2412 precantes

175 2436 202 2456 «ο
220 2419 268 2452 int
290 2443 297 2452 .
315 2443 323 2452 .
340 2444 348 2452 .
372 2430 431 2463 pro
454 2419 640 2452 huiusmodi
664 2418 800 2461 negocio
828 2422 893 2450 tam
918 2417 1056 2451 feliciter
1078 2419 1224 2461 incesto,
1258 2420 1352 2452 sicuti
1386 2420 1469 2452 bene
1502 2421 1648 2463 cepistis,
1682 2420 1814 2452 utilibus
1842 2425 1874 2451 et

219 2470 364 2504 sollicitis
392 2469 708 2515 c[on]tinuationibus
732 2494 739 2502 .
757 2493 764 2502 .
780 2469 810 2502 ‚b
839 2470 878 2502 iis
907 2470 1024 2512 quibus
1051 2470 1167 2503 melius
1194 2474 1301 2504 vestre
1332 2471 1468 2514 probate
1498 2471 1686 2504 discrecioni
1714 2471 1876 2503 videbitur

219 2522 391 2564 insistatis,
425 2525 462 2555 ut
483 2522 624 2555 votivum
649 2525 747 2564 atque
772 2546 779 2554 .
797 2546 804 2554 .
821 2526 848 2554 ‚⁰
871 2522 1007 2564 recipiat
1036 2521 1168 2566 flinemJ.
1215 2523 1249 2555 Si
1280 2534 1344 2566 qua
1372 2524 1405 2555 in
1431 2524 1538 2565 regnis
1572 2527 1606 2556 et
1634 2524 1727 2556 terris
1759 2524 1875 2555 nostris

219 2573 311 2607 vobis
333 2574 532 2607 occurrerint
553 2573 691 2616 placida,
716 2583 755 2605 ea
779 2583 843 2616 que
866 2573 929 2605 sint
951 2571 1165 2617 [fiducialiter]
1188 2575 1372 2617 requiratis.

326 2625 451 2659 Datum
473 2628 510 2658 ut
531 2635 638 2668 supra.
1728 2625 1830 2658 Idem.

176 2733 203 2753 4³
323 2718 390 2748 8⁷⁷.
418 2719 442 2754 ¹)
461 2720 615 2747 habencium
633 2720 675 2746 ed.
762 2718 787 2753 1θ)
805 2719 896 2746 decant
913 2722 930 2746 3
943 2720 1042 2746 liaeo-ae
1059 2729 1079 2746 c.
1169 2721 1193 2752 θ)
1210 2721 1320 2754 quinque
1339 2721 1445 2746 tianae.

324 2788 350 2822 1)
369 2786 459 2821 Supra
476 2795 520 2815 Μ.
532 2790 672 2815 250—269.
759 2788 788 2821 2)
805 2786 897 2821 Supra
915 2795 957 2814 nr.
971 2790 1028 2814 254.
