2184 3126
334 238 396 269 588
578 231 675 259 ACTA
693 230 807 258 REGNI
827 227 1011 256 LUDEWICI
1029 226 1076 253 IV.
1095 225 1141 252 ΕΤ
1160 223 1345 251 FRIDERICI
1363 223 1413 250 ΙΙΙ.
1450 221 1525 249 1323.
1561 221 1611 248 Nr.
1623 220 1683 248 752.
1702 221 1761 248 753.

334 322 426 353 citius
455 321 606 362 poterunt
632 316 822 349 nuntiabunt
851 319 884 347 et
911 317 1034 354 cetera,
1065 322 1127 354 que
1155 310 1197 343 ad
1221 310 1319 342 decus
1347 314 1380 341 et
1407 308 1544 350 gloriam
1577 307 1660 339 sacri
1690 307 1834 349 imperii,
1868 307 1988 350 prefati

334 372 454 414 domini
476 371 695 402 Romanorum
723 368 808 410 regis
837 370 870 398 et
898 390 905 397 .
928 389 936 397 .
967 364 1077 397 vicarii
1105 364 1173 395 eius
1200 358 1442 405 [proveniant]⁰,
1476 359 1592 391 satient
1620 361 1654 390 et
1682 358 1890 401 complebunt
1916 361 1986 391 toto

333 433 444 465 posse,
474 422 569 453 salvis
592 424 625 452 et
647 419 818 452 reservatis
841 417 987 449 omnibus
1010 415 1200 457 privilegiis,
1231 411 1528 452 consuetudinibus,
1553 410 1767 442 observantiis
1790 413 1824 442 et
1845 410 1988 443 moribus

335 474 477 505 comunis
499 471 675 504 Mediolani
707 480 766 511 per
795 469 885 500 divos
913 468 1132 499 Romanorum
1162 474 1258 505 reges
1287 464 1415 495 comuni
1442 465 1476 495 et
1502 461 1685 494 hominibus
1706 461 1884 494 Mediolani
1905 461 1988 494 libe-

334 525 444 556 raliter
468 523 636 564 concessis,
661 522 794 553 servatis
825 523 858 552 et
881 519 1076 551 conservatis
1101 519 1134 548 et
1156 516 1257 548 auctis
1280 517 1412 546 actenus
1436 525 1495 557 per
1517 513 1660 546 eosdem.
1704 513 1748 545 Et
1770 513 1811 546 de
1833 513 1988 556 predictis
2018 523 2031 543 ⁵

333 576 459 618 rogavit
481 585 532 606 me
556 574 757 614 not(arium),
780 575 815 604 ut
837 571 912 603 inde
936 570 1127 602 conficerem
1150 567 1313 610 publicum
1336 567 1593 599 instrumentum.

441 635 487 676 (S.
511 635 566 675 N.)
603 633 690 675 Egor
711 632 908 664 Rubertinus
935 631 1056 662 Burrus
1086 629 1170 661 filius
1202 627 1322 659 domini
1349 626 1492 659 Vercelli
1521 626 1659 658 civitatis
1689 625 1867 658 Mediolani
1894 629 1988 668 porte

333 687 480 718 Romane
504 685 651 727 publicus
675 685 866 716 auctoritate
885 681 1044 724 imperiali
1069 684 1101 713 et
1124 680 1201 712 dicti
1224 679 1345 711 domini
1368 704 1375 711 .
1394 703 1400 710 .
1425 678 1535 710 vicarii
1555 679 1708 719 notarius,
1731 687 1859 710 camere
1875 677 1989 719 palatii

334 737 476 769 comunis
503 736 679 768 Mediolani
713 736 755 767 ad
787 734 1046 766 refformationes
1078 731 1283 764 consiliorum
1316 730 1393 762 dicti
1424 730 1568 762 comunis
1596 730 1802 770 constitutus,
1835 728 1990 771 predictis

334 788 480 820 omnibus
502 787 632 820 interfui
656 791 688 819 et
710 789 842 828 rogatus
865 785 982 817 tradidi
1006 787 1039 816 et
1062 783 1233 824 subscripsi
1250 791 1387 823 meoque
1410 781 1505 813 solito
1527 782 1620 823 signo
1643 781 1767 823 signavi
1790 783 1824 813 et
1845 779 1888 812 ad
1910 779 1988 812 scri-
2007 789 2033 809 ιο

334 839 476 872 bendum
499 839 575 871 dedi
598 838 769 871 infradicto
791 836 1039 869 Franceschollo
1063 835 1197 867 notario.

444 895 490 937 (S.
511 895 566 937 N.)
605 895 700 937 Ego&
721 893 967 926 Francischolus
995 891 1079 923 filius
1102 890 1223 922 domini
1247 889 1382 921 Castelli
1412 888 1453 921 de
1475 888 1624 921 Ariverio
1653 889 1790 921 civitatis
1812 887 1989 920 Mediolani

334 950 426 989 porte
451 947 628 979 Ticinensis
651 947 793 978 notarius
816 946 903 977 iussu
926 943 1132 986 suprascripti
1154 941 1326 974 Robertini
1348 940 1465 973 notarii
1487 940 1609 983 scripsi.

431 1095 515 1132 753.
555 1096 692 1131 Foedus
720 1094 852 1130 comitis
878 1094 919 1128 de
952 1092 1217 1137 Trulaendinyen
1244 1094 1275 1126 et
1302 1090 1520 1126 dominorum
1546 1101 1622 1125 cwm
1648 1088 1902 1125 marchionibus

701 1154 904 1190 Estensibus
930 1156 960 1188 et
988 1154 1122 1189 civitate
1149 1152 1351 1187 Ferrariae.
1456 1149 1538 1185 Iwn.
1557 1150 1620 1185 28.
2006 1157 2033 1178 ιε

446 1237 606 1278 Oriyinale
621 1237 657 1268 in
676 1236 834 1268 tabulario
849 1235 933 1276 reqio
949 1235 1140 1267 Mutinensi.
1182 1233 1383 1266 Contulimus
1397 1243 1463 1265 nos.
1506 1231 1770 1272 orthoqraphiam
1784 1229 1988 1262 servavimus

444 1297 591 1335 Biihmer,
615 1296 691 1337 Ray.
709 1297 823 1328 Dudw.
841 1306 876 1336 p.
893 1297 958 1327 240
982 1294 1215 1327 Reichssachen
1235 1304 1286 1325 nr.
1305 1294 1356 1325 57.

444 1391 491 1433 (S.
508 1391 562 1433 N.)
607 1391 645 1422 In
669 1391 788 1423 Christi
810 1391 949 1422 nomine.

448 1446 475 1474 1.
509 1443 602 1475 Anno
634 1443 778 1474 eiusdem
807 1443 984 1474 nativitatis
1013 1441 1185 1473 millesimo
1217 1440 1443 1472 trecentesimo
1472 1439 1630 1481 vigesimo
1661 1438 1780 1479 tercio,
1817 1436 1992 1469 indictione

337 1497 440 1535 sexta,
463 1494 622 1536 Ferrarie‚
647 1494 699 1526 die
722 1495 879 1535 vigesimo
904 1497 1017 1525 octavo
1041 1493 1160 1524 mensis
1183 1492 1277 1533 Iunii,
1305 1492 1337 1523 in
1359 1491 1475 1523 maiori
1498 1491 1636 1523 ecclesia
1658 1489 1866 1522 Ferrariensi.
1911 1489 1991 1522 Pre-
2010 1498 2037 1519 so

338 1546 480 1579 sentibus
503 1546 638 1578 testibus
660 1547 783 1577 vocatis
816 1549 848 1578 et
876 1546 998 1587 rogatis
1024 1544 1186 1577 nobilibus
1208 1543 1283 1575 viris
1315 1543 1452 1575 dominis
1475 1541 1663 1574 Zilimberto
1691 1541 1813 1573 domini
1835 1540 1995 1573 Zauliveti

337 1598 439 1630 milite
464 1601 496 1630 et
519 1597 605 1629 socio
630 1597 750 1629 domini
774 1596 871 1629 Canis
887 1597 1025 1629 Grandis
1049 1597 1089 1628 de
1113 1596 1145 1628 la
1162 1595 1267 1637 Scala,
1290 1594 1442 1627 Manoelo
1466 1594 1507 1626 de
1523 1593 1735 1634 Menabobus‚
1758 1591 1928 1625 Manfredo
1952 1591 1994 1624 de

338 1649 499 1682 Costablis
522 1649 694 1689 militibus,
723 1649 895 1681 Francisco
919 1649 959 1681 de
983 1648 1133 1690 Medicis,
1162 1647 1298 1679 Nicolao
1322 1646 1363 1678 de
1386 1646 1512 1678 Tabula
1534 1646 1739 1687 iurisperitis,
1764 1645 1937 1682 Tolomeo,
1951 1643 1993 1677 de

330 1701 509 1740 ‚Costablis‚
533 1700 701 1742 Raynaldo
726 1701 766 1732 de
788 1700 1073 1742 Bochimpanibus,
1097 1700 1231 1731 Foresio
1255 1699 1381 1731 notario
1405 1698 1541 1730 condam
1564 1708 1617 1729 ser
1637 1697 1774 1729 Manetti
1789 1695 1992 1738 Floren(tin).

340 1753 432 1793 dioc„
457 1753 625 1784 Bertarino
642 1753 767 1784 notario
785 1753 921 1784 condam
939 1752 1060 1784 domini
1078 1752 1199 1788 Quirici
1217 1751 1257 1783 de
1273 1750 1404 1782 Verona
1421 1753 1454 1781 et
1470 1749 1549 1781 aliis.
1636 1748 1690 1780 Ad
1705 1748 1862 1780 honorem
1877 1747 1996 1790 prefati
2014 1755 2040 1776 π

339 1803 440 1846 Regis
451 1805 473 1845 ¹,
496 1805 626 1835 unitatis
650 1808 683 1836 et
704 1805 794 1846 pacis
817 1809 850 1836 et
872 1804 1011 1847 gloriose
1028 1804 1130 1836 Marie
1154 1803 1286 1845 virginis
1309 1802 1378 1834 eius
1400 1802 1512 1833 matris
1535 1803 1569 1833 et
1591 1801 1734 1832 omnium
1756 1803 1940 1832 sanctorum
1962 1802 1996 1832 et

340 1858 522 1887 sanctarum
545 1856 613 1886 eius
636 1859 669 1887 et
692 1856 733 1887 ad
756 1857 976 1888 reverenciam
999 1858 1203 1887 sacrosancte
1226 1854 1374 1886 Romane
1398 1853 1534 1886 ecclesie
1559 1855 1592 1884 et
1614 1852 1656 1884 ad
1680 1854 1890 1894 augmentum
1913 1851 1996 1883 sacri

340 1906 478 1938 Romani
507 1907 634 1948 imperii
664 1911 697 1939 et
729 1908 979 1940 exaltactionem
1007 1907 1203 1939 serenissimi
1234 1906 1387 1948 principis
1413 1905 1581 1937 Ludowici
1603 1904 1825 1936 Romanorum
1852 1903 1940 1945 regis
1962 1905 1996 1934 et
2019 1900 2022 1902 ’
2072 1932 2074 1934 ,

340 1968 469 2000 semper
492 1960 619 2000 augusti
642 1962 675 1991 et
698 1960 839 1991 omnium
862 1960 1006 1992 fidelium
1022 1960 1123 2001 ipsius
1146 1959 1227 1990 sacri
1249 1958 1378 2000 imperii
1401 1960 1434 1989 et
1456 1957 1499 1988 ad
1513 1957 1670 1988 honorem
1692 1958 1726 1987 et
1740 1955 1860 1987 bonum
1876 1957 1996 1986 statum

341 2010 613 2051 infrascriptorum
638 2010 854 2050 dominorum,
883 2011 1064 2052 civitatum,
1096 2011 1239 2042 locorum
1268 2013 1301 2041 et
1328 2009 1506 2041 amicorum
1528 2017 1674 2048 suorum,
1696 2006 1848 2039 videlicet
1870 2005 1996 2048 magni·
2014 2013 2040 2034 ω

341 2061 472 2092 ficorum
497 2061 697 2093 dominorum
721 2063 817 2094 Oanis
841 2062 979 2094 Grandis
1009 2062 1050 2094 de
1079 2063 1110 2094 la
1134 2061 1229 2094 Scala
1252 2061 1418 2093 civitatum
1437 2060 1568 2092 Verone
1592 2062 1626 2090 et
1639 2058 1814 2091 Vincencie
1836 2056 1998 2100 imperiali

342 2113 531 2145 auctoritate
548 2113 658 2144 vicarii
674 2114 843 2155 generalis,
866 2114 1028 2156 Raynaldi
1049 2117 1081 2146 et
1096 2114 1242 2145 Botironi
1258 2113 1392 2144 fratrum
1410 2111 1451 2144 de
1467 2111 1657 2143 Bonacolsis
1672 2110 1788 2142 eadem
1804 2109 1997 2141 auctoritate

342 2164 533 2196 vicariorum
554 2164 686 2196 Mantue
710 2168 743 2196 et
766 2165 968 2197 dominorum
993 2165 1194 2207 generalium
1217 2164 1355 2196 civitatis
1370 2164 1494 2195 Mutine
1519 2166 1552 2195 et
1566 2162 1729 2194 Francisci
1753 2161 1793 2192 de
1809 2160 1998 2192 Bonacolsis

343 2214 400 2245 filii
422 2215 498 2246 dicti
522 2215 640 2247 domini
663 2217 824 2258 Raynaldi
847 2217 932 2249 dicte
956 2217 1094 2248 civitatis
1116 2217 1240 2248 Mutine
1269 2215 1431 2257 capitanei
1459 2214 1620 2256 generalis
1643 2223 1681 2245 ac
1705 2213 1804 2245 etiam
1825 2212 1998 2244 illustrium

345 2269 378 2297 et
399 2267 640 2308 magnificorum
663 2268 802 2300 virorum
827 2268 1029 2300 dominorum
1051 2268 1223 2310 Raynaldi,
1247 2267 1410 2306 Offizonis,
1433 2266 1581 2298 Bertoldi
1604 2267 1638 2297 et
1658 2264 1796 2306 Nicolay
1813 2263 1999 2295 Estensium
2016 2274 2042 2295 u

346 2320 379 2348 et
401 2317 722 2360 Anchon(itanorum)
740 2320 961 2352 marchionum
985 2323 1018 2352 et
1032 2323 1191 2352 terrarum
1215 2323 1248 2351 et
1271 2320 1415 2351 locorum
1439 2318 1501 2350 sibi
1523 2318 1576 2350 vel
1598 2317 1692 2349 alteri
1716 2326 1827 2348 eorum
1844 2315 1998 2358 qualiter-

346 2378 482 2410 cumque
500 2370 697 2402 subditarum
718 2374 750 2402 et
765 2371 984 2403 subdictorum
1009 2375 1042 2403 et
1057 2372 1222 2403 hominum
1239 2372 1416 2403 amicorum
1432 2380 1545 2402 eorum
1568 2372 1602 2401 et
1617 2369 1761 2409 comunis
1785 2370 1818 2400 et
1832 2367 1998 2399 hominum

348 2419 484 2450 civitatis
508 2420 655 2452 Ferrarie
678 2425 711 2453 et
733 2426 874 2454 terarum
898 2426 932 2455 et
953 2423 1098 2455 locorum
1123 2424 1153 2454 ei
1176 2422 1395 2455 subdictorum
1420 2426 1453 2454 et
1475 2422 1653 2454 amicorum
1675 2430 1815 2452 suorum.

455 2480 483 2510 2.
516 2479 706 2521 Spectabilis
733 2483 780 2514 vir
808 2483 954 2514 dominus
983 2483 1167 2515 Fridericus
1195 2493 1303 2514 comes
1332 2482 1562 2523 Tmhendigen
1590 2491 1647 2512 suo
1677 2481 1806 2512 nomine
1833 2482 1998 2521 tamquam

348 2530 480 2560 nuncius
509 2533 541 2562 et
569 2532 762 2564 ambasiator
790 2534 864 2566 dicti
894 2535 1014 2566 domini
1037 2534 1204 2566 Ludowici
1231 2531 1452 2566 Romanorum
1479 2534 1564 2576 regis
1593 2536 1626 2565 et
1652 2542 1781 2574 semper
1809 2531 1939 2573 augusti
1961 2540 1998 2562 ac
2016 2541 2044 2560 ω

349 2582 567 2621 procuratorio
590 2584 717 2615 nomine
742 2588 774 2616 et
795 2586 865 2617 vice
890 2589 923 2617 et
945 2587 1073 2618 nomine
1090 2585 1275 2628 spectabilis
1298 2586 1357 2616 viri
1380 2585 1501 2617 domini
1516 2584 1663 2616 Bertoldi
1686 2583 1812 2615 comitis
1834 2582 1875 2615 de
1890 2581 1999 2615 Marh-

351 2634 454 2663 steten
482 2632 557 2664 dicti
585 2634 624 2665 de
648 2635 744 2667 Nifen
772 2639 805 2668 et
834 2647 875 2668 ex
902 2639 1012 2680 vigore
1043 2638 1242 2670 comissionis
1270 2637 1330 2668 sibi
1358 2637 1442 2668 facte
1470 2647 1490 2668 a
1518 2636 1604 2668 dicto
1635 2635 1765 2668 domino
1787 2633 1943 2666 Bertoldo
1967 2635 2001 2665 et

351 2681 496 2714 dominus
512 2684 626 2716 Petrus
649 2686 689 2718 de
706 2687 809 2719 Sacho
832 2689 1032 2731 iurisperitus
1056 2689 1196 2721 sindicus
1219 2691 1252 2721 et
1275 2691 1463 2730 procurator
1486 2690 1520 2719 et
1535 2687 1705 2719 sindicario
1729 2690 1763 2718 et
1777 2685 2000 2728 procuratorio

456 2772 519 2798 75⁵2..
551 2774 573 2806 e)
592 2776 682 2801 excidit
699 2777 739 2802 hic
758 2787 809 2807 or.,·
828 2780 862 2811 cf.
875 2788 957 2812 supra
970 2789 1033 2813 paq.
1043 2782 1093 2806 587
1105 2781 1151 2806 lin.
1162 2782 1199 2805 12.
1280 2778 1300 2810 r)
1320 2779 1375 2804 alia
1388 2786 1480 2803 manue
1494 2787 1532 2804 or.
1612 2778 1638 2810 Β)
1652 2777 1730 2810 prim
1746 2785 1840 2802 '’mm“
1857 2785 1896 2802 θ’·

456 2839 481 2871 1)
500 2839 599 2867 Scilicet
622 2841 725 2869 cmm:
2017 2845 2044 2867 ⁴⁵
