2184 3126
309 175 371 205 610
507 172 602 199 ACTA
622 171 735 199 REGNI
754 170 937 198 LUDEWICI
957 170 1004 197 IV.
1023 169 1068 196 ET
1089 169 1108 196 F
1113 168 1273 196 RIDERICI
1292 169 1340 195 111.
1379 169 1453 196 1323.
1490 169 1539 196 Nr.
1553 169 1611 197 783.
1631 170 1689 198 784.
1708 171 1766 198 785.

498 321 741 366 783—785.
784 319 1117 366 LUDEWICI
1145 319 1432 365 SCRIPTA
1460 319 1772 368 DIVERSA.

862 397 969 433 1323.
1005 397 1106 441 Sept.
1131 395 1340 434 19.-οη.
1364 397 1398 432 7.

634 516 719 551 783.
759 515 923 560 Receptio
950 517 987 552 in
1015 516 1231 561 capellanum
1256 518 1367 562 prior.
1473 516 1566 564 Sept.
1584 520 1642 554 19.

417 590 577 631 Oriyz'nale
605 590 640 621 in
670 588 827 621 tabulario
855 589 996 630 yenerali
1022 590 1112 630 reyni
1133 590 1301 622 Bawarz'ci
1329 589 1422 623 KLS
1448 601 1499 623 nr·
1513 592 1587 624 269.
1632 592 1869 634 Descripsimus
1890 605 1956 627 nos.

305 642 425 675 Pendet
446 641 544 682 sigilli
562 641 777 682 fraymentum
801 641 866 672 loro
888 640 1129 673 membranaceo.
1153 660 1196 664 —
1218 641 1390 675 Ineditum.
1987 655 2001 675 s

411 701 556 739 Bb'kmer,
581 700 655 741 Rey.
672 700 784 732 Ludw.
805 711 838 740 p.
855 700 899 732 37
920 711 970 732 nr.
988 701 1060 734 628.

415 762 462 800 Cf.
486 772 535 793 nr.
553 762 623 792 785.

413 848 481 880 Nos
508 847 702 879 Ludowieus
730 847 794 879 Dei
827 848 936 889 gracia
972 839 1193 880 Romanorum
1228 859 1287 881 rex
1313 859 1442 891 semper
1473 853 1628 892 augustus
1661 850 1703 883 ad
1736 851 1959 884 universorum

306 900 453 932 volumus
476 899 628 931 noticiam
651 900 830 941 pervenire,
857 910 915 931 nos
938 900 1124 942 religiosum
1147 901 1250 932 virum
1274 900 1407 933 fratrem
1428 901 1574 934 Ulricum
1596 901 1751 934 abbatem
1773 903 1960 935 monasterii

304 952 337 982 in
360 951 492 983 Cesaria
508 950 730 982 cisterciensis
754 951 872 982 ordinis
895 952 927 982 in
950 952 1152 993 capellanum
1168 956 1311 984 nostrum
1327 953 1488 995 recepisse
1512 953 1554 985 ob
1569 964 1626 986 sue
1642 953 1827 986 devocionis
1843 954 1959 987 merita
1978 967 2004 988 ιο

303 1013 342 1034 ac
366 1003 518 1034 virtutum
542 1005 575 1034 et
596 1012 655 1044 per
677 1012 877 1044 consequens
899 1004 1002 1045 ipsam
1026 1003 1157 1035 domum
1180 1004 1211 1035 in
1229 1003 1361 1036 Oesaria
1383 1005 1416 1036 in
1439 1005 1584 1047 personis
1606 1006 1766 1047 religiosis
1788 1017 1846 1038 seu
1867 1016 1960 1039 secu-

303 1054 423 1086 laribus
446 1064 484 1085 ac
507 1054 655 1085 universa
676 1054 775 1095 ipsius
790 1056 977 1087 monasterii
999 1055 1112 1097 predia
1135 1056 1167 1087 in
1194 1056 1342 1088 tuicionis
1366 1060 1399 1088 et
1424 1057 1634 1098 protectionis
1654 1061 1764 1090 nostre
1785 1057 1961 1100 presidium

303 1105 489 1147 specificum
513 1106 715 1147 asumpsisse.
754 1106 910 1138 Volentes
937 1117 978 1138 ne
1006 1117 1065 1148 per
1092 1117 1271 1149 quosquam
1294 1108 1418 1139 iniuriis
1447 1118 1485 1140 ac
1515 1107 1692 1151 dispendiis
1717 1113 1960 1152 pregraventun

302 1159 398 1198 prout
428 1156 661 1198 indignacionis
689 1159 797 1189 nostre
825 1158 956 1190 aculeos
982 1158 1142 1190 voluerint
1169 1160 1301 1191 evitare.
1391 1159 1430 1191 In
1456 1161 1546 1192 cuius
1572 1161 1620 1193 rei
1642 1162 1861 1194 testimonium
1883 1171 1959 1204 pre·

303 1211 411 1240 sentes
435 1208 612 1240 maiestatis
636 1212 744 1240 nostre
768 1209 874 1251 sigillo
897 1210 1044 1242 iussimus
1066 1211 1264 1243 communiri.
1975 1231 2002 1252 ι,

409 1259 484 1291 Dat.
500 1259 638 1298 Monaci,
665 1260 758 1292 XIII.
779 1261 895 1293 Kalen.
913 1261 1055 1303 Octobr.‚
1084 1273 1167 1294 anno
1194 1262 1325 1295 Domini
1353 1263 1525 1296 millesimo
1552 1264 1780 1296 trecentesimo
1806 1264 1958 1297 vicesimo

302 1311 412 1351 tercio,
436 1311 526 1352 regni
550 1322 625 1343 vero
649 1313 749 1344 nostri
771 1323 854 1345 anno
877 1324 972 1346 nono.

525 1430 610 1466 784.
651 1430 823 1477 Scriptum
844 1443 912 1477 pro
941 1433 1142 1478 barem-avio
1169 1434 1457 1484 Not-*imberyensi
1562 1407 1655 1481 Sept.
1675 1436 1737 1471 27.

416 1503 578 1544 Oriyinale
604 1504 717 1537 ibidem
745 1505 836 1538 KLS
860 1516 910 1538 nr.
927 1508 1000 1539 271.
1049 1508 1249 1541 Contulimus
1276 1519 1342 1541 nos.
1388 1508 1509 1542 Pendet
1530 1508 1628 1550 siyilli
1648 1509 1863 1551 fraqmentum
1892 1508 1960 1549 filis

304 1555 414 1586 sericis
435 1555 525 1587 rubei
546 1556 719 1596 viridisque
741 1557 861 1589 coloris.
1975 1573 2002 1594 so

410 1615 555 1653 Bmmzer,
579 1616 654 1656 Rey.
671 1616 783 1649 Ludw.
803 1628 837 1657 p.
854 1618 897 1649 37
918 1629 968 1650 nr.
984 1620 1056 1651 629.

411 1701 479 1733 Nos
512 1702 704 1734 Ludowicus
733 1702 797 1735 Dei
831 1706 935 1746 gratia
963 1705 1184 1738 Romanorum
1218 1717 1278 1739 rex
1311 1718 1440 1750 semper
1474 1710 1629 1750 augustus
1663 1707 1706 1739 ad
1738 1708 1959 1740 universorum

303 1753 450 1784 notitiam
474 1754 620 1785 volumus
640 1756 826 1796 pervenire,
858 1757 944 1798 quod
967 1759 1110 1799 pensatis
1132 1758 1282 1790 fidelibus
1305 1763 1338 1791 et
1362 1759 1487 1791 devotis
1510 1759 1674 1802 obsequiis
1695 1759 1789 1792 nobis
1811 1764 1846 1792 et
1867 1770 1958 1792 sacro

304 1804 438 1845 imperio
463 1815 521 1845 per
544 1805 687 1838 nobilem
710 1807 812 1839 virum
828 1807 1030 1841 Fridericum
1053 1809 1262 1852 burgravium
1285 1811 1328 1844 de
1343 1811 1538 1853 Nurenberg
1553 1811 1683 1844 fidelem
1699 1814 1843 1843 nostrum
1859 1811 1959 1844 dilec-

304 1857 372 1886 tum
395 1855 551 1887 hactenus
574 1858 727 1899 impensis
750 1863 784 1891 et
806 1860 838 1891 in
861 1860 1002 1892 futurum
1026 1872 1089 1893 non
1112 1863 1216 1894 minus
1238 1862 1379 1895 fideliter
1394 1863 1630 1905 impendendis,
1652 1863 1794 1895 maxime
1817 1862 1904 1905 quod
1925 1863 1958 1894 in
1977 1861 2007 1892 π’

305 1905 357 1937 die
382 1906 595 1939 dimicationis
623 1913 655 1941 et
683 1909 760 1942 belli
790 1922 848 1952 pro
877 1913 977 1953 ipsius
1005 1914 1086 1944 sacri
1110 1914 1237 1956 imperii
1267 1925 1305 1946 ac
1327 1916 1445 1947 nostris
1467 1915 1600 1947 summis
1622 1914 1797 1947 honoribus
1819 1924 1879 1957 per
1899 1925 1958 1946 nos

303 1957 404 1989 habiti
432 1969 503 1990 cum
527 1959 692 1992 Friderico
722 1961 802 1994 duce
827 1964 957 1995 Austrie
985 1964 1053 2006 ipse
1081 1965 1174 1997 miles
1204 1969 1373 1998 strennuus
1397 1970 1430 1998 et
1453 1966 1582 1998 adiutor
1611 1966 1652 1998 de
1678 1966 1780 1998 multa
1807 1967 1958 1998 comitiva

303 2010 411 2040 extitit
439 2010 494 2041 illo
525 2011 591 2051 die,
626 2013 733 2045 eidem
763 2017 795 2045 et
826 2016 891 2047 suis
919 2016 1093 2048 heredibus
1121 2017 1252 2059 opidum
1284 2017 1405 2050 dictum
1431 2018 1649 2061 Raegentzhof
1673 2028 1764 2050 sacro
1794 2018 1958 2060 pertinens

303 2060 437 2102 imperio
454 2072 525 2093 cum
549 2063 618 2094 iure
635 2067 822 2105 patronatus
844 2067 980 2100 ecclesie
1003 2068 1126 2100 ibidem
1150 2073 1183 2101 et
1205 2069 1324 2102 iudicio
1348 2070 1455 2103 eidem
1479 2070 1576 2112 opido
1601 2073 1769 2112 spectante
1793 2073 1827 2102 et
1842 2069 1958 2102 ceteris

302 2111 566 2154 iurisdicionibus⁷
596 2115 726 2157 iuribus,
758 2117 941 2161 honoribus,
965 2120 1231 2162 possessionibus,
1254 2121 1350 2153 rebus
1373 2125 1407 2154 et
1429 2122 1501 2154 aliis
1524 2122 1725 2164 pertinentiis
1746 2121 1902 2154 universis
1925 2121 1959 2153 in
1977 2130 2003 2151 so

304 2162 434 2194 feodum
458 2169 648 2206 perpetuum
673 2169 866 2201 conferimus
890 2174 923 2202 et
945 2171 986 2203 de
1009 2172 1079 2214 ipso
1105 2183 1160 2204 eos
1183 2173 1388 2214 presentibus
1410 2173 1525 2206 litteris
1546 2174 1751 2215 investimus,
1781 2173 1957 2205 tenendum

305 2216 338 2244 et
360 2215 588 2255 possidendum
619 2229 677 2259 per
709 2230 765 2252 eos
787 2221 938 2263 legaliter
966 2226 999 2254 et
1025 2223 1157 2255 realiter
1183 2225 1259 2256 iusti
1290 2225 1378 2257 feodi
1401 2225 1504 2267 tytulo
1528 2236 1547 2257 a
1570 2225 1662 2257 nobis
1685 2228 1718 2257 et
1740 2225 1812 2257 aliis
1833 2225 1956 2262 Roma-

305 2275 416 2296 norum
445 2267 574 2308 regibus
602 2273 790 2304 successive.
886 2274 924 2305 In
952 2275 1040 2306 cuius
1069 2276 1117 2307 rei
1143 2276 1362 2308 testimonium
1389 2280 1557 2319 presentes
1582 2277 1707 2308 litteras
1736 2276 1893 2309 conscribi
1923 2278 1957 2308 et

303 2319 410 2348 nostre
434 2319 611 2351 maiestatis
634 2322 738 2363 sigillo
762 2325 909 2357 iussimus
932 2327 1130 2359 communiri.

412 2367 485 2400 Dat.
510 2370 646 2413 Monaci,
670 2373 709 2405 V.
727 2375 891 2408 Kalendas
915 2378 1062 2419 Octobr.‚
1093 2389 1176 2411 anno
1199 2378 1330 2411 Domini
1354 2380 1526 2412 millesimo
1550 2380 1778 2412 trecentesimo
1801 2379 1954 2412 vicesimo
1973 2388 1998 2409 ιε

304 2419 414 2460 tercio,
438 2422 527 2462 regni
550 2433 625 2455 vero
649 2427 748 2457 nostri
771 2438 854 2459 anno
878 2439 971 2461 nono·

641 2541 725 2578 785.
766 2544 927 2591 Receptio
954 2548 991 2582 in
1019 2548 1234 2593 capellanum
1262 2549 1385 2586 altera.
1492 2549 1564 2586 Oct.
1585 2551 1618 2586 7.

418 2610 578 2651 originale
602 2614 676 2656 (or.)
701 2616 735 2647 in
759 2618 916 2651 tabulario
937 2621 1076 2660 yeneralz·
1097 2622 1187 2662 reqni
1206 2622 1375 2654 Bawarici
1396 2622 1489 2655 KLS
1510 2633 1560 2655 nr.
1577 2623 1673 2665 2734.
1718 2622 1955 2663 Descrvpsimus

306 2670 373 2692 nos.
419 2661 538 2694 Pendet
559 2665 655 2704 siyilli
676 2667 886 2707 fraymentum
909 2670 973 2703 loro
996 2673 1236 2706 membranaceo.

412 2721 556 2761 Bb'hmer,
579 2724 653 2765 Rey.
671 2726 782 2758 Ludw.
799 2739 834 2768 2).
851 2732 894 2761 37
915 2741 964 2762 nr.
983 2732 1054 2763 636.
1970 2744 1996 2764 ⁴⁰

416 2781 463 2819 Cf.
487 2793 586 2822 supra
608 2795 657 2816 nr.
676 2788 747 2818 783.
