2158 3138
157 982 181 1003 u

153 2672 183 2693 ⁴³

613 159 834 189 TRAc'rA'rUS
853 159 900 186 Du
919 158 1133 187 ELECTIONE.
1171 160 1246 187 1814.
1283 160 1332 187 Nr.
1344 160 1386 188 82.
1405 161 1446 187 83.
1814 168 1853 197 79

199 247 331 292 decu[it]
353 249 454 281 fatam
477 248 576 280 filiam
599 250 741 279 nostram
768 247 800 278 in
831 247 961 278 civitate
979 246 1104 278 Vienne
1129 245 1222 277 duxit
1251 247 1459 287 visitandam,
1489 254 1638 289 presente
1664 249 1753 281 vobis
1778 275 1783 281 .
1804 275 1809 280 .
1829 256 1855 280 .·

199 299 364 332 vobiscum
387 323 394 332 .
419 324 425 331 .
449 304 477 330 .·
505 298 582 331 bant
609 302 642 330 et
667 297 889 341 expediebant
919 297 960 329 ad
990 297 1107 328 bonum
1137 301 1255 329 statum
1287 302 1321 329 et
1349 309 1536 340 prosperum
1569 300 1733 342 utriusque
1764 302 1854 342 regni

198 351 291 384 vobis
321 351 454 383 innuere
483 353 517 382 et
547 349 745 392 persuadere
774 349 890 381 nostris
918 349 1034 380 litteris
1066 348 1277 389 deberemus,
1306 360 1368 391 que
1398 349 1439 380 ad
1469 354 1609 382 vestrum
1641 356 1674 382 et
1703 362 1795 383 snum
1819 363 1855 383 ec

200 403 365 445 utriusqus
388 402 554 444 regiminis
578 399 792 444 p[rosperu}m
815 400 964 432 ausilium
988 400 1106 432 cedant
1129 425 1135 431 .
1155 405 1191 441 .“,
1217 401 1331 432 nostris
1347 401 1518 433 affectibus
1536 401 1707 443 plurimum
1726 402 1854 443 placue-

199 457 282 487 runt.
327 453 370 486 Et
393 453 539 486 videntes
569 456 682 495 aperte
712 462 783 484 esse
811 451 907 491 utile,
935 451 1125 483 honorabile
1156 456 1189 483 et
1218 452 1415 484 fructuosum
1444 452 1530 484 dicto
1562 454 1629 494 regi
1659 458 1691 485 et
1715 459 1854 485 vestrum

203 530 211 538 .
229 530 236 539 .
259 505 290 538 ,ὓ
311 503 502 549 ut[rius]que
531 504 638 544 terris,
667 506 703 535 ut
731 503 816 535 inter
842 503 956 535 ambos
984 513 1061 534 vera
1083 503 1241 544 firmaque
1265 503 1400 535 dileccio
1424 507 1625 545 perseveret,
1649 505 1855 536 serenitatem

202 560 342 590 vestram
365 556 408 589 sd
431 556 492 589 hoc
515 554 713 598 providimus
741 554 971 593 inducendam,
995 552 1052 597 [ut]
1080 555 1125 586 sic
1156 554 1332 596 prudenter
1360 556 1452 586 sicuti
1484 556 1726 597 magnificencie
1750 562 1855 587 vestre

202 609 286 642 bene
308 609 454 651 congruit
476 606 575 652 [vos]*’
599 618 672 639 cum
695 606 782 638 dicto
806 617 883 649 rege
908 607 1097 638 confirmare
1115 606 1229 645 velitis,
1246 606 1458 638 consideratis
1475 606 1566 638 bonis
1586 606 1704 638 debitis
1719 607 1855 649 vigenti-

198 661 263 698 ‚bus
295 662 379 693 inter
411 660 535 701 ambos,
570 658 656 701 quod
691 658 829 690 vicissim
854 682 861 689 .
884 682 892 689 .
916 663 945 689 ‚⁰
973 658 1190 699 cincei-itane)
1225 658 1384 689 continuis
1412 658 1503 690 bonis
1532 658 1657 689 actibus
1691 659 1855 700 utriusque

199 715 400 752 incrementa
421 710 602 755 suscip[ia]t
625 714 660 743 et
682 711 802 743 fructus
827 710 927 742 bonos
952 733 983 741 ..
1002 709 1028 741 ,ά
1053 720 1115 751 que
1140 709 1305 751 producat.

221 758 227 760 -
306 765 455 806 Denique
478 764 616 796 scientes
639 773 657 794 e
681 762 772 794 firmo
796 762 938 793 animum
962 766 1103 793 vestrum
1126 762 1250 793 tociens
1274 761 1316 792 ad
1339 761 1493 802 gaudium
1519 762 1676 801 renovari,
1701 762 1855 803 quociens

198 816 252 861 [de
275 814 397 859 nobis]⁹
419 815 512 848 vobis
534 824 690 857 prospera
713 814 913 854 nunciantur,
931 817 1105 855 propterea
1122 813 1398 854 magnificenciam
1416 817 1555 844 vestram
1573 812 1707 844 facimus
1723 817 1855 853 certam,

199 868 285 911 quod
309 868 447 900 faciente
471 866 537 907 illo,
559 876 619 909 per
642 875 739 908 quem
762 875 936 906 regnamus
960 868 993 896 et
1016 865 1169 904 vivimus,
1199 875 1256 895 nos
1285 874 1349 895 una
1373 875 1444 895 cum
1469 864 1585 895 inclitis
1609 864 1717 896 liberis
1741 866 1855 896 nostris

199 919 297 963 plena
320 929 490 962 corporum
513 918 670 960 sospitate
692 918 848 959 vigemus.

308 970 427 1003 Datum
451 969 570 1010 Ilerde,
594 968 686 1002 XVI.
710 968 876 1000 Kalendas
899 967 1101 1008 Novembris,
1125 978 1207 999 anno
1232 967 1363 998 Domini
1386 966 1617 999 MCCCXIIII.

996 1029 1182 1060 Bernardus
1205 1028 1246 1060 de
1271 1029 1438 1060 Aversone
1462 1027 1643 1067 m(andato)
1668 1029 1790 1069 r(egis).

576 1153 637 1190 83.
678 1152 868 1199 Responsio
895 1153 1053 1188 ducissae
1078 1152 1219 1188 directa.
1330 1151 1401 1187 Oct.
1420 1152 1478 1186 17.

310 1224 408 1264 Copia
431 1222 487 1266 (c.)
515 1222 629 1255 ibidem
655 1222 676 1254 l.
696 1233 722 1254 c.
747 1221 807 1264 fol.
825 1222 854 1253 1‘
877 1221 1002 1262 partim
1032 1222 1178 1253 evanida.
1215 1241 1251 1246 —
1288 1222 1350 1255 Ed.
1374 1221 1535 1261 Zeissbery
1564 1220 1585 1253 l.
1607 1231 1632 1252 c.
1654 1231 1689 1260 p.
1707 1222 1727 1250 9
1754 1231 1802 1253 nr.
1823 1221 1855 1253 2.

149 1291 151 1294 ⁴
197 1274 381 1309 fflitionem
403 1274 582 1315 repetimus.

310 1331 359 1370 Os.
383 1330 507 1363 litteras
529 1330 675 1362 ducissae
696 1339 797 1369 supra
819 1339 869 1360 nr.
885 1330 936 1360 44.

305 1407 445 1441 Iacobus
478 1408 541 1440 Dei
578 1408 687 1450 gracia
725 1417 785 1439 rex
825 1407 1026 1449 Aragonum,
1061 1406 1229 1447 Valencie,
1267 1406 1414 1438 Sardinie
1450 1410 1482 1437 et
1517 1405 1646 1437 Corsice
1681 1416 1854 1447 comesque

197 1461 402 1494 Bai-chinone
431 1471 468 1492 ac
497 1464 607 1492 sancte
635 1459 783 1491 Romane
813 1462 874 1490 etc.
964 1459 1072 1490 inclite
1101 1469 1157 1490 sue
1188 1458 1356 1490 karissime
1385 1458 1450 1489 filie
1480 1457 1628 1489 Elizabet
1656 1456 1718 1488 Dei
1746 1457 1855 1498 gracia

199 1513 329 1545 Austrie
352 1516 386 1544 et
409 1511 514 1554 Styrie
539 1511 664 1543 ducisse
687 1510 802 1542 illustri
891 1510 1028 1542 salutem
1054 1515 1087 1541 et
1111 1514 1279 1551 paternam
1302 1509 1579 1541 benediccionem.

307 1563 354 1607 (1)
382 1563 540 1596 Litteram
571 1562 733 1594 vestram²
765 1572 823 1604 per
853 1561 1005 1593 dilectum
1035 1561 1249 1593 Bertrandum
1283 1561 1324 1592 de
1353 1560 1474 1592 Gallifa
1502 1560 1637 1592 militem
1665 1563 1697 1590 ct
1724 1558 1853 1590 fidelem

198 1615 333 1648 Petrum
361 1614 447 1648 Lulli
477 1614 655 1647 familiares
682 1617 808 1646 nostros
837 1624 856 1645 a
884 1617 991 1645 vestra
1026 1614 1114 1645 curia
1143 1613 1316 1645 redeuntes
1345 1613 1470 1644 noviter
1502 1613 1534 1643 in
1562 1612 1678 1643 nostris
1708 1611 1854 1642 manibus

199 1670 418 1711 presentatam
441 1675 515 1699 cum
539 1666 648 1698 leticia
671 1665 778 1697 cordis
801 1668 834 1696 et
857 1668 1022 1706 gratanter
1045 1665 1227 1706 recepimus
1244 1663 1402 1707 eius[que]
1424 1664 1658 1695 continenciam
1675 1663 1855 1694 audivimus

199 1729 237 1752 ac
259 1718 477 1752 intelleximus
500 1717 682 1760 diligenter.
727 1716 770 1748 Et
793 1716 953 1758 siquidem
978 1717 1053 1758 quia
1069 1716 1162 1747 nobis
1178 1716 1219 1747 de
1236 1726 1393 1758 corporea
1409 1716 1564 1757 sospitate
1582 1719 1687 1746 vestra
1703 1714 1854 1745 noticiam

199 1781 317 1802 novam
339 1761 483 1812 pertulit,
505 1769 599 1800 nobis
622 1772 798 1811 propterea
814 1779 933 1800 novum
949 1768 1102 1810 gaudium
1120 1768 1290 1799 nunciavit.
1337 1767 1464 1798 Placuit
1481 1768 1581 1798 eciam
1600 1766 1715 1797 nostris
1731 1766 1854 1797 affecti-

199 1821 259 1854 bus
281 1822 359 1854 satis
383 1820 476 1862 bene,
500 1820 588 1863 quod
612 1820 719 1852 dicitis
741 1830 798 1851 vos
822 1830 895 1851 cum
918 1820 1061 1851 maximo
1079 1819 1200 1851 honore
1225 1823 1258 1850 et
1274 1819 1393 1860 gaudio
1417 1829 1455 1850 ac
1472 1819 1554 1850 festo
1572 1817 1651 1859 ylari
1668 1822 1701 1849 et
1716 1816 1853 1848 iocundo

200 1873 296 1906 fuisse
319 1875 485 1915 receptam
509 1871 660 1914 quodque
684 1876 771 1903 terra
794 1871 953 1903 Australis
978 1871 1068 1902 vobis
1092 1870 1186 1902 valde
1204 1870 1385 1912 complacet
1408 1870 1496 1901 velut
1518 1869 1720 1912 pulcerrima,
1745 1868 1853 1899 fructi-

198 1925 268 1957 fera
296 1927 330 1956 et
361 1923 563 1956 delectabilis
591 1933 630 1955 ac
659 1924 691 1955 in
723 1923 815 1955 bonis
843 1922 990 1954 omnibus
1020 1923 1161 1964 copiosa.
1251 1923 1298 1963 (2)
1322 1923 1407 1953 Sane
1439 1922 1514 1963 quia
1542 1922 1573 1952 in
1603 1920 1718 1952 eadem
1747 1920 1854 1951 littera

198 1976 403 2018 significastis
425 1975 534 2016 nobis,
557 1974 643 2017 quod
666 1975 799 2006 illustris
830 1975 979 2016 princeps
1007 1974 1198 2005 Fredericus
1221 1973 1284 2005 Dei
1308 1974 1417 2015 gracia
1445 1973 1510 2004 dux
1539 1973 1668 2004 Austrie
1693 1976 1726 2003 et
1749 1971 1854 2012 styrie

197 2028 331 2060 maritus
353 2030 462 2060 vester
485 2027 671 2059 karissimus
694 2026 786 2058 nobis
814 2029 849 2057 ut
875 2025 958 2057 filius
982 2024 1107 2068 h[abet]
1133 2029 1271 2067 quatuor
1294 2035 1390 2056 voces
1417 2025 1449 2056 in
1474 2025 1636 2056 eleccione
1661 2024 1751 2065 regni
1778 2022 1852 2054 Ala—

198 2080 316 2121 manie,
340 2080 385 2111 sic
409 2078 495 2123 quod
519 2082 670 2120 speratur
691 2078 836 2117 firmiter,
860 2081 895 2109 ut
918 2077 959 2109 ad
983 2078 1119 2119 insignia
1143 2077 1218 2108 dicti
1243 2077 1332 2118 regni
1357 2080 1390 2108 et
1419 2080 1532 2118 postea
1555 2076 1681 2117 imperii
1705 2074 1855 2106 deveniet

200 2130 298 2163 dante
321 2131 411 2171 Deo,
435 2130 475 2163 de
500 2141 563 2172 quo
588 2131 686 2162 etiam
714 2129 802 2162 idem
834 2130 899 2162 dux
926 2140 986 2172 per
1008 2129 1105 2161 aliam
1129 2139 1219 2160 suam
1243 2129 1383 2160 litteram
1412 2129 1559 2160 similiter
1582 2127 1673 2159 nobis
1696 2126 1854 2168 scripsit2,

201 2182 380 2225 gaudentes
403 2181 444 2215 de
468 2181 529 2213 hoc
553 2182 643 2214 velut
666 2182 719 2224 qui
743 2181 899 2213 honorem
924 2181 1000 2213 dicti
1025 2181 1114 2212 ducis
1138 2184 1173 2212 ut
1197 2181 1360 2222 proprium
1385 2184 1586 2221 reputamus,
1611 2179 1800 2210 affectamus
1824 2178 1854 2208 in

150 2271 153 2274 Δ
197 2233 260 2266 hoc
282 2237 316 2266 et
337 2233 409 2266 aliis
432 2234 603 2266 memorati
627 2233 717 2265 ducis
740 2234 877 2275 negocia
900 2233 992 2265 sicuti
1023 2233 1144 2274 proprii
1175 2233 1231 2264 filii
1261 2232 1399 2264 feliciter
1427 2231 1602 2263 sublimari.
1641 2230 1711 2261 Hoc
1735 2234 1854 2268 nutem,

197 2286 308 2318 inclita
330 2286 396 2318 filia
419 2289 452 2318 ct
474 2285 566 2317 nobis
590 2285 769 2325 karissima,
787 2284 878 2317 vobis
900 2285 1075 2322 hortamur,
1099 2284 1294 2316 consulimus
1317 2294 1355 2315 ac
1373 2283 1549 2314 affeccionc
1567 2286 1701 2324 paterna
1717 2282 1853 2322 iniungi-

198 2347 283 2378 mus,
313 2337 462 2380 quatinus
497 2339 710 2368 mcmoratum
739 2336 854 2368 ducem
881 2336 971 2367 velut
998 2335 1139 2367 nobilem
1169 2346 1207 2367 ac
1236 2334 1459 2366 honorabilem
1489 2334 1653 2365 dominum
1689 2337 1721 2364 et
1754 2334 1853 2363 virum

197 2392 340 2421 vestrum
365 2389 504 2430 honore,
532 2389 665 2429 timore,
696 2388 873 2420 dileccione
902 2391 935 2419 et
963 2387 1148 2419 reverencia
1177 2387 1415 2429 prosequamini
1439 2385 1586 2427 speciali,
1620 2390 1684 2416 tam
1710 2383 1853 2426 provide.

198 2443 264 2472 tam
289 2439 464 2482 prudenter
491 2443 525 2472 et
551 2439 612 2483 co[.
631 2439 690 2482 .]ce
700 2445 723 2480 ⁸,
753 2443 788 2471 ut
816 2439 857 2471 ab
882 2450 937 2478 eo,
965 2438 1033 2482 [qui
1063 2438 1137 2481 non]
1166 2439 1269 2470 solum
1300 2439 1423 2476 mariti,
1451 2443 1501 2469 set
1525 2443 1692 2478 parentum
1718 2440 1750 2466 et
1773 2436 1852 2466 ami-

199 2501 310 2524 corum
327 2495 506 2524 vestrorum
523 2502 543 2523 a
558 2491 649 2523 vobis
666 2491 857 2523 distancium
874 2490 1038 2534 [reddere]
1056 2490 1155 2522 debet
1171 2491 1267 2525 vices.
1292 2515 1298 2520 .
1318 2515 1323 2520 .
1342 2490 1370 2521 ,ὓ
1394 2489 1658 2520 benevolenciam
1682 2486 1852 2528 adquirere

199 2545 234 2576 et
255 2543 378 2575 habere
402 2546 436 2575 et
458 2543 531 2575 aliis
554 2544 654 2575 etiam
678 2566 709 2575 ..
728 2548 754 2574 ‚⁰
777 2542 921 2574 cionibus
953 2542 1037 2574 adeo
1067 2541 1224 2573 studeatis
1248 2542 1392 2583 placere,
1421 2545 1456 2572 ut
1483 2541 1525 2571 ab
1548 2539 1695 2571 omnibus
1720 2538 1853 2569 valeatis

199 2595 286 2628 fame
311 2595 396 2643 bone
420 2595 606 2637 preconium
631 2594 789 2627 obtinere.
835 2594 1009 2636 Speramus
1037 2597 1146 2625 autem
1176 2603 1216 2625 ex
1246 2593 1307 2624 hiis
1339 2593 1478 2624 faciente
1504 2591 1668 2623 Altissimo
1692 2589 1852 2621 condicio-

303 2667 350 2695 82-
379 2669 403 2700 ¹)
423 2669 513 2694 denunt
525 2668 616 2701 aliqua
628 2677 649 2694 c.
719 2666 744 2700 1ὓ)
762 2668 854 2694 deum:
865 2669 936 2693 3——4
946 2669 1053 2694 litterae.
1124 2668 1147 2698 e)
1167 2669 1232 2693 7-8
1244 2667 1352 2692 litterae.
1423 2665 1448 2697 ἅ)
1468 2669 1485 2690 8
1498 2665 1603 2690 litterae.
1675 2665 1697 2693 ⁰)
1717 2666 1734 2688 6
1746 2664 1852 2688 litterae.

302 2722 349 2751 88.
377 2723 402 2756 “)
421 2724 513 2750 aarum
530 2726 546 2749 2
557 2724 656 2749 litterae
674 2732 711 2755 ο.;
729 2724 863 2757 legendum
881 2724 992 2756 senune
1011 2723 1135 2749 consulte.
1203 2722 1227 2753 b)
1248 2723 1467 2748 16—1811‘uerae.
1538 2721 1561 2751 ο)
1580 2721 1680 2745 cir-cim
1700 2722 1733 2745 20
1746 2720 1853 2744 einero«.

306 2783 331 2816 1)
356 2782 468 2810 Videtur
485 2791 539 2810 csse
556 2791 640 2818 supra
657 2791 699 2810 nr.
714 2787 756 2810 4⁴.
826 2783 853 2809 25
874 2782 916 2815 Cf.
934 2790 1017 2816 supra
1033 2790 1096 2815 paq.
1113 2786 1145 2808 42
1162 2784 1217 2808 not.
1230 2785 1252 2808 2.
