2184 3126
191 1759 245 1781 Dec.
257 1762 288 1780 ιι,

300 188 362 218 (540
530 181 626 208 ACTA
646 178 758 206 REGNI
777 175 960 204 LUDEWICI
978 175 1025 202 IV.
1043 173 1090 200 ΕΤ
1109 172 1292 200 FRIDERICI
1310 172 1360 199 111.
1397 171 1472 199 1323.
1509 171 1557 198 Nr.
1570 170 1629 197 821.
1647 170 1708 197 822.

301 270 346 301 fui
369 272 401 301 et
423 270 554 310 rogatus
576 265 693 298 tradidi
716 268 748 296 et
771 262 942 303 subscripsi
964 270 1101 301 meoque
1124 259 1219 290 solito
1243 259 1334 300 signo
1358 258 1481 300 signavi
1511 259 1545 289 et
1571 255 1614 288 ad
1641 255 1846 288 scribendum
1869 255 1946 288 dedi

300 320 500 361 infrascripto
522 315 768 349 Franceschollo
791 313 925 345 notario.

410 395 455 436 (S.
471 395 526 434 N.)
570 394 658 435 Egoc
680 390 922 423 Francischolus
951 388 1034 419 filius
1065 386 1185 418 domini
1213 385 1335 418 Casteli
1363 385 1404 416 de
1427 384 1576 416 Ariverio
1606 385 1745 416 civitatis
1771 383 1948 416 Mediolani

302 451 395 490 porte
419 446 593 478 Ticinensis
616 444 757 475 notarius
779 441 926 483 publicus
948 441 1035 471 iussu
1059 437 1267 491 suprascripti
1289 435 1459 468 Robertini
1481 435 1598 468 notarii
1620 436 1743 478 scripsi.

381 577 466 613 8922.
507 576 743 611 Iuramentum
769 572 915 608 civitatis
942 569 1167 605 Novariensis
1196 569 1304 604 eidem
1330 568 1475 613 factum.
1581 567 1692 603 1323.
1720 566 1802 603 Dec.
1817 568 1873 602 16.

411 649 568 690 Oriqinale
591 649 661 688 (or.)
685 646 798 678 ibidem
819 646 855 677 in
874 644 978 677 eadem
994 643 1174 675 membrana
1196 653 1234 674 ac
1256 652 1305 674 nr.
1318 641 1394 674 821.›
1434 640 1485 683 Of.
1501 651 1612 682 supra.
1637 660 1677 665 —
1701 642 1773 673 Iam
1788 640 1947 673 edidimus

301 703 319 734 Z.
336 713 359 733 c.
383 701 521 739 XXIII,
543 701 606 731 331
628 709 678 731 nr.
695 698 737 729 49
760 708 798 729 ew
821 707 866 729 or.
915 695 1005 736 Quod
1025 695 1076 726 hic
1098 694 1275 734 repetimus.

409 779 446 809 In
469 778 597 809 nomine
620 775 750 808 Domini
774 784 878 806 amen.

406 829 459 861 Ad
489 829 643 860 honorem
672 825 899 868 omnipotentis
925 824 988 855 Dei
1018 827 1050 855 et
1081 823 1176 854 beate
1203 822 1306 854 Marie
1333 822 1466 863 virginis
1496 823 1608 854 matris
1640 823 1709 855 eius
1740 826 1774 855 et
1805 823 1948 855 omnium

301 884 481 913 sanctorum
505 883 538 911 et
560 882 739 911 sanctarum
759 877 821 908 Dei
844 880 877 908 et
899 876 995 907 totius
1018 875 1104 907 curie
1128 874 1265 906 celestis.
1304 874 1398 905 Anno
1414 873 1545 905 Domini
1568 884 1588 905 a
1609 875 1780 906 nativitate
1803 874 1959 907 eiusdem·

301 933 469 965 millesimo
485 930 710 963 trecentesimo
726 929 880 971 vigesimo
897 928 1002 968 tertio,
1026 926 1198 958 indictione
1214 925 1362 967 septima,
1379 924 1431 957 die
1441 925 1580 957 Veneris
1600 925 1814 958 sestodecimo
1829 925 1950 958 mensis

301 983 500 1024 Decembris,
524 983 556 1013 in
579 980 843 1022 archiepiscopali
860 980 991 1021 palatio,
1015 979 1046 1009 in
1063 988 1126 1020 quo
1143 976 1264 1009 residet
1286 977 1476 1018 magnificus
1493 977 1639 1009 dominus
1655 976 1805 1009 dominus
1819 977 1949 1009 Bertol-

302 1035 360 1066 dus
388 1045 495 1066 comes
523 1034 563 1066 de
590 1033 695 1064 Niffen
724 1031 918 1063 serenissimi
944 1031 1095 1072 principis
1123 1029 1242 1060 domini
1271 1028 1428 1060 Ludovici
1454 1029 1676 1061 Romanorum
1703 1029 1792 1072 regis
1820 1039 1951 1071 semper

302 1087 428 1128 augusti
450 1086 481 1116 in
504 1085 646 1127 partibus
662 1083 769 1115 Ytalie
792 1082 902 1114 vicarii
925 1081 1095 1123 generalis,
1118 1082 1149 1112 in
1172 1081 1336 1122 presentia
1359 1080 1522 1122 magnifici
1545 1081 1655 1112 militis
1678 1080 1800 1114 domini
1815 1080 1950 1114 Galleaz

301 1138 507 1170 Vicecomitis
530 1137 671 1168 comunis
694 1138 727 1167 et
750 1135 860 1176 populi
882 1133 1057 1165 Mediolani
1080 1133 1270 1174 protectoris
1293 1135 1325 1163 et
1349 1132 1528 1164 defensoris
1551 1135 1585 1164 et
1606 1131 1723 1164 nobilis
1745 1133 1806 1164 viri
1828 1132 1950 1164 domini

302 1189 411 1221 Iacobi
434 1188 474 1219 de
499 1187 722 1219 Ruschonibus
745 1186 785 1217 de
809 1185 918 1217 Cumis
945 1184 1140 1216 honorabilis
1167 1184 1337 1225 potestatis
1360 1184 1504 1215 comunis
1526 1183 1705 1215 Mediolani
1733 1187 1767 1215 et
1794 1183 1950 1216 nobilium

301 1241 439 1271 virorum
462 1239 572 1270 Iacobi
595 1238 636 1269 de
653 1238 810 1274 Qualiotis
832 1237 1005 1278 iurisperiti
1028 1240 1061 1268 et
1083 1236 1173 1267 Petri
1196 1235 1316 1267 Porchi
1339 1235 1601 1267 ambaxiatorum
1624 1235 1768 1267 comunis
1791 1235 1895 1277 Papie
1918 1238 1953 1268 et

301 1291 469 1332 Bregonzii
493 1290 532 1322 de
548 1290 710 1321 Vistarino
738 1293 771 1320 et
797 1289 941 1329 magistri
965 1287 1068 1319 Gratii
1091 1287 1152 1319 de'²
1175 1287 1292 1319 Pelato
1320 1287 1580 1319 ambaxiatorum
1607 1287 1752 1319 comunis
1774 1287 1890 1319 Laude
1918 1290 1952 1319 et

302 1342 502 1374 dominorum
518 1341 640 1372 Stefani
656 1340 864 1372 Vicecomitis
886 1340 1007 1380 militis7
1031 1339 1154 1371 Borolli
1171 1339 1211 1371 de
1228 1339 1405 1370 Oastelleto
1429 1342 1462 1371 et
1476 1338 1570 1370 Mulli
1586 1338 1627 1370 de
1645 1337 1798 1380 Cor-pello
1813 1339 1952 1371 militum

302 1394 415 1426 civium
431 1393 605 1424 Mediolani
629 1395 662 1423 et
684 1392 856 1423 multorum
879 1391 1015 1422 aliorum
1040 1391 1080 1422 de
1096 1390 1302 1432 magnatibus
1317 1390 1516 1422 Lumbardie
1538 1393 1571 1422 et
1585 1389 1763 1422 Mediolani
1787 1393 1820 1423 et
1842 1400 1952 1422 coram

301 1446 426 1487 prefato
443 1444 571 1475 domino
589 1468 594 1474 .
609 1467 615 1474 .
634 1444 751 1474 vicario
769 1443 948 1484 comparuit
964 1442 1111 1474 dominus
1126 1442 1380 1474 Franceschinus
1396 1442 1540 1475 Tetonns
1555 1443 1634 1474 civis
1649 1441 1791 1474 Novarie
1811 1441 1952 1474 sindicus

302 1501 334 1528 et
362 1499 549 1538 procurator
575 1495 690 1526 nobilis
713 1495 771 1526 viri
794 1494 914 1525 domini
937 1494 1103 1526 Castellini
1132 1494 1171 1526 de
1195 1494 1355 1541 Becharia
1384 1493 1581 1525 honorabilis
1611 1495 1781 1535 potestatis
1808 1494 1954 1526 comunis

301 1548 454 1584 Novarie,
485 1546 605 1579 consilii
637 1549 669 1578 et
698 1545 949 1577 consiliariorum
982 1549 1015 1577 et
1043 1546 1187 1577 comunis
1217 1548 1250 1577 et
1278 1546 1445 1577 hominum
1469 1545 1555 1577 dicte
1579 1545 1718 1578 civitatis
1740 1545 1883 1577 Novarie
1910 1544 1953 1576 ad

301 1599 469 1631 infradicta
492 1599 670 1640 spetialiter
693 1598 881 1629 constitutus
903 1598 935 1628 in
959 1598 1054 1639 pleno
1079 1601 1112 1629 et
1138 1597 1283 1639 generali
1311 1598 1443 1629 consilio
1467 1597 1552 1630 dicte
1581 1597 1734 1639 civitatis,
1763 1600 1799 1629 ut
1827 1599 1954 1629 constat

302 1661 361 1692 per
388 1653 507 1682 cartam
533 1650 617 1680 illius
646 1648 821 1680 sindicatus
847 1649 923 1680 inde
950 1649 1102 1680 traditam
1132 1652 1164 1681 et
1193 1649 1417 1681 imbreviatam
1447 1660 1507 1691 per
1528 1649 1723 1681 Francinum
1750 1649 1791 1680 de
1814 1648 1952 1680 Fossato

303 1703 460 1734 notarium
484 1701 561 1733 dicti
587 1701 730 1732 comunis
760 1704 792 1732 et
819 1701 970 1742 scriptam
1000 1711 1059 1742 per
1081 1701 1287 1733 Michaellem
1312 1701 1352 1733 de
1375 1701 1563 1733 Monticello
1591 1702 1752 1733 notarium
1779 1700 1841 1733 hoc
1869 1710 1953 1732 anno

306 1753 356 1785 die
378 1753 547 1784 undecimo
570 1753 687 1784 mensis
709 1752 930 1784 Decembris&
975 1752 1018 1784 Et
1045 1763 1154 1784 coram
1181 1753 1267 1784 dicto
1296 1753 1426 1785 domino
1450 1752 1608 1785 Bertoldo
1632 1753 1751 1784 comite
1779 1755 1813 1785 et
1834 1752 1953 1785 vicario

1967 883 1995 902 lo

305 1808 340 1836 ut
363 1815 457 1846 supra
480 1815 550 1836 cum
575 1805 660 1836 omni
682 1805 861 1836 reverentia
883 1804 915 1835 in
938 1804 1085 1836 manibus
1109 1804 1186 1836 dicti
1210 1804 1332 1836 domini
1354 1805 1480 1836 comitis
1502 1804 1689 1846 recipientis
1711 1804 1842 1836 nomine
1865 1813 1953 1836 sere·
1979 1813 1994 1829 ··

306 1857 425 1887 nissimi
449 1856 567 1887 domini
590 1856 687 1887 nostri
711 1855 831 1887 domini
854 1855 1010 1888 Ludovici
1034 1855 1255 1888 Romanorum
1284 1857 1369 1899 regis
1399 1859 1432 1888 et
1459 1857 1540 1888 sacri
1568 1856 1696 1898 imperii
1724 1855 1853 1887 nomine
1877 1855 1955 1887 dicti

307 1908 425 1939 domini
450 1931 481 1939 ..
504 1908 671 1949 potestatis
699 1910 731 1939 et
758 1908 901 1939 comunis
928 1910 961 1939 et
990 1907 1155 1939 hominum
1179 1908 1263 1940 dicte
1289 1908 1427 1940 civitatis
1450 1907 1590 1940 Novarie
1614 1910 1648 1940 et
1669 1907 1795 1939 consilii
1818 1910 1851 1939 et
1877 1917 1954 1938 con-

307 1959 504 1999 siliariorum,
528 1970 661 2000 quorum
685 1959 823 1991 sindicus
846 1962 880 1991 et
901 1963 1091 2001 procurator
1114 1963 1172 2001 est,
1198 1959 1342 1991 debitum
1365 1959 1531 1991 fidelitatis
1555 1962 1792 1991 sacramentum
1815 1959 1956 2000 prestitit

308 2014 339 2042 et
368 2010 443 2042 fecit
469 2012 500 2041 in
523 2010 687 2042 animabus
711 2014 743 2042 et
771 2021 867 2052 super
890 2012 1012 2043 animas
1036 2011 1195 2043 dictorum
1221 2036 1226 2043 .
1247 2037 1252 2043 .
1277 2012 1462 2053 potestatis,
1486 2035 1494 2043 .
1513 2036 1519 2043 .
1544 2011 1670 2043 consilii
1692 2014 1725 2043 et
1748 2035 1756 2042 .
1774 2035 1781 2042 .
1805 2010 1955 2042 consilia-

307 2062 422 2092 riorum
454 2061 538 2093 dicte
569 2062 704 2093 civitatis
731 2061 872 2093 Novarie
905 2066 938 2093 et
970 2063 1086 2094 iuravit
1117 2062 1159 2094 ad
1187 2066 1298 2095 sancta
1326 2062 1390 2094 Dei
1418 2063 1590 2104 euangelia
1619 2061 1831 2104 corporaliter
1861 2062 1955 2093 tactis

309 2113 468 2153 scripturis
494 2114 525 2143 in
552 2113 697 2144 manibus
725 2113 801 2144 dicti
829 2113 950 2145 domini
975 2139 1005 2146 ..
1031 2114 1157 2147 comitis
1184 2115 1402 2156 suprascripto
1431 2115 1560 2146 nomine
1588 2114 1789 2156 recipientis,
1868 2113 1956 2155 quod

351 2165 411 2204 ipsi
434 2167 466 2194 et
488 2164 621 2205 quilibet
648 2175 758 2196 eorum
783 2169 875 2196 erunt
900 2165 1013 2197 fideles
1041 2170 1203 2198 amatores
1230 2166 1313 2198 sacri
1342 2166 1470 2207 imperii
1500 2169 1533 2198 et
1561 2165 1679 2208 prefati
1708 2166 1829 2197 domini
1855 2165 1956 2197 nostri

353 2215 471 2246 domini
485 2215 638 2247 Ludovici
653 2216 872 2248 Romanorum
895 2219 981 2258 regis
1004 2227 1133 2259 semper
1148 2218 1277 2259 augusti
1300 2221 1333 2249 et
1356 2218 1433 2250 dicti
1456 2217 1577 2249 domini
1601 2242 1608 2249 .
1627 2242 1634 2249 .
1658 2217 1770 2248 vicarii
1793 2220 1827 2249 et
1849 2216 1957 2248 eidem

354 2265 480 2297 domiuo
503 2267 655 2298 Bertoldo
679 2268 787 2299 comiti
817 2271 852 2299 ut
879 2279 975 2310 supra
1002 2272 1168 2311 tamquam
1194 2294 1224 2301 ..
1249 2270 1368 2301 vicario
1398 2269 1475 2301 dicti
1503 2269 1625 2301 domini
1651 2269 1738 2311 regis
1768 2272 1801 2300 et
1828 2268 1958 2310 spetiali

354 2318 461 2348 nuntio
485 2318 626 2349 eiusdem
653 2319 840 2350 obedientes
864 2324 957 2352 erunt
979 2321 1012 2352 in
1032 2320 1179 2352 omnibus
1194 2324 1360 2362 tamquam
1376 2331 1452 2353 vero
1477 2323 1509 2352 et
1531 2321 1660 2362 spetiali
1676 2320 1806 2352 domino
1830 2320 1956 2362 sibique

355 2368 591 2408 respondebunt
617 2369 656 2400 de
684 2371 804 2402 iuribus
831 2375 864 2404 et
890 2373 1027 2404 servitiis
1053 2373 1190 2414 imperio
1214 2372 1332 2404 debitis
1355 2376 1388 2404 et
1410 2374 1601 2415 conspectis.
1646 2372 1830 2404 Promitens
1853 2372 1958 2404 dictus

355 2419 491 2450 sindicus
513 2421 638 2451 nomine
656 2422 731 2453 dicti
755 2425 898 2455 comunis
922 2427 955 2456 et
977 2424 1187 2466 singularium
1210 2435 1421 2466 personarum
1437 2424 1522 2457 dicte
1547 2425 1685 2456 civitatis
1700 2424 1852 2464 Novarie‚
1871 2423 1958 2465 quod

356 2471 436 2501 sacri
458 2471 581 2511 imperii
605 2473 720 2513 prefati
743 2474 862 2506 domini
885 2477 984 2507 nostri
1006 2476 1229 2508 Romanorum
1251 2477 1338 2518 regis
1362 2479 1395 2508 et
1423 2478 1505 2508 sacri
1531 2477 1657 2519 imperii
1681 2480 1714 2508 et
1737 2476 1814 2508 dieti
1837 2475 1958 2508 domini

357 2546 388 2552 ..
412 2522 521 2552 vicarii
544 2522 671 2554 honoris
695 2530 726 2556 et
752 2527 827 2558 iuris
853 2528 885 2558 in
909 2538 1110 2570 quacumque
1133 2530 1226 2570 parte
1251 2531 1284 2559 et
1307 2531 1417 2560 contra
1441 2539 1659 2570 quascumque
1683 2538 1838 2569 personas
1865 2530 1959 2558 erunt

357 2576 514 2604 amatores
538 2576 569 2604 et
592 2574 812 2609 ferventissimi
829 2578 1013 2611 defensores
1029 2582 1097 2611 toto
1114 2590 1209 2621 posse
1233 2582 1266 2611 et
1288 2580 1314 2611 si
1331 2580 1407 2622 quid
1430 2580 1545 2612 honori
1564 2583 1620 2611 aut
1641 2580 1703 2611 iuri
1726 2580 1808 2611 sacri
1829 2578 1959 2620 imperii

417 2658 482 2685 82].
510 2659 532 2691 c)
546 2660 622 2691 prior
641 2669 729 2687 manus
748 2672 784 2688 or.

417 2716 484 2744 822.
511 2719 534 2750 ¹²)
555 2728 619 2745 corr.
639 2729 668 2745 ex
686 2731 701 2754 p
719 2732 756 2748 ον.

419 2785 443 2817 1)
462 2784 597 2812 Servatum
615 2794 668 2812 non
687 2791 730 2815 est.

1975 2171 2001 2192 ab
