2184 3126
340 223 401 254 538
616 219 712 246 ACTA
730 218 843 246 REGNI
863 217 1049 245 LUDEWICI
1067 216 1115 243 IV.
1134 215 1180 242 ΕΤ
1199 215 1385 243 FRIDERICI
1404 215 1453 243 111.
1491 216 1566 243 1322.
1604 216 1651 243 Nr.
1665 217 1725 244 675.

339 306 425 348 quod
449 317 521 338 cum
544 305 740 337 reverendus
764 306 795 335 in
812 304 938 336 Christo
962 307 1054 345 pater
1077 306 1109 334 et
1133 302 1281 333 dominus
1305 302 1453 334 dominus
1468 302 1652 334 Fridericus
1672 301 1736 334 Dei
1759 304 1863 345 gratia
1885 307 1995 336 sancte

339 357 579 400 Salzburgensis
604 356 738 388 ecclesie
763 356 1023 396 archiepiscopus
1053 354 1231 395 apostolice
1262 353 1349 385 sedis
1379 354 1506 396 legatus
1538 357 1650 385 contra
1672 353 1812 386 illustres
1834 355 1995 397 principes

339 409 485 441 dominos
507 408 696 440 Heinricum
720 411 752 438 et
776 407 929 438 Ottonem
953 406 1086 437 comites
1109 405 1269 447 palatinos
1284 404 1369 437 Reni
1392 404 1491 437 duces
1510 405 1659 436 Bawarie
1683 405 1840 447 quasdam
1863 416 1995 438 excom-

338 461 589 492 municationum
612 460 645 490 in
667 468 821 500 personas
845 460 877 489 et
899 458 1066 489 interram
1083 467 1195 488 eorum
1210 456 1374 488 interdicti
1396 467 1522 489 necnon
1538 455 1694 498 quasdam
1717 456 1798 489 alias
1821 458 1996 490 sententias

339 512 434 543 certis
458 522 499 543 ex
515 512 618 542 causis
634 510 829 551 protulisset,
855 509 1061 549 declarasset,
1086 508 1311 540 denunciasset
1334 511 1366 540 et
1383 508 1586 548 ostendisset,
1609 507 1762 540 videlicet
1776 519 1835 550 pro
1852 519 1892 540 eo
1909 508 1995 550 quod

338 564 371 594 in
393 563 485 594 terris
501 566 533 594 et
549 561 743 593 districtibus
767 571 824 602 per
840 559 1117 601 Salzburgensem,
1141 559 1422 601 Ratisponensem,
1445 559 1685 600 Frisingensem
1710 562 1742 590 et
1758 559 1995 602 Chyemensem

341 614 496 655 dyoceses
519 613 761 654 salzburgensis
784 612 947 653 provincie
972 611 1013 642 de
1037 611 1193 642 universis
1217 614 1249 642 et
1272 610 1404 652 singulis
1426 611 1587 652 iumentis,
1611 610 1792 652 pecoribus,
1817 610 1996 652 pecudibus

338 669 371 696 et
393 666 498 706 porcis
521 663 607 706 apud
630 663 777 694 homines
801 666 833 694 et
855 663 889 694 in
912 662 1004 694 bonis
1029 662 1238 694 ecclesiarum
1263 666 1296 694 et
1319 661 1610 694 ecclesiasticarum
1625 672 1836 704 personarum
1859 664 1996 704 repertis

336 715 512 746 indebitam
537 715 706 746 collectam
739 717 850 745 contra
877 713 1062 745 libertatem
1091 714 1344 746 ecclesiasticam
1371 714 1517 755 recipere
1540 717 1815 755 presumpserunt,
1838 713 1996 756 nobisque

336 766 543 808 precipiendo
567 766 752 797 mandasset
782 765 846 796 suis
874 765 990 797 litteris
1017 765 1076 797 sub
1101 766 1196 797 certis
1227 766 1334 807 penis,
1364 768 1400 796 ut
1423 766 1610 808 receptione
1634 765 1791 797 dictarum
1814 765 1995 798 litterarum

335 818 418 849 infra
441 818 473 848 X
496 817 575 857 dies,
600 828 680 859 quos
696 817 789 848 nobis
812 828 870 858 pro
895 817 1020 848 duobus
1044 817 1158 848 edictis
1183 820 1214 848 et
1237 817 1333 848 tertio
1359 817 1577 859 peremptorio
1600 817 1785 859 assignavit,
1809 817 1995 859 sententias,

336 869 582 907 declarationes,
606 868 875 900 denunciacioncs
899 872 931 900 et
954 869 1154 901 ostensiones
1177 868 1339 910 predictas
1366 869 1399 899 in
1421 872 1531 900 nostra
1553 868 1738 901 kathedrali
1761 869 1898 900 ecclesia
1920 879 1996 901 nec-

335 931 398 952 non
422 921 453 952 in
476 920 608 962 singulis
632 919 811 961 collegiatis
833 924 867 952 et
882 920 1121 962 parochialibus
1144 921 1289 952 ecclesiis
1313 920 1450 951 civitatis
1473 922 1582 952 nostre
1597 920 1836 962 publicai-emus
1859 923 1892 952 et
1914 920 1996 962 pub-

336 972 425 1004 licari
448 972 674 1004 mandaremus
706 975 738 1003 et
765 971 971 1003 interdictum
1003 972 1156 1014 generale
1184 971 1366 1013 predictum
1396 972 1428 1002 in
1455 972 1548 1003 terris
1570 972 1769 1013 prefatorum
1793 972 1996 1004 dominorum

337 1023 453 1055 ducum
477 1034 535 1065 per
558 1027 700 1054 nostram
724 1022 890 1064 dyocesim
914 1023 1095 1055 faceremus
1118 1023 1348 1055 inviolabiliter
1364 1023 1529 1055 observari
1552 1027 1584 1055 et
1599 1023 1825 1055 nichilominus
1847 1024 1880 1055 in
1903 1022 1996 1055 dictis

336 1078 444 1106 nostre
472 1075 608 1106 civitatis
636 1078 668 1106 et
697 1074 843 1116 dyocesis
873 1075 1019 1107 ecclesiis
1046 1076 1133 1117 ipsos
1161 1075 1309 1106 dominos
1337 1074 1436 1107 duces
1465 1074 1628 1117 predictos
1657 1074 1839 1107 faceremus
1861 1075 1997 1117 pulsatis

337 1127 515 1168 campanis,
550 1127 698 1158 extinctis
728 1126 871 1158 candelis
900 1127 1198 1158 excommunicatos
1234 1127 1420 1158 denunciari
1452 1126 1585 1169 singulis
1615 1125 1728 1158 diebus
1754 1126 1932 1158 Dominicis
1963 1129 1997 1158 et

337 1178 459 1210 festivis
487 1189 524 1210 ac
553 1178 615 1209 alia
644 1177 825 1210 faceremus
858 1178 1013 1220 predictis
1040 1179 1155 1211 litteris
1186 1179 1251 1210 suis
1280 1178 1528 1220 comprehensa,
1557 1178 1613 1209 nbi
1640 1177 1675 1209 id
1701 1177 1825 1220 absque
1851 1178 1996 1219 periculo

337 1229 601 1261 denunciancium
629 1230 700 1261 fieri
732 1234 858 1272 posset,
892 1230 979 1272 quod
1007 1234 1116 1262 nostro
1146 1230 1238 1262 duxit
1261 1230 1394 1262 arbitrio
1418 1229 1679 1272 relinquendum,
1708 1229 1851 1272 alioquin
1877 1230 1910 1261 in
1938 1239 1997 1261 nos

336 1282 552 1322 suspensionis
577 1285 609 1313 et
632 1282 658 1312 si
682 1281 763 1313 infra
787 1282 868 1314 alios
890 1282 923 1314 X
947 1282 1015 1314 dies
1039 1283 1206 1314 continuos
1229 1282 1418 1314 mandatum
1442 1281 1625 1313 huiusmodi
1650 1282 1768 1324 exequi
1783 1280 1996 1322 tardaremus,

336 1334 681 1364 excommunicacionis
714 1334 890 1366 sententias
913 1333 1116 1375 protulisset,
1146 1344 1270 1375 nosque
1298 1334 1402 1375 parati
1429 1343 1573 1365 essemus
1601 1343 1674 1365 cum
1701 1333 1787 1364 omni
1815 1333 1998 1365 reverentia.

336 1388 369 1415 et
391 1384 512 1415 honore
536 1384 690 1426 predictis
713 1385 874 1416 mandatis
897 1385 1062 1417 humiliter
1085 1385 1219 1417 obedire
1247 1389 1279 1417 et
1307 1385 1439 1426 devote,
1469 1385 1546 1417 licet
1574 1386 1652 1416 satis
1674 1395 1775 1427 grave
1798 1384 1892 1416 nobis
1914 1384 1998 1416 foret

335 1436 367 1466 in
396 1439 461 1467 tam
489 1439 625 1478 angusto
654 1436 779 1468 dierum
809 1437 919 1479 spacio
948 1437 1026 1469 talia
1054 1438 1173 1479 exequi
1202 1439 1235 1468 et
1263 1436 1447 1468 huiusmodi
1474 1436 1706 1478 publicacionis
1733 1436 1857 1468 litteras
1884 1435 1998 1467 confici

336 1487 523 1518 fecissemus
552 1491 585 1519 et
609 1488 765 1519 conscribi
791 1499 850 1520 nec
877 1492 1016 1520 restaret
1042 1489 1103 1520 nisi
1126 1499 1237 1520 earum
1261 1488 1416 1531 sigillacio
1445 1491 1478 1519 et
1503 1498 1563 1530 per
1585 1489 1748 1519 civitatem
1777 1491 1809 1519 et
1833 1487 1997 1529 dyocesim

335 1539 461 1580 missio,
549 1543 683 1581 repente
714 1541 746 1571 in
778 1540 887 1572 medio
915 1541 1018 1572 noctis
1048 1541 1181 1572 silencio
1209 1551 1318 1572 rumor
1346 1541 1462 1572 nostris
1484 1540 1614 1571 auribus
1636 1540 1778 1571 insonuit
1799 1539 1841 1571 de
1863 1539 1998 1570 victoria

336 1592 529 1622 serenissimi
553 1591 674 1623 domini
697 1591 865 1624 Ludowici
887 1592 1107 1624 Romanorum
1130 1593 1217 1635 regis
1239 1602 1369 1634 semper
1391 1592 1533 1633 augusti,
1565 1592 1654 1623 cuius
1684 1591 1849 1623 adiutores
1871 1591 1903 1622 in
1926 1590 1997 1632 ipsa

336 1643 468 1674 victoria
492 1643 619 1674 fuerant
636 1643 757 1675 domini
780 1643 879 1676 duces
902 1643 1067 1684 antedicti,
1090 1647 1225 1685 propter
1248 1642 1335 1685 quod
1358 1653 1421 1674 non
1439 1643 1600 1674 immerito
1624 1643 1740 1674 timore
1764 1645 1797 1673 et
1820 1645 1918 1682 metu,
1941 1642 1996 1683 qui

336 1694 369 1724 in
403 1698 603 1726 constantem
635 1695 752 1727 cadere
781 1698 949 1738 poterant,
982 1694 1182 1738 perter[r]iti,
1207 1705 1278 1726 cum
1310 1697 1384 1726 ante
1414 1694 1581 1726 victoriam
1612 1696 1761 1736 potentes
1791 1703 1833 1724 ex
1863 1693 1996 1724 victoria

335 1745 443 1776 effecti
459 1746 577 1777 suerint
595 1748 805 1788 potentiores,
828 1747 1016 1779 mandatum
1034 1746 1127 1778 nobis
1143 1746 1299 1778 directum
1324 1746 1441 1787 exequi
1456 1745 1706 1787 pel-horruimus,
1729 1744 1907 1786 periculum
1930 1747 1995 1776 tam

335 1797 400 1828 vite
423 1801 530 1829 nostre
555 1809 651 1840 quam
677 1800 780 1830 tocius
803 1802 905 1830 status
936 1802 1044 1830 nostre
1069 1798 1205 1830 ecclesie
1230 1797 1457 1836 formidantes,
1487 1807 1560 1828 cum
1588 1797 1748 1828 exercitus
1778 1795 1996 1838 predictorum

338 1848 539 1880 dominorum
563 1850 668 1881 adhuc
691 1851 723 1881 in
746 1850 828 1892 loco,
851 1851 884 1882 in
907 1861 971 1892 quo
995 1850 1116 1882 factum
1140 1853 1190 1882 est
1212 1850 1360 1891 prelium,
1385 1850 1439 1891 qui
1462 1849 1628 1890 proximus
1655 1852 1705 1880 est
1727 1849 1839 1880 castris
1861 1847 1997 1879 ecclesie

336 1903 444 1931 nostre
474 1902 506 1932 in
528 1901 704 1943 Teispach,
734 1901 942 1944 Eberspeunt
968 1905 1002 1933 et
1023 1901 1245 1933 Hohenburch
1273 1902 1306 1932 in
1331 1901 1404 1932 fixis
1433 1900 1579 1932 tentoriis
1605 1899 1837 1939 consistebant,
1863 1898 1998 1930 nichilo-

337 1952 441 1982 minus
464 1954 613 1985 timentes
636 1963 696 1995 per
718 1957 844 1985 nostros
860 1963 1031 1995 processus
1054 1953 1153 1984 duces
1176 1952 1357 1984 antedictos
1380 1955 1491 1983 contra
1508 1951 1689 1993 predictum
1707 1951 1870 1982 dominum
1894 1949 1998 1982 archi-

338 2003 525 2045 episcopum
551 2009 583 2036 et
606 2016 696 2036 suam
720 2006 891 2037 ecclesiam
919 2005 984 2037 iam
1012 2007 1204 2046 provocatos
1226 2004 1365 2046 amplius
1387 2013 1575 2045 provocare,
1599 2013 1671 2034 cum
1694 2003 1798 2034 maior
1825 2001 1997 2033 multitudo

336 2054 490 2086 nobilium
513 2057 612 2097 ipsius
636 2056 878 2099 Salzburgensis
903 2056 1039 2089 ecclesie
1063 2058 1094 2087 in
1117 2057 1188 2098 ipso
1212 2056 1360 2088 conflictu
1384 2055 1511 2087 devicta
1534 2055 1619 2086 foret
1642 2057 1676 2086 et
1698 2055 1800 2086 eciam
1824 2054 1997 2096 captivata,

337 2106 546 2138 turbabamur
575 2108 678 2139 eciam
705 2119 768 2140 non
792 2108 955 2140 modicum
986 2118 1029 2140 ex
1059 2109 1171 2140 intimo
1201 2107 1305 2139 cordis
1328 2107 1428 2138 nostri
1455 2107 1576 2138 bonum
1607 2105 1815 2145 obediencie,
1845 2105 1887 2137 ad
1911 2104 1998 2147 quod

338 2157 538 2198 tenebamur,
562 2160 727 2200 preterire.

448 2211 476 2240 2.
500 2210 594 2242 Unde
619 2213 798 2243 sencientes
820 2222 879 2243 nos
901 2222 944 2243 ex
966 2211 1120 2243 mandato
1144 2210 1289 2252 predicto
1318 2210 1456 2252 predicti
1483 2209 1604 2241 domini
1632 2209 1733 2240 nostri
1762 2208 1997 2250 archiepiscopi

338 2261 524 2300 pregravari
549 2265 581 2293 et
603 2266 813 2304 pregravatos
837 2274 918 2303 esse,
943 2273 1016 2295 cum
1043 2274 1102 2304 per
1126 2263 1194 2294 eius
1211 2263 1437 2294 executionem
1461 2272 1523 2293 non
1540 2262 1655 2293 timore
1679 2271 1772 2301 vano,
1796 2259 1855 2292 sed
1870 2260 1996 2301 timore,

339 2311 393 2351 qui
417 2311 531 2342 cadere
555 2317 662 2353 potest
684 2314 716 2345 in
740 2317 955 2356 constantem,
985 2314 1202 2346 verisimiliter
1224 2314 1339 2345 timere
1363 2323 1532 2355 possemus
1561 2316 1593 2344 et
1623 2313 1782 2354 possimus
1805 2322 1868 2344 non
1892 2311 1996 2343 solum

339 2362 517 2402 periculum
541 2367 641 2395 status
664 2366 765 2396 tocius
790 2366 927 2397 ecclesie
950 2369 1070 2407 nostre,
1094 2376 1206 2397 verum
1230 2365 1328 2396 etiam
1351 2365 1416 2396 vite
1440 2365 1570 2406 proprie
1595 2368 1628 2395 et
1650 2373 1798 2406 persone,
1825 2363 1996 2405 presertim

340 2423 412 2443 cum
435 2424 498 2445 non
521 2415 617 2446 fuerit
640 2417 784 2448 mandati
806 2418 958 2458 intencio,
989 2420 1025 2449 ut
1049 2428 1090 2449 ex
1114 2417 1311 2449 execucione
1335 2417 1384 2447 sui
1406 2416 1550 2448 mandati
1579 2415 1657 2447 talia
1679 2414 1825 2457 pericula
1847 2417 1997 2456 prompta

341 2467 373 2495 et
396 2466 571 2497 certissima
595 2467 781 2509 incidamus,
810 2470 862 2510 qui
879 2469 933 2500 ubi
950 2470 1018 2501 sine
1035 2468 1178 2511 periculo
1196 2468 1462 2500 denunciancium
1481 2472 1591 2509 posset
1606 2468 1686 2507 fieri,
1710 2466 1996 2498 denunciacionem

339 2515 408 2546 fieri
432 2515 638 2548 demandavit
660 2530 719 2550 nec
743 2520 851 2561 etiam,
875 2524 910 2551 ut
934 2524 1022 2552 certo
1046 2520 1163 2552 certius
1186 2521 1303 2551 scimus
1326 2523 1359 2550 et
1382 2519 1552 2559 credimus,
1575 2519 1602 2550 si
1625 2522 1777 2550 eventum
1799 2517 1899 2549 talem
1921 2526 1995 2558 pre-

340 2566 500 2607 scivisset,
534 2569 626 2599 nobis
655 2570 711 2601 illa
739 2572 808 2602 vice
835 2571 1024 2603 mandatum
1052 2571 1117 2603 tale
1149 2571 1336 2611 direxisset,
1368 2581 1431 2602 non
1462 2581 1503 2602 ex
1526 2573 1707 2610 contemtu,
1738 2569 1916 2601 rebellione
1939 2571 1996 2599 aut

339 2617 578 2660 inobedicncia,
607 2620 664 2651 sed
692 2631 732 2652 ne
763 2624 928 2654 sententiis
955 2626 1066 2655 contra
1095 2633 1154 2654 nos
1183 2623 1257 2654 latis
1280 2633 1343 2653 non
1368 2622 1560 2664 exequendo
1584 2621 1771 2653 mandatum
1794 2620 1996 2652 involvamur

340 2671 396 2699 aut
412 2670 602 2710 exequendo
626 2674 691 2702 tam
708 2673 771 2704 vite
795 2684 831 2705 ac
848 2684 984 2715 persone
1007 2678 1116 2706 nostre
1141 2677 1174 2706 et
1196 2677 1298 2706 status
1322 2674 1423 2706 tocius
1447 2674 1582 2705 ecclesie
1606 2677 1715 2705 nostre
1737 2675 1887 2715 prompta
1909 2671 1995 2713 peri-

340 2719 412 2750 cula
435 2720 646 2763 incurramus,
744 2725 963 2768 necess[itat]e
994 2727 1115 2767 coacti,
1151 2737 1216 2758 non
1245 2726 1407 2758 voluntate
1443 2726 1529 2757 ducti
1562 2725 1604 2757 ad
1638 2725 1750 2757 sedem
1783 2723 1995 2766 apostolicam

339 2771 540 2811 appellamus
563 2773 593 2803 in
617 2773 677 2804 hiis
700 2775 841 2816 scriptis,
866 2777 1097 2820 subiicien[te]s
1120 2788 1194 2819 nos,
1225 2778 1398 2809 ecclesiam
1421 2781 1579 2817 nostram,
1603 2788 1655 2808 res
1678 2779 1711 2808 et
1733 2775 1889 2815 honores,
1912 2775 1994 2814 iura,

339 2821 506 2854 libertates
530 2826 562 2854 et
585 2828 703 2856 statum
726 2826 824 2866 ipsius
846 2829 1038 2868 protectioni
1061 2829 1146 2860 sedis
1169 2829 1341 2861 antedicte.

2015 1031 2040 1052 18

2013 2582 2039 2601 45
