2190 3172
329 184 389 213 174
554 181 649 208 ACTA
668 181 781 208 REGNI
800 181 983 209 LUDEWICI
1003 182 1050 208 IV.
1069 182 1115 209 ΕΤ
1132 181 1318 209 FRIDERICI
1337 182 1386 209 111.
1423 182 1498 209 1315.
1535 181 1592 209 188.
1611 181 1670 209 189.
1691 182 1748 209 190.

325 268 442 299 haben.
534 268 608 300 Und
635 267 674 299 zfi
702 269 789 300 einre
821 268 1047 310 bestetigunge
1082 268 1140 300 der
1166 268 1459 310 vorgeschribenen
1494 268 1590 310 dinge
1625 268 1768 300 hiessent
1793 270 1851 300 wir
1884 268 1975 301 dinen

327 319 413 351 brief
432 319 581 351 schriben
603 320 669 351 und
693 320 859 361 besigelen
881 321 940 351 mit
962 330 1111 351 unserme
1134 320 1330 362 kunglichen
1352 320 1540 362 ingesigele.

410 387 412 391 ⁴
434 371 527 402 Dirre
552 371 639 403 brief
658 373 698 403 ist
720 372 870 413 gegeben
894 371 934 403 do
958 382 1033 403 man
1054 371 1138 403 zalte
1154 382 1217 403 von
1233 371 1348 403 Gottes
1364 371 1501 413 gebul-te
1517 372 1616 403 tusint
1630 372 1683 412 jar
1698 371 1763 403 und
1779 371 1978 404 druhundert

322 424 375 463 jar
398 424 430 454 in
454 423 547 454 deme
564 423 807 455 vunfzehenden
826 424 909 464 jare,
933 434 972 455 an
997 423 1092 455 deme
1115 427 1229 455 nesten
1243 423 1462 465 Durrestage=
1485 434 1542 455 vor
1566 423 1660 456 deme
1677 422 1867 466 Zwol[f]ten
1889 427 1975 466 tage,

326 474 358 505 in
382 474 477 505 deme
502 477 607 505 ersten
627 475 699 515 jare
722 485 834 506 unsers
856 475 970 507 riches.
2005 482 2018 503 ὅ

493 645 565 680 189.
601 642 722 681 SCRI
730 644 881 682 PTUM
907 645 1027 682 EIUS
1034 646 1106 682 DE
1113 646 1156 682 M
1187 646 1324 683 SUPE
1331 646 1367 682 R
1391 644 1778 684 CONSTITUTION
1779 648 1810 683 E

802 699 1081 737 ADVOCATI
1105 700 1268 738 PROVI
1273 700 1343 738 NG
1350 702 1497 738 IALIS.

1011 770 1119 806 1315.
1162 770 1238 807 Ian.
1261 771 1295 806 3.

439 858 601 900 originale
629 842 705 902 (or)
737 861 774 891 in
809 860 969 892 tabulario
1001 864 1116 893 secreto
1151 862 1262 894 domus
1290 863 1395 903 regiae
1423 863 1622 896 Bawaricae.
1683 863 1882 896 contulimus
1909 875 1975 899 nos,

325 910 446 942 Pendet
472 911 611 952 sigillum
638 911 784 944 illaesum
811 912 876 944 loro
901 913 1143 945 membranaceo.
1194 914 1238 945 In
1263 924 1349 946 verso
1373 914 1505 955 leqitur:
1527 915 1568 952 R«.
1598 934 1639 938 —
1670 915 1733 948 Ed.
1756 915 1978 949 Winkelmann
1996 927 2022 946 ιο

326 963 420 994 ‘Acta
434 963 561 1002 imperii
582 963 716 995 ‘inedita'
738 964 788 1002 II,
810 965 876 995 286
898 975 947 997 nr.
964 965 1027 996 453
1049 975 1088 996 ex
1111 976 1156 997 or.

433 1040 624 1072 Ludowicus
647 1040 709 1073 Dei
739 1042 848 1083 gracia
870 1041 1089 1074 Romanorum
1117 1053 1175 1074 rex
1202 1054 1331 1085 semper
1359 1047 1513 1086 augustus
1600 1045 1811 1086 prudentibus
1833 1047 1910 1078 viris
1937 1071 1944 1079 .
1969 1073 1976 1079 .

326 1092 480 1132 scultetis,
505 1116 511 1123 .
538 1117 544 1123 .
568 1093 730 1134 magistris
753 1093 880 1133 civium,
906 1119 912 1126 .
938 1119 943 1125 .
969 1094 1151 1126 consulibus
1175 1105 1212 1126 ac
1235 1095 1393 1127 universis
1416 1095 1539 1127 civibus
1566 1096 1598 1127 in
1620 1095 1820 1139 Hagenowe,
1845 1097 1976 1131 Colum·

326 1143 426 1183 baria,
451 1143 611 1184 Sletzstat,
635 1143 815 1185 Ehenhein,
838 1145 992 1187 Roshein,
1015 1146 1160 1187 Brisach,
1183 1147 1416 1188 vaemburg,
1432 1147 1636 1188 Mnlnhusem
1653 1148 1868 1192 Keisersberg
1891 1154 1924 1182 et
1945 1151 1978 1182 in

325 1194 470 1226 Mfinster
502 1206 626 1227 necnon
658 1197 774 1228 ceteris
805 1197 987 1228 hominibus
1016 1198 1163 1230 villarum
1200 1202 1233 1230 et
1265 1199 1406 1230 locorum
1444 1199 1486 1230 ad
1520 1199 1727 1232 advocaciam
1755 1201 1978 1235 Alsaciensem
1997 1213 2021 1232 ιο

326 1247 569 1288 pertinencium,
593 1247 742 1279 fidelibus
765 1249 829 1279 suis
853 1248 979 1280 dilectis
1067 1250 1209 1291 graciam
1232 1261 1322 1282 suam
1347 1254 1380 1282 et
1404 1260 1498 1282 omne
1522 1251 1651 1283 bonum.

434 1298 484 1329 De
507 1298 583 1330 fidei
605 1300 745 1340 puritate
768 1309 892 1331 necnon
910 1301 1204 1342 circumspectionis
1220 1301 1376 1333 industria
1399 1302 1515 1333 nobilis
1530 1303 1590 1334 viri
1606 1302 1729 1335 Ioffridi
1752 1303 1793 1336 de
1808 1304 1978 1347 thingen,

326 1349 435 1381 dilecti
451 1349 555 1382 fidelis
571 1351 670 1382 nostri
686 1351 815 1392 plenam
833 1351 1014 1384 obtinentes
1029 1352 1190 1394 fiduciam,
1214 1354 1319 1395 ipsum
1333 1353 1365 1385 in
1382 1353 1575 1386 advocatum
1591 1357 1731 1386 vestrum
1747 1356 1978 1398 provincialem

326 1400 472 1443 diligenti
495 1401 729 1434 deliberatione
756 1403 927 1444 prehabita
954 1404 1123 1435 statuimus
1153 1408 1186 1436 et
1212 1407 1325 1436 tenore
1354 1406 1556 1447 presencium
1585 1406 1733 1438 duximus
1761 1409 1977 1452 statuendum,

325 1456 491 1493 sperantes
515 1454 600 1495 quod
623 1454 655 1485 in
679 1455 848 1486 commisso
872 1455 932 1486 sibi
954 1456 1120 1497 regiminis
1143 1455 1249 1488 officio
1272 1457 1379 1499 quoad
1396 1457 1551 1489 honorem
1567 1462 1710 1490 nostrum
1735 1462 1768 1490 et
1789 1460 1917 1502 imperii
1939 1471 1978 1494 ac
1995 1470 2022 1491 ιο

324 1504 493 1545 pacificum
516 1508 635 1536 statum
658 1507 821 1547 provincie
845 1511 952 1538 vestre
976 1507 1139 1540 ferventer
1161 1508 1291 1540 studeat
1313 1508 1422 1541 facere
1445 1520 1539 1551 posse
1563 1520 1670 1551 suum,
1700 1511 1745 1542 sic
1769 1511 1854 1553 quod
1877 1514 1979 1554 prosit

325 1556 446 1588 utiliter
468 1559 565 1598 atque
589 1559 697 1598 presit.
751 1559 956 1601 Quapropter
978 1560 1179 1591 universitati
1202 1563 1307 1592 vestre
1330 1562 1525 1603 precipimus
1554 1565 1588 1593 et
1609 1563 1799 1595 mandamus
1821 1564 1977 1607 volentes,

325 1609 474 1649 quatinus
498 1608 603 1640 eidem
628 1609 760 1642 Ioffrido
792 1613 945 1653 tanquam
973 1611 1131 1643 advocato
1159 1615 1266 1644 vestro
1295 1613 1483 1654 provinciali
1507 1615 1577 1646 vice
1601 1618 1635 1646 et
1656 1616 1785 1647 nomine
1813 1619 1921 1649 nostro
1944 1618 1977 1649 in

326 1660 472 1691 omnibus
502 1663 535 1692 et
565 1661 710 1702 singulis,
749 1673 811 1704 que
841 1663 884 1694 ad
914 1663 1055 1695 officium
1083 1664 1250 1696 advocatie
1281 1665 1464 1697 huiusmodi
1494 1667 1656 1708 pertinent
1683 1671 1716 1699 et
1744 1672 1978 1701 consueverunt

325 1711 481 1743 hactenus
511 1714 687 1754 pertinere,
722 1715 863 1756 pareatis
893 1715 1057 1747 humiliter
1090 1719 1123 1747 et
1154 1716 1293 1748 fideliter
1322 1717 1506 1749 intendatis.
1557 1718 1765 1750 Presencium
1793 1721 1975 1752 testimonio
1995 1733 2019 1754 τι

325 1763 503 1795 litterarum
527 1765 705 1796 maiestatis
728 1770 835 1798 nostre
859 1767 955 1809 sigilli
979 1767 1094 1799 robore
1117 1768 1322 1800 munitarum.

432 1815 506 1847 Dat.
531 1816 563 1847 in
587 1816 791 1858 Oppenhein‚
815 1818 876 1851 III.
893 1818 976 1850 Non.
994 1819 1132 1860 Ianuar,
1156 1821 1246 1862 regni
1269 1821 1369 1852 nostri
1393 1831 1476 1853 anno
1500 1823 1613 1864 primo.

352 1991 585 2037 190—194.
627 1992 1012 2040 PRIVILEGIA
1041 1994 1334 2041 EIUSDEM
1368 1995 1498 2042 PRO
1530 1996 1953 2047 CIVITATIBUS

678 2056 911 2103 SPIREN
915 2059 976 2105 SI
1009 2060 1089 2105 ΕΤ
1115 2058 1627 2108 WORMATIENSI.

951 2138 1058 2174 1315.
1100 2138 1177 2174 lan.
1197 2138 1361 2174 4.—19.
1994 2157 2021 2177 ao

765 2240 847 2275 190.
888 2240 1112 2286 Privileqium
1135 2242 1302 2286 ,qenerale
1408 2242 1486 2278 Ian.
1505 2243 1540 2277 4.

433 2308 463 2339 A
487 2308 646 2348 exemplar
668 2309 823 2349 Spirense,
847 2311 940 2342 cuius
963 2311 1025 2343 duo
1049 2312 1247 2352 autoqrapha
1273 2315 1286 2343 1
1313 2315 1342 2344 et
1365 2314 1383 2344 2
1407 2313 1444 2344 in
1467 2311 1626 2344 tabulario
1648 2313 1787 2345 civitatis
1802 2313 1973 2354 Spirensis.

325 2358 468 2391 Pendent
489 2360 593 2400 siqilla
616 2362 805 2402 autoqraphi
830 2365 843 2393 1
869 2362 1030 2402 illaesum,
1053 2364 1243 2404 autoqraphi
1266 2366 1285 2396 2
1309 2363 1429 2396 laesum
1452 2363 1518 2404 filis
1538 2364 1656 2396 sericis.
1682 2383 1722 2388 —
1745 2365 1808 2398 Ed.
1835 2365 1973 2399 Μηλιεῖ-

325 2421 423 2442 mann
447 2411 540 2443 ‘Acta
562 2412 688 2452 imperii
709 2413 840 2445 ‘inedita’
862 2414 918 2452 II,
941 2416 1006 2446 286
1032 2426 1081 2447 nr.
1097 2416 1160 2446 454
1182 2426 1221 2447 esc
1245 2418 1259 2447 1
1286 2418 1315 2447 et
1339 2418 1374 2454 2,·
1408 2415 1547 2456 Hilqard
1568 2415 1757 2448 ‘Urkunden
1778 2427 1838 2449 zur
1862 2416 1973 2450 Gesch.

326 2462 382 2494 der
404 2462 499 2495 stadt
521 2463 651 2504 Speyer'
670 2475 744 2504 pay.
758 2465 824 2496 227
845 2476 895 2497 nr.
910 2467 975 2496 285
998 2477 1036 2498 ea:
1061 2469 1087 2498 1.
1133 2467 1300 2499 Editiones
1322 2467 1516 2499 adhibemus.
1991 2479 2017 2499 ³³

436 2519 464 2550 B
487 2520 646 2559 exemplar
665 2520 899 2559 Wormatiense,
922 2522 1014 2554 cuius
1036 2523 1098 2554 duo
1113 2523 1311 2563 autoyrapha
1331 2526 1343 2555 1
1362 2526 1392 2555 et
1409 2525 1428 2555 2
1455 2523 1488 2554 in
1503 2522 1662 2555 tabulario
1677 2524 1816 2556 civitatis
1829 2525 1973 2558 Worma-

324 2570 444 2602 tiensis.
494 2571 636 2603 Pendent
662 2572 767 2613 sigilla
795 2574 985 2614 autographi
1010 2577 1023 2605 1
1055 2574 1215 2612 illaesum,
1247 2575 1438 2615 autographi
1462 2577 1481 2606 2
1511 2575 1630 2607 laesum
1657 2575 1723 2615 filis
1749 2577 1859 2608 sericis
1885 2577 1975 2609 rubei

325 2621 444 2654 eoloris.
471 2641 512 2645 —
534 2624 595 2656 Ed.
613 2624 696 2656 Boos
711 2625 978 2658 ‘Urkundenbuch
993 2626 1048 2658 der
1064 2626 1158 2659 stadt
1179 2626 1311 2659 Worms'
1333 2627 1383 2664 II,
1401 2627 1443 2658 57
1457 2637 1507 2658 nr.
1520 2628 1562 2658 93
1584 2638 1623 2659 ex
1642 2630 1652 2659 1
1679 2630 1708 2659 et
1723 2629 1752 2660 2.
1791 2628 1972 2661 Editionem

326 2674 524 2706 contulimus.

432 2730 578 2769 Biihmer,
602 2731 676 2772 Rey.
693 2732 804 2765 Ludw.
822 2743 857 2772 p.
875 2735 896 2764 3
917 2743 967 2765 nr.
985 2734 1026 2764 50
1049 2736 1078 2765 et
1093 2744 1129 2774 p.
1146 2734 1166 2764 4
1189 2744 1238 2765 nr.
1257 2734 1307 2766 52.
1990 2747 2018 2766 ω

430 2816 495 2844 188.
520 2818 543 2850 ⁸)
563 2819 706 2845 durrsstare
726 2829 763 2846 ον,
