<?xml version="1.0" encoding="UTF-8"?>
<!DOCTYPE html PUBLIC "-//W3C//DTD XHTML 1.0 Transitional//EN"
    "http://www.w3.org/TR/xhtml1/DTD/xhtml1-transitional.dtd">
<html xmlns="http://www.w3.org/1999/xhtml" xml:lang="en" lang="en">
 <head>
  <title>
</title>
<meta http-equiv="Content-Type" content="text/html;charset=utf-8" />
  <meta name='ocr-system' content='tesseract 3.04.00' />
  <meta name='ocr-capabilities' content='ocr_page ocr_carea ocr_par ocr_line ocrx_word'/>
</head>
<body>
  <div class='ocr_page' id='page_1' title='image "./monumentagerma05geseuoft_0749.png"; bbox 0 0 2184 3126; ppageno 0'>
   <div class='ocr_carea' id='block_1_1' title="bbox 510 219 1897 254">
    <p class='ocr_par' dir='ltr' id='par_1_1' title="bbox 510 219 1897 254">
     <span class='ocr_line' id='line_1_1' title="bbox 510 219 1897 254; baseline -0.001 -3"><span class='ocrx_word' id='word_1_1' title='bbox 510 219 606 251; x_wconf 75' lang='lat' dir='ltr'>ACTA</span> <span class='ocrx_word' id='word_1_2' title='bbox 626 222 739 250; x_wconf 82' lang='lat' dir='ltr'><strong>REGNI</strong></span> <span class='ocrx_word' id='word_1_3' title='bbox 756 221 942 250; x_wconf 80' lang='lat' dir='ltr'>LUDEWICI</span> <span class='ocrx_word' id='word_1_4' title='bbox 963 221 1008 249; x_wconf 87' lang='lat' dir='ltr'><strong>lv.</strong></span> <span class='ocrx_word' id='word_1_5' title='bbox 1028 221 1073 249; x_wconf 81' lang='grc' dir='ltr'><strong>ΕΤ</strong></span> <span class='ocrx_word' id='word_1_6' title='bbox 1092 221 1276 249; x_wconf 73' lang='grc' dir='ltr'>Ε’ΒΙΒΕΒΙΟΙ</span> <span class='ocrx_word' id='word_1_7' title='bbox 1297 221 1345 249; x_wconf 81' lang='lat'>111.</span> <span class='ocrx_word' id='word_1_8' title='bbox 1383 221 1458 249; x_wconf 80' lang='lat'>1324.</span> <span class='ocrx_word' id='word_1_9' title='bbox 1495 221 1542 249; x_wconf 83' lang='lat' dir='ltr'><strong>Nr.</strong></span> <span class='ocrx_word' id='word_1_10' title='bbox 1555 221 1614 250; x_wconf 85' lang='lat'>895.</span> <span class='ocrx_word' id='word_1_11' title='bbox 1834 224 1897 254; x_wconf 80' lang='lat'><strong>&#39;709</strong></span> 
     </span>
    </p>
   </div>
   <div class='ocr_carea' id='block_1_2' title="bbox 192 308 1898 2725">
    <p class='ocr_par' dir='ltr' id='par_1_2' title="bbox 192 308 1898 2725">
     <span class='ocr_line' id='line_1_2' title="bbox 236 308 1896 354; baseline -0.002 -10"><span class='ocrx_word' id='word_1_12' title='bbox 236 322 358 354; x_wconf 83' lang='lat' dir='ltr'><strong>regem,</strong></span> <span class='ocrx_word' id='word_1_13' title='bbox 382 311 464 343; x_wconf 86' lang='lat' dir='ltr'><strong>sicut</strong></span> <span class='ocrx_word' id='word_1_14' title='bbox 485 310 584 351; x_wconf 88' lang='lat' dir='ltr'><strong>scitis,</strong></span> <span class='ocrx_word' id='word_1_15' title='bbox 608 310 748 342; x_wconf 89' lang='lat' dir='ltr'><strong>electum</strong></span> <span class='ocrx_word' id='word_1_16' title='bbox 764 309 908 352; x_wconf 88' lang='lat' dir='ltr'><strong>parendo</strong></span> <span class='ocrx_word' id='word_1_17' title='bbox 931 308 991 341; x_wconf 91' lang='lat' dir='ltr'><strong>sibi</strong></span> <span class='ocrx_word' id='word_1_18' title='bbox 1015 313 1050 341; x_wconf 92' lang='lat' dir='ltr'><strong>ut</strong></span> <span class='ocrx_word' id='word_1_19' title='bbox 1066 309 1135 351; x_wconf 87' lang='lat' dir='ltr'><strong>regi</strong></span> <span class='ocrx_word' id='word_1_20' title='bbox 1158 308 1380 351; x_wconf 88' lang='lat' dir='ltr'><strong>multipliciter</strong></span> <span class='ocrx_word' id='word_1_21' title='bbox 1402 309 1592 346; x_wconf 75' lang='lat' dir='ltr'><strong>honorastis.</strong></span> <span class='ocrx_word' id='word_1_22' title='bbox 1616 319 1658 341; x_wconf 85' lang='lat' dir='ltr'><strong>ex</strong></span> <span class='ocrx_word' id='word_1_23' title='bbox 1675 308 1736 340; x_wconf 87' lang='lat' dir='ltr'><strong>hoc</strong></span> <span class='ocrx_word' id='word_1_24' title='bbox 1753 311 1896 340; x_wconf 89' lang='lat' dir='ltr'><strong>nostrum</strong></span> 
     </span>
     <span class='ocr_line' id='line_1_3' title="bbox 235 360 1895 404; baseline -0.003 -8"><span class='ocrx_word' id='word_1_25' title='bbox 235 367 348 396; x_wconf 85' lang='lat' dir='ltr'><strong>contra</strong></span> <span class='ocrx_word' id='word_1_26' title='bbox 370 372 444 396; x_wconf 89' lang='lat' dir='ltr'><strong>eum</strong></span> <span class='ocrx_word' id='word_1_27' title='bbox 461 364 727 404; x_wconf 77' lang='lat' dir='ltr'><strong>contempnentes</strong></span> <span class='ocrx_word' id='word_1_28' title='bbox 747 361 842 403; x_wconf 80' lang='lat' dir='ltr'><strong>longe</strong></span> <span class='ocrx_word' id='word_1_29' title='bbox 866 361 1008 393; x_wconf 87' lang='lat' dir='ltr'><strong>anterius</strong></span> <span class='ocrx_word' id='word_1_30' title='bbox 1030 360 1175 393; x_wconf 88' lang='lat' dir='ltr'><strong>habitum</strong></span> <span class='ocrx_word' id='word_1_31' title='bbox 1199 361 1231 392; x_wconf 90' lang='lat' dir='ltr'><strong>in</strong></span> <span class='ocrx_word' id='word_1_32' title='bbox 1254 360 1315 392; x_wconf 91' lang='lat' dir='ltr'><strong>bac</strong></span> <span class='ocrx_word' id='word_1_33' title='bbox 1339 363 1431 402; x_wconf 87' lang='lat' dir='ltr'><strong>parte</strong></span> <span class='ocrx_word' id='word_1_34' title='bbox 1449 361 1655 402; x_wconf 88' lang='lat' dir='ltr'><strong>processum¹</strong></span> <span class='ocrx_word' id='word_1_35' title='bbox 1680 361 1764 392; x_wconf 85' lang='lat' dir='ltr'><strong>inter</strong></span> <span class='ocrx_word' id='word_1_36' title='bbox 1786 364 1895 392; x_wconf 80' lang='lat' dir='ltr'><strong>cetera</strong></span> 
     </span>
     <span class='ocr_line' id='line_1_4' title="bbox 236 411 1895 456; baseline -0.002 -9"><span class='ocrx_word' id='word_1_37' title='bbox 236 415 409 448; x_wconf 88' lang='lat' dir='ltr'><strong>summarie</strong></span> <span class='ocrx_word' id='word_1_38' title='bbox 425 414 654 455; x_wconf 88' lang='lat' dir='ltr'><strong>continentem,</strong></span> <span class='ocrx_word' id='word_1_39' title='bbox 678 413 764 456; x_wconf 89' lang='lat' dir='ltr'><strong>quod</strong></span> <span class='ocrx_word' id='word_1_40' title='bbox 782 413 928 445; x_wconf 89' lang='lat' dir='ltr'><strong>Romano</strong></span> <span class='ocrx_word' id='word_1_41' title='bbox 945 415 1079 445; x_wconf 88' lang='lat' dir='ltr'><strong>vacante</strong></span> <span class='ocrx_word' id='word_1_42' title='bbox 1095 412 1242 454; x_wconf 87' lang='lat' dir='ltr'><strong>imperio,</strong></span> <span class='ocrx_word' id='word_1_43' title='bbox 1265 412 1347 444; x_wconf 91' lang='lat' dir='ltr'><strong>sicut</strong></span> <span class='ocrx_word' id='word_1_44' title='bbox 1362 421 1445 444; x_wconf 92' lang='lat' dir='ltr'><strong>nunc</strong></span> <span class='ocrx_word' id='word_1_45' title='bbox 1459 421 1576 444; x_wconf 84' lang='lat' dir='ltr'><strong>vacare</strong></span> <span class='ocrx_word' id='word_1_46' title='bbox 1592 411 1778 451; x_wconf 73' lang='lat' dir='ltr'><strong>dinoscitur,</strong></span> <span class='ocrx_word' id='word_1_47' title='bbox 1801 416 1834 443; x_wconf 92' lang='lat' dir='ltr'><strong>et</strong></span> <span class='ocrx_word' id='word_1_48' title='bbox 1853 411 1895 443; x_wconf 87' lang='lat' dir='ltr'><strong>ad</strong></span> 
     </span>
     <span class='ocr_line' id='line_1_5' title="bbox 235 462 1894 508; baseline -0.003 -9"><span class='ocrx_word' id='word_1_49' title='bbox 235 466 356 499; x_wconf 89' lang='lat' dir='ltr'><strong>dictam</strong></span> <span class='ocrx_word' id='word_1_50' title='bbox 372 465 542 498; x_wconf 88' lang='lat' dir='ltr'><strong>ecclesiam</strong></span> <span class='ocrx_word' id='word_1_51' title='bbox 565 466 722 508; x_wconf 85' lang='lat' dir='ltr'><strong>regimine</strong></span> <span class='ocrx_word' id='word_1_52' title='bbox 745 465 844 507; x_wconf 91' lang='lat' dir='ltr'><strong>ipsius</strong></span> <span class='ocrx_word' id='word_1_53' title='bbox 863 464 989 506; x_wconf 88' lang='lat' dir='ltr'><strong>imperii</strong></span> <span class='ocrx_word' id='word_1_54' title='bbox 1004 463 1243 496; x_wconf 80' lang='lat' dir='ltr'><strong>racionabiliter</strong></span> <span class='ocrx_word' id='word_1_55' title='bbox 1258 464 1442 505; x_wconf 87' lang='lat' dir='ltr'><strong>pertinente</strong></span> <span class='ocrx_word' id='word_1_56' title='bbox 1467 473 1572 505; x_wconf 90' lang='lat' dir='ltr'><strong>neque</strong></span> <span class='ocrx_word' id='word_1_57' title='bbox 1588 462 1695 495; x_wconf 88' lang='lat' dir='ltr'><strong>adhuc</strong></span> <span class='ocrx_word' id='word_1_58' title='bbox 1711 464 1894 495; x_wconf 81' lang='lat' dir='ltr'><strong>examinata</strong></span> 
     </span>
     <span class='ocr_line' id='line_1_6' title="bbox 203 514 1895 560; baseline -0.002 -10"><span class='ocrx_word' id='word_1_59' title='bbox 203 527 216 547; x_wconf 66' lang='lat' dir='ltr'><strong>a</strong></span> <span class='ocrx_word' id='word_1_60' title='bbox 235 528 295 560; x_wconf 90' lang='lat' dir='ltr'><strong>per</strong></span> <span class='ocrx_word' id='word_1_61' title='bbox 317 528 375 550; x_wconf 90' lang='lat' dir='ltr'><strong>nos</strong></span> <span class='ocrx_word' id='word_1_62' title='bbox 399 517 557 550; x_wconf 80' lang='lat' dir='ltr'><strong>electione</strong></span> <span class='ocrx_word' id='word_1_63' title='bbox 580 515 763 548; x_wconf 88' lang='lat' dir='ltr'><strong>huiusmodi</strong></span> <span class='ocrx_word' id='word_1_64' title='bbox 787 526 910 558; x_wconf 89' lang='lat' dir='ltr'><strong>suaque</strong></span> <span class='ocrx_word' id='word_1_65' title='bbox 933 514 1116 557; x_wconf 85' lang='lat' dir='ltr'><strong>approbata</strong></span> <span class='ocrx_word' id='word_1_66' title='bbox 1138 525 1276 557; x_wconf 88' lang='lat' dir='ltr'><strong>persona</strong></span> <span class='ocrx_word' id='word_1_67' title='bbox 1294 515 1423 557; x_wconf 87' lang='lat' dir='ltr'><strong>iamque</strong></span> <span class='ocrx_word' id='word_1_68' title='bbox 1444 518 1598 557; x_wconf 87' lang='lat' dir='ltr'><strong>usurpato</strong></span> <span class='ocrx_word' id='word_1_69' title='bbox 1621 514 1683 547; x_wconf 91' lang='lat' dir='ltr'><strong>sibi</strong></span> <span class='ocrx_word' id='word_1_70' title='bbox 1706 514 1835 546; x_wconf 87' lang='lat' dir='ltr'><strong>nomine</strong></span> <span class='ocrx_word' id='word_1_71' title='bbox 1858 525 1895 546; x_wconf 80' lang='lat' dir='ltr'><strong>nc</strong></span> 
     </span>
     <span class='ocr_line' id='line_1_7' title="bbox 236 565 1898 611; baseline -0.003 -9"><span class='ocrx_word' id='word_1_72' title='bbox 236 569 331 602; x_wconf 88' lang='lat' dir='ltr'><strong>titulo</strong></span> <span class='ocrx_word' id='word_1_73' title='bbox 354 569 456 611; x_wconf 85' lang='lat' dir='ltr'><strong>regio,</strong></span> <span class='ocrx_word' id='word_1_74' title='bbox 478 578 513 600; x_wconf 87' lang='lat' dir='ltr'><strong>se</strong></span> <span class='ocrx_word' id='word_1_75' title='bbox 535 567 803 600; x_wconf 75' lang='lat' dir='ltr'><strong>administrationi</strong></span> <span class='ocrx_word' id='word_1_76' title='bbox 827 566 972 599; x_wconf 88' lang='lat' dir='ltr'><strong>eiusdem</strong></span> <span class='ocrx_word' id='word_1_77' title='bbox 996 566 1086 608; x_wconf 80' lang='lat' dir='ltr'><strong>regni</strong></span> <span class='ocrx_word' id='word_1_78' title='bbox 1111 570 1176 598; x_wconf 88' lang='lat' dir='ltr'><strong>tam</strong></span> <span class='ocrx_word' id='word_1_79' title='bbox 1201 565 1344 598; x_wconf 82' lang='lat' dir='ltr'><strong>indebite</strong></span> <span class='ocrx_word' id='word_1_80' title='bbox 1368 577 1463 608; x_wconf 85' lang='lat' dir='ltr'><strong>quam</strong></span> <span class='ocrx_word' id='word_1_81' title='bbox 1486 567 1702 598; x_wconf 82' lang='lat' dir='ltr'><strong>irreverenter</strong></span> <span class='ocrx_word' id='word_1_82' title='bbox 1725 566 1898 598; x_wconf 78' lang='lat' dir='ltr'><strong>immiscuit</strong></span> 
     </span>
     <span class='ocr_line' id='line_1_8' title="bbox 237 617 1895 663; baseline -0.002 -10"><span class='ocrx_word' id='word_1_83' title='bbox 237 624 271 654; x_wconf 84' lang='lat' dir='ltr'><strong>et</strong></span> <span class='ocrx_word' id='word_1_84' title='bbox 293 619 477 663; x_wconf 76' lang='lat' dir='ltr'><strong>dampnatis</strong></span> <span class='ocrx_word' id='word_1_85' title='bbox 499 620 531 651; x_wconf 88' lang='lat' dir='ltr'><strong>in</strong></span> <span class='ocrx_word' id='word_1_86' title='bbox 552 618 751 652; x_wconf 79' lang='lat' dir='ltr'><strong>Lombardia</strong></span> <span class='ocrx_word' id='word_1_87' title='bbox 774 619 886 650; x_wconf 82' lang='lat' dir='ltr'><strong>favens</strong></span> <span class='ocrx_word' id='word_1_88' title='bbox 909 617 1062 650; x_wconf 86' lang='lat' dir='ltr'><strong>hereticis</strong></span> <span class='ocrx_word' id='word_1_89' title='bbox 1084 628 1122 649; x_wconf 89' lang='lat' dir='ltr'><strong>ac</strong></span> <span class='ocrx_word' id='word_1_90' title='bbox 1146 617 1320 650; x_wconf 84' lang='lat' dir='ltr'><strong>rebellibus</strong></span> <span class='ocrx_word' id='word_1_91' title='bbox 1335 618 1407 650; x_wconf 86' lang='lat' dir='ltr'><strong>aliis</strong></span> <span class='ocrx_word' id='word_1_92' title='bbox 1423 617 1568 650; x_wconf 90' lang='lat' dir='ltr'><strong>eiusdem</strong></span> <span class='ocrx_word' id='word_1_93' title='bbox 1585 618 1722 650; x_wconf 84' lang='lat' dir='ltr'><strong>ecclesie</strong></span> <span class='ocrx_word' id='word_1_94' title='bbox 1739 617 1895 660; x_wconf 84' lang='lat' dir='ltr'><strong>dampna-</strong></span> 
     </span>
     <span class='ocr_line' id='line_1_9' title="bbox 236 669 1896 713; baseline -0.002 -9"><span class='ocrx_word' id='word_1_95' title='bbox 236 671 344 705; x_wconf 89' lang='lat' dir='ltr'><strong>biliter</strong></span> <span class='ocrx_word' id='word_1_96' title='bbox 366 672 430 703; x_wconf 83' lang='lat' dir='ltr'><strong>alia</strong></span> <span class='ocrx_word' id='word_1_97' title='bbox 453 670 547 713; x_wconf 84' lang='lat' dir='ltr'><strong>plura</strong></span> <span class='ocrx_word' id='word_1_98' title='bbox 570 671 774 703; x_wconf 88' lang='lat' dir='ltr'><strong>committens</strong></span> <span class='ocrx_word' id='word_1_99' title='bbox 798 673 983 702; x_wconf 79' lang='lat' dir='ltr'><strong>excesserat</strong></span> <span class='ocrx_word' id='word_1_100' title='bbox 1005 670 1037 701; x_wconf 93' lang='lat' dir='ltr'><strong>in</strong></span> <span class='ocrx_word' id='word_1_101' title='bbox 1059 679 1193 712; x_wconf 85' lang='lat' dir='ltr'><strong>gravem</strong></span> <span class='ocrx_word' id='word_1_102' title='bbox 1217 669 1323 701; x_wconf 86' lang='lat' dir='ltr'><strong>divine</strong></span> <span class='ocrx_word' id='word_1_103' title='bbox 1347 670 1538 712; x_wconf 80' lang='lat' dir='ltr'><strong>magestatis</strong></span> <span class='ocrx_word' id='word_1_104' title='bbox 1561 670 1725 710; x_wconf 85' lang='lat' dir='ltr'><strong>iniuriam,</strong></span> <span class='ocrx_word' id='word_1_105' title='bbox 1752 673 1896 701; x_wconf 87' lang='lat' dir='ltr'><strong>nostrum</strong></span> 
     </span>
     <span class='ocr_line' id='line_1_10' title="bbox 236 720 1896 765; baseline -0.002 -9"><span class='ocrx_word' id='word_1_106' title='bbox 236 726 271 756; x_wconf 87' lang='lat' dir='ltr'><strong>et</strong></span> <span class='ocrx_word' id='word_1_107' title='bbox 286 723 423 756; x_wconf 85' lang='lat' dir='ltr'><strong>ecclesie</strong></span> <span class='ocrx_word' id='word_1_108' title='bbox 439 721 565 765; x_wconf 80' lang='lat' dir='ltr'><strong>prefate</strong></span> <span class='ocrx_word' id='word_1_109' title='bbox 582 725 815 764; x_wconf 89' lang='lat' dir='ltr'><strong>contemptum,</strong></span> <span class='ocrx_word' id='word_1_110' title='bbox 831 722 938 754; x_wconf 90' lang='lat' dir='ltr'><strong>anime</strong></span> <span class='ocrx_word' id='word_1_111' title='bbox 954 731 1011 753; x_wconf 91' lang='lat' dir='ltr'><strong>sue</strong></span> <span class='ocrx_word' id='word_1_112' title='bbox 1027 721 1213 763; x_wconf 87' lang='lat' dir='ltr'><strong>perniciem,</strong></span> <span class='ocrx_word' id='word_1_113' title='bbox 1237 722 1268 753; x_wconf 91' lang='lat' dir='ltr'><strong>in</strong></span> <span class='ocrx_word' id='word_1_114' title='bbox 1285 721 1497 763; x_wconf 88' lang='lat' dir='ltr'><strong>preiudicium</strong></span> <span class='ocrx_word' id='word_1_115' title='bbox 1513 731 1640 763; x_wconf 88' lang='lat' dir='ltr'><strong>quoque</strong></span> <span class='ocrx_word' id='word_1_116' title='bbox 1657 732 1694 753; x_wconf 90' lang='lat' dir='ltr'><strong>ac</strong></span> <span class='ocrx_word' id='word_1_117' title='bbox 1711 720 1896 753; x_wconf 84' lang='lat' dir='ltr'><strong>scandalum</strong></span> 
     </span>
     <span class='ocr_line' id='line_1_11' title="bbox 192 772 1896 816; baseline -0.001 -9"><span class='ocrx_word' id='word_1_118' title='bbox 192 782 219 803; x_wconf 76' lang='grc' dir='ltr'><strong>ιο</strong></span> <span class='ocrx_word' id='word_1_119' title='bbox 236 774 292 807; x_wconf 88' lang='lat' dir='ltr'><strong>dil.</strong></span> <span class='ocrx_word' id='word_1_120' title='bbox 315 774 358 807; x_wconf 80' lang='lat' dir='ltr'><strong>fil.</strong></span> <span class='ocrx_word' id='word_1_121' title='bbox 383 773 544 816; x_wconf 85' lang='lat' dir='ltr'><strong>magnifici</strong></span> <span class='ocrx_word' id='word_1_122' title='bbox 574 774 634 805; x_wconf 87' lang='lat' dir='ltr'><strong>viri</strong></span> <span class='ocrx_word' id='word_1_123' title='bbox 663 773 839 806; x_wconf 83' lang='lat' dir='ltr'><strong>Friderici·</strong></span> <span class='ocrx_word' id='word_1_124' title='bbox 869 772 960 805; x_wconf 89' lang='lat' dir='ltr'><strong>ducis</strong></span> <span class='ocrx_word' id='word_1_125' title='bbox 982 773 1114 805; x_wconf 79' lang='lat' dir='ltr'><strong>Anstrie</strong></span> <span class='ocrx_word' id='word_1_126' title='bbox 1143 773 1278 805; x_wconf 89' lang='lat' dir='ltr'><strong>coelecti</strong></span> <span class='ocrx_word' id='word_1_127' title='bbox 1306 773 1354 804; x_wconf 91' lang='lat' dir='ltr'><strong>sui</strong></span> <span class='ocrx_word' id='word_1_128' title='bbox 1384 776 1418 805; x_wconf 91' lang='lat' dir='ltr'><strong>et</strong></span> <span class='ocrx_word' id='word_1_129' title='bbox 1445 776 1510 805; x_wconf 84' lang='lat' dir='ltr'><strong>tam</strong></span> <span class='ocrx_word' id='word_1_130' title='bbox 1541 773 1679 805; x_wconf 89' lang='lat' dir='ltr'><strong>eundem</strong></span> <span class='ocrx_word' id='word_1_131' title='bbox 1707 773 1896 815; x_wconf 79' lang='lat' dir='ltr'><strong>eligentium</strong></span> 
     </span>
     <span class='ocr_line' id='line_1_12' title="bbox 235 823 1895 868; baseline -0.001 -10"><span class='ocrx_word' id='word_1_132' title='bbox 235 824 434 868; x_wconf 80' lang='lat' dir='ltr'><strong>Alamani[e]</strong></span> <span class='ocrx_word' id='word_1_133' title='bbox 457 826 637 868; x_wconf 85' lang='lat' dir='ltr'><strong>principum</strong></span> <span class='ocrx_word' id='word_1_134' title='bbox 655 835 751 867; x_wconf 88' lang='lat' dir='ltr'><strong>quam</strong></span> <span class='ocrx_word' id='word_1_135' title='bbox 774 824 912 867; x_wconf 89' lang='lat' dir='ltr'><strong>plurium</strong></span> <span class='ocrx_word' id='word_1_136' title='bbox 928 823 1039 856; x_wconf 89' lang='lat' dir='ltr'><strong>mundi</strong></span> <span class='ocrx_word' id='word_1_137' title='bbox 1054 823 1198 856; x_wconf 81' lang='lat' dir='ltr'><strong>fidelium</strong></span> <span class='ocrx_word' id='word_1_138' title='bbox 1214 824 1362 864; x_wconf 80' lang='lat' dir='ltr'><strong>aliorum,</strong></span> <span class='ocrx_word' id='word_1_139' title='bbox 1385 829 1518 866; x_wconf 88' lang='lat' dir='ltr'><strong>propter</strong></span> <span class='ocrx_word' id='word_1_140' title='bbox 1534 823 1621 866; x_wconf 90' lang='lat' dir='ltr'><strong>quod</strong></span> <span class='ocrx_word' id='word_1_141' title='bbox 1637 824 1775 857; x_wconf 90' lang='lat' dir='ltr'><strong>electum</strong></span> <span class='ocrx_word' id='word_1_142' title='bbox 1792 825 1895 867; x_wconf 89' lang='lat' dir='ltr'><strong>ipsum</strong></span> 
     </span>
     <span class='ocr_line' id='line_1_13' title="bbox 236 875 1896 918; baseline -0.001 -8"><span class='ocrx_word' id='word_1_143' title='bbox 236 878 295 910; x_wconf 93' lang='lat' dir='ltr'><strong>sub</strong></span> <span class='ocrx_word' id='word_1_144' title='bbox 329 878 446 909; x_wconf 86' lang='lat' dir='ltr'><strong>virtute</strong></span> <span class='ocrx_word' id='word_1_145' title='bbox 481 880 590 909; x_wconf 88' lang='lat' dir='ltr'><strong>sancte</strong></span> <span class='ocrx_word' id='word_1_146' title='bbox 621 876 795 909; x_wconf 87' lang='lat' dir='ltr'><strong>obediente</strong></span> <span class='ocrx_word' id='word_1_147' title='bbox 826 886 864 908; x_wconf 89' lang='lat' dir='ltr'><strong>ac</strong></span> <span class='ocrx_word' id='word_1_148' title='bbox 897 875 1238 908; x_wconf 85' lang='lat' dir='ltr'><strong>excommunicationis</strong></span> <span class='ocrx_word' id='word_1_149' title='bbox 1266 886 1350 918; x_wconf 89' lang='lat' dir='ltr'><strong>pena</strong></span> <span class='ocrx_word' id='word_1_150' title='bbox 1385 886 1539 918; x_wconf 82' lang='lat' dir='ltr'><strong>expresse</strong></span> <span class='ocrx_word' id='word_1_151' title='bbox 1566 877 1764 916; x_wconf 90' lang='lat' dir='ltr'><strong>monuimus,</strong></span> <span class='ocrx_word' id='word_1_152' title='bbox 1799 886 1896 918; x_wconf 87' lang='lat' dir='ltr'><strong>quam</strong></span> 
     </span>
     <span class='ocr_line' id='line_1_14' title="bbox 238 920 1896 971; baseline -0.002 -9"><span class='ocrx_word' id='word_1_153' title='bbox 238 929 401 962; x_wconf 88' lang='lat' dir='ltr'><strong>incurrere</strong></span> <span class='ocrx_word' id='word_1_154' title='bbox 425 930 529 971; x_wconf 90' lang='lat' dir='ltr'><strong>ipsum</strong></span> <span class='ocrx_word' id='word_1_155' title='bbox 553 928 701 960; x_wconf 89' lang='lat' dir='ltr'><strong>volumus</strong></span> <span class='ocrx_word' id='word_1_156' title='bbox 723 928 794 969; x_wconf 90' lang='lat' dir='ltr'><strong>ipso</strong></span> <span class='ocrx_word' id='word_1_157' title='bbox 810 926 906 968; x_wconf 84' lang='lat' dir='ltr'><strong>facto,</strong></span> <span class='ocrx_word' id='word_1_158' title='bbox 930 927 990 959; x_wconf 89' lang='lat' dir='ltr'><strong>nisi</strong></span> <span class='ocrx_word' id='word_1_159' title='bbox 1006 927 1221 959; x_wconf 83' lang='lat' dir='ltr'><strong>effectualiter</strong></span> <span class='ocrx_word' id='word_1_160' title='bbox 1236 920 1420 959; x_wconf 82' lang='lat' dir='ltr'><strong>huiusmodi</strong></span> <span class='ocrx_word' id='word_1_161' title='bbox 1436 931 1543 960; x_wconf 89' lang='lat' dir='ltr'><strong>nostre</strong></span> <span class='ocrx_word' id='word_1_162' title='bbox 1567 928 1735 959; x_wconf 91' lang='lat' dir='ltr'><strong>monitioni</strong></span> <span class='ocrx_word' id='word_1_163' title='bbox 1758 931 1896 970; x_wconf 87' lang='lat' dir='ltr'><strong>pareret,</strong></span> 
     </span>
     <span class='ocr_line' id='line_1_15' title="bbox 238 978 1898 1022; baseline -0.002 -9"><span class='ocrx_word' id='word_1_164' title='bbox 238 984 275 1013; x_wconf 91' lang='lat' dir='ltr'><strong>ut</strong></span> <span class='ocrx_word' id='word_1_165' title='bbox 297 981 381 1013; x_wconf 82' lang='lat' dir='ltr'><strong>infra</strong></span> <span class='ocrx_word' id='word_1_166' title='bbox 404 984 526 1013; x_wconf 88' lang='lat' dir='ltr'><strong>certum</strong></span> <span class='ocrx_word' id='word_1_167' title='bbox 551 979 613 1011; x_wconf 86' lang='lat' dir='ltr'><strong>sibi</strong></span> <span class='ocrx_word' id='word_1_168' title='bbox 636 979 795 1022; x_wconf 89' lang='lat' dir='ltr'><strong>prefixum</strong></span> <span class='ocrx_word' id='word_1_169' title='bbox 819 979 991 1011; x_wconf 88' lang='lat' dir='ltr'><strong>terminum</strong></span> <span class='ocrx_word' id='word_1_170' title='bbox 1019 978 1139 1011; x_wconf 87' lang='lat' dir='ltr'><strong>diutius</strong></span> <span class='ocrx_word' id='word_1_171' title='bbox 1165 979 1229 1011; x_wconf 89' lang='lat' dir='ltr'><strong>iam</strong></span> <span class='ocrx_word' id='word_1_172' title='bbox 1255 979 1401 1021; x_wconf 87' lang='lat' dir='ltr'><strong>elapsum</strong></span> <span class='ocrx_word' id='word_1_173' title='bbox 1429 989 1450 1011; x_wconf 85' lang='lat' dir='ltr'><strong>a</strong></span> <span class='ocrx_word' id='word_1_174' title='bbox 1472 979 1636 1021; x_wconf 82' lang='lat' dir='ltr'><strong>premissis</strong></span> <span class='ocrx_word' id='word_1_175' title='bbox 1665 979 1838 1011; x_wconf 83' lang='lat' dir='ltr'><strong>desisteret</strong></span> <span class='ocrx_word' id='word_1_176' title='bbox 1865 983 1898 1010; x_wconf 85' lang='lat' dir='ltr'><strong>et</strong></span> 
     </span>
     <span class='ocr_line' id='line_1_16' title="bbox 193 1030 1896 1076; baseline -0.003 -11"><span class='ocrx_word' id='word_1_177' title='bbox 193 1041 218 1061; x_wconf 67' lang='grc' dir='ltr'><strong>η</strong></span> <span class='ocrx_word' id='word_1_178' title='bbox 237 1043 427 1076; x_wconf 84' lang='lat' dir='ltr'><strong>quecunque</strong></span> <span class='ocrx_word' id='word_1_179' title='bbox 455 1031 563 1064; x_wconf 87' lang='lat' dir='ltr'><strong>taliter</strong></span> <span class='ocrx_word' id='word_1_180' title='bbox 590 1030 779 1063; x_wconf 86' lang='lat' dir='ltr'><strong>excedendo</strong></span> <span class='ocrx_word' id='word_1_181' title='bbox 807 1031 1028 1071; x_wconf 84' lang='lat' dir='ltr'><strong>commiserat,</strong></span> <span class='ocrx_word' id='word_1_182' title='bbox 1058 1030 1142 1062; x_wconf 81' lang='lat' dir='ltr'><strong>infra</strong></span> <span class='ocrx_word' id='word_1_183' title='bbox 1165 1030 1286 1062; x_wconf 86' lang='lat' dir='ltr'><strong>dictum</strong></span> <span class='ocrx_word' id='word_1_184' title='bbox 1318 1031 1488 1062; x_wconf 88' lang='lat' dir='ltr'><strong>terminum</strong></span> <span class='ocrx_word' id='word_1_185' title='bbox 1512 1031 1711 1070; x_wconf 80' lang='lat' dir='ltr'><strong>revocaret²‚</strong></span> <span class='ocrx_word' id='word_1_186' title='bbox 1740 1030 1896 1062; x_wconf 82' lang='lat' dir='ltr'><strong>universis</strong></span> 
     </span>
     <span class='ocr_line' id='line_1_17' title="bbox 236 1082 1896 1128; baseline -0.001 -12"><span class='ocrx_word' id='word_1_187' title='bbox 236 1084 381 1128; x_wconf 86' lang='lat' dir='ltr'><strong>prelatis,</strong></span> <span class='ocrx_word' id='word_1_188' title='bbox 405 1093 600 1126; x_wconf 87' lang='lat' dir='ltr'><strong>quacunque</strong></span> <span class='ocrx_word' id='word_1_189' title='bbox 624 1082 800 1125; x_wconf 89' lang='lat' dir='ltr'><strong>pontificali</strong></span> <span class='ocrx_word' id='word_1_190' title='bbox 823 1093 879 1114; x_wconf 90' lang='lat' dir='ltr'><strong>seu</strong></span> <span class='ocrx_word' id='word_1_191' title='bbox 903 1082 1015 1125; x_wconf 87' lang='lat' dir='ltr'><strong>quavis</strong></span> <span class='ocrx_word' id='word_1_192' title='bbox 1037 1082 1103 1115; x_wconf 85' lang='lat' dir='ltr'><strong>alia</strong></span> <span class='ocrx_word' id='word_1_193' title='bbox 1124 1082 1282 1124; x_wconf 82' lang='lat' dir='ltr'><strong>dignitate</strong></span> <span class='ocrx_word' id='word_1_194' title='bbox 1309 1082 1533 1125; x_wconf 81' lang='lat' dir='ltr'><strong>prefulgeant,</strong></span> <span class='ocrx_word' id='word_1_195' title='bbox 1563 1086 1596 1114; x_wconf 91' lang='lat' dir='ltr'><strong>et</strong></span> <span class='ocrx_word' id='word_1_196' title='bbox 1623 1083 1769 1124; x_wconf 88' lang='lat' dir='ltr'><strong>personis</strong></span> <span class='ocrx_word' id='word_1_197' title='bbox 1792 1082 1896 1114; x_wconf 88' lang='lat' dir='ltr'><strong>ecclc-</strong></span> 
     </span>
     <span class='ocr_line' id='line_1_18' title="bbox 236 1133 1895 1176; baseline -0.002 -8"><span class='ocrx_word' id='word_1_198' title='bbox 236 1136 372 1168; x_wconf 89' lang='lat' dir='ltr'><strong>siasticis</strong></span> <span class='ocrx_word' id='word_1_199' title='bbox 405 1146 443 1167; x_wconf 88' lang='lat' dir='ltr'><strong>ac</strong></span> <span class='ocrx_word' id='word_1_200' title='bbox 477 1135 632 1167; x_wconf 88' lang='lat' dir='ltr'><strong>universis</strong></span> <span class='ocrx_word' id='word_1_201' title='bbox 666 1138 698 1166; x_wconf 89' lang='lat' dir='ltr'><strong>et</strong></span> <span class='ocrx_word' id='word_1_202' title='bbox 730 1133 863 1176; x_wconf 89' lang='lat' dir='ltr'><strong>singulis</strong></span> <span class='ocrx_word' id='word_1_203' title='bbox 893 1134 1088 1175; x_wconf 84' lang='lat' dir='ltr'><strong>civitatibus,</strong></span> <span class='ocrx_word' id='word_1_204' title='bbox 1117 1133 1399 1166; x_wconf 85' lang='lat' dir='ltr'><strong>communitatibus</strong></span> <span class='ocrx_word' id='word_1_205' title='bbox 1426 1138 1459 1167; x_wconf 92' lang='lat' dir='ltr'><strong>et</strong></span> <span class='ocrx_word' id='word_1_206' title='bbox 1485 1134 1746 1166; x_wconf 87' lang='lat' dir='ltr'><strong>universitatibus</strong></span> <span class='ocrx_word' id='word_1_207' title='bbox 1772 1144 1895 1166; x_wconf 85' lang='lat' dir='ltr'><strong>necnon</strong></span> 
     </span>
     <span class='ocr_line' id='line_1_19' title="bbox 237 1185 1896 1230; baseline -0.001 -11"><span class='ocrx_word' id='word_1_208' title='bbox 237 1188 382 1230; x_wconf 87' lang='lat' dir='ltr'><strong>personis</strong></span> <span class='ocrx_word' id='word_1_209' title='bbox 411 1186 610 1219; x_wconf 90' lang='lat' dir='ltr'><strong>secularibus</strong></span> <span class='ocrx_word' id='word_1_210' title='bbox 638 1186 882 1228; x_wconf 76' lang='lat' dir='ltr'><strong>quibuscunque</strong></span> <span class='ocrx_word' id='word_1_211' title='bbox 910 1186 1012 1228; x_wconf 87' lang='lat' dir='ltr'><strong>regali</strong></span> <span class='ocrx_word' id='word_1_212' title='bbox 1040 1190 1097 1218; x_wconf 85' lang='lat' dir='ltr'><strong>aut</strong></span> <span class='ocrx_word' id='word_1_213' title='bbox 1119 1196 1311 1228; x_wconf 87' lang='lat' dir='ltr'><strong>quacunque</strong></span> <span class='ocrx_word' id='word_1_214' title='bbox 1343 1186 1407 1218; x_wconf 90' lang='lat' dir='ltr'><strong>alia</strong></span> <span class='ocrx_word' id='word_1_215' title='bbox 1441 1185 1598 1228; x_wconf 80' lang='lat' dir='ltr'><strong>dignitate</strong></span> <span class='ocrx_word' id='word_1_216' title='bbox 1633 1185 1832 1228; x_wconf 81' lang='lat' dir='ltr'><strong>fulgentibus</strong></span> <span class='ocrx_word' id='word_1_217' title='bbox 1866 1186 1896 1216; x_wconf 90' lang='lat' dir='ltr'><strong>in</strong></span> 
     </span>
     <span class='ocr_line' id='line_1_20' title="bbox 237 1237 1896 1280; baseline -0.002 -9"><span class='ocrx_word' id='word_1_218' title='bbox 237 1240 354 1271; x_wconf 88' lang='lat' dir='ltr'><strong>virtute</strong></span> <span class='ocrx_word' id='word_1_219' title='bbox 378 1238 524 1270; x_wconf 87' lang='lat' dir='ltr'><strong>similiter</strong></span> <span class='ocrx_word' id='word_1_220' title='bbox 547 1240 657 1270; x_wconf 91' lang='lat' dir='ltr'><strong>sancte</strong></span> <span class='ocrx_word' id='word_1_221' title='bbox 681 1237 866 1270; x_wconf 83' lang='lat' dir='ltr'><strong>obedientie</strong></span> <span class='ocrx_word' id='word_1_222' title='bbox 890 1248 928 1270; x_wconf 90' lang='lat' dir='ltr'><strong>ac</strong></span> <span class='ocrx_word' id='word_1_223' title='bbox 951 1237 1010 1269; x_wconf 91' lang='lat' dir='ltr'><strong>sub</strong></span> <span class='ocrx_word' id='word_1_224' title='bbox 1033 1238 1124 1280; x_wconf 89' lang='lat' dir='ltr'><strong>penis</strong></span> <span class='ocrx_word' id='word_1_225' title='bbox 1147 1237 1488 1270; x_wconf 85' lang='lat' dir='ltr'><strong>excommunicationis</strong></span> <span class='ocrx_word' id='word_1_226' title='bbox 1511 1238 1543 1269; x_wconf 90' lang='lat' dir='ltr'><strong>in</strong></span> <span class='ocrx_word' id='word_1_227' title='bbox 1566 1247 1721 1280; x_wconf 84' lang='lat' dir='ltr'><strong>personas</strong></span> <span class='ocrx_word' id='word_1_228' title='bbox 1744 1241 1777 1270; x_wconf 91' lang='lat' dir='ltr'><strong>et</strong></span> <span class='ocrx_word' id='word_1_229' title='bbox 1798 1237 1896 1269; x_wconf 86' lang='lat' dir='ltr'><strong>inter-</strong></span> 
     </span>
     <span class='ocr_line' id='line_1_21' title="bbox 193 1288 1898 1335; baseline -0.002 -12"><span class='ocrx_word' id='word_1_230' title='bbox 193 1299 220 1319; x_wconf 80' lang='lat'><strong>²⁰</strong></span> <span class='ocrx_word' id='word_1_231' title='bbox 239 1291 316 1324; x_wconf 90' lang='lat' dir='ltr'><strong>dicti</strong></span> <span class='ocrx_word' id='word_1_232' title='bbox 340 1292 372 1323; x_wconf 92' lang='lat' dir='ltr'><strong>in</strong></span> <span class='ocrx_word' id='word_1_233' title='bbox 397 1294 499 1323; x_wconf 84' lang='lat' dir='ltr'><strong>terras</strong></span> <span class='ocrx_word' id='word_1_234' title='bbox 523 1301 634 1323; x_wconf 89' lang='lat' dir='ltr'><strong>eorum</strong></span> <span class='ocrx_word' id='word_1_235' title='bbox 662 1300 787 1335; x_wconf 83' lang='lat' dir='ltr'><strong>necnon</strong></span> <span class='ocrx_word' id='word_1_236' title='bbox 816 1290 1004 1333; x_wconf 83' lang='lat' dir='ltr'><strong>privationis</strong></span> <span class='ocrx_word' id='word_1_237' title='bbox 1033 1290 1274 1332; x_wconf 81' lang='lat' dir='ltr'><strong>privilegiorum</strong></span> <span class='ocrx_word' id='word_1_238' title='bbox 1303 1300 1565 1331; x_wconf 87' lang='lat' dir='ltr'><strong>quorumcunque</strong></span> <span class='ocrx_word' id='word_1_239' title='bbox 1591 1288 1841 1331; x_wconf 84' lang='lat' dir='ltr'><strong>apostolicorum</strong></span> <span class='ocrx_word' id='word_1_240' title='bbox 1865 1294 1898 1321; x_wconf 86' lang='lat' dir='ltr'><strong>et</strong></span> 
     </span>
     <span class='ocr_line' id='line_1_22' title="bbox 238 1339 1897 1385; baseline -0.002 -10"><span class='ocrx_word' id='word_1_241' title='bbox 238 1343 454 1385; x_wconf 85' lang='lat' dir='ltr'><strong>imperialium</strong></span> <span class='ocrx_word' id='word_1_242' title='bbox 471 1353 509 1374; x_wconf 84' lang='lat' dir='ltr'><strong>ac</strong></span> <span class='ocrx_word' id='word_1_243' title='bbox 526 1341 707 1383; x_wconf 83' lang='lat' dir='ltr'><strong>feudorum,</strong></span> <span class='ocrx_word' id='word_1_244' title='bbox 732 1351 794 1384; x_wconf 89' lang='lat' dir='ltr'><strong>que</strong></span> <span class='ocrx_word' id='word_1_245' title='bbox 810 1341 852 1374; x_wconf 87' lang='lat' dir='ltr'><strong>ab</strong></span> <span class='ocrx_word' id='word_1_246' title='bbox 869 1342 938 1384; x_wconf 86' lang='lat' dir='ltr'><strong>ipsa</strong></span> <span class='ocrx_word' id='word_1_247' title='bbox 955 1341 1092 1373; x_wconf 88' lang='lat' dir='ltr'><strong>ecclesia</strong></span> <span class='ocrx_word' id='word_1_248' title='bbox 1108 1341 1160 1373; x_wconf 88' lang='lat' dir='ltr'><strong>vel</strong></span> <span class='ocrx_word' id='word_1_249' title='bbox 1176 1341 1312 1383; x_wconf 87' lang='lat' dir='ltr'><strong>imperio</strong></span> <span class='ocrx_word' id='word_1_250' title='bbox 1337 1340 1491 1380; x_wconf 89' lang='lat' dir='ltr'><strong>obtinent,</strong></span> <span class='ocrx_word' id='word_1_251' title='bbox 1515 1340 1689 1373; x_wconf 86' lang='lat' dir='ltr'><strong>districtius</strong></span> <span class='ocrx_word' id='word_1_252' title='bbox 1704 1339 1897 1380; x_wconf 89' lang='lat' dir='ltr'><strong>inhibentes,</strong></span> 
     </span>
     <span class='ocr_line' id='line_1_23' title="bbox 237 1392 1895 1436; baseline -0.002 -9"><span class='ocrx_word' id='word_1_253' title='bbox 237 1405 278 1427; x_wconf 89' lang='lat' dir='ltr'><strong>ne</strong></span> <span class='ocrx_word' id='word_1_254' title='bbox 301 1395 332 1427; x_wconf 92' lang='lat' dir='ltr'><strong>in</strong></span> <span class='ocrx_word' id='word_1_255' title='bbox 356 1394 518 1436; x_wconf 91' lang='lat' dir='ltr'><strong>aliquibus</strong></span> <span class='ocrx_word' id='word_1_256' title='bbox 541 1393 618 1426; x_wconf 89' lang='lat' dir='ltr'><strong>dicti</strong></span> <span class='ocrx_word' id='word_1_257' title='bbox 642 1394 733 1436; x_wconf 87' lang='lat' dir='ltr'><strong>regni</strong></span> <span class='ocrx_word' id='word_1_258' title='bbox 756 1403 814 1425; x_wconf 90' lang='lat' dir='ltr'><strong>seu</strong></span> <span class='ocrx_word' id='word_1_259' title='bbox 837 1393 964 1435; x_wconf 90' lang='lat' dir='ltr'><strong>imperii</strong></span> <span class='ocrx_word' id='word_1_260' title='bbox 988 1392 1196 1435; x_wconf 82' lang='lat' dir='ltr'><strong>tangentibus</strong></span> <span class='ocrx_word' id='word_1_261' title='bbox 1225 1393 1369 1434; x_wconf 88' lang='lat' dir='ltr'><strong>regimen</strong></span> <span class='ocrx_word' id='word_1_262' title='bbox 1398 1392 1526 1434; x_wconf 84' lang='lat' dir='ltr'><strong>prefato</strong></span> <span class='ocrx_word' id='word_1_263' title='bbox 1549 1392 1714 1424; x_wconf 87' lang='lat' dir='ltr'><strong>Ludovico</strong></span> <span class='ocrx_word' id='word_1_264' title='bbox 1743 1396 1895 1434; x_wconf 87' lang='lat' dir='ltr'><strong>tanquam</strong></span> 
     </span>
     <span class='ocr_line' id='line_1_24' title="bbox 237 1443 1896 1489; baseline -0.002 -11"><span class='ocrx_word' id='word_1_265' title='bbox 237 1447 307 1489; x_wconf 88' lang='lat' dir='ltr'><strong>regi</strong></span> <span class='ocrx_word' id='word_1_266' title='bbox 329 1456 388 1478; x_wconf 90' lang='lat' dir='ltr'><strong>seu</strong></span> <span class='ocrx_word' id='word_1_267' title='bbox 410 1446 442 1478; x_wconf 89' lang='lat' dir='ltr'><strong>in</strong></span> <span class='ocrx_word' id='word_1_268' title='bbox 464 1445 684 1478; x_wconf 84' lang='lat' dir='ltr'><strong>Romanorum</strong></span> <span class='ocrx_word' id='word_1_269' title='bbox 710 1455 823 1487; x_wconf 86' lang='lat' dir='ltr'><strong>regem</strong></span> <span class='ocrx_word' id='word_1_270' title='bbox 847 1444 961 1483; x_wconf 89' lang='lat' dir='ltr'><strong>electo,</strong></span> <span class='ocrx_word' id='word_1_271' title='bbox 985 1444 1045 1476; x_wconf 91' lang='lat' dir='ltr'><strong>nisi</strong></span> <span class='ocrx_word' id='word_1_272' title='bbox 1069 1447 1103 1476; x_wconf 85' lang='lat' dir='ltr'><strong>et</strong></span> <span class='ocrx_word' id='word_1_273' title='bbox 1126 1454 1294 1486; x_wconf 89' lang='lat' dir='ltr'><strong>quousque</strong></span> <span class='ocrx_word' id='word_1_274' title='bbox 1318 1443 1437 1475; x_wconf 84' lang='lat' dir='ltr'><strong>dictam</strong></span> <span class='ocrx_word' id='word_1_275' title='bbox 1454 1443 1648 1476; x_wconf 88' lang='lat' dir='ltr'><strong>electionem</strong></span> <span class='ocrx_word' id='word_1_276' title='bbox 1670 1454 1708 1475; x_wconf 82' lang='lat' dir='ltr'><strong>sc</strong></span> <span class='ocrx_word' id='word_1_277' title='bbox 1724 1453 1896 1485; x_wconf 84' lang='lat' dir='ltr'><strong>personam</strong></span> 
     </span>
     <span class='ocr_line' id='line_1_25' title="bbox 236 1494 1896 1540; baseline -0.002 -10"><span class='ocrx_word' id='word_1_278' title='bbox 236 1498 336 1540; x_wconf 89' lang='lat' dir='ltr'><strong>ipsius</strong></span> <span class='ocrx_word' id='word_1_279' title='bbox 359 1508 418 1540; x_wconf 89' lang='lat' dir='ltr'><strong>per</strong></span> <span class='ocrx_word' id='word_1_280' title='bbox 439 1497 576 1529; x_wconf 89' lang='lat' dir='ltr'><strong>eandem</strong></span> <span class='ocrx_word' id='word_1_281' title='bbox 599 1496 710 1529; x_wconf 88' lang='lat' dir='ltr'><strong>sedem</strong></span> <span class='ocrx_word' id='word_1_282' title='bbox 735 1495 907 1538; x_wconf 83' lang='lat' dir='ltr'><strong>approbari</strong></span> <span class='ocrx_word' id='word_1_283' title='bbox 931 1499 964 1529; x_wconf 86' lang='lat' dir='ltr'><strong>et</strong></span> <span class='ocrx_word' id='word_1_284' title='bbox 987 1496 1114 1530; x_wconf 87' lang='lat' dir='ltr'><strong>admitti</strong></span> <span class='ocrx_word' id='word_1_285' title='bbox 1130 1496 1311 1538; x_wconf 83' lang='lat' dir='ltr'><strong>contigerit,</strong></span> <span class='ocrx_word' id='word_1_286' title='bbox 1335 1497 1366 1527; x_wconf 94' lang='lat' dir='ltr'><strong>in</strong></span> <span class='ocrx_word' id='word_1_287' title='bbox 1382 1495 1489 1538; x_wconf 88' lang='lat' dir='ltr'><strong>aliquo</strong></span> <span class='ocrx_word' id='word_1_288' title='bbox 1506 1499 1641 1537; x_wconf 86' lang='lat' dir='ltr'><strong>pareant</strong></span> <span class='ocrx_word' id='word_1_289' title='bbox 1656 1505 1713 1527; x_wconf 92' lang='lat' dir='ltr'><strong>seu</strong></span> <span class='ocrx_word' id='word_1_290' title='bbox 1729 1494 1896 1527; x_wconf 84' lang='lat' dir='ltr'><strong>intendant</strong></span> 
     </span>
     <span class='ocr_line' id='line_1_26' title="bbox 193 1546 1895 1591; baseline -0.001 -11"><span class='ocrx_word' id='word_1_291' title='bbox 193 1555 218 1576; x_wconf 62' lang='grc' dir='ltr'><strong>’θ</strong></span> <span class='ocrx_word' id='word_1_292' title='bbox 236 1559 343 1591; x_wconf 89' lang='lat' dir='ltr'><strong>neque</strong></span> <span class='ocrx_word' id='word_1_293' title='bbox 366 1548 426 1580; x_wconf 87' lang='lat' dir='ltr'><strong>sibi</strong></span> <span class='ocrx_word' id='word_1_294' title='bbox 450 1549 481 1579; x_wconf 94' lang='lat' dir='ltr'><strong>in</strong></span> <span class='ocrx_word' id='word_1_295' title='bbox 505 1547 748 1590; x_wconf 84' lang='lat' dir='ltr'><strong>quibuscunque</strong></span> <span class='ocrx_word' id='word_1_296' title='bbox 771 1547 812 1579; x_wconf 87' lang='lat' dir='ltr'><strong>ad</strong></span> <span class='ocrx_word' id='word_1_297' title='bbox 828 1547 974 1589; x_wconf 87' lang='lat' dir='ltr'><strong>regimen</strong></span> <span class='ocrx_word' id='word_1_298' title='bbox 997 1548 1101 1589; x_wconf 90' lang='lat' dir='ltr'><strong>ipsum</strong></span> <span class='ocrx_word' id='word_1_299' title='bbox 1125 1546 1346 1589; x_wconf 87' lang='lat' dir='ltr'><strong>spectantibus</strong></span> <span class='ocrx_word' id='word_1_300' title='bbox 1366 1547 1525 1589; x_wconf 89' lang='lat' dir='ltr'><strong>prebeant</strong></span> <span class='ocrx_word' id='word_1_301' title='bbox 1541 1546 1707 1587; x_wconf 86' lang='lat' dir='ltr'><strong>auxilium,</strong></span> <span class='ocrx_word' id='word_1_302' title='bbox 1728 1546 1895 1579; x_wconf 90' lang='lat' dir='ltr'><strong>consilium</strong></span> 
     </span>
     <span class='ocr_line' id='line_1_27' title="bbox 237 1598 1896 1641; baseline -0.001 -10"><span class='ocrx_word' id='word_1_303' title='bbox 237 1599 289 1632; x_wconf 90' lang='lat' dir='ltr'><strong>vel</strong></span> <span class='ocrx_word' id='word_1_304' title='bbox 312 1599 456 1631; x_wconf 86' lang='lat' dir='ltr'><strong>favorem</strong></span> <span class='ocrx_word' id='word_1_305' title='bbox 466 1599 489 1630; x_wconf 80' lang='lat'><strong>³.</strong></span> <span class='ocrx_word' id='word_1_306' title='bbox 541 1599 585 1631; x_wconf 85' lang='lat' dir='ltr'><strong>Et</strong></span> <span class='ocrx_word' id='word_1_307' title='bbox 606 1600 683 1641; x_wconf 90' lang='lat' dir='ltr'><strong>quia</strong></span> <span class='ocrx_word' id='word_1_308' title='bbox 705 1599 949 1641; x_wconf 84' lang='lat' dir='ltr'><strong>prenominatus</strong></span> <span class='ocrx_word' id='word_1_309' title='bbox 977 1598 1102 1631; x_wconf 88' lang='lat' dir='ltr'><strong>electus</strong></span> <span class='ocrx_word' id='word_1_310' title='bbox 1123 1598 1307 1631; x_wconf 88' lang='lat' dir='ltr'><strong>huiusmodi</strong></span> <span class='ocrx_word' id='word_1_311' title='bbox 1330 1599 1541 1630; x_wconf 90' lang='lat' dir='ltr'><strong>monitionem</strong></span> <span class='ocrx_word' id='word_1_312' title='bbox 1565 1602 1705 1630; x_wconf 86' lang='lat' dir='ltr'><strong>nostram</strong></span> <span class='ocrx_word' id='word_1_313' title='bbox 1729 1602 1896 1639; x_wconf 89' lang='lat' dir='ltr'><strong>contemp-</strong></span> 
     </span>
     <span class='ocr_line' id='line_1_28' title="bbox 237 1649 1897 1693; baseline -0.001 -11"><span class='ocrx_word' id='word_1_314' title='bbox 237 1651 345 1683; x_wconf 83' lang='lat' dir='ltr'><strong>nisseb</strong></span> <span class='ocrx_word' id='word_1_315' title='bbox 364 1650 550 1692; x_wconf 85' lang='lat' dir='ltr'><strong>dinoscitur,</strong></span> <span class='ocrx_word' id='word_1_316' title='bbox 573 1651 638 1682; x_wconf 80' lang='lat' dir='ltr'><strong>iam</strong></span> <span class='ocrx_word' id='word_1_317' title='bbox 660 1650 766 1692; x_wconf 89' lang='lat' dir='ltr'><strong>ipsum</strong></span> <span class='ocrx_word' id='word_1_318' title='bbox 782 1661 840 1693; x_wconf 91' lang='lat' dir='ltr'><strong>per</strong></span> <span class='ocrx_word' id='word_1_319' title='bbox 863 1650 962 1682; x_wconf 85' lang='lat' dir='ltr'><strong>alium</strong></span> <span class='ocrx_word' id='word_1_320' title='bbox 977 1661 1162 1692; x_wconf 88' lang='lat' dir='ltr'><strong>processum</strong></span> <span class='ocrx_word' id='word_1_321' title='bbox 1179 1653 1321 1682; x_wconf 85' lang='lat' dir='ltr'><strong>nostrum</strong></span> <span class='ocrx_word' id='word_1_322' title='bbox 1339 1651 1465 1682; x_wconf 87' lang='lat' dir='ltr'><strong>noviter</strong></span> <span class='ocrx_word' id='word_1_323' title='bbox 1479 1649 1646 1682; x_wconf 68' lang='lat' dir='ltr'><strong>habitum*</strong></span> <span class='ocrx_word' id='word_1_324' title='bbox 1662 1649 1897 1682; x_wconf 86' lang='lat' dir='ltr'><strong>declaravimus</strong></span> 
     </span>
     <span class='ocr_line' id='line_1_29' title="bbox 237 1702 1897 1735; baseline -0.001 -1"><span class='ocrx_word' id='word_1_325' title='bbox 237 1702 374 1735; x_wconf 87' lang='lat' dir='ltr'><strong>eandem</strong></span> <span class='ocrx_word' id='word_1_326' title='bbox 403 1702 744 1734; x_wconf 84' lang='lat' dir='ltr'><strong>excommunicationis</strong></span> <span class='ocrx_word' id='word_1_327' title='bbox 771 1702 963 1734; x_wconf 83' lang='lat' dir='ltr'><strong>sententiam</strong></span> <span class='ocrx_word' id='word_1_328' title='bbox 994 1702 1163 1734; x_wconf 84' lang='lat' dir='ltr'><strong>incurrisse</strong></span> <span class='ocrx_word' id='word_1_329' title='bbox 1187 1713 1226 1734; x_wconf 91' lang='lat' dir='ltr'><strong>ac</strong></span> <span class='ocrx_word' id='word_1_330' title='bbox 1249 1712 1323 1734; x_wconf 90' lang='lat' dir='ltr'><strong>eum</strong></span> <span class='ocrx_word' id='word_1_331' title='bbox 1347 1702 1661 1734; x_wconf 85' lang='lat' dir='ltr'><strong>excommunicatum</strong></span> <span class='ocrx_word' id='word_1_332' title='bbox 1676 1702 1897 1733; x_wconf 86' lang='lat' dir='ltr'><strong>nunciavimus</strong></span> 
     </span>
     <span class='ocr_line' id='line_1_30' title="bbox 238 1753 1896 1796; baseline -0.001 -10"><span class='ocrx_word' id='word_1_333' title='bbox 238 1758 271 1787; x_wconf 89' lang='lat' dir='ltr'><strong>et</strong></span> <span class='ocrx_word' id='word_1_334' title='bbox 294 1757 404 1796; x_wconf 88' lang='lat' dir='ltr'><strong>preter</strong></span> <span class='ocrx_word' id='word_1_335' title='bbox 427 1764 520 1786; x_wconf 87' lang='lat' dir='ltr'><strong>casus</strong></span> <span class='ocrx_word' id='word_1_336' title='bbox 536 1757 706 1796; x_wconf 90' lang='lat' dir='ltr'><strong>exemptos</strong></span> <span class='ocrx_word' id='word_1_337' title='bbox 721 1753 763 1786; x_wconf 92' lang='lat' dir='ltr'><strong>ab</strong></span> <span class='ocrx_word' id='word_1_338' title='bbox 781 1753 928 1786; x_wconf 90' lang='lat' dir='ltr'><strong>omnibus</strong></span> <span class='ocrx_word' id='word_1_339' title='bbox 945 1753 1143 1794; x_wconf 90' lang='lat' dir='ltr'><strong>evitandum,</strong></span> <span class='ocrx_word' id='word_1_340' title='bbox 1159 1754 1262 1786; x_wconf 89' lang='lat' dir='ltr'><strong>dictos</strong></span> <span class='ocrx_word' id='word_1_341' title='bbox 1275 1754 1418 1796; x_wconf 87' lang='lat' dir='ltr'><strong>prelatos</strong></span> <span class='ocrx_word' id='word_1_342' title='bbox 1433 1757 1466 1786; x_wconf 89' lang='lat' dir='ltr'><strong>et</strong></span> <span class='ocrx_word' id='word_1_343' title='bbox 1481 1764 1636 1796; x_wconf 86' lang='lat' dir='ltr'><strong>personas</strong></span> <span class='ocrx_word' id='word_1_344' title='bbox 1652 1753 1896 1789; x_wconf 78' lang='lat' dir='ltr'><strong>ecclesiasticas,</strong></span> 
     </span>
     <span class='ocr_line' id='line_1_31' title="bbox 193 1804 1897 1849; baseline -0.001 -11"><span class='ocrx_word' id='word_1_345' title='bbox 193 1813 220 1834; x_wconf 80' lang='lat'><strong>⁸⁰</strong></span> <span class='ocrx_word' id='word_1_346' title='bbox 239 1806 294 1849; x_wconf 87' lang='lat' dir='ltr'><strong>qui</strong></span> <span class='ocrx_word' id='word_1_347' title='bbox 325 1807 436 1838; x_wconf 80' lang='lat' dir='ltr'><strong>contra</strong></span> <span class='ocrx_word' id='word_1_348' title='bbox 466 1805 677 1837; x_wconf 88' lang='lat' dir='ltr'><strong>monitionem</strong></span> <span class='ocrx_word' id='word_1_349' title='bbox 708 1809 740 1838; x_wconf 92' lang='lat' dir='ltr'><strong>et</strong></span> <span class='ocrx_word' id='word_1_350' title='bbox 767 1805 991 1838; x_wconf 88' lang='lat' dir='ltr'><strong>inhibitionem</strong></span> <span class='ocrx_word' id='word_1_351' title='bbox 1026 1809 1152 1837; x_wconf 86' lang='lat' dir='ltr'><strong>nostras</strong></span> <span class='ocrx_word' id='word_1_352' title='bbox 1186 1805 1379 1846; x_wconf 89' lang='lat' dir='ltr'><strong>huiusmodi,</strong></span> <span class='ocrx_word' id='word_1_353' title='bbox 1413 1815 1494 1847; x_wconf 86' lang='lat' dir='ltr'><strong>quas</strong></span> <span class='ocrx_word' id='word_1_354' title='bbox 1527 1805 1559 1836; x_wconf 92' lang='lat' dir='ltr'><strong>in</strong></span> <span class='ocrx_word' id='word_1_355' title='bbox 1593 1804 1711 1837; x_wconf 89' lang='lat' dir='ltr'><strong>eodem</strong></span> <span class='ocrx_word' id='word_1_356' title='bbox 1744 1814 1897 1846; x_wconf 86' lang='lat' dir='ltr'><strong>processu</strong></span> 
     </span>
     <span class='ocr_line' id='line_1_32' title="bbox 237 1856 1895 1899; baseline -0.001 -10"><span class='ocrx_word' id='word_1_357' title='bbox 237 1858 411 1890; x_wconf 85' lang='lat' dir='ltr'><strong>novissimo</strong></span> <span class='ocrx_word' id='word_1_358' title='bbox 434 1860 582 1899; x_wconf 88' lang='lat' dir='ltr'><strong>repetere</strong></span> <span class='ocrx_word' id='word_1_359' title='bbox 606 1856 756 1889; x_wconf 88' lang='lat' dir='ltr'><strong>duximus</strong></span> <span class='ocrx_word' id='word_1_360' title='bbox 779 1856 1007 1898; x_wconf 79' lang='lat' dir='ltr'><strong>observandas,</strong></span> <span class='ocrx_word' id='word_1_361' title='bbox 1031 1857 1177 1899; x_wconf 87' lang='lat' dir='ltr'><strong>predicto</strong></span> <span class='ocrx_word' id='word_1_362' title='bbox 1193 1856 1359 1889; x_wconf 88' lang='lat' dir='ltr'><strong>Ludovico</strong></span> <span class='ocrx_word' id='word_1_363' title='bbox 1383 1860 1537 1899; x_wconf 88' lang='lat' dir='ltr'><strong>tanquam</strong></span> <span class='ocrx_word' id='word_1_364' title='bbox 1560 1857 1629 1898; x_wconf 82' lang='lat' dir='ltr'><strong>regi</strong></span> <span class='ocrx_word' id='word_1_365' title='bbox 1652 1866 1710 1888; x_wconf 87' lang='lat' dir='ltr'><strong>seu</strong></span> <span class='ocrx_word' id='word_1_366' title='bbox 1732 1857 1764 1888; x_wconf 91' lang='lat' dir='ltr'><strong>in</strong></span> <span class='ocrx_word' id='word_1_367' title='bbox 1784 1866 1895 1898; x_wconf 87' lang='lat' dir='ltr'><strong>regem</strong></span> 
     </span>
     <span class='ocr_line' id='line_1_33' title="bbox 237 1907 1897 1951; baseline -0.002 -9"><span class='ocrx_word' id='word_1_368' title='bbox 237 1909 458 1942; x_wconf 88' lang='lat' dir='ltr'><strong>Romanorum</strong></span> <span class='ocrx_word' id='word_1_369' title='bbox 481 1908 586 1940; x_wconf 89' lang='lat' dir='ltr'><strong>electo</strong></span> <span class='ocrx_word' id='word_1_370' title='bbox 610 1912 794 1950; x_wconf 87' lang='lat' dir='ltr'><strong>paruerant,</strong></span> <span class='ocrx_word' id='word_1_371' title='bbox 819 1909 850 1940; x_wconf 91' lang='lat' dir='ltr'><strong>in</strong></span> <span class='ocrx_word' id='word_1_372' title='bbox 873 1919 990 1951; x_wconf 87' lang='lat' dir='ltr'><strong>penam</strong></span> <span class='ocrx_word' id='word_1_373' title='bbox 1009 1909 1227 1951; x_wconf 90' lang='lat' dir='ltr'><strong>suspensionis</strong></span> <span class='ocrx_word' id='word_1_374' title='bbox 1250 1908 1292 1940; x_wconf 89' lang='lat' dir='ltr'><strong>ab</strong></span> <span class='ocrx_word' id='word_1_375' title='bbox 1308 1908 1416 1940; x_wconf 79' lang='lat' dir='ltr'><strong>officio</strong></span> <span class='ocrx_word' id='word_1_376' title='bbox 1439 1912 1473 1940; x_wconf 90' lang='lat' dir='ltr'><strong>et</strong></span> <span class='ocrx_word' id='word_1_377' title='bbox 1496 1907 1652 1940; x_wconf 86' lang='lat' dir='ltr'><strong>beneficio</strong></span> <span class='ocrx_word' id='word_1_378' title='bbox 1676 1911 1787 1939; x_wconf 88' lang='lat' dir='ltr'><strong>contra</strong></span> <span class='ocrx_word' id='word_1_379' title='bbox 1810 1908 1897 1949; x_wconf 90' lang='lat' dir='ltr'><strong>ipsos</strong></span> 
     </span>
     <span class='ocr_line' id='line_1_34' title="bbox 238 1959 1895 2003; baseline -0.002 -9"><span class='ocrx_word' id='word_1_380' title='bbox 238 1961 319 1994; x_wconf 84' lang='lat' dir='ltr'><strong>alias</strong></span> <span class='ocrx_word' id='word_1_381' title='bbox 334 1961 572 2003; x_wconf 83' lang='lat' dir='ltr'><strong>promulgatam</strong></span> <span class='ocrx_word' id='word_1_382' title='bbox 595 1961 745 1992; x_wconf 88' lang='lat' dir='ltr'><strong>incidisse</strong></span> <span class='ocrx_word' id='word_1_383' title='bbox 768 1960 993 1994; x_wconf 88' lang='lat' dir='ltr'><strong>nichilominus</strong></span> <span class='ocrx_word' id='word_1_384' title='bbox 1016 1960 1219 1993; x_wconf 88' lang='lat' dir='ltr'><strong>declarantes</strong></span> <span class='ocrx_word' id='word_1_385' title='bbox 1227 1960 1249 1992; x_wconf 75' lang='lat'><strong>⁸.</strong></span> <span class='ocrx_word' id='word_1_386' title='bbox 1283 1959 1326 1992; x_wconf 78' lang='lat' dir='ltr'><strong>Et</strong></span> <span class='ocrx_word' id='word_1_387' title='bbox 1345 1961 1422 1992; x_wconf 92' lang='lat' dir='ltr'><strong>licet</strong></span> <span class='ocrx_word' id='word_1_388' title='bbox 1444 1963 1557 1992; x_wconf 84' lang='lat' dir='ltr'><strong>contra</strong></span> <span class='ocrx_word' id='word_1_389' title='bbox 1572 1961 1729 2000; x_wconf 88' lang='lat' dir='ltr'><strong>civitates,</strong></span> <span class='ocrx_word' id='word_1_390' title='bbox 1752 1969 1895 1991; x_wconf 89' lang='lat' dir='ltr'><strong>commu-</strong></span> 
     </span>
     <span class='ocr_line' id='line_1_35' title="bbox 238 2010 1898 2055; baseline -0.002 -10"><span class='ocrx_word' id='word_1_391' title='bbox 238 2014 367 2054; x_wconf 89' lang='lat' dir='ltr'><strong>nitates,</strong></span> <span class='ocrx_word' id='word_1_392' title='bbox 390 2013 617 2045; x_wconf 84' lang='lat' dir='ltr'><strong>universitates</strong></span> <span class='ocrx_word' id='word_1_393' title='bbox 639 2023 677 2045; x_wconf 91' lang='lat' dir='ltr'><strong>ac</strong></span> <span class='ocrx_word' id='word_1_394' title='bbox 700 2013 880 2055; x_wconf 86' lang='lat' dir='ltr'><strong>singulares</strong></span> <span class='ocrx_word' id='word_1_395' title='bbox 904 2022 1059 2055; x_wconf 88' lang='lat' dir='ltr'><strong>personas</strong></span> <span class='ocrx_word' id='word_1_396' title='bbox 1081 2013 1172 2053; x_wconf 86' lang='lat' dir='ltr'><strong>alias,</strong></span> <span class='ocrx_word' id='word_1_397' title='bbox 1201 2022 1263 2054; x_wconf 92' lang='lat' dir='ltr'><strong>que</strong></span> <span class='ocrx_word' id='word_1_398' title='bbox 1287 2012 1317 2043; x_wconf 92' lang='lat' dir='ltr'><strong>in</strong></span> <span class='ocrx_word' id='word_1_399' title='bbox 1341 2011 1495 2053; x_wconf 86' lang='lat' dir='ltr'><strong>predictis</strong></span> <span class='ocrx_word' id='word_1_400' title='bbox 1517 2011 1570 2043; x_wconf 81' lang='lat' dir='ltr'><strong>vel</strong></span> <span class='ocrx_word' id='word_1_401' title='bbox 1593 2011 1677 2043; x_wconf 83' lang='lat' dir='ltr'><strong>circa</strong></span> <span class='ocrx_word' id='word_1_402' title='bbox 1701 2021 1741 2043; x_wconf 86' lang='lat' dir='ltr'><strong>ea</strong></span> <span class='ocrx_word' id='word_1_403' title='bbox 1765 2010 1898 2042; x_wconf 75' lang='lat' dir='ltr'><strong>forsitan</strong></span> 
     </span>
     <span class='ocr_line' id='line_1_36' title="bbox 193 2061 1896 2108; baseline -0.002 -11"><span class='ocrx_word' id='word_1_404' title='bbox 193 2071 220 2092; x_wconf 72' lang='lat'><strong>⁸³</strong></span> <span class='ocrx_word' id='word_1_405' title='bbox 238 2065 446 2108; x_wconf 75' lang='lat' dir='ltr'><strong>deliquerint,</strong></span> <span class='ocrx_word' id='word_1_406' title='bbox 475 2067 587 2096; x_wconf 87' lang='lat' dir='ltr'><strong>contra</strong></span> <span class='ocrx_word' id='word_1_407' title='bbox 613 2064 776 2106; x_wconf 85' lang='lat' dir='ltr'><strong>predictas</strong></span> <span class='ocrx_word' id='word_1_408' title='bbox 808 2065 1019 2096; x_wconf 89' lang='lat' dir='ltr'><strong>monitionem</strong></span> <span class='ocrx_word' id='word_1_409' title='bbox 1048 2066 1082 2095; x_wconf 92' lang='lat' dir='ltr'><strong>et</strong></span> <span class='ocrx_word' id='word_1_410' title='bbox 1108 2063 1331 2095; x_wconf 88' lang='lat' dir='ltr'><strong>inhibitionem</strong></span> <span class='ocrx_word' id='word_1_411' title='bbox 1361 2065 1487 2094; x_wconf 87' lang='lat' dir='ltr'><strong>nostras</strong></span> <span class='ocrx_word' id='word_1_412' title='bbox 1514 2067 1637 2095; x_wconf 89' lang='lat' dir='ltr'><strong>temere</strong></span> <span class='ocrx_word' id='word_1_413' title='bbox 1660 2061 1832 2101; x_wconf 84' lang='lat' dir='ltr'><strong>veniendo,</strong></span> <span class='ocrx_word' id='word_1_414' title='bbox 1854 2061 1896 2093; x_wconf 85' lang='lat' dir='ltr'><strong>ad</strong></span> 
     </span>
     <span class='ocr_line' id='line_1_37' title="bbox 239 2113 1896 2158; baseline -0.002 -10"><span class='ocrx_word' id='word_1_415' title='bbox 239 2116 382 2149; x_wconf 89' lang='lat' dir='ltr'><strong>debitam</strong></span> <span class='ocrx_word' id='word_1_416' title='bbox 405 2115 643 2158; x_wconf 87' lang='lat' dir='ltr'><strong>impositionem</strong></span> <span class='ocrx_word' id='word_1_417' title='bbox 666 2126 822 2157; x_wconf 91' lang='lat' dir='ltr'><strong>penarum</strong></span> <span class='ocrx_word' id='word_1_418' title='bbox 846 2119 979 2157; x_wconf 88' lang='lat' dir='ltr'><strong>propter</strong></span> <span class='ocrx_word' id='word_1_419' title='bbox 994 2115 1056 2147; x_wconf 90' lang='lat' dir='ltr'><strong>hoc</strong></span> <span class='ocrx_word' id='word_1_420' title='bbox 1072 2114 1184 2147; x_wconf 82' lang='lat' dir='ltr'><strong>fuisset</strong></span> <span class='ocrx_word' id='word_1_421' title='bbox 1200 2115 1316 2146; x_wconf 86' lang='lat' dir='ltr'><strong>merito</strong></span> <span class='ocrx_word' id='word_1_422' title='bbox 1332 2113 1584 2156; x_wconf 90' lang='lat' dir='ltr'><strong>procedendum,</strong></span> <span class='ocrx_word' id='word_1_423' title='bbox 1607 2118 1715 2146; x_wconf 83' lang='lat' dir='ltr'><strong>tamen</strong></span> <span class='ocrx_word' id='word_1_424' title='bbox 1732 2113 1773 2146; x_wconf 88' lang='lat' dir='ltr'><strong>de</strong></span> <span class='ocrx_word' id='word_1_425' title='bbox 1788 2114 1896 2156; x_wconf 86' lang='lat' dir='ltr'><strong>gracia</strong></span> 
     </span>
     <span class='ocr_line' id='line_1_38' title="bbox 240 2166 1897 2210; baseline -0.002 -10"><span class='ocrx_word' id='word_1_426' title='bbox 240 2168 325 2203; x_wconf 89' lang='lat' dir='ltr'><strong>dicte</strong></span> <span class='ocrx_word' id='word_1_427' title='bbox 353 2167 439 2200; x_wconf 89' lang='lat' dir='ltr'><strong>sedis</strong></span> <span class='ocrx_word' id='word_1_428' title='bbox 473 2167 612 2209; x_wconf 88' lang='lat' dir='ltr'><strong>amplius</strong></span> <span class='ocrx_word' id='word_1_429' title='bbox 639 2166 746 2199; x_wconf 88' lang='lat' dir='ltr'><strong>adhuc</strong></span> <span class='ocrx_word' id='word_1_430' title='bbox 773 2167 971 2210; x_wconf 88' lang='lat' dir='ltr'><strong>providimus</strong></span> <span class='ocrx_word' id='word_1_431' title='bbox 1006 2166 1244 2209; x_wconf 88' lang='lat' dir='ltr'><strong>expectandum</strong></span> <span class='ocrx_word' id='word_1_432' title='bbox 1257 2168 1280 2206; x_wconf 81' lang='lat'><strong>⁰,</strong></span> <span class='ocrx_word' id='word_1_433' title='bbox 1308 2170 1405 2208; x_wconf 91' lang='lat' dir='ltr'><strong>prout</strong></span> <span class='ocrx_word' id='word_1_434' title='bbox 1433 2166 1494 2198; x_wconf 91' lang='lat' dir='ltr'><strong>hec</strong></span> <span class='ocrx_word' id='word_1_435' title='bbox 1522 2170 1555 2198; x_wconf 90' lang='lat' dir='ltr'><strong>et</strong></span> <span class='ocrx_word' id='word_1_436' title='bbox 1583 2166 1648 2198; x_wconf 77' lang='lat' dir='ltr'><strong>alia</strong></span> <span class='ocrx_word' id='word_1_437' title='bbox 1681 2166 1832 2198; x_wconf 88' lang='lat' dir='ltr'><strong>seriosius</strong></span> <span class='ocrx_word' id='word_1_438' title='bbox 1866 2166 1897 2197; x_wconf 90' lang='lat' dir='ltr'><strong>in</strong></span> 
     </span>
     <span class='ocr_line' id='line_1_39' title="bbox 240 2216 1898 2261; baseline -0.002 -9"><span class='ocrx_word' id='word_1_439' title='bbox 240 2219 363 2252; x_wconf 88' lang='lat' dir='ltr'><strong>eisdem</strong></span> <span class='ocrx_word' id='word_1_440' title='bbox 386 2222 539 2252; x_wconf 86' lang='lat' dir='ltr'><strong>contenta</strong></span> <span class='ocrx_word' id='word_1_441' title='bbox 562 2218 765 2261; x_wconf 87' lang='lat' dir='ltr'><strong>processibus</strong></span> <span class='ocrx_word' id='word_1_442' title='bbox 789 2222 953 2261; x_wconf 86' lang='lat' dir='ltr'><strong>tamquam</strong></span> <span class='ocrx_word' id='word_1_443' title='bbox 976 2222 1050 2251; x_wconf 89' lang='lat' dir='ltr'><strong>acta</strong></span> <span class='ocrx_word' id='word_1_444' title='bbox 1066 2218 1131 2259; x_wconf 92' lang='lat' dir='ltr'><strong>diu,</strong></span> <span class='ocrx_word' id='word_1_445' title='bbox 1154 2221 1304 2261; x_wconf 86' lang='lat' dir='ltr'><strong>patenter</strong></span> <span class='ocrx_word' id='word_1_446' title='bbox 1328 2222 1362 2250; x_wconf 89' lang='lat' dir='ltr'><strong>et</strong></span> <span class='ocrx_word' id='word_1_447' title='bbox 1375 2217 1504 2260; x_wconf 86' lang='lat' dir='ltr'><strong>publice</strong></span> <span class='ocrx_word' id='word_1_448' title='bbox 1527 2219 1591 2250; x_wconf 87' lang='lat' dir='ltr'><strong>iam</strong></span> <span class='ocrx_word' id='word_1_449' title='bbox 1607 2217 1649 2250; x_wconf 89' lang='lat' dir='ltr'><strong>ad</strong></span> <span class='ocrx_word' id='word_1_450' title='bbox 1665 2228 1722 2249; x_wconf 86' lang='lat' dir='ltr'><strong>vos</strong></span> <span class='ocrx_word' id='word_1_451' title='bbox 1737 2216 1898 2249; x_wconf 90' lang='lat' dir='ltr'><strong>credimus</strong></span> 
     </span>
     <span class='ocr_line' id='line_1_40' title="bbox 240 2270 433 2313; baseline 0 -10"><span class='ocrx_word' id='word_1_452' title='bbox 240 2270 433 2313; x_wconf 85' lang='lat' dir='ltr'><strong>pervenisse.</strong></span> 
     </span>
     <span class='ocr_line' id='line_1_41' title="bbox 194 2321 1896 2365; baseline -0.002 -10"><span class='ocrx_word' id='word_1_453' title='bbox 194 2327 224 2349; x_wconf 80' lang='lat'><strong>⁴⁰</strong></span> <span class='ocrx_word' id='word_1_454' title='bbox 348 2323 377 2355; x_wconf 88' lang='grc'><strong>3.</strong></span> <span class='ocrx_word' id='word_1_455' title='bbox 400 2321 473 2354; x_wconf 85' lang='lat' dir='ltr'><strong>Hiis</strong></span> <span class='ocrx_word' id='word_1_456' title='bbox 495 2323 592 2364; x_wconf 87' lang='lat' dir='ltr'><strong>igitur</strong></span> <span class='ocrx_word' id='word_1_457' title='bbox 615 2321 789 2364; x_wconf 87' lang='lat' dir='ltr'><strong>diligenter</strong></span> <span class='ocrx_word' id='word_1_458' title='bbox 811 2321 1009 2365; x_wconf 76' lang='lat' dir='ltr'><strong>[pensatis]⁰,</strong></span> <span class='ocrx_word' id='word_1_459' title='bbox 1033 2332 1106 2354; x_wconf 89' lang='lat' dir='ltr'><strong>cum</strong></span> <span class='ocrx_word' id='word_1_460' title='bbox 1129 2321 1232 2354; x_wconf 87' lang='lat' dir='ltr'><strong>honor</strong></span> <span class='ocrx_word' id='word_1_461' title='bbox 1255 2325 1288 2353; x_wconf 93' lang='lat' dir='ltr'><strong>et</strong></span> <span class='ocrx_word' id='word_1_462' title='bbox 1310 2321 1468 2363; x_wconf 87' lang='lat' dir='ltr'><strong>premium</strong></span> <span class='ocrx_word' id='word_1_463' title='bbox 1492 2321 1523 2352; x_wconf 89' lang='lat' dir='ltr'><strong>in</strong></span> <span class='ocrx_word' id='word_1_464' title='bbox 1539 2321 1664 2353; x_wconf 84' lang='lat' dir='ltr'><strong>virtutis</strong></span> <span class='ocrx_word' id='word_1_465' title='bbox 1679 2321 1896 2353; x_wconf 87' lang='lat' dir='ltr'><strong>testimonium</strong></span> 
     </span>
     <span class='ocr_line' id='line_1_42' title="bbox 240 2372 1894 2416; baseline -0.001 -10"><span class='ocrx_word' id='word_1_466' title='bbox 240 2372 472 2416; x_wconf 42' lang='lat' dir='ltr'><strong>prebeaturaeet</strong></span> <span class='ocrx_word' id='word_1_467' title='bbox 494 2384 591 2415; x_wconf 90' lang='lat' dir='ltr'><strong>quem</strong></span> <span class='ocrx_word' id='word_1_468' title='bbox 614 2374 820 2407; x_wconf 88' lang='lat' dir='ltr'><strong>honoraverit</strong></span> <span class='ocrx_word' id='word_1_469' title='bbox 843 2374 1015 2414; x_wconf 90' lang='lat' dir='ltr'><strong>Dominus,</strong></span> <span class='ocrx_word' id='word_1_470' title='bbox 1044 2374 1086 2405; x_wconf 88' lang='lat' dir='ltr'><strong>sit</strong></span> <span class='ocrx_word' id='word_1_471' title='bbox 1113 2373 1155 2405; x_wconf 88' lang='lat' dir='ltr'><strong>ab</strong></span> <span class='ocrx_word' id='word_1_472' title='bbox 1183 2373 1331 2405; x_wconf 90' lang='lat' dir='ltr'><strong>omnibus</strong></span> <span class='ocrx_word' id='word_1_473' title='bbox 1361 2372 1578 2414; x_wconf 88' lang='lat' dir='ltr'><strong>honorandus,</strong></span> <span class='ocrx_word' id='word_1_474' title='bbox 1610 2372 1761 2405; x_wconf 87' lang='lat' dir='ltr'><strong>discretio</strong></span> <span class='ocrx_word' id='word_1_475' title='bbox 1790 2377 1894 2404; x_wconf 80' lang='lat' dir='ltr'><strong>vestra</strong></span> 
     </span>
     <span class='ocr_line' id='line_1_43' title="bbox 241 2423 1897 2467; baseline -0.001 -10"><span class='ocrx_word' id='word_1_476' title='bbox 241 2423 434 2466; x_wconf 85' lang='lat' dir='ltr'><strong>consideret,</strong></span> <span class='ocrx_word' id='word_1_477' title='bbox 462 2435 505 2457; x_wconf 84' lang='lat' dir='ltr'><strong>an</strong></span> <span class='ocrx_word' id='word_1_478' title='bbox 534 2425 658 2458; x_wconf 86' lang='lat' dir='ltr'><strong>electus</strong></span> <span class='ocrx_word' id='word_1_479' title='bbox 687 2425 784 2467; x_wconf 86' lang='lat' dir='ltr'><strong>idem,</strong></span> <span class='ocrx_word' id='word_1_480' title='bbox 817 2426 921 2458; x_wconf 88' lang='lat' dir='ltr'><strong>donec</strong></span> <span class='ocrx_word' id='word_1_481' title='bbox 949 2426 982 2457; x_wconf 93' lang='lat' dir='ltr'><strong>in</strong></span> <span class='ocrx_word' id='word_1_482' title='bbox 1012 2426 1113 2467; x_wconf 86' lang='lat' dir='ltr'><strong>ipsius</strong></span> <span class='ocrx_word' id='word_1_483' title='bbox 1143 2426 1259 2457; x_wconf 90' lang='lat' dir='ltr'><strong>erroris</strong></span> <span class='ocrx_word' id='word_1_484' title='bbox 1290 2424 1505 2456; x_wconf 81' lang='lat' dir='ltr'><strong>deliramento</strong></span> <span class='ocrx_word' id='word_1_485' title='bbox 1533 2425 1760 2466; x_wconf 86' lang='lat' dir='ltr'><strong>permanserit,</strong></span> <span class='ocrx_word' id='word_1_486' title='bbox 1790 2428 1897 2456; x_wconf 82' lang='lat' dir='ltr'><strong>vestro</strong></span> 
     </span>
     <span class='ocr_line' id='line_1_44' title="bbox 241 2475 1898 2519; baseline -0.001 -11"><span class='ocrx_word' id='word_1_487' title='bbox 241 2486 352 2509; x_wconf 89' lang='lat' dir='ltr'><strong>amors</strong></span> <span class='ocrx_word' id='word_1_488' title='bbox 374 2477 416 2508; x_wconf 89' lang='lat' dir='ltr'><strong>sit</strong></span> <span class='ocrx_word' id='word_1_489' title='bbox 438 2476 553 2519; x_wconf 86' lang='lat' dir='ltr'><strong>dignus</strong></span> <span class='ocrx_word' id='word_1_490' title='bbox 575 2480 631 2509; x_wconf 88' lang='lat' dir='ltr'><strong>aut</strong></span> <span class='ocrx_word' id='word_1_491' title='bbox 653 2477 838 2510; x_wconf 88' lang='lat' dir='ltr'><strong>obedientie</strong></span> <span class='ocrx_word' id='word_1_492' title='bbox 862 2478 914 2510; x_wconf 86' lang='lat' dir='ltr'><strong>vel</strong></span> <span class='ocrx_word' id='word_1_493' title='bbox 937 2478 1067 2509; x_wconf 88' lang='lat' dir='ltr'><strong>honoris</strong></span> <span class='ocrx_word' id='word_1_494' title='bbox 1090 2476 1247 2519; x_wconf 87' lang='lat' dir='ltr'><strong>obsequio</strong></span> <span class='ocrx_word' id='word_1_495' title='bbox 1271 2476 1415 2517; x_wconf 86' lang='lat' dir='ltr'><strong>alicuius,</strong></span> <span class='ocrx_word' id='word_1_496' title='bbox 1438 2475 1513 2518; x_wconf 78' lang='lat' dir='ltr'><strong>qni‘¹</strong></span> <span class='ocrx_word' id='word_1_497' title='bbox 1529 2477 1588 2517; x_wconf 88' lang='lat' dir='ltr'><strong>sic,</strong></span> <span class='ocrx_word' id='word_1_498' title='bbox 1612 2475 1672 2508; x_wconf 89' lang='lat' dir='ltr'><strong>hoc</strong></span> <span class='ocrx_word' id='word_1_499' title='bbox 1695 2475 1898 2508; x_wconf 86' lang='lat' dir='ltr'><strong>dissimulare</strong></span> 
     </span>
     <span class='ocr_line' id='line_1_45' title="bbox 244 2527 1896 2570; baseline -0.001 -10"><span class='ocrx_word' id='word_1_500' title='bbox 244 2537 308 2560; x_wconf 92' lang='lat' dir='ltr'><strong>non</strong></span> <span class='ocrx_word' id='word_1_501' title='bbox 332 2527 438 2569; x_wconf 89' lang='lat' dir='ltr'><strong>vultis,</strong></span> <span class='ocrx_word' id='word_1_502' title='bbox 461 2527 643 2561; x_wconf 85' lang='lat' dir='ltr'><strong>huiusmodi</strong></span> <span class='ocrx_word' id='word_1_503' title='bbox 666 2532 774 2561; x_wconf 89' lang='lat' dir='ltr'><strong>nostra</strong></span> <span class='ocrx_word' id='word_1_504' title='bbox 797 2530 973 2562; x_wconf 90' lang='lat' dir='ltr'><strong>monitione</strong></span> <span class='ocrx_word' id='word_1_505' title='bbox 997 2532 1183 2570; x_wconf 87' lang='lat' dir='ltr'><strong>contempta</strong></span> <span class='ocrx_word' id='word_1_506' title='bbox 1207 2538 1266 2570; x_wconf 89' lang='lat' dir='ltr'><strong>per</strong></span> <span class='ocrx_word' id='word_1_507' title='bbox 1288 2527 1506 2560; x_wconf 78' lang='lat' dir='ltr'><strong>inobedientis</strong></span> <span class='ocrx_word' id='word_1_508' title='bbox 1533 2538 1590 2560; x_wconf 88' lang='lat' dir='ltr'><strong>sue</strong></span> <span class='ocrx_word' id='word_1_509' title='bbox 1614 2527 1807 2560; x_wconf 84' lang='lat' dir='ltr'><strong>demeritum</strong></span> <span class='ocrx_word' id='word_1_510' title='bbox 1832 2533 1896 2559; x_wconf 88' lang='lat' dir='ltr'><strong>tam</strong></span> 
     </span>
     <span class='ocr_line' id='line_1_46' title="bbox 198 2577 1897 2623; baseline 0 -13"><span class='ocrx_word' id='word_1_511' title='bbox 198 2585 225 2606; x_wconf 72' lang='lat'><strong>⁴⁶</strong></span> <span class='ocrx_word' id='word_1_512' title='bbox 244 2577 317 2611; x_wconf 90' lang='lat' dir='ltr'><strong>Deo</strong></span> <span class='ocrx_word' id='word_1_513' title='bbox 341 2589 437 2621; x_wconf 86' lang='lat' dir='ltr'><strong>quam</strong></span> <span class='ocrx_word' id='word_1_514' title='bbox 461 2578 547 2612; x_wconf 89' lang='lat' dir='ltr'><strong>dicte</strong></span> <span class='ocrx_word' id='word_1_515' title='bbox 569 2579 639 2612; x_wconf 87' lang='lat' dir='ltr'><strong>sedi</strong></span> <span class='ocrx_word' id='word_1_516' title='bbox 663 2583 697 2612; x_wconf 91' lang='lat' dir='ltr'><strong>et</strong></span> <span class='ocrx_word' id='word_1_517' title='bbox 719 2581 779 2623; x_wconf 88' lang='lat' dir='ltr'><strong>ipsi</strong></span> <span class='ocrx_word' id='word_1_518' title='bbox 803 2580 951 2621; x_wconf 88' lang='lat' dir='ltr'><strong>ecclesie,</strong></span> <span class='ocrx_word' id='word_1_519' title='bbox 979 2590 999 2612; x_wconf 91' lang='lat' dir='ltr'><strong>a</strong></span> <span class='ocrx_word' id='word_1_520' title='bbox 1022 2580 1112 2612; x_wconf 89' lang='lat' dir='ltr'><strong>cuius</strong></span> <span class='ocrx_word' id='word_1_521' title='bbox 1135 2582 1296 2621; x_wconf 87' lang='lat' dir='ltr'><strong>potestate</strong></span> <span class='ocrx_word' id='word_1_522' title='bbox 1319 2578 1494 2622; x_wconf 83' lang='lat' dir='ltr'><strong>dependet,</strong></span> <span class='ocrx_word' id='word_1_523' title='bbox 1517 2590 1552 2612; x_wconf 89' lang='lat' dir='ltr'><strong>se</strong></span> <span class='ocrx_word' id='word_1_524' title='bbox 1576 2579 1718 2612; x_wconf 88' lang='lat' dir='ltr'><strong>reddidit</strong></span> <span class='ocrx_word' id='word_1_525' title='bbox 1740 2579 1897 2611; x_wconf 88' lang='lat' dir='ltr'><strong>odiosum.</strong></span> 
     </span>
     <span class='ocr_line' id='line_1_47' title="bbox 242 2629 1895 2674; baseline 0.001 -12"><span class='ocrx_word' id='word_1_526' title='bbox 242 2629 409 2670; x_wconf 88' lang='lat' dir='ltr'><strong>Preterea,</strong></span> <span class='ocrx_word' id='word_1_527' title='bbox 437 2630 494 2671; x_wconf 85' lang='lat' dir='ltr'><strong>fili,</strong></span> <span class='ocrx_word' id='word_1_528' title='bbox 523 2631 677 2674; x_wconf 87' lang='lat' dir='ltr'><strong>numquid</strong></span> <span class='ocrx_word' id='word_1_529' title='bbox 702 2642 758 2664; x_wconf 85' lang='lat' dir='ltr'><strong>vos</strong></span> <span class='ocrx_word' id='word_1_530' title='bbox 781 2632 919 2664; x_wconf 83' lang='lat' dir='ltr'><strong>filiorum</strong></span> <span class='ocrx_word' id='word_1_531' title='bbox 949 2632 1034 2664; x_wconf 91' lang='lat' dir='ltr'><strong>dulci</strong></span> <span class='ocrx_word' id='word_1_532' title='bbox 1064 2632 1222 2665; x_wconf 86' lang='lat' dir='ltr'><strong>vocabulo</strong></span> <span class='ocrx_word' id='word_1_533' title='bbox 1250 2633 1428 2665; x_wconf 85' lang='lat' dir='ltr'><strong>servientes</strong></span> <span class='ocrx_word' id='word_1_534' title='bbox 1457 2633 1579 2674; x_wconf 90' lang='lat' dir='ltr'><strong>ipsum,</strong></span> <span class='ocrx_word' id='word_1_535' title='bbox 1611 2642 1709 2674; x_wconf 84' lang='lat' dir='ltr'><strong>quem</strong></span> <span class='ocrx_word' id='word_1_536' title='bbox 1740 2632 1829 2664; x_wconf 88' lang='lat' dir='ltr'><strong>velut</strong></span> <span class='ocrx_word' id='word_1_537' title='bbox 1855 2642 1895 2663; x_wconf 86' lang='lat' dir='ltr'><strong>ex</strong></span> 
     </span>
     <span class='ocr_line' id='line_1_48' title="bbox 242 2681 1897 2725; baseline 0.001 -12"><span class='ocrx_word' id='word_1_538' title='bbox 242 2681 429 2714; x_wconf 84' lang='lat' dir='ltr'><strong>excessibus</strong></span> <span class='ocrx_word' id='word_1_539' title='bbox 451 2681 517 2713; x_wconf 88' lang='lat' dir='ltr'><strong>suis</strong></span> <span class='ocrx_word' id='word_1_540' title='bbox 539 2682 662 2724; x_wconf 91' lang='lat' dir='ltr'><strong>iniqum</strong></span> <span class='ocrx_word' id='word_1_541' title='bbox 691 2683 723 2715; x_wconf 91' lang='lat' dir='ltr'><strong>in</strong></span> <span class='ocrx_word' id='word_1_542' title='bbox 753 2683 813 2716; x_wconf 83' lang='lat' dir='ltr'><strong>hac</strong></span> <span class='ocrx_word' id='word_1_543' title='bbox 841 2687 933 2725; x_wconf 90' lang='lat' dir='ltr'><strong>parte</strong></span> <span class='ocrx_word' id='word_1_544' title='bbox 966 2683 1052 2715; x_wconf 84' lang='lat' dir='ltr'><strong>dicta</strong></span> <span class='ocrx_word' id='word_1_545' title='bbox 1080 2682 1149 2715; x_wconf 92' lang='lat' dir='ltr'><strong>odit</strong></span> <span class='ocrx_word' id='word_1_546' title='bbox 1178 2682 1329 2722; x_wconf 84' lang='lat' dir='ltr'><strong>ecclesia,</strong></span> <span class='ocrx_word' id='word_1_547' title='bbox 1356 2694 1413 2715; x_wconf 87' lang='lat' dir='ltr'><strong>vos</strong></span> <span class='ocrx_word' id='word_1_548' title='bbox 1440 2683 1602 2716; x_wconf 85' lang='lat' dir='ltr'><strong>habebitis</strong></span> <span class='ocrx_word' id='word_1_549' title='bbox 1628 2684 1703 2716; x_wconf 91' lang='lat' dir='ltr'><strong>odio</strong></span> <span class='ocrx_word' id='word_1_550' title='bbox 1731 2687 1764 2715; x_wconf 89' lang='lat' dir='ltr'><strong>et</strong></span> <span class='ocrx_word' id='word_1_551' title='bbox 1791 2683 1897 2725; x_wconf 77' lang='lat' dir='ltr'><strong>legem</strong></span> 
     </span>
    </p>
   </div>
   <div class='ocr_carea' id='block_1_3' title="bbox 344 2758 1327 2795">
    <p class='ocr_par' dir='ltr' id='par_1_3' title="bbox 344 2758 1327 2795">
     <span class='ocr_line' id='line_1_49' title="bbox 344 2758 1327 2795; baseline 0.002 -9"><span class='ocrx_word' id='word_1_552' title='bbox 344 2758 410 2786; x_wconf 72' lang='grc'><strong>896.</strong></span> <span class='ocrx_word' id='word_1_553' title='bbox 439 2759 465 2792; x_wconf 77' lang='lat'><strong>⁸)</strong></span> <span class='ocrx_word' id='word_1_554' title='bbox 484 2760 590 2786; x_wconf 80' lang='lat' dir='ltr'><strong>Hem-ici</strong></span> <span class='ocrx_word' id='word_1_555' title='bbox 609 2769 630 2786; x_wconf 79' lang='lat' dir='ltr'><strong>c.</strong></span> <span class='ocrx_word' id='word_1_556' title='bbox 718 2759 744 2794; x_wconf 78' lang='lat' dir='ltr'><strong>b)</strong></span> <span class='ocrx_word' id='word_1_557' title='bbox 762 2761 798 2787; x_wconf 76' lang='lat' dir='ltr'><strong>nic</strong></span> <span class='ocrx_word' id='word_1_558' title='bbox 815 2770 836 2787; x_wconf 80' lang='lat' dir='ltr'><strong>c.</strong></span> <span class='ocrx_word' id='word_1_559' title='bbox 924 2763 947 2792; x_wconf 79' lang='lat' dir='ltr'><strong>e)</strong></span> <span class='ocrx_word' id='word_1_560' title='bbox 966 2761 1059 2788; x_wconf 59' lang='lat' dir='ltr'><strong>eccidit</strong></span> <span class='ocrx_word' id='word_1_561' title='bbox 1076 2770 1098 2787; x_wconf 89' lang='grc' dir='ltr'><strong>ι·.</strong></span> <span class='ocrx_word' id='word_1_562' title='bbox 1185 2760 1211 2794; x_wconf 73' lang='lat' dir='ltr'><strong>d)</strong></span> <span class='ocrx_word' id='word_1_563' title='bbox 1229 2762 1288 2795; x_wconf 83' lang='lat' dir='ltr'><strong>quis</strong></span> <span class='ocrx_word' id='word_1_564' title='bbox 1306 2771 1327 2788; x_wconf 83' lang='grc' dir='ltr'><strong>ι·.</strong></span> 
     </span>
    </p>
   </div>
   <div class='ocr_carea' id='block_1_4' title="bbox 197 2809 1897 2888">
    <p class='ocr_par' dir='ltr' id='par_1_4' title="bbox 197 2809 1897 2888">
     <span class='ocr_line' id='line_1_50' title="bbox 346 2809 1897 2847; baseline -0.001 -10"><span class='ocrx_word' id='word_1_565' title='bbox 346 2811 371 2843; x_wconf 94' lang='grc'><strong>1)</strong></span> <span class='ocrx_word' id='word_1_566' title='bbox 390 2809 482 2845; x_wconf 75' lang='lat' dir='ltr'><strong>Supra</strong></span> <span class='ocrx_word' id='word_1_567' title='bbox 499 2818 543 2838; x_wconf 71' lang='lat' dir='ltr'><strong>nr.</strong></span> <span class='ocrx_word' id='word_1_568' title='bbox 557 2813 610 2838; x_wconf 78' lang='lat'><strong>792.</strong></span> <span class='ocrx_word' id='word_1_569' title='bbox 706 2810 734 2844; x_wconf 77' lang='lat'><strong>2)</strong></span> <span class='ocrx_word' id='word_1_570' title='bbox 754 2810 827 2839; x_wconf 75' lang='lat' dir='ltr'><strong>Ibid.</strong></span> <span class='ocrx_word' id='word_1_571' title='bbox 846 2819 905 2846; x_wconf 79' lang='lat' dir='ltr'><strong>cap.</strong></span> <span class='ocrx_word' id='word_1_572' title='bbox 919 2815 942 2838; x_wconf 79' lang='lat'><strong>2.</strong></span> <span class='ocrx_word' id='word_1_573' title='bbox 955 2814 979 2839; x_wconf 86' lang='lat'><strong>3.</strong></span> <span class='ocrx_word' id='word_1_574' title='bbox 1075 2812 1102 2844; x_wconf 85' lang='lat'><strong>3)</strong></span> <span class='ocrx_word' id='word_1_575' title='bbox 1121 2811 1141 2838; x_wconf 89' lang='lat' dir='ltr'><strong><em>I</em></strong></span> <span class='ocrx_word' id='word_1_576' title='bbox 1143 2811 1195 2840; x_wconf 72' lang='lat' dir='ltr'><strong>bid.</strong></span> <span class='ocrx_word' id='word_1_577' title='bbox 1213 2820 1273 2846; x_wconf 77' lang='lat' dir='ltr'><strong>cap.</strong></span> <span class='ocrx_word' id='word_1_578' title='bbox 1286 2817 1310 2839; x_wconf 79' lang='grc'><strong>4.</strong></span> <span class='ocrx_word' id='word_1_579' title='bbox 1407 2813 1434 2844; x_wconf 73' lang='lat'><strong>4)</strong></span> <span class='ocrx_word' id='word_1_580' title='bbox 1452 2812 1543 2847; x_wconf 75' lang='lat' dir='ltr'><strong>Supra</strong></span> <span class='ocrx_word' id='word_1_581' title='bbox 1563 2820 1604 2839; x_wconf 81' lang='lat' dir='ltr'><strong>nr.</strong></span> <span class='ocrx_word' id='word_1_582' title='bbox 1620 2815 1681 2839; x_wconf 81' lang='lat'><strong><em>881.</em></strong></span> <span class='ocrx_word' id='word_1_583' title='bbox 1778 2813 1803 2838; x_wconf 53' lang='lat'><strong>5]</strong></span> <span class='ocrx_word' id='word_1_584' title='bbox 1824 2811 1841 2838; x_wconf 88' lang='lat'><em>1</em></span> <span class='ocrx_word' id='word_1_585' title='bbox 1845 2811 1897 2837; x_wconf 73' lang='lat' dir='ltr'><strong>bid.</strong></span> 
     </span>
     <span class='ocr_line' id='line_1_51' title="bbox 197 2853 714 2888; baseline -0.002 -8"><span class='ocrx_word' id='word_1_586' title='bbox 197 2860 223 2880; x_wconf 71' lang='lat' dir='ltr'><strong>so</strong></span> <span class='ocrx_word' id='word_1_587' title='bbox 241 2860 302 2888; x_wconf 74' lang='lat' dir='ltr'><strong>cap.</strong></span> <span class='ocrx_word' id='word_1_588' title='bbox 314 2857 391 2881; x_wconf 69' lang='lat'><strong>4-6.</strong></span> <span class='ocrx_word' id='word_1_589' title='bbox 479 2854 506 2887; x_wconf 89' lang='grc'><strong>6)</strong></span> <span class='ocrx_word' id='word_1_590' title='bbox 524 2853 599 2881; x_wconf 73' lang='lat' dir='ltr'><strong>[bid.</strong></span> <span class='ocrx_word' id='word_1_591' title='bbox 618 2860 677 2887; x_wconf 78' lang='lat' dir='ltr'><strong>cap.</strong></span> <span class='ocrx_word' id='word_1_592' title='bbox 692 2857 714 2879; x_wconf 75' lang='lat'><strong>7.</strong></span> 
     </span>
    </p>
   </div>
  </div>
 </body>
</html>
