2190 3172
526 150 622 181 ACTA
642 151 756 180 REGNI
773 151 955 180 LUDEWICI
974 152 1021 180 IV.
1040 152 1086 180 ET
1105 151 1289 181 FRIDEBICI
1307 153 1356 181 111.
1394 153 1469 180 1317.
1505 153 1553 181 Nr.
1565 154 1624 182 401.
1832 158 1891 188 341

245 237 463 271 iurisdictione
487 248 689 282 quacumque
719 250 777 272 seu
799 240 867 272 eius
890 240 1081 272 executione
1105 239 1234 282 publice
1257 240 1309 272 vel
1332 239 1471 281 occulte,
1500 242 1649 283 quatinus
1677 241 1717 273 de
1741 247 1850 274 cetero
1874 254 1896 275 a

244 288 504 323 denominatione
527 290 710 324 huiusmodi
732 301 790 324 seu
812 291 947 324 nominis
970 292 1204 334 assumptione,
1232 293 1449 335 resumptione
1478 302 1515 324 ac
1538 293 1717 325 retentione
1741 293 1894 336 predictis

244 351 367 373 necnon
382 351 452 382 usu,
468 344 629 383 potestate
645 344 679 374 et
694 342 849 375 exercitio
866 342 1058 385 supradictis
1074 353 1202 385 prorsus
1218 343 1401 376 abstineant
1416 346 1449 375 et
1464 344 1592 375 omnino
1610 343 1773 377 desistant.
1804 345 1891 377 Inhi-

243 391 357 424 bentes
372 393 502 435 insuper
517 392 575 425 sub
591 404 676 436 pena
688 394 833 436 predicta
846 394 992 427 omnibus
1008 397 1040 426 et
1052 394 1184 437 singulis
1196 395 1386 437 patriarchis
1402 399 1435 428 et
1447 396 1580 438 prelatis
1595 397 1693 428 etiam
1708 396 1780 428 aliis
1795 408 1891 439 supe-

210 457 223 475 ι
242 443 379 476 rioribus
395 448 428 477 et
442 443 646 478 inferioribus
663 455 700 478 ac
716 445 855 488 regibus,
879 445 1072 487 civitatibus,
1096 447 1387 488 communitatibus,
1410 447 1680 490 universitatibus,
1703 449 1891 490 capitaneis,

240 495 464 538 potestatibus,
487 496 675 538 rectoribus,
699 497 878 539 comitibus,
899 497 1149 540 vicecomitibus,
1166 498 1338 531 baronibus
1354 503 1388 531 et
1402 500 1473 531 aliis
1489 499 1647 540 omnibus,
1664 501 1891 543 cuiuscumque

239 548 303 579 sint
325 547 499 590 dignitatis,
523 547 713 580 conditionis
735 551 791 581 aut
813 552 924 591 status,
947 559 987 581 ne
1011 549 1172 591 predictos
1187 549 1370 582 huiusmodi
1393 561 1510 583 nomen
1532 562 1588 584 seu
1613 551 1700 584 aliud
1723 552 1891 594 quodlibet

239 599 272 630 in
296 598 412 631 eodem
434 600 568 642 imperio
592 601 782 641 retinentes,
815 604 851 633 ut
880 601 1055 643 prefertur,
1089 604 1145 634 aut
1167 605 1367 634 assumentes
1396 603 1447 634 vel
1470 608 1670 636 resumentes
1698 603 1750 636 vel
1778 615 1888 636 eorum

239 650 381 693 aliquem
405 650 463 683 sub
479 650 739 684 denominatione
755 652 807 684 vel
824 652 916 685 titulo
932 652 1114 685 huiusmodi
1129 654 1292 686 nominum
1309 664 1368 686 seu
1383 658 1617 696 procuratores,
1641 656 1888 697 commissarios,

197 715 222 734 ιο
239 702 362 735 iudices
384 705 440 734 aut
461 703 547 735 vices
570 713 681 735 eorum
703 707 854 746 gerentes
877 715 1079 747 quocumque
1103 704 1210 737 colore
1234 706 1359 748 quesite
1382 707 1539 748 recipiant
1561 707 1612 739 vel
1635 707 1808 740 admittant
1830 719 1889 741 nec

240 757 275 786 ut
296 754 422 786 vicariis
445 764 503 787 seu
518 755 636 787 vicario
658 759 715 787 aut
730 755 920 788 officialibus
935 756 1061 798 imperii
1077 760 1212 798 pareant
1234 757 1286 789 vel
1302 757 1470 790 intendant
1491 762 1547 790 aut
1562 760 1669 801 pareri
1692 760 1743 791 vel
1766 759 1888 792 intendi

237 806 358 838 faciant
380 806 433 838 vel
456 807 644 848 permittant
665 816 725 839 nec
752 807 785 839 in
806 807 868 839 hiis
891 807 938 839 eis
960 807 1013 839 vel
1037 808 1067 839 ei
1090 807 1258 849 quodlibet
1280 812 1424 851 prestent
1447 809 1618 852 auxilium,
1646 811 1812 843 consilium
1836 812 1886 844 vel

237 856 391 890 favorem.

345 919 374 950 3.
403 917 557 960 Alioquin
579 918 612 950 in
627 928 738 951 omnes
762 921 795 951 et
810 918 952 960 singulos
968 918 1176 960 patriarchas,
1199 919 1341 961 prelatos
1357 921 1455 952 etiam
1470 922 1653 963 superiores
1670 925 1704 954 et
1718 922 1886 955 inferiores

193 979 217 999 u»
237 971 270 1001 et
297 972 423 1001 eeteros
446 969 740 1002 denominationem
766 969 960 1012 predictam,
994 973 1030 1002 ut
1055 971 1245 1013 premissum
1278 975 1341 1013 est,
1375 972 1565 1014 retinentes,
1599 977 1799 1005 assumentes
1828 984 1886 1006 seu

234 1023 436 1053 resumentes
458 1031 496 1053 ac
519 1021 604 1053 illius
626 1024 777 1064 pretextu
801 1025 990 1054 exercentes
1011 1033 1212 1066 quecumque
1236 1023 1353 1065 officia,
1375 1027 1555 1066 potestates
1577 1035 1634 1057 seu
1650 1025 1885 1059 iurisdictiones

235 1074 269 1103 et
291 1072 323 1103 in
339 1072 532 1114 recipientes
555 1082 612 1105 eos
634 1075 671 1105 ut
693 1073 829 1105 vicarios
851 1073 904 1106 vel
926 1074 1081 1106 officiales
1103 1075 1230 1117 imperii
1253 1079 1309 1108 aut
1325 1076 1560 1108 commissarios
1580 1087 1691 1109 eorum
1715 1081 1750 1109 ut
1772 1077 1884 1110 talium

234 1125 268 1154 et
289 1123 321 1154 in
337 1126 488 1165 parentes
510 1134 567 1157 seu
583 1123 772 1157 obedientes
795 1125 843 1157 eis
864 1129 900 1158 ut
914 1125 1032 1158 talibus
1054 1129 1110 1159 aut
1125 1130 1306 1169 prestantes
1327 1129 1360 1159 in
1375 1128 1437 1160 hoc
1453 1128 1513 1160 sibi
1529 1129 1695 1170 auxilium,
1718 1129 1883 1162 consilium

232 1173 286 1206 vel
309 1174 468 1217 favorem,
503 1176 564 1208 nisi
590 1176 673 1208 infra
696 1176 831 1208 duorum
854 1178 1011 1210 mensium
1034 1179 1173 1220 spatium
1203 1189 1223 1211 a
1249 1179 1302 1212 die
1330 1179 1406 1212 date
1430 1181 1627 1222 presentium
1651 1181 1883 1213 numerandum

190 1237 216 1257 no
234 1226 363 1268 penitus
386 1227 577 1269 resipuerint
606 1228 659 1260 vel
691 1238 726 1260 se
753 1228 884 1261 licentia
911 1229 996 1262 sedis
1025 1230 1202 1272 apostolice
1230 1241 1327 1273 super
1354 1231 1416 1264 hoc
1440 1231 1639 1264 ostenderint
1661 1233 1883 1274 communitos,

234 1278 573 1311 excommunicationis
595 1279 628 1311 in
643 1279 821 1322 singulares
835 1290 988 1323 personas
1011 1284 1043 1314 ct
1065 1282 1097 1313 in
1120 1285 1222 1314 terras
1245 1286 1279 1315 et
1300 1282 1373 1315 loca
1394 1284 1535 1326 ipsorum
1559 1287 1592 1316 et
1607 1284 1769 1326 quaslibet
1794 1294 1882 1316 com-

233 1330 419 1370 munitates,
450 1330 688 1373 universitates,
723 1332 870 1364 civitates
897 1335 953 1364 aut
978 1333 1070 1365 villas
1091 1333 1252 1366 interdicti
1276 1336 1452 1367 sententias
1480 1335 1521 1368 de
1543 1335 1678 1368 fratrum
1701 1339 1881 1368 nostrorum

233 1381 366 1413 consilio
399 1381 528 1423 publice
565 1382 821 1425 promulgamus,
859 1387 970 1416 contra
1008 1394 1064 1416 eos
1097 1385 1322 1418 nichilominus
1355 1387 1563 1429 spiritualiter
1595 1391 1629 1419 et
1659 1389 1881 1430 temporaliter

231 1432 361 1473 gravius
376 1434 565 1474 processuri,
589 1437 684 1476 prout
699 1433 918 1467 inobedientia
934 1445 1044 1467 eorum
1067 1438 1223 1479 exegerit,
1247 1437 1386 1480 qualitas
1409 1438 1486 1470 facti
1501 1440 1637 1471 suaserit
1659 1443 1693 1471 et
1707 1439 1880 1472 viderimus

188 1494 213 1515 ss
233 1483 397 1525 expedire.
443 1484 485 1516 Et
513 1488 548 1517 ut
577 1485 772 1527 quibuslibet
794 1486 929 1527 parendi
956 1487 1073 1520 talibus
1096 1488 1228 1521 tollatur
1255 1490 1396 1530 occasio,
1431 1500 1542 1522 omnes
1573 1494 1606 1523 et
1635 1491 1791 1533 singulos,
1825 1492 1880 1533 qui

232 1534 414 1567 huiusmodi
429 1536 600 1569 vicariatus
615 1548 732 1569 nomen
747 1538 969 1580 retinentibus,
992 1540 1226 1572 assumentibus
1249 1551 1307 1573 seu
1322 1542 1557 1574 resumentibus
1573 1543 1751 1575 iuramento
1774 1542 1878 1575 fideli-

231 1587 307 1618 tatis
329 1589 477 1620 tenentur
499 1589 631 1626 astricti,
655 1599 674 1621 a
697 1590 876 1622 iuramento
900 1590 1081 1623 huiusmodi
1098 1595 1252 1634 quantum
1275 1592 1318 1624 ad
1340 1593 1402 1625 hoc
1425 1593 1466 1625 de
1489 1595 1658 1635 potestatis
1681 1594 1878 1636 plenitudine

231 1637 435 1672 absolventes
458 1641 648 1673 auctoritate
672 1641 848 1683 apostolica
871 1642 1006 1674 firmiter
1027 1642 1207 1675 inhibemus
1230 1643 1368 1685 eisdem,
1402 1655 1443 1677 ne
1465 1644 1583 1677 talibus
1614 1649 1650 1677 ut
1672 1646 1798 1678 vicariis
1827 1646 1878 1678 vel

232 1689 420 1723 officialibus
453 1692 579 1734 imperii
614 1692 817 1735 aliquatenus
850 1697 985 1735 pareant
1018 1694 1069 1726 vel
1098 1694 1275 1727 intendant.
1326 1694 1369 1727 Et
1397 1697 1527 1738 insuper
1560 1707 1671 1729 omnes
1702 1698 1877 1739 pactiones,

189 1753 214 1774 ω
232 1740 459 1784 obligationes,
494 1743 773 1777 confederationes
801 1747 834 1777 et
861 1744 1083 1787 colligationes
1109 1756 1129 1778 a
1156 1745 1396 1790 quibuscunque
1423 1758 1521 1791 super
1546 1748 1608 1781 hoc
1635 1749 1878 1791 quomodolibet

229 1793 326 1826 initas
347 1794 525 1828 iuramento
548 1795 601 1828 vel
621 1806 823 1839 quacumque
846 1796 997 1829 firmitate
1021 1797 1155 1830 vallatas
1179 1799 1306 1831 omnino
1323 1798 1536 1841 dissolvimus,
1558 1800 1679 1832 iuribus
1693 1811 1877 1842 vacuamus,

230 1844 392 1878 irritamus
419 1849 452 1879 et
482 1850 640 1889 quatenus
667 1847 708 1880 de
736 1848 822 1880 facto
851 1850 1066 1891 processerint
1088 1860 1275 1882 revocamus
1302 1861 1340 1883 ac
1368 1850 1550 1884 huiusmodi
1577 1855 1611 1884 et
1639 1852 1783 1895 quelibet
1812 1853 1877 1885 alia

230 1896 408 1930 iuramenta
430 1908 450 1930 a
465 1898 661 1941 quibuslibet
683 1909 779 1941 super
801 1900 862 1932 hiis
877 1901 1022 1943 prestita,
1045 1911 1104 1943 per
1127 1912 1189 1944 que
1205 1905 1315 1944 posset
1336 1903 1368 1934 in
1384 1903 1536 1945 predictis
1551 1905 1668 1936 nostris
1690 1907 1724 1937 et
1739 1905 1875 1937 ecclesie

230 1948 375 1990 predicte
406 1949 526 1982 iuribus
557 1950 721 1993 derogari,
755 1952 924 1994 presertim
959 1962 1031 1985 cum
1064 1953 1278 1986 iuramentum
1310 1955 1472 1987 vinculum
1500 1955 1678 1998 iniquitatis
1711 1965 1782 1989 esse
1813 1967 1876 1988 non

185 2008 212 2030 a
231 1999 364 2041 debeat,
398 2001 590 2034 relaxamus.
635 2001 788 2035 Ceterum
821 2007 856 2035 ut
884 2003 1067 2036 huiusmodi
1098 2008 1208 2037 noster
1234 2015 1403 2047 processus
1431 2005 1473 2038 ad
1500 2017 1703 2039 communem
1734 2009 1875 2040 omnium

229 2051 375 2084 notitiam
398 2051 588 2094 deducatur,
623 2058 729 2086 cartas
755 2065 812 2087 seu
839 2055 1043 2088 membranas
1070 2066 1254 2098 processum
1283 2058 1482 2090 continentes
1509 2058 1648 2091 eundem
1679 2059 1711 2091 in
1738 2059 1875 2092 ecclesia

229 2103 438 2136 Avinionensi
459 2105 601 2147 appendi
624 2106 675 2138 vel
697 2106 786 2148 affigi
809 2107 898 2138 ostiis
920 2117 978 2139 seu
1000 2107 1258 2150 superliminibus
1280 2107 1449 2149 faciemus,
1477 2120 1540 2152 que
1563 2120 1747 2152 processum
1771 2111 1874 2154 ipsum

229 2164 286 2186 suo
309 2156 399 2197 quasi
422 2166 537 2189 sonoro
553 2157 703 2198 preconio
727 2161 761 2190 et
783 2158 893 2200 patulo
914 2158 1026 2192 inditio
1043 2159 1261 2201 publicabunt,
1283 2160 1329 2192 ita
1352 2161 1438 2203 quod
1454 2171 1566 2194 omnes
1589 2165 1623 2194 et
1644 2162 1770 2205 singuli,
1794 2174 1874 2206 quos

228 2216 395 2248 processus
417 2207 486 2249 ipse
509 2209 664 2251 contingit
687 2212 719 2242 et
741 2210 927 2252 contingere
951 2213 1072 2252 potest,
1105 2211 1227 2244 nullam
1248 2214 1362 2254 postea
1384 2212 1507 2255 possint
1529 2214 1769 2246 excusationem
1799 2225 1872 2257 pre-

184 2266 212 2287 ω
228 2257 371 2299 tendere,
395 2258 481 2301 quod
503 2259 545 2291 ad
568 2269 624 2292 eos
647 2261 720 2292 talis
742 2271 910 2303 processus
932 2272 995 2294 non
1010 2263 1195 2305 pervenerit
1217 2263 1269 2295 vel
1292 2263 1378 2306 quod
1394 2265 1612 2306 ignoraverint
1628 2265 1777 2306 eundem,
1801 2277 1872 2299 cum

227 2318 291 2340 non
317 2308 358 2341 sit
385 2310 557 2342 verisimile
583 2321 751 2344 remanere
779 2312 886 2354 quoad
914 2313 1001 2355 ipsos
1022 2313 1220 2356 incognitum
1242 2314 1294 2347 vel
1316 2315 1491 2357 oecultum,
1525 2315 1611 2358 quod
1635 2320 1701 2349 tam
1724 2322 1874 2359 patenter

228 2358 376 2391 omnibus
397 2359 586 2402 publicatur.

337 2417 411 2452 Dat.
428 2420 585 2454 Avinione
609 2423 641 2454 in
665 2422 760 2456 domo
784 2423 970 2467 episcopali,
994 2425 1038 2457 Π.
1055 2425 1129 2459 Kal.
1145 2426 1276 2469 Aprilis,
1300 2437 1382 2460 anno
1405 2428 1519 2471 primo.
