2190 3172
319 178 382 210 276
553 175 650 203 ACTA
670 175 783 203 REGNI
801 173 986 202 LUDEWICI
1004 173 1051 200 IV.
1070 172 1117 200 ET
1134 171 1322 200 FRIDERICI
1341 171 1389 198 111.
1428 171 1502 198 1315.
1538 170 1587 198 Nr.
1600 170 1658 198 323.
1677 169 1737 198 324.

749 299 835 335 323.
876 298 1087 333 Mandatum
1117 296 1273 332 alterum.
1380 295 1462 331 Dec.
1482 297 1542 330 21.

433 374 593 415 Ora'yimle
626 373 821 413 deperditum
831 374 853 404 ¹.
902 371 1001 413 Copia
1025 371 1079 413 (e.)
1109 371 1144 402 in
1174 369 1358 402 Cartulario
1388 370 1483 401 citato
1513 379 1562 400 nr.
1584 369 1635 400 89.
1661 386 1701 392 --
1731 367 1793 400 Ed.
1817 366 1972 400 Devillers

321 428 342 460 l.
360 439 385 460 c.
409 427 476 466 III,
501 428 542 458 56
563 436 613 457 nr.
631 425 693 456 151
717 435 754 456 ex
778 435 804 456 c.
850 423 1031 455 Editionem
1052 423 1230 462 repetimus.

433 487 482 525 Cf.
506 486 597 524 infra
618 485 663 516 ad
684 495 714 516 a.
732 486 826 516 1317.
850 483 934 516 Mai.
954 483 993 514 15
1017 486 1071 515 etc.

429 572 612 604 Ludovicus
631 570 690 602 Dei
707 570 811 611 gratia
826 569 962 601 Francie
981 571 1013 599 et
1027 568 1058 599 Ν
1060 578 1172 599 avarre
1189 578 1247 599 rex
1318 567 1443 599 dilectis
1460 569 1492 598 et
1507 565 1655 598 fidelibus
1670 566 1786 597 nostris
1799 564 1970 606 G(erardo)

323 626 476 667 episcopo
502 621 724 654 Suessionensi
747 631 785 652 ac
809 620 938 652 domino
963 619 1002 651 de
1019 619 1179 651 Varannis
1202 618 1294 650 militi
1362 619 1500 650 salutem
1524 621 1557 650 et
1580 617 1796 649 dilectionem.

430 675 511 707 Cum
527 675 610 706 inter
627 673 791 704 dominum
807 672 988 714 genitorem
1004 675 1147 703 nostrum
1168 671 1243 703 dum
1259 672 1383 703 viveret
1403 681 1440 702 ac
1461 670 1614 702 dilectum
1636 673 1669 701 et
1683 668 1815 701 fidelem
1830 671 1972 701 nostrum

323 726 559 768 G(uillelmum)
579 725 729 757 comitem
745 724 917 766 Haynonie
935 726 1126 755 conventum
1150 723 1247 754 fuerit
1271 726 1303 755 et
1325 727 1465 765 pactum,
1489 725 1585 764 prout
1602 721 1695 753 nobis
1715 722 1865 763 exposuit
1887 720 1973 752 idem

322 788 445 819 comes,
470 776 557 819 quod
580 787 639 819 per
662 779 799 818 quatuor
821 775 1003 817 fidedignos
1025 775 1110 807 viros
1132 785 1193 817 per
1223 774 1343 806 dictum
1373 774 1536 806 dominum
1568 773 1748 816 genitorem
1774 776 1917 804 nostrum
1942 777 1975 804 et

322 830 427 872 ipsum
452 829 603 861 comitem
627 827 795 869 eligendos
819 827 977 869 equaliter
999 827 1215 869 inquireretur
1238 826 1278 858 de
1301 826 1408 868 plano,
1433 825 1511 867 quid
1534 829 1567 857 et
1582 827 1735 867 quantum
1759 824 1800 856 de
1824 827 1909 856 terra
1933 824 1974 856 de

324 882 508 919 Ostrevant,
533 891 629 923 quam
653 880 684 910 in
707 882 800 921 parte
825 879 865 910 de
888 889 989 920 regno
1014 881 1046 909 et
1069 877 1166 910 feodo
1190 878 1306 910 nostris
1330 887 1401 909 esse
1426 877 1574 918 dicimus,
1598 876 1683 909 dieto
1707 876 1824 908 comite
1848 875 1974 908 dicente

324 933 538 971 contrarium,
567 935 630 972 est,
661 931 758 963 fuerit
781 934 814 963 et
837 940 907 962 esse
932 929 1052 962 debeat
1079 930 1120 961 de
1144 940 1182 961 eo
1205 940 1305 971 regno
1329 932 1438 960 nostro
1462 939 1519 961 seu
1542 932 1696 970 quantum
1719 927 1920 970 protenditur
1943 931 1976 959 et

324 984 475 1027 protendi
499 983 619 1015 debeat
642 984 675 1014 in
699 994 738 1014 ea
761 993 896 1024 regnum
919 983 1041 1024 ipsum,
1071 981 1158 1024 quod
1180 981 1322 1012 nundum
1346 980 1489 1023 pluribus
1511 980 1752 1023 impedimentis
1774 979 1976 1012 obstantibus

325 1036 433 1068 extitit
457 1038 645 1076 executum,
677 1045 718 1066 ex
746 1045 808 1076 quo
838 1033 941 1065 dictus
969 1043 1078 1065 comes
1105 1033 1198 1064 nobis
1229 1036 1422 1074 conquestus
1450 1033 1556 1064 extitit
1583 1032 1644 1064 hoc
1673 1031 1743 1064 fieri
1770 1030 1974 1073 requirendo,

324 1098 382 1119 nos
409 1087 527 1119 idcirco
557 1087 648 1118 iuxta
676 1086 903 1118 conventiones
932 1085 1095 1126 predictas
1123 1084 1269 1116 volentes
1296 1094 1394 1126 super
1420 1084 1481 1115 hiis
1511 1083 1676 1115 informari
1703 1087 1736 1115 et
1758 1094 1815 1114 vos
1844 1082 1885 1115 ad
1914 1082 1975 1114 hoc

326 1139 498 1181 eligentes,
531 1139 728 1180 presentium
757 1140 869 1169 tenore
892 1137 983 1168 vobis
1012 1137 1242 1168 committimus
1269 1139 1302 1168 et
1323 1135 1528 1175 mandamus,
1557 1135 1706 1177 quatinus
1728 1145 1785 1166 vos
1813 1134 1876 1166 duo
1904 1145 1976 1166 cum

323 1190 467 1231 duobus,
497 1201 578 1232 quos
607 1189 649 1221 ad
677 1189 738 1220 hoc
767 1189 871 1220 dictus
899 1198 1007 1220 comes
1037 1188 1179 1230 eligerit,
1210 1187 1262 1219 vel
1285 1187 1368 1219 alter
1389 1191 1531 1219 vestrum
1555 1197 1628 1218 cum
1651 1187 1754 1219 altero
1777 1185 1976 1226 eorumdem,

327 1242 480 1273 exhibitis
508 1241 733 1273 nichilominus
760 1241 847 1282 prius
874 1240 966 1271 vobis
998 1239 1113 1271 litteris
1141 1239 1361 1271 Romanorum
1392 1239 1492 1280 regis,
1527 1237 1613 1280 quod
1643 1241 1770 1281 gratum
1799 1237 1919 1270 habeat
1945 1241 1978 1269 et

326 1293 502 1335 approbet,
527 1292 679 1335 quicquid
702 1303 762 1334 per
784 1302 841 1323 vos
865 1296 897 1324 et
919 1302 976 1324 eos
999 1295 1106 1323 actum
1130 1291 1228 1322 fuerit
1250 1292 1282 1322 in
1304 1290 1366 1322 hac
1389 1293 1496 1332 parte,
1519 1294 1634 1322 vocato
1657 1289 1784 1332 ydoneo
1808 1289 1977 1322 defensore

324 1346 401 1377 iuris
424 1345 524 1376 nostri
546 1356 604 1387 pro
627 1344 719 1376 nobis
743 1347 776 1375 et
798 1343 869 1375 aliis
893 1343 1079 1384 evocandis,
1107 1343 1276 1385 inquiratis
1303 1353 1400 1385 super
1422 1342 1586 1384 premissis
1609 1341 1649 1374 de
1673 1342 1770 1384 plano
1793 1341 1978 1384 diligentius

325 1397 507 1438 veritatem,
531 1396 683 1438 quicquid
706 1395 781 1427 inde
798 1396 983 1437 reperiretis
999 1395 1091 1427 nobis
1114 1395 1173 1426 sub
1190 1395 1304 1426 vestris
1327 1397 1361 1426 et
1383 1395 1525 1436 ipsorum
1541 1393 1676 1426 duorum
1699 1393 1811 1436 sigillis
1834 1392 1977 1425 clausum

326 1448 467 1480 fideliter
490 1448 679 1490 quantocius
702 1448 913 1480 remittentes.
953 1447 986 1479 Si
1009 1457 1085 1479 vero
1109 1446 1324 1489 pendentibus
1347 1446 1408 1478 hiis
1431 1445 1546 1488 aliquis
1568 1455 1661 1477 casus
1683 1446 1815 1477 ressorti
1837 1445 1868 1476 in
1893 1444 1978 1476 dicta

326 1503 413 1532 terra
437 1499 592 1541 evenerit,
615 1500 719 1541 ipsum
743 1499 786 1530 ad
802 1502 942 1531 vestram
966 1502 999 1531 et
1021 1499 1162 1541 ipsorum
1178 1509 1308 1530 manum
1331 1498 1458 1540 ponatis
1482 1501 1515 1529 et
1531 1497 1655 1529 faciatis
1679 1501 1714 1529 ut
1729 1497 1853 1529 iusticia
1876 1496 1978 1528 dicta-

326 1553 409 1584 verit
432 1552 588 1583 exerceri.
635 1551 688 1583 Ad
710 1551 939 1593 premissorum
964 1554 1073 1582 autem
1098 1550 1339 1592 expeditionem
1370 1549 1530 1582 sollertius
1557 1549 1731 1581 intendatis
1757 1552 1891 1592 propter
1917 1548 1978 1580 hoc

326 1603 369 1636 ad
392 1604 511 1635 dictam
535 1607 654 1635 terram
670 1603 756 1635 illico
772 1603 912 1644 receptis
928 1602 1132 1645 presentibus
1156 1606 1189 1634 et
1205 1602 1329 1634 omissis
1345 1602 1462 1634 ceteris
1478 1600 1673 1643 quibuslibet
1688 1600 1779 1632 vobis
1801 1601 1979 1632 commissis

325 1656 463 1697 negotiis
480 1654 674 1687 accedentes
694 1665 753 1686 nec
776 1654 850 1686 inde
868 1654 1112 1696 quomodolibet
1128 1654 1328 1694 recedentes,
1351 1653 1453 1685 donec
1475 1663 1513 1685 ea
1530 1653 1592 1685 sint
1607 1652 1779 1694 completa.
1857 1651 1980 1684 Damus

326 1708 424 1750 igitur
448 1707 595 1739 omnibus
617 1706 800 1738 iusticiariis
824 1710 857 1738 et
880 1706 1016 1738 subditis
1044 1706 1160 1738 nostris
1188 1705 1390 1748 presentibus
1418 1705 1533 1736 litteris
1560 1705 1591 1736 in
1621 1703 1794 1741 mandatis,
1826 1707 1862 1735 ut
1889 1703 1980 1735 vobis

326 1759 359 1790 in
382 1759 546 1801 premissis
569 1762 601 1790 et
625 1769 664 1790 ea
687 1757 894 1800 tangentibus
917 1761 1053 1800 pareant
1076 1761 1109 1789 et
1131 1757 1308 1789 intendant.

434 1819 556 1851 Datum
587 1818 674 1861 apud
696 1819 871 1858 Vineenas,
902 1818 953 1850 die
985 1819 1136 1850 vicesima
1165 1818 1267 1860 prima
1295 1817 1499 1857 Decembris,
1535 1827 1617 1848 anno
1646 1815 1778 1848 Domini
1809 1815 1980 1847 millesimo

327 1872 553 1903 trecentesimo
578 1871 825 1913 quintodecimo.

393 2070 467 2106 324.
503 2067 782 2106 SCRIPTUM
811 2066 1092 2106 LUDEWICI
1122 2067 1225 2105 PRO
1251 2066 1506 2104 CIVITATE
1536 2064 1915 2104 ESSLINGENSI.

1003 2142 1110 2178 1315.
1149 2141 1229 2178 Oet.
1253 2142 1312 2178 027.

442 2242 603 2283 Oriyinale
627 2242 702 2284 (or.)
725 2243 761 2274 in
783 2242 942 2274 tabulario
966 2241 1227 2282 Stuttyardiensi.
1279 2241 1479 2274 Contulimus
1500 2251 1567 2273 nos.
1613 2239 1732 2272 Pendet
1754 2239 1893 2281 siyillum
1915 2240 1981 2279 sere

331 2293 476 2326 illaesum
492 2293 557 2333 fiilis
571 2294 681 2326 sericis
697 2294 782 2325 varii
795 2293 915 2326 coloris.
939 2312 980 2316 —
1004 2293 1066 2325 Ed.
1079 2293 1217 2325 Bb'hmer
1231 2293 1325 2325 ‘Acta
1341 2293 1467 2334 imperii
1480 2291 1605 2325 seleota'
1614 2303 1650 2333 p.
1663 2292 1726 2323 483
1740 2302 1790 2324 nr.
1804 2292 1865 2322 695
1881 2302 1919 2323 ex
1934 2302 1980 2324 or.

438 2354 584 2392 Bo'hmer,
608 2354 683 2394 Rey.
700 2354 813 2386 Ludw.
829 2364 866 2394 p.
883 2355 947 2385 350
969 2365 1018 2386 nr.
1035 2354 1122 2385 3154
1145 2353 1273 2394 (Addit.
1290 2353 1377 2391 ΙΙΙ).

444 2413 493 2453 Cf.
517 2414 608 2453 infra
630 2425 679 2446 nr.
696 2415 758 2446 331
782 2417 811 2446 et
833 2414 907 2447 332.

441 2500 489 2542 (1)
509 2500 523 2541 ξ
542 2500 615 2532 Wir
641 2500 813 2542 L3udowig
840 2512 902 2532 von
930 2500 1031 2533 Gotes
1061 2501 1190 2543 gnaden
1217 2499 1409 2533 Romischer
1436 2500 1554 2542 chunig
1582 2499 1634 2531 ein
1664 2503 1763 2531 steter
1790 2509 1897 2530 meret
1924 2498 1982 2530 dez

332 2552 436 2584 riches
460 2556 515 2584 tun
540 2552 638 2584 chunt
661 2553 746 2584 allen
774 2553 836 2584 den
861 2553 913 2584 die
944 2553 1046 2585 disem
1070 2553 1158 2585 brief
1176 2553 1333 2584 ansehent
1362 2551 1441 2584 oder
1471 2551 1587 2583 herent
1609 2551 1713 2591 lesen,
1745 2550 1803 2582 daz
1826 2551 1883 2582 wir
1905 2550 1983 2582 hant

331 2603 516 2646 angesehen
540 2604 592 2635 die
616 2604 854 2636 unzerbrochen
879 2604 980 2642 liebe,
1009 2605 1119 2637 rechte
1154 2605 1255 2636 truwe
1283 2603 1349 2635 und
1371 2607 1486 2645 gantze
1510 2603 1668 2643 stetikeit,
1700 2603 1752 2634 die
1776 2613 1815 2634 zu
1836 2613 1895 2634 uns
1916 2601 1982 2634 und

332 2655 407 2687 dem
431 2655 518 2686 riche
543 2654 594 2686 die
620 2655 717 2687 wisen
740 2655 806 2687 lute
832 2656 890 2687 der
913 2680 942 2688 ..
963 2656 1230 2699 bfirgermeister,
1263 2655 1321 2687 der
1345 2681 1352 2688 .
1371 2680 1377 2687 .
1399 2655 1607 2695 schulthaize,
1632 2679 1639 2686 .
1658 2682 1663 2687 .
1689 2654 1748 2686 der
1769 2657 1819 2686 rat
1840 2653 1906 2686 und
1929 2652 1982 2685 die

331 2707 460 2748 gemain
484 2706 542 2738 der
565 2707 684 2749 burger
707 2718 745 2738 zu
769 2707 979 2750 Ezzelingen,
1009 2719 1106 2740 unser
1134 2707 1220 2739 liben
1245 2707 1410 2750 getruwen
1438 2707 1560 2750 gehabt
1587 2707 1666 2738 hant
1695 2706 1760 2738 und
1789 2706 1871 2738 noch
1894 2705 1981 2747 hant,

438 2800 463 2834 1)
487 2800 555 2827 Olim
574 2801 603 2827 in
622 2801 755 2828 tabulario
773 2801 910 2829 Montensi
928 2802 956 2829 D
968 2806 1015 2835 39;
1034 2802 1066 2834 cf.
1086 2801 1180 2829 Saint-
1187 2801 1285 2829 Genm's
1303 2801 1359 2828 Ioco
1377 2809 1462 2835 supra
1481 2800 1517 2828 ad
1534 2810 1575 2828 nr.
1590 2805 1637 2829 105
1654 2802 1734 2828 citato
1753 2801 1775 2834 Ι,
1787 2803 1847 2827 244.

1994 833 2018 853 1⁰

1994 1091 2018 1111 15

1997 1611 2022 1632 25

1999 2363 2023 2383 ³5

2000 2665 2026 2684 40
