2190 3172
460 184 557 214 ACTA
574 183 688 212 REGNI
707 182 889 213 LUDEWICI
907 182 955 212 lv.
972 182 1019 211 ΕΤ
1038 181 1221 211 FRIDERIGI
1239 181 1288 210 111.
1325 181 1399 210 1817.
1435 181 1484 209 Nr.
1496 181 1555 210 418.
1573 180 1632 209 419.
1803 183 1865 213 353

604 343 700 390 418.
727 343 824 389 419.
865 341 1165 390 EIUSDEM
1197 340 1486 388 SCRIPTA

460 407 588 455 PRO
617 405 1172 455 ARCHIEPISCOPO
1202 405 1627 453 TREVIRENSI.

892 484 1000 522 1317.
1040 483 1121 521 Iun.
1146 483 1202 521 19.

696 596 783 633 418.
823 596 998 642 Scriptum
1018 596 1132 642 prius.
1234 595 1315 632 Iwn.
1334 597 1390 631 19.

191 681 204 700 r.
335 670 494 711 Oriqinale
517 670 592 713 (or.)
619 670 656 702 in
682 670 840 702 tabulario
866 670 950 711 reyio
975 669 1204 709 confluentino.
1254 668 1454 702 Coeaeuzimus
1474 679 1540 702 nos.
1588 669 1708 702 Pendet
1729 669 1868 711 aiqillum

223 722 342 755 laesum
365 721 430 754 Ζσνο
451 722 692 756 membranaceo.
720 739 763 745 -
795 721 858 755 Ed.
883 721 1028 754 Giinther
1050 721 1166 754 ‘Codex
1188 720 1424 762 diplomaticus’
1447 721 1522 759 III,
1547 722 1609 753 170
1631 731 1681 754 nr.
1698 722 1739 753 74
1760 732 1799 754 ex
1820 733 1866 755 or.

329 781 475 821 Bchmer,
498 781 573 823 Req.
589 781 701 814 Ludw.
719 792 754 824 p.
772 782 812 813 15
834 792 884 815 nr.
900 782 974 814 249.

330 870 379 910 (1)
401 869 469 901 Nos
491 868 684 901 Ludowicus
707 867 770 901 Dei
793 869 897 910 gratia
918 867 1137 900 Romanorum
1160 878 1218 900 rex
1241 878 1370 910 semper
1391 871 1546 910 augustus
1568 868 1771 911 presentibus
1793 879 1868 911 pro—

223 920 360 961 fitemur,
385 919 470 963 quod
489 930 548 952 nos
563 919 741 952 venerabili
757 919 945 953 Baldewiuo
961 919 1152 952 Treverensi
1167 919 1410 963 archiepiscopo
1426 921 1563 963 principi
1578 924 1687 953 nostro
1703 922 1868 953 carissimo

179 982 206 1002 ιο
223 973 427 1015 promisimus
461 974 494 1004 et
519 971 723 1014 presentibus
749 972 964 1014 promittimus
992 971 1076 1004 bona
1108 971 1173 1003 fide
1196 971 1415 1014 infrascripta,
1450 971 1602 1005 videlicet
1630 972 1716 1015 quod
1744 973 1868 1005 litteras

223 1024 480 1065 renuntiaoionis,
504 1027 734 1064 contractuum,
757 1023 1001 1065 promissionum
1023 1027 1057 1055 et
1071 1023 1307 1066 obligacionum
1323 1023 1505 1055 habitorum
1521 1025 1604 1056 inter
1619 1024 1758 1057 illustres
1780 1025 1867 1067 prin-

223 1075 312 1118 cipes
334 1078 459 1107 nostros
474 1075 651 1107 Iohannem
666 1074 800 1107 Boemie
825 1078 858 1107 et
872 1074 1008 1106 Polonie
1027 1084 1138 1117 regem
1161 1077 1195 1106 et
1209 1074 1427 1107 venerabilem
1442 1074 1666 1108 Baldewinum
1688 1075 1868 1118 predictum

224 1127 500 1170 archiepiscopum
534 1135 576 1158 ex
605 1136 669 1158 una
697 1129 789 1168 parte
823 1129 857 1158 et
883 1125 1058 1158 Rudolfum
1086 1126 1237 1158 comitem
1265 1126 1442 1168 palatinum
1468 1126 1552 1159 Reni
1579 1127 1693 1159 ducem
1720 1128 1868 1160 Bawarie

224 1189 412 1222 germanum
434 1181 577 1210 nostrum
600 1177 803 1210 karissimum
826 1188 868 1210 ex
890 1177 1012 1210 altera¹
1035 1177 1118 1210 infra
1140 1177 1221 1210 duos
1243 1188 1371 1210 menses
1393 1189 1414 1210 a
1436 1178 1513 1211 data
1528 1180 1724 1221 presentium
1748 1179 1867 1212 dictum

182 1239 205 1260 ιο
225 1230 501 1272 archiepiscopum
534 1229 656 1262 habere
684 1230 847 1262 faciemus.
935 1229 983 1272 (2)
1009 1228 1092 1262 Item
1127 1229 1213 1272 quod
1245 1229 1332 1262 idem
1366 1229 1466 1262 frater
1494 1234 1603 1263 noster
1632 1230 1869 1274 obligacionem'

226 1282 333 1315 eidem
348 1281 588 1324 archiepiscopo
611 1280 730 1313 factam
752 1291 810 1323 per
831 1291 890 1313 nos
912 1279 953 1313 de
974 1280 1066 1313 bonis
1081 1281 1251 1313 comitatus
1274 1281 1407 1324 palatini
1422 1281 1505 1314 Reni
1521 1282 1716 1325 approbabit
1738 1286 1772 1315 et
1790 1283 1868 1314 rati-

225 1333 334 1366 ficabit
347 1343 406 1376 per
421 1343 494 1366 suas
504 1335 652 1375 patentes
663 1332 786 1365 litteras
801 1343 858 1364 suo
871 1332 976 1375 sigillo
992 1332 1149 1375 sigillatas
1165 1336 1198 1365 et
1213 1333 1299 1376 quod
1314 1343 1374 1375 per
1388 1333 1469 1366 alias
1481 1344 1554 1366 suas
1566 1333 1690 1366 litteras
1701 1333 1869 1367 mandabit

225 1385 384 1426 fidelibus,
406 1384 677 1426 ministerialibus,
699 1384 924 1426 castrensibus,
947 1384 1160 1427 burgensibus
1183 1388 1217 1417 et
1238 1385 1374 1417 subditis
1394 1385 1636 1428 quibuscunque
1652 1387 1868 1429 cuiuscunque

225 1435 419 1469 condicionis
442 1436 582 1469 existant
603 1436 702 1478 ipsius
724 1436 893 1468 comitatus
914 1435 1048 1478 palatini
1069 1435 1167 1477 Reni,
1197 1439 1233 1468 ut
1263 1436 1368 1469 eidem
1391 1437 1635 1480 archiepiscopo
1656 1448 1754 1481 super
1776 1438 1870 1470 dictis

182 1496 208 1517 ao
225 1487 318 1521 bonis
339 1489 510 1520 comitatus
532 1487 721 1520 fidelitatem
744 1491 778 1520 et
799 1487 942 1531 homagii
964 1491 1198 1520 sacramentum
1221 1498 1260 1520 ac
1283 1488 1348 1521 alia
1371 1488 1482 1522 debita
1508 1493 1541 1522 et
1563 1492 1717 1522 consueta
1740 1491 1870 1523 servitia

226 1539 414 1585 exhibeant,
449 1549 511 1582 que
534 1542 767 1571 consueverunt
789 1539 958 1571 comitibus
979 1539 1130 1582 palatinis
1153 1539 1315 1582 exhiberi,
1349 1543 1383 1573 et
1409 1540 1471 1572 sibi
1494 1541 1647 1574 obediant
1668 1541 1809 1574 fideliter
1836 1545 1871 1575 et

223 1591 405 1632 intendant,
439 1594 534 1633 prout
565 1591 597 1623 in
626 1590 742 1623 litteris
768 1591 884 1623 nostris
912 1601 1009 1633 super
1037 1591 1098 1623 hoc
1124 1591 1278 1624 confectis
1308 1594 1342 1624 et
1369 1592 1456 1625 dicto
1478 1593 1721 1635 archiepiscopo
1744 1593 1870 1626 traditis

224 1642 350 1687 plenius
373 1642 583 1675 continetur'.
672 1642 719 1685 (3)
741 1642 825 1675 Item
857 1642 943 1684 quod
965 1642 1199 1686 obligacionem
1226 1643 1372 1686 predicto
1395 1643 1638 1687 archiepiscopo
1666 1644 1784 1677 factam
1811 1656 1871 1688 per

224 1705 283 1727 nos
316 1694 356 1727 de
386 1694 476 1726 bonis
499 1693 625 1736 imperii
654 1693 741 1726 idem
768 1694 868 1726 frater
894 1697 1000 1727 noster
1023 1698 1186 1737 tamquam
1208 1696 1358 1738 princeps
1385 1696 1512 1738 imperii
1535 1696 1706 1728 ratificabit
1733 1700 1767 1728 et
1793 1707 1869 1729 con-

182 1753 207 1774 π
225 1745 366 1779 firmabit
391 1756 450 1789 per
472 1749 620 1788 patentes
642 1745 766 1778 litteras
787 1756 871 1778 suas.
960 1747 1006 1787 (4)
1030 1746 1118 1783 Quas
1140 1746 1264 1778 litteras
1295 1747 1373 1779 dicti
1396 1748 1503 1780 fratris
1524 1749 1623 1780 nostri
1646 1748 1870 1780 ratificacionis

226 1801 260 1831 et
280 1797 524 1840 approbacionis
546 1797 702 1830 bonorum
725 1798 894 1830 comitatus
920 1797 1053 1839 palatini
1088 1801 1121 1830 et
1153 1798 1279 1840 imperii
1314 1808 1352 1831 ac
1379 1799 1521 1831 mandati
1545 1800 1762 1842 predictorum
1797 1810 1869 1832 cum

225 1850 328 1893 prima
354 1849 524 1882 eoncordia
546 1849 598 1881 vel
621 1849 866 1881 confirmacione
894 1849 1063 1882 concordie
1087 1850 1192 1882 verbis
1220 1850 1271 1882 vel
1300 1851 1416 1883 litteris
1443 1851 1620 1895 faciend(a)
1652 1853 1735 1884 inter
1756 1863 1815 1884 nos
1837 1856 1871 1884 et

226 1901 404 1944 predictum
434 1901 567 1934 stati-em
599 1903 742 1933 nostrum
776 1901 847 1933 fieri
877 1901 1032 1933 faciemus
1060 1905 1093 1933 et
1119 1912 1175 1934 eas
1202 1912 1265 1933 una
1298 1912 1369 1934 cum
1404 1902 1551 1935 omnibus
1585 1903 1701 1935 litteris
1733 1905 1869 1945 unionis,

226 1953 443 1995 promissionis
476 1955 510 1985 et
532 1952 757 1995 obligacionis,
791 1963 871 1994 quas
893 1952 997 1985 dictus
1026 1952 1092 1984 dux
1115 1953 1214 1985 frater
1240 1958 1349 1986 noster
1374 1954 1475 1987 habet
1508 1954 1548 1987 de
1578 1955 1672 1987 dictis
1695 1955 1870 1987 illustribus

182 2010 207 2030 ⁸⁰
225 2003 421 2047 principibus
435 2005 551 2036 nostris
573 2015 650 2047 rege
674 2007 708 2036 et
722 2004 975 2046 archiepiscopo,
999 2008 1115 2037 extunc
1131 2005 1214 2037 infra
1237 2004 1300 2037 duo
1315 2016 1442 2038 menses
1458 2006 1578 2048 primos
1601 2006 1643 2039 ad
1659 2018 1770 2039 manus
1793 2007 1870 2040 dicti

226 2056 458 2098 archiepiscopi
481 2056 635 2088 faciemus
662 2057 840 2098 pervenire.

333 2107 408 2140 Dat.
431 2107 618 2148 Bacheraci,
640 2107 734 2140 XIII.
759 2107 874 2140 Kalen.
898 2108 982 2149 Iulii,
1005 2108 1095 2151 regni
1118 2109 1216 2140 nostri
1239 2119 1323 2141 anno
1346 2110 1455 2141 tercio.

676 2238 763 2276 419.
802 2238 975 2285 Scriptum
1002 2240 1156 2276 alterum.
1260 2240 1342 2277 Iun.
1362 2243 1417 2276 19.

338 2311 495 2352 Oriqi'nale
529 2312 650 2345 ibidem.
713 2312 911 2346 Contulimus
944 2324 1009 2346 nos.
1071 2314 1190 2347 Pendet
1225 2314 1322 2355 savius·
1357 2315 1570 2356 fraqmentum
1611 2315 1679 2348 loro
1716 2317 1866 2349 membra-

185 2371 212 2392 υ
228 2372 332 2395 nacco.
356 2381 398 2386 —
419 2362 482 2395 Ed.
501 2363 646 2397 Giinther
667 2363 687 2396 l.
703 2374 727 2396 c.
751 2364 819 2402 ΙΙΙ,
843 2366 906 2397 176
928 2376 979 2397 nr.
998 2367 1039 2397 78
1060 2376 1100 2398 ex
1122 2377 1168 2399 or.

334 2423 479 2463 Bb'hmer,
503 2423 578 2465 Rey.
594 2424 704 2457 Luam.
725 2435 758 2465 p.
775 2425 816 2457 15
838 2436 889 2459 nr.
904 2426 978 2459 250.

335 2509 403 2541 Nos
418 2509 610 2543 Ludowicus
624 2510 686 2543 Dei
705 2512 814 2554 gracia
832 2512 1052 2545 Romanorum
1082 2523 1141 2545 rex
1167 2523 1295 2554 semper
1321 2517 1477 2556 augustus
1501 2513 1705 2556 presentibus
1732 2514 1863 2556 profite-

229 2571 309 2601 mur,
333 2560 418 2603 quod
441 2560 587 2604 dampnis
609 2566 643 2594 et
665 2563 824 2605 expensis,
848 2574 910 2606 que
927 2564 1117 2596 venerabilis
1133 2564 1586 2607 Bald(ewinus)'1'revcrensis
1608 2565 1869 2608 archiepiscopus

230 2612 378 2655 princeps
399 2616 507 2645 noster
521 2613 706 2646 karissimus
719 2615 868 2647 sustinuit
890 2619 922 2647 et
945 2616 1021 2648 fecit
1036 2616 1200 2648 nobiscum
1224 2616 1255 2648 in
1271 2617 1483 2659 expedicione
1498 2620 1607 2649 nostra
1630 2617 1671 2649 de
1687 2617 1868 2659 Ezzefinga,

186 2675 213 2695 ιο
231 2673 338 2695 sumus
358 2664 465 2701 >eidem
482 2664 723 2708 archiepiscopo
745 2666 776 2698 in
801 2670 938 2709 quatuor
958 2667 1086 2699 milibus
1102 2678 1282 2700 marcarum
1302 2669 1427 2710 argenti
1450 2668 1521 2711 puri
1543 2668 1628 2700 bone
1651 2668 1716 2711 lige
1740 2673 1773 2700 ct
1795 2669 1869 2700 iusti

231 2715 381 2757 ponderis
413 2715 611 2749 Coloniensis
642 2717 815 2750 efficaciter
847 2718 990 2761 obligati.
1046 2718 1097 2751 De
1132 2719 1246 2761 quibus
1279 2720 1385 2752 eidem
1424 2719 1508 2752 bona
1541 2719 1605 2752 fide
1639 2720 1720 2752 infra
1751 2721 1867 2752 festum

335 2805 361 2839 1)
381 2805 422 2838 Of.
440 2812 524 2839 supra
541 2813 583 2832 m·-
598 2808 630 2833 ⁶3
647 2814 706 2841 cap.
720 2810 744 2835 θ.
831 2808 858 2841 2)
877 2808 965 2842 Supra
983 2816 1024 2835 nr.
1039 2812 1085 2836 351
1102 2816 1158 2842 cap.
1171 2812 1196 2837 8.

334 2866 373 2885 ιι..
385 2864 610 2884 consuto-nom
622 2866 647 2884 v.
1628 2863 1662 2889 45
