2184 3126
318 269 378 299 (352
510 262 607 290 ACTA
626 259 739 287 REGNI
758 255 940 285 LUDEWICI
959 255 1006 282 IV.
1025 253 1070 280 ΕΤ
1091 251 1277 280 FRIDERICI
1297 251 1346 278 111.
1383 250 1458 277 1324.
1495 249 1544 276 Nr.
1557 249 1616 276 832.
1635 247 1695 275 833.
1714 249 1774 276 834.

423 350 473 382 De
497 347 644 380 Sardinia
666 348 739 377 sunt
762 353 857 383 nova,
887 343 981 383 prout
1003 340 1114 371 retulit
1141 337 1238 370 michi
1266 336 1396 378 quidam
1422 338 1584 367 mercator
1606 334 1647 366 de
1670 334 1882 376 Perpiniano,
1911 335 1967 377 qui

317 403 403 434 venit
426 401 466 432 de
489 400 591 431 Ianua
613 396 696 428 infra
719 395 749 426 V
773 394 856 434 dies,
887 391 972 434 quod
1000 390 1151 422 videlicet
1177 389 1304 420 inclitus
1334 387 1483 419 dominus
1507 386 1613 418 infans
1636 386 1789 418 Alfonsus
1811 389 1903 418 tenet
1924 386 1968 418 ad

316 464 446 486 manum
476 461 565 482 suam
596 448 702 480 omnia
729 445 888 478 fortalicia
918 447 983 475 tam
1012 441 1125 473 iudicis
1151 440 1299 472 Arboree
1329 449 1426 480 quam
1456 437 1577 470 domini
1603 437 1756 469 Bernabo
1785 436 1827 469 de
1854 437 1966 470 Auria.

316 505 442 536 Reffert
468 503 583 541 eciam,
615 498 701 541 quod
731 497 916 529 Castruxius
945 504 1017 525 cum
1047 493 1193 524 exercitu
1220 501 1277 522 suo
1303 492 1454 532 potenter
1480 489 1604 521 invadit
1629 489 1780 530 Pisanos,
1806 489 1852 521 sic
1879 488 1968 531 quod

317 556 502 597 frequenter
526 552 622 583 currit
649 559 750 590 usque
774 547 814 579 ad
838 549 947 589 portas
970 544 1107 576 civitatis
1129 543 1259 583 Pisane‚
1286 544 1421 583 propter
1447 541 1533 583 quod
1555 540 1667 572 Pisani
1694 540 1801 572 omnia
1829 540 1968 582 portalia
2001 552 2015 571 s

318 610 350 638 et
372 605 518 637 introitus
546 603 644 644 ipsius
674 600 809 632 civitatis
837 598 938 629 tribus
961 595 1140 638 por-talibus
1169 594 1314 635 exceptis
1343 593 1535 624 clauserunt.
1579 592 1726 634 Populus
1748 593 1789 624 de
1812 591 1896 623 Pisis
1919 594 1970 624 est

316 657 451 689 multum
474 655 611 686 afflictus
634 655 700 684 tarn
724 650 897 683 excessivis
921 646 1141 680 exactionibus
1164 656 1259 688 quam
1284 645 1382 676 etiam
1406 643 1493 686 quod
1515 654 1579 675 non
1601 646 1736 686 possunt
1758 643 1887 685 operari
1909 653 1969 675 nec

316 708 452 740 mercari
474 716 563 737 more
587 704 696 744 solito,
724 712 795 744 cum
823 700 965 732 habeant
992 709 1062 731 esse
1091 697 1207 730 cotidie
1235 697 1267 728 in
1291 696 1450 728 exercicio
1473 706 1647 727 armorum.
1692 695 1801 727 Hodie
1825 696 1914 727 tenui
1937 697 1970 726 et

316 760 380 802 legi
407 769 502 790 unam
529 758 670 788 litteram
704 765 764 796 que
793 755 924 784 venerat
959 750 999 783 de
1027 750 1143 790 Ianua,
1177 750 1209 780 in
1242 758 1304 790 quo
1334 747 1572 789 continebatur,
1602 747 1691 789 quod
1716 747 1827 779 Pisani
1857 756 1970 779 omnes

316 810 587 843 concordaverant
610 808 717 838 facere
742 815 855 847 pacem
884 814 956 835 cum
983 802 1093 834 inclito
1117 801 1245 832 domino
1268 800 1391 831 infante
1413 799 1560 831 Alfonso.
1605 799 1689 831 Filia
1715 799 1838 831 domini
1860 798 1969 831 Caroli
1989 806 2014 826 ιο

317 862 357 893 de
373 860 508 892 Francia
532 867 713 901 sponsaque
737 856 826 887 ducis
843 854 993 886 Calabrie
1017 855 1075 894 est,
1098 855 1134 883 ut
1150 852 1275 891 dicitur,
1298 850 1449 893 Lugduni
1472 853 1506 883 et
1528 851 1574 882 sic
1595 851 1628 882 in
1650 851 1798 893 proximo
1823 850 1884 882 erit
1905 850 1968 882 hic.

229 919 303 940 lame·
317 912 453 944 Illustris
475 911 622 942 dominus
645 919 703 940 rex
724 908 886 939 Robertus
910 905 1008 937 debet
1030 904 1081 936 hic
1106 914 1176 936 esse
1200 904 1231 934 in
1255 902 1420 944 ephifania
1442 901 1573 934 Domini
1597 926 1604 933 .
1622 925 1630 934 .
1648 927 1655 934 .

421 968 495 999 Dat.
518 966 689 1005 Avinione,
713 963 756 994 II.
781 963 833 995 die
856 962 1005 994 Ianuarii.

532 1106 617 1141 833.
659 1104 811 1139 Litterae
838 1101 1021 1146 (Ferrarii
1047 1101 1089 1136 de
1116 1099 1258 1145 Apilia)
1287 1099 1335 1134 ad
1361 1099 1513 1135 eundem.
1617 1098 1697 1134 Ian.
1717 1099 1752 1134 3.

428 1183 587 1224 Oriyinale
609 1183 686 1224 (or.)
708 1181 821 1213 ibidem
847 1180 938 1212 CRD
959 1190 1010 1211 nr.
1025 1178 1120 1210 4294.
1167 1177 1274 1218 Siqilli
1295 1177 1426 1217 vestiqia
1448 1176 1577 1209 adsunt.
1601 1195 1643 1199 —
1665 1176 1862 1216 Excerptum
1883 1175 1970 1208 dedit
1989 1185 2014 1206 ιι

317 1236 420 1268 Finke
442 1236 461 1267 l.
484 1246 510 1267 c.
533 1235 581 1274 II,
606 1236 668 1266 608
689 1244 737 1265 nr.
753 1234 817 1264 390
840 1243 878 1264 ex
901 1242 946 1263 or.
995 1231 1085 1271 Quod
1106 1230 1158 1261 hic
1179 1229 1357 1269 repetimus.

428 1297 476 1334 Cf.
499 1298 605 1327 notam
629 1294 647 1326 l.
672 1305 698 1326 c.
721 1294 884 1325 adiectam.

423 1381 539 1413 Nuncii
566 1381 661 1413 electi
687 1380 908 1412 Romanorum
936 1380 1009 1409 sunt
1041 1376 1109 1418 hic,
1143 1375 1198 1418 qui
1228 1386 1292 1407 non
1321 1378 1469 1417 spectant
1502 1374 1562 1406 nisi
1593 1373 1682 1417 quod
1709 1373 1858 1406 dominus
1886 1383 1973 1416 papa

318 1436 445 1475 rumpat
471 1443 543 1464 cum
572 1433 627 1464 eis.
672 1430 715 1462 Et
744 1430 898 1471 creditur,
926 1429 1012 1471 quod
1035 1429 1062 1460 si
1090 1428 1202 1469 faciat,
1231 1427 1330 1459 faciet
1358 1427 1391 1458 in
1419 1436 1573 1468 magnum
1599 1425 1787 1458 scandalum
1815 1435 1909 1457 suum
1938 1427 1971 1457 et

319 1485 463 1517 ecclesie.
509 1484 631 1515 Taliter
653 1486 689 1514 ut
712 1482 828 1513 dicitur
850 1485 898 1513 est
921 1481 1091 1523 negocium
1115 1482 1273 1521 paratum.
1989 1484 2016 1506 so

425 1539 498 1571 Dat.
523 1540 583 1572 ΙΙΙ.
608 1539 659 1570 die
683 1538 834 1570 Ianuarii.

549 1679 635 1715 834.
677 1678 799 1714 Petitio
827 1677 1095 1713 ambasiatorum
1117 1675 1275 1722 pontifici
1295 1677 1468 1720 porrecta.
1573 1673 1673 1717 (Ian.
1691 1672 1743 1719 4.)

430 1757 607 1798 Oriyiualia
629 1757 691 1789 duo
711 1760 720 1788 1
751 1759 780 1788 et
795 1758 814 1787 2
838 1756 943 1787 eadem
966 1765 1066 1787 mauu
1089 1754 1156 1786 scil.
1173 1754 1340 1796 scriptoris
1358 1753 1527 1785 cuiusdam
1541 1751 1768 1784 Avinionensss
1782 1753 1918 1783 exarata
1936 1751 1974 1783 in

320 1809 474 1841 tabulario
486 1809 637 1841 Vaticano
652 1809 735 1840 iuter
747 1809 975 1839 ‘Instrumenta
990 1806 1202 1838 miscellanea’
1218 1816 1249 1840 a.
1260 1805 1485 1837 1337-1338.
1499 1805 1547 1846 (1)
1563 1806 1592 1835 et
1607 1814 1638 1835 a.
1650 1803 1746 1835 1324.
1761 1813 1847 1843 caps.
1859 1803 1902 1835 ΙΙ
1914 1802 1988 1845 (2)..

320 1862 391 1894 Iam
414 1861 568 1893 edidimus
590 1861 703 1892 ‘Neues
725 1860 853 1891 Archiv'
875 1858 984 1897 XXV,
1008 1859 1071 1890 739
1093 1868 1143 1890 nr.
1161 1859 1181 1888 9
1204 1868 1242 1890 ex
1267 1861 1281 1889 1
1307 1860 1336 1889 et
1359 1859 1378 1888 2
1385 1867 1395 1896 ;
1417 1857 1460 1896 cf.
1482 1858 1590 1888 notam
1613 1856 1634 1888 l.
1649 1865 1676 1887 e.
1699 1855 1854 1887 additam.
1991 1863 2017 1884 as

426 1921 543 1953 Forma
567 1923 600 1959 2,
629 1931 710 1961 quae
737 1920 773 1951 in
796 1920 983 1952 Processum
1005 1929 1113 1958 papae
1135 1917 1227 1959 infra
1254 1928 1304 1950 wr.
1321 1917 1386 1949 839
1412 1916 1567 1948 edendum
1588 1918 1711 1956 recepta
1739 1917 1798 1953 est,
1828 1915 1881 1946 hic
1906 1914 1975 1947 illie

321 1973 475 2013 discrepat
494 1983 516 2004 a
534 1973 635 2012 forma
655 1976 681 2014 1,
704 1983 800 2012 quam
809 1972 907 2011 prius
922 1972 1083 2010 scriptam,
1106 1971 1160 2002 sed
1175 1973 1251 2010 post
1265 1970 1413 2001 reiectam
1427 1977 1492 2000 esse
1507 1967 1711 2006 crediderim
1732 1966 1776 2009 ef.
1793 1966 1976 1999 omissiones

320 2025 356 2055 in
378 2025 459 2056 notis
479 2024 603 2055 citatas.
649 2024 765 2055 Varias
780 2023 924 2055 lectiones
942 2023 1069 2064 formae
1086 2025 1115 2062 2,
1139 2032 1220 2062 quas
1237 2021 1391 2061 praebent
1406 2019 1575 2051 Processus
1596 2018 1687 2059 infra
1708 2029 1758 2051 nr.
1775 2018 1840 2050 839
1863 2018 1976 2050 edendi

322 2076 438 2107 codices
456 2078 553 2114 1-5,
576 2076 728 2107 adnotare
750 2075 991 2114 supersedimus.

428 2135 477 2167 De
499 2138 630 2175 tempore
653 2146 680 2167 v.
704 2135 794 2173 infra
816 2145 865 2166 nr.
882 2135 945 2166 839
968 2145 1036 2174 cap.
1053 2136 1083 2166 3.
1993 2138 2019 2158 ³⁰

429 2221 527 2253 Pater
549 2222 755 2253 sanctissime.
801 2221 854 2252 Ad
877 2221 1067 2252 mandatum
1089 2220 1270 2251 sanctitatis
1291 2221 1398 2251 vestre
1421 2218 1455 2249 in
1476 2217 1604 2259 scriptis
1626 2217 1806 2259 posuimus,
1835 2217 1878 2248 ad
1901 2217 1979 2259 quid

324 2273 466 2304 venimus
489 2276 521 2304 et
544 2273 619 2314 quid
642 2284 660 2304 a
683 2273 852 2304 sanctitate
875 2276 982 2304 vestra
1004 2275 1118 2314 petere
1142 2271 1331 2303 debeamus.
1375 2269 1522 2301 Dicimus
1547 2268 1647 2311 igitur
1673 2279 1716 2300 ex
1738 2271 1832 2310 parte
1855 2268 1978 2300 domini

326 2324 424 2355 nostri
446 2324 501 2354 filii
523 2325 619 2356 vestri
643 2324 764 2365 devoti,
793 2324 877 2366 quod
907 2325 985 2356 licet
1007 2324 1119 2366 paucis
1142 2322 1257 2355 diebus
1280 2322 1399 2363 elapsis
1422 2320 1464 2352 ab
1487 2320 1649 2362 aliquibus
1671 2323 1926 2352 murmuraretur
1949 2323 1982 2352 et

328 2375 449 2416 absque
472 2375 536 2406 ulla
559 2378 667 2407 tamen
690 2378 778 2407 certa
800 2377 1039 2408 insinuacione²
1062 2376 1238 2408 referretur
1263 2376 1343 2416 aput
1370 2373 1490 2404 dictum
1519 2371 1685 2404 dominum
1713 2376 1873 2413 nostrum,
1903 2383 1979 2414 pro-

327 2436 433 2456 cessus
456 2427 579 2467 aliquos
609 2437 677 2458 esse
706 2427 806 2458 factos
838 2438 857 2459 a
885 2429 1055 2460 sanctitate
1083 2430 1191 2459 vestra
1218 2426 1324 2468 ipsum
1352 2423 1544 2467 gravantesb
1569 2426 1602 2455 et
1624 2424 1694 2455 iura
1717 2434 1775 2455 sua
1798 2434 1836 2456 ac
1859 2426 1980 2456 statum
1995 2431 2020 2452 ⁸⁵

330 2487 420 2508 suum
444 2478 583 2518 graviter
607 2478 836 2519 contingentes,
860 2483 967 2512 tamen
984 2480 1133 2511 dominus
1148 2481 1259 2510 noster
1274 2477 1440 2520 predictus
1461 2477 1646 2508 nullatenus
1670 2476 1804 2508 credere
1827 2478 1974 2518 poterat⁰

327 2527 446 2559 immod
469 2528 638 2560 estimabat
662 2530 838 2561 emulorum
861 2541 989 2562 suorum
1014 2541 1084 2563 esse
1107 2530 1263 2572 figmenta
1285 2539 1345 2561 nec
1369 2529 1474 2560 eciam
1488 2527 1663 2559 verisimile
1686 2526 1870 2569 reputabat,
1893 2526 1981 2569 quod

329 2582 438 2610 sancta
453 2578 598 2610 Romana
622 2581 757 2611 ecclesia
778 2581 886 2613 taliter
908 2583 1126 2623 processisset,
1151 2592 1223 2613 cum
1239 2591 1402 2622 nunquam
1418 2583 1515 2612 antea
1531 2590 1628 2622 super
1643 2579 1705 2611 hiis
1728 2579 1826 2611 fuerit
1840 2579 1982 2611 monitus

330 2631 379 2662 vel
409 2631 533 2662 citatus.
580 2631 631 2662 Ad
659 2633 817 2663 cautelam
845 2636 952 2665 tamen
980 2645 1037 2665 nos
1066 2634 1155 2665 misit
1181 2633 1224 2664 ad
1250 2632 1476 2675 inquirendum
1504 2642 1542 2663 ac
1569 2631 1844 2674 investigandum,
1873 2633 1981 2663 utrum

331 2685 440 2713 contra
469 2683 571 2723 ipsum
599 2686 634 2713 ut
660 2684 853 2724 premittitur
879 2696 1048 2726 processus
1075 2686 1175 2728 aliqui
1202 2685 1281 2717 facti
1310 2687 1432 2726 essent,
1464 2687 1498 2716 et
1526 2684 1552 2715 si
1579 2684 1795 2715 inveniremus
1826 2693 1882 2714 eos
1910 2692 1981 2714 esse
1998 2690 2025 2710 ⁴0

330 2732 442 2774 factos,
466 2732 551 2774 quod
574 2734 826 2775 supplicaremus
849 2737 1009 2768 sanctitati
1025 2741 1142 2779 vestre,
1165 2740 1201 2769 ut
1223 2737 1312 2769 salvo
1335 2737 1368 2768 in
1391 2736 1538 2768 omnibus
1560 2736 1628 2767 iure
1651 2745 1709 2766 suo
1734 2734 1855 2766 daretis
1870 2733 1981 2766 nobis0

333 2869 351 2894 d
391 2874 399 2895 ι
416 2826 497 2894 2834·
525 2829 548 2859 ⁸)
568 2829 614 2854 im.
629 2833 699 2854 certa
711 2828 735 2855 2.
804 2829 830 2862 b)
846 2836 1019 2863 gravantes
1032 2833 1099 2858 deest
1112 2833 1137 2859 2.
1208 2833 1231 2865 c)
1244 2841 1301 2859 nec
1314 2833 1462 2858 credebat
1475 2831 1537 2857 add.
1550 2830 1575 2857 2.
1646 2829 1672 2862 d)
1688 2830 1739 2855 imo
1751 2829 1776 2855 2.
1846 2827 1870 2862 ο)
1887 2829 1982 2854 nobis

351 2878 389 2895 ees
433 2888 440 2895 .
