2190 3172
415 190 512 219 ACTA
531 190 644 219 REGNI
661 189 849 219 LUDEWICI
868 189 915 217 IV.
934 189 980 217 ΕΤ
997 187 1181 216 ΓΒΙΒΕΒΙΟΙ
1201 187 1250 215 111.
1287 187 1362 215 1817.
1398 186 1446 215 Nr.
1459 187 1519 215 447.
1537 186 1596 215 448.
1614 187 1675 215 449.
1808 190 1867 220 371

329 279 415 312 Acta
437 281 511 311 sunt
533 278 594 310 hec
616 279 649 310 in
666 278 828 320 presentia
842 277 983 310 virorum
998 277 1207 309 discretorum
1224 276 1369 318 magistri
1384 274 1511 307 Nicolai
1527 276 1629 307 curati
1653 274 1693 306 de
1710 275 1871 316 Homuto,

224 329 397 364 Godefridi
407 329 541 370 Renart‚
565 329 692 362 Nicolai
708 329 749 361 de
765 329 926 371 Wamier,
948 328 1101 361 Iohannis
1116 328 1157 361 de
1171 327 1335 368 Basecles‚
1358 326 1513 359 Iohannis
1528 326 1570 359 de
1587 326 1720 366 Truille,
1743 327 1774 359 N
1776 328 1871 359 icolai

222 382 333 421 Balet,
361 381 506 424 magistri
528 380 681 413 Iohannis
703 381 734 413 le
758 380 962 423 Carpentier,
990 380 1101 413 Iaeobi
1123 380 1299 413 Broustant
1321 383 1354 412 et
1376 378 1488 411 Iacobi
1512 379 1553 411 de
1575 378 1682 411 Ponte
1705 379 1872 411 hominum

225 433 403 467 feudalium
424 432 501 466 dicti
523 432 650 465 abbatis
673 436 706 466 et
728 433 864 465 ecclesie
881 432 989 465 Sancti
1005 431 1128 465 Gisleni
1150 432 1182 464 in
1198 431 1291 464 Cella
1314 430 1459 474 predicte
1482 434 1515 463 et
1537 430 1710 463 multorum
1734 431 1871 463 aliorum

191 498 203 517 s
224 485 267 518 ad
290 485 351 518 hoc
374 484 560 527 specialiter
580 487 783 526 vocatorum,
812 495 895 517 anno
924 487 957 517 et
979 484 1032 516 die
1054 484 1224 527 predictis,
1259 484 1292 515 in
1319 482 1478 526 porticulo
1502 482 1562 515 sub
1591 492 1720 514 camera
1743 482 1876 515 abbatis

222 537 400 570 memorati.
418 566 420 568 ,

293 713 367 750 448.
403 709 685 750 SCRIPTUM
707 711 988 750 LUDEWICI
1016 711 1120 750 PRO
1146 710 1351 750 COMITE
1379 712 1450 750 DE
1474 713 1798 751 WERTHEIM.

899 781 1007 818 1317.
1047 781 1116 818 Iul.
1138 781 1198 818 27.

333 880 492 923 On’yinale
517 883 588 922 (or.)
618 881 654 914 in
683 880 841 914 tabulario
872 882 1056 922 principum
1085 882 1122 914 de
1148 881 1565 915 Loewenstein-Wertkeim.
1623 882 1738 915 Denuo
1765 886 1873 916 contu-

179 947 204 967 ιο
222 933 326 967 limus.
371 932 492 966 Pendet
513 932 652 974 siqillum
673 935 824 966 secretum
846 932 966 966 laesum
988 933 1052 966 loro
1075 933 1318 966 membranaceo.
1343 951 1385 957 —
1410 933 1470 966 Ed.
1487 934 1654 966 Aschbach
1677 934 1873 967 ‘Geschiclzte

222 985 278 1019 der
303 985 429 1028 Grafen
452 995 512 1018 von
534 984 715 1017 Wertheim’
738 985 783 1018 ΙΙ
801 985 917 1026 (1843)
934 996 968 1026 p.
986 986 1027 1018 75
1048 996 1099 1018 nr.
1117 987 1158 1018 69
1179 996 1219 1018 ex
1242 997 1287 1019 or.

328 1045 473 1084 Bahmer,
498 1045 574 1086 Rey.
589 1044 703 1078 Ludw.
721 1055 757 1086 p.
773 1045 838 1078 271
860 1056 911 1078 nr.
925 1046 1039 1078 263οα
1061 1046 1188 1087 (Addit.
1205 1045 1250 1088 Ι).

329 1132 397 1165 Nos
426 1131 619 1164 Ludowicus
648 1131 711 1164 Dei
745 1133 850 1174 gratia
877 1131 1098 1165 Romanorum
1132 1142 1191 1164 rex
1222 1142 1352 1175 semper
1386 1135 1540 1175 augustus
1574 1133 1616 1166 ad
1650 1134 1873 1166 universorum

221 1184 373 1217 noticiam
401 1184 548 1216 volumus
575 1183 760 1226 pervenire,
796 1183 882 1226 quod
909 1184 1055 1217 volentes
1082 1183 1198 1216 nobilis
1220 1184 1279 1216 viri
1306 1183 1437 1216 Rudolfi
1467 1185 1592 1217 comitis
1623 1185 1664 1217 de
1687 1185 1873 1218 Wertheim

179 1247 204 1267 is
222 1235 327 1269 fidelis
342 1236 442 1268 nostri
458 1235 568 1269 dilecti
583 1235 874 1278 supplicacionibus
889 1235 1044 1277 inclinari,
1068 1246 1257 1268 consensum
1278 1240 1311 1268 et
1326 1246 1492 1268 assensum
1508 1240 1651 1269 nostrum
1667 1237 1873 1270 adhibuimus

223 1283 257 1320 et
278 1287 482 1330 presentibus
505 1287 696 1320 adhibemus
719 1288 760 1320 ad
783 1287 826 1328 id,
851 1287 937 1330 quod
959 1287 1046 1320 idem
1069 1287 1229 1320 Rudolfus
1252 1287 1430 1320 thelonium
1452 1289 1485 1320 in
1507 1287 1704 1330 Wertheim‚
1738 1289 1826 1332 quod
1852 1300 1873 1322 a

222 1339 316 1372 nobis
339 1342 372 1372 et
394 1339 530 1382 imperio
553 1342 643 1372 tenet
665 1340 698 1371 in
721 1339 852 1372 feodum
877 1339 1028 1382 quodque
1051 1339 1186 1382 singulis
1208 1340 1300 1372 annis
1328 1339 1370 1372 ad
1394 1344 1523 1373 centum
1545 1340 1646 1373 libras
1667 1340 1872 1375 Hallensium

221 1393 254 1424 iu
276 1391 456 1424 redditibus
479 1392 656 1431 estimatur,
679 1392 782 1434 possit
803 1391 890 1424 licite
913 1391 1012 1424 nobili
1036 1392 1104 1424 viro
1127 1391 1316 1424 Eberhardo
1341 1391 1382 1423 de
1399 1390 1575 1434 Brfiberch,
1600 1397 1694 1435 prout
1718 1397 1873 1426 tractatus

223 1454 295 1476 cum
325 1443 440 1477 eodem
468 1444 589 1484 inivit¹‚
619 1454 678 1486 pro
707 1443 795 1475 mille
826 1443 914 1475 libris
939 1443 1143 1476 Hallensium
1173 1443 1319 1486 obligare
1346 1443 1521 1476 tenendum
1553 1446 1586 1476 et
1616 1445 1871 1487 percipiendum,

178 1506 204 1527 su
223 1495 326 1528 donec
356 1506 416 1538 per
442 1506 516 1527 eum
544 1495 596 1527 vel
625 1495 764 1527 heredes
791 1505 865 1527 suos
894 1506 952 1537 pro
987 1495 1074 1527 dicta
1107 1505 1232 1527 summa
1259 1496 1396 1537 pecunie
1423 1494 1617 1528 absolvatur.
1667 1497 1872 1529 Presentium

223 1548 407 1580 testimonio
431 1547 620 1579 litterarum.
761 1569 763 1572 -

330 1599 405 1632 Dat.
429 1599 461 1631 in
488 1598 791 1639 Asohaffemburoh,
815 1598 872 1630 VI.
893 1597 1032 1630 Kalend.
1056 1598 1212 1641 Augusti,
1245 1609 1327 1631 anno
1359 1597 1491 1632 Domini
1514 1599 1747 1638 Mcccxvn,
1782 1602 1876 1642 regni

221 1661 299 1684 vero
321 1651 423 1683 nostri
445 1661 529 1683 anno
552 1651 662 1683 tercio.

322 1859 325 1864 =
381 1828 635 1877 ,449—451.
675 1825 1069 1873 PRIVILEGIA
1097 1826 1438 1874 FRIDERICI
1470 1826 1705 1874 COMITI

181 1902 206 1923 ²³
698 1889 999 1937 GELRIAE
1031 1890 1398 1938 CONCESSA.

900 1968 1009 2004 1317.
1050 1969 1146 2014 Aug.
1169 1968 1200 2004 1.

336 2043 385 2083 Cs.
408 2053 507 2084 supra
529 2053 578 2076 nr.
595 2044 668 2075 117.

595 2149 681 2186 449.
722 2149 911 2194 Privileyia
936 2150 1070 2186 noviter
1097 2160 1263 2186 concessa.
1369 2149 1458 2195 Aua.
1476 2152 1510 2185 1.

336 2223 497 2266 originale
519 2223 595 2266 (or.)
617 2224 653 2256 in
672 2223 831 2256 tabulario
850 2226 964 2256 secreto
984 2223 1094 2256 domus
1108 2224 1213 2265 reyiae
1227 2223 1426 2261 Bawaricae.
1465 2223 1614 2265 Sigillum
1636 2225 1702 2264 sere
1719 2225 1873 2264 illaesum,

182 2285 210 2306 so
225 2275 309 2318 quod
337 2275 403 2316 filis
428 2275 538 2308 sericis
566 2275 682 2308 diversi
703 2275 816 2308 coloris
835 2275 1005 2316 pendebat,
1036 2276 1130 2307 iuxta
1155 2278 1309 2308 servatur.
1355 2275 1397 2308 In
1418 2286 1504 2308 verso
1527 2275 1658 2317 Zeqitur:
1688 2276 1811 2310 Frider.
1832 2278 1873 2310 de

224 2326 274 2361 VI
295 2327 362 2360 mil.
377 2337 476 2360 marc.
504 2345 546 2351 —
577 2326 650 2359 Iam
671 2327 829 2359 edidimus
850 2326 870 2359 l.
887 2338 912 2359 c.
937 2326 1073 2367 XXIII,
1096 2327 1161 2359 322
1182 2337 1231 2359 nr.
1249 2327 1290 2359 44
1312 2337 1351 2360 ex
1374 2338 1419 2360 or.

332 2387 478 2427 Bb'hmer,
502 2387 577 2429 Req.
594 2386 705 2420 Ludw.
725 2398 759 2428 p.
774 2388 840 2420 332
860 2387 1029 2420 Friedrich
1051 2399 1101 2420 nr.
1117 2388 1181 2420 278
1203 2388 1330 2429 (Addit.
1347 2388 1413 2431 11).

331 2473 516 2506 Fridericus
536 2473 598 2506 Dei
621 2475 730 2516 gracia
749 2474 970 2506 Romanorum
993 2485 1051 2506 rex
1074 2485 1203 2516 semper
1226 2477 1380 2516 augustus
1459 2476 1616 2507 universis
1636 2477 1717 2508 sacri
1734 2476 1872 2509 Romani

225 2525 352 2568 imperii
374 2525 524 2557 fidelibus
610 2526 859 2568 imperpetuum.

183 2591 208 2611 u
334 2576 384 2618 (1)
406 2577 495 2609 Nutu
518 2576 626 2609 divino
650 2578 752 2619 regali
775 2578 938 2619 prefectos
961 2577 1089 2620 fastigio
1111 2588 1190 2620 erga
1212 2581 1343 2610 cunctos
1362 2578 1530 2611 benivolos
1552 2583 1586 2611 et
1607 2579 1720 2612 fideles
1743 2585 1776 2612 et
1799 2591 1872 2623 pre-

227 2628 320 2670 cipue
349 2629 435 2660 cii-ca
461 2628 614 2660 sublimes
643 2630 771 2671 generis
799 2629 968 2662 nobilitate
997 2630 1157 2672 pollentes
1186 2632 1220 2661 et
1250 2630 1303 2672 qui
1332 2631 1464 2672 copiosa
1495 2631 1614 2663 favoris
1643 2636 1676 2663 et
1702 2634 1811 2674 gracie
1841 2634 1872 2664 in

227 2679 327 2712 oculis
347 2679 445 2722 regiis
466 2681 664 2712 incrementa
687 2681 752 2712 suis
773 2681 942 2713 virtutibus
969 2685 1168 2721 meruerunt,
1203 2681 1299 2713 decet
1328 2685 1362 2714 et
1389 2682 1522 2724 expedit
1547 2693 1619 2715 esse
1647 2684 1812 2715 munificos
1840 2689 1873 2716 ot

227 2731 368 2773 ipsorum
391 2734 466 2763 vota
489 2742 547 2774 per
570 2732 725 2773 optimam
748 2733 927 2774 graciarum
958 2734 989 2764 in
1018 2733 1161 2775 principe
1190 2733 1362 2777 benignam
1386 2734 1595 2767 clemenciam
1625 2735 1685 2777 piis
1709 2735 1873 2767 favoribus

332 2816 357 2851 1)
377 2815 462 2843 Cuius
478 2817 516 2843 rei
534 2816 688 2844 documenta
706 2820 808 2845 sauata
827 2826 883 2844 non
900 2821 970 2845 sum.

1615 2873 1663 2899 4‘1*
