2184 3126
358 199 417 230 732
629 195 725 222 ACTA
744 195 858 221 REGNI
877 193 1061 221 LUDEWICI
1080 194 1126 220 IV.
1146 194 1191 220 ΕΤ
1211 193 1397 221 FRIDERICI
1418 194 1466 221 III.
1504 194 1578 221 1324.
1615 194 1664 221 Nr.
1677 194 1736 221 909.
1788 223 1809 238 ὀ

356 283 561 314 christianum
589 282 712 323 possint
735 280 897 322 complere
922 283 955 311 et
976 279 1109 321 inplere,
1135 278 1222 320 quod
1246 278 1344 310 circa¹
1364 278 1510 320 predicta
1533 280 1766 322 cogitaverunt,
1790 286 2009 324 conceperunt

355 338 480 375 atquem
502 335 686 374 oeperuntn.

464 387 512 416 24.
547 389 560 403 ⁰
576 384 659 415 Item
687 383 755 424 ipse
764 388 778 405 1‘
801 393 862 413 non
892 391 1031 423 sequens
1059 382 1128 413 eius
1150 382 1250 421 viam,
1275 381 1364 412 cuius
1396 391 1431 412 se
1455 381 1534 412 dicit
1555 382 1734 423 vicarium,
1759 383 1813 424 qui
1846 384 2008 416 nascendo

354 446 468 477 pacem
491 435 682 466 annunciare
703 434 801 465 fecitq
817 434 849 464 in
872 433 966 464 terris
988 436 1021 464 et
1036 433 1173 464 vivendo
1198 443 1310 474 pacem
1329 433 1469 464 servavit
1484 436 1518 464 et
1532 433 1672 465 finaliter
1687 445 1801 476 pacem
1817 436 1898 467 suis¹
1914 435 2010 468 disci-

353 487 436 528 pulis
460 485 631 527 dereliquit
640 490 659 524 ⁸,
684 495 755 516 cum
779 484 903 515 nobiles
925 484 1010 515 viros
1035 483 1075 515 de
1099 483 1315 525 Greyspach‘,
1340 483 1402 515 de¹¹
1417 483 1694 526 Druhendingenv
1709 489 1772 517 et'
1794 486 1834 518 de
1850 486 2011 528 Neyffen¹
2040 500 2053 518 s

354 538 486 569 comites
514 537 555 567 ad
578 537 741 578 legatum&
757 537 789 566 in
812 535 954 566 Ytaliam
978 534 1104 576 legatos
1128 534 1168 566 de
1191 537 1300 566 nostro
1323 535 1425 566 latere
1448 536 1649 568 mitteremus
1671 537 1812 570 facturos
1835 539 1904 570 eius
1927 545 2010 581 ope¹

353 592 386 619 et
409 589 527 619 auxilio
551 598 665 629 pacem
689 591 722 618 et
745 586 950 618 concordiam
974 587 1058 617 inter
1087 589 1216 627 partem
1248 596 1310 627 que
1340 586 1404 617 illic
1439 586 1499 618 sibi
1532 587 1653 620 bellum
1682 591 1716 620 et
1742 589 1837 621 duras
1869 599 2010 631 gwerras

352 639 523 671 movebant
546 639 710 677 continue,
739 639 879 679 ipsarum
904 638 1048 678 parcium
1072 638 1265 669 invitacione
1289 641 1322 668 et
1343 638 1474 679 pietatis
1497 639 1603 671 officio
1627 640 1789 681 excitati⁰,
1812 641 1902 682 ipse¹³
1925 643 2010 673 reni-

352 691 459 722 tebat⁰
476 694 509 721 et
532 690 651 721 bellum
675 689 741 720 ad‘¹
758 689 959 720 obsidionem
982 689 1134 720 fidelibus
1153 689 1476 730 Medyolanensibus⁰
1491 692 1620 732 paravit
1641 696 1674 723 et
1696 691 1818 734 pararis
1834 693 2009 734 mandavit,

351 743 431 773 sicut
454 741 535 772 hoess
557 742 590 772 in
613 741 681 772 istis
705 740 850 782 partibus
874 743 924 771 est
946 741 1104 772 notorium
1131 743 1164 772 et
1185 740 1401 772 manifestum.
1453 741 1548 778 Quod
1577 746 1686 774 tamen
1714 754 1771 775 sue
1798 744 2010 786 professioni¹¹
2029 755 2055 775 ιο

351 793 481 824 minime
504 792 712 833 congruebat,
737 792 839 823 dictos
863 792 996 824 comites
1018 792 1050 823 in
1073 796 1216 824 nostrum
1241 795 1274 823 et
1293 793 1434 833 ipsorum
1458 793 1522 825 veli
1545 794 1671 826 verius*
1692 795 1792 837 ipsius
1814 797 2010 838 vituperium

351 844 470 875 dimisit
492 844 624 875 nimium
647 844 826 875 inhoneste.
1548 845 1550 847 ’

459 897 508 926 25.
544 895 552 913 ¹
570 895 653 926 Item
665 895 747 926 illem
768 895 905 926 crudelis
918 898 1089 936 usurpator
1104 895 1174 926 iura
1191 895 1370 936 principum
1386 896 1514 937 imperii
1530 897 1654 938 privata
1669 899 1806 939 negocio
1822 898 2009 940 indiscusso,

350 950 441 988 parte
465 946 611 978 inaudita
635 947 746 977 nititur
768 956 936 987 usurpare.
990 946 1071 977 Cum
1102 947 1188 977 enim
1217 950 1353 978 vacante
1384 947 1521 988 imperio
1550 949 1659 980 comiti
1689 949 1832 991 palatino
1858 951 1942 983 Reni
1969 951 2009 983 de

350 1000 418 1030 iure
454 1002 486 1030 et
514 998 694 1040 approbata
729 998 960 1029 consuetudine
991 998 1119 1039 imperii
1149 997 1321 1030 observata
1349 998 1525 1031 hactenus¹¹
1555 1001 1741 1033 inconcusse
1775 1003 1945 1043 presertim
1979 1003 2012 1034 in
2031 1012 2056 1032 ιι

349 1050 494 1091 partibus
523 1050 692 1081 Alemanie
717 1053 882 1091 competat
912 1050 982 1080 ius⁰
1012 1049 1267 1081 amministrandi
1297 1051 1368 1082 iura
1397 1051 1554 1093 imperiil‘,
1585 1052 1702 1084 feoda.⁴1
1730 1053 1949 1086 ecclesiastica
1978 1046 2012 1086 et

351 1101 543 1142 temporalia
577 1101 763 1132 conferendi
792 1104 824 1132 et
859 1105 984 1132 ceterar
1014 1101 1078 1133 alia
1107 1102 1244 1142 negocia
1275 1101 1480 1144 disponendi,
1511 1104 1581 1145 ipse
1604 1105 1635 1135 in
1659 1104 1738 1136 dicti
1759 1105 1957 1147 principatus
1978 1109 2012 1138 et

349 1153 527 1194 principum
558 1163 687 1183 suorum
724 1153 890 1183 iniuriam⁸
914 1153 1094 1193 contendit,
1129 1153 1216 1195 quod
1252 1154 1301 1184 in‘
1326 1153 1450 1186 nullum
1484 1165 1594 1187 casum
1622 1155 1682 1187 sibi
1709 1157 1878 1199 competit,
1906 1157 1949 1188 ad
1975 1167 2011 1188 se

349 1205 674 1235 amministracionem
698 1205 842 1235 vacantis
866 1205 991 1246 imperii
1015 1205 1189 1246 pertinere.

457 1258 506 1287 26.
545 1256 653 1287 ¹Item
686 1255 773 1287 idem
808 1251 839 1286 in
875 1257 1063 1288 consistorio
1102 1256 1272 1289 manifeste
1307 1256 1408 1296 dixit,
1453 1257 1540 1300 quod
1573 1259 1644 1300 ipse
1678 1259 1719 1290 ad
1757 1259 2009 1292 conculcandum
2029 1269 2057 1289 ιο

348 1311 530 1348 serpentem
548 1317 674 1347 enenm,
697 1308 868 1348 imperium
883 1308 1138 1339 Alemannorum
1163 1309 1250 1339 omni
1274 1311 1422 1350 tempore
1445 1320 1502 1340 suo
1525 1320 1583 1351 pro
1598 1310 1720 1342 viribus
1742 1311 1891 1343 laborare
1911 1311 2012 1343 vellet

349 1361 381 1389 et
403 1357 571 1389 intendere
595 1361 663 1389 toto
687 1368 793 1399 posse,
818 1358 899 1390 sicut
923 1359 1066 1390 effectuu
1090 1359 1197 1400 operis
1221 1358 1384 1391 declaratv
1408 1363 1441 1392 et
1463 1361 1667 1403 conprobatw
1689 1365 1759 1394 tota
1781 1362 1845 1394 die.
1969 1359 1975 1366 “

457 1412 505 1441 27.
540 1409 647 1440 ¹Item
676 1409 767 1440 nobis
798 1410 909 1441 electis
933 1414 965 1442 et
994 1411 1306 1442 amministrantibus
1334 1413 1405 1443 iura
1433 1413 1525 1455 regni
1549 1416 1604 1445 et¹
1627 1414 1755 1455 imperii
1777 1415 1913 1446 vicarios
1935 1425 2011 1446 con-

349 1461 489 1492 stituisse
518 1461 650 1500 dicitur,
685 1462 813 1502 ipsumy
845 1463 1018 1503 imperium
1047 1462 1092 1493 sic
1122 1461 1182 1493 sibi
1210 1468 1384 1504 usurparez
1414 1464 1534 1505 satagit
1566 1467 1599 1496 et
1628 1467 1762 1496 conatur
1795 1468 1828 1497 et
1856 1468 2010 1508 tanquam

348 1511 484 1553 vulpesa
501 1512 636 1543 subdola
660 1523 742 1544 nunc
766 1513 868 1553 nobis,
893 1523 976 1544 nunc
1001 1513 1074 1544 duci
1097 1514 1239 1554 Austrie,
1263 1515 1318 1556 qui
1341 1525 1376 1546 se
1399 1515 1552 1557 ingessitb
1572 1516 1615 1547 ad
1636 1517 1818 1558 imperium,
1842 1527 1877 1548 se
1900 1517 2010 1549 favere
2029 1526 2054 1547 ῆι

351 1563 571 1595 fraudulenter
601 1564 756 1604 ostendit,
788 1568 824 1596 ut
855 1575 913 1595 nos
942 1564 984 1596 ad
1011 1565 1150 1597 invicem
1179 1566 1355 1611 concitaret
1383 1570 1416 1598 et
1449 1567 1519 1608 ipse
1552 1567 1646 1599 nobis
1675 1568 1944 1600 contendentibus
1977 1573 2010 1601 et

347 1614 482 1646 invicem
506 1621 582 1647 nos⁰
599 1616 868 1647 extenuantibus‘¹
884 1620 1009 1657 partem
1027 1627 1117 1648 suam
1134 1617 1288 1649 redderet
1302 1619 1517 1659 pinguiorem.
1562 1619 1622 1651 Ille
1646 1620 1732 1651 enim
1747 1620 1894 1652 inimicus
1909 1621 2008 1662 pacis,

347 1665 447 1697 hostis
470 1667 606 1708 imperii,
631 1668 685 1708 qui
708 1668 796 1699 venit
818 1668 947 1699 mittere
972 1678 1034 1699 non
1051 1679 1176 1710 pacem,
1201 1671 1252 1700 set
1266 1669 1409 1711 gladium
1419 1670 1442 1710 ¹,
1465 1681 1524 1712 pro
1541 1671 1741 1702 statuendise
1755 1672 1871 1704 saltem
1886 1673 2009 1715 treugis

347 1718 430 1749 inter
452 1729 509 1749 nos
531 1719 583 1749 vel
607 1719 755 1751 facienda
778 1730 858 1760 pace
882 1720 932 1751 vel
958 1720 1211 1752 discuciendaf-11
1233 1721 1360 1753 iusticia
1391 1732 1451 1753 nec
1473 1732 1587 1754 manus
1609 1724 1760 1764 apposuit
1789 1733 1849 1755 nec
1875 1734 2008 1765 operam

347 1769 445 1800 ullam
481 1769 583 1810 dedit,
619 1770 755 1811 diligens
789 1782 929 1812 gwerras
965 1775 998 1803 et
1031 1771 1188 1804 sicienss·¹¹
1224 1773 1429 1814 sanguinem,
1464 1777 1500 1805 ut
1533 1775 1674 1806 animam
1708 1785 1799 1806 suam
1833 1775 2009 1808 inebriaret
2027 1784 2053 1804 υ

348 1821 500 1862 sanguine
536 1823 697 1853 innocenti
729 1826 762 1853 et
792 1824 877 1854 circa
915 1825 1167 1866 occupacionem
1199 1825 1250 1856 vel
1280 1824 1521 1857 subversionem
1552 1826 1680 1868 imperii
1711 1826 1798 1858 suos¹
1824 1827 2009 1869 appetitus¹¹

348 1872 528 1904 malivolos¹
551 1874 696 1906 saciaret.

454 1947 504 1977 28.
534 1951 565 1982 (1)
593 1947 716 1978 ¹¹¹Non²
742 1947 887 1979 suffecitu
911 1952 1020 1980 autem
1044 1949 1105 1980 sibi
1131 1951 1320 1991 temporalis
1342 1951 1470 1992 imperii
1493 1951 1563 1982 iura
1585 1954 1796 1993 attemptare,
1821 1951 2008 1984 subvertere

348 1999 379 2027 et
406 1998 456 2027 in⁰
481 2008 631 2029 coronam
655 2002 797 2030 nostram
826 2003 882 2031 etp
912 2000 943 2031 in
958 2006 971 2024 ‘1
995 2000 1108 2032 fideles
1131 2002 1259 2043 imperii
1283 2005 1349 2033 tam
1372 2003 1522 2044 nequiter
1544 2002 1717 2044 desevirer,
1745 2004 1806 2034 nisi
1834 2006 1882 2035 et⁹
1904 2005 2009 2046 ipsum

449 2091 515 2118 909.
543 2092 561 2125 ¹)
581 2098 668 2119 contra
685 2093 711 2119 4.
725 2095 748 2120 5.
846 2095 877 2127 m)
896 2096 978 2128 adque
998 2095 1021 2122 3.
1110 2098 1135 2128 ¹³)
1157 2105 1213 2130 cep.
1227 2101 1253 2123 et
1276 2105 1380 2130 concep.
1393 2097 1418 2123 4.
1431 2097 1455 2123 5.
1543 2096 1568 2131 ⁰)
1586 2107 1653 2123 nova
1672 2099 1741 2124 linea
1760 2099 1786 2129 1;
1809 2099 1910 2132 signum
1922 2107 2008 2132 pam-
2027 2105 2052 2125 85

346 2135 440 2166 ‚qraphz
458 2134 482 2160 2.
497 2135 521 2161 3.
603 2137 628 2168 P)
648 2138 715 2162 deest
733 2140 758 2164 5.
841 2139 866 2170 (1)
886 2140 933 2164 fec.
946 2148 1006 2164 ann.
1018 2139 1044 2165 4.
1057 2139 1080 2165 5.
1165 2140 1187 2173 r)
1206 2141 1274 2166 deest
1285 2139 1308 2166 4.
1323 2141 1346 2166 ἶ).
1430 2141 1451 2173 ⁸)
1469 2141 1580 2173 reliquid
1591 2140 1620 2171 4;
1642 2141 1747 2174 reliquit
1764 2141 1788 2167 5.
1871 2141 1894 2174 t)
1911 2143 2008 2176 Grays-

349 2178 413 2208 pach
426 2176 453 2207 3;
472 2179 579 2210 grabath
593 2179 621 2209 4;
641 2181 776 2206 Grazbach
788 2180 812 2207 5.
902 2181 929 2215 u)
943 2187 969 2208 et
981 2183 1043 2208 adol.
1057 2182 1082 2208 4.
1170 2183 1196 2215 v)
1211 2182 1416 2217 Drfihendingen
1427 2183 1457 2214 2;
1477 2203 1483 2209 .
1497 2203 1504 2209 .
1516 2177 1720 2217 'rnihenffingen
1733 2183 1762 2214 3;
1781 2185 1968 2219 Treuerlingen
1978 2185 2008 2216 4;

348 2220 504 2253 Treveligen
522 2221 546 2246 5.
646 2221 676 2255 w)
700 2223 769 2248 deest
789 2223 813 2249 2.
913 2224 940 2257 ¹)
966 2244 971 2250 .
992 2244 997 2250 .
1017 2226 1111 2258 Nyfl'en
1130 2225 1158 2256 3;
1183 2227 1271 2252 Suffen
1294 2226 1318 2252 4.
1337 2227 1361 2253 5.
1467 2227 1492 2259 5)
1515 2227 1573 2253 eius
1595 2227 1658 2253 add.
1680 2227 1705 2254 4.
1726 2227 1751 2253 5.
1850 2226 1874 2259 ι”)
1896 2237 1971 2261 ΟΡΘΥΘ
1988 2235 2009 2255 4·

349 2262 372 2293 ³)
393 2264 522 2288 exercitati
540 2264 569 2295 43
594 2266 681 2290 exitati
700 2265 724 2291 5.
824 2266 848 2298 b)
868 2276 920 2293 eos
950 2269 1012 2294 add.
1033 2269 1056 2294 1.
1154 2269 1176 2301 c)
1194 2270 1320 2295 retinebat
1342 2269 1371 2300 2,·
1401 2270 1527 2296 renuebat
1547 2269 1572 2296 4.
1585 2270 1610 2296 5.
1707 2269 1733 2303 d)
1751 2279 1782 2296 ac
1798 2279 1866 2296 corr.
1883 2279 1915 2297 eoe
1930 2273 1964 2298 ad
1981 2271 2010 2302 3;

350 2308 375 2329 et
392 2303 416 2332 4.
430 2305 454 2330 5.
534 2306 556 2338 e)
576 2308 760 2334 Mediolanens.
780 2309 804 2335 3.
817 2310 844 2341 53
869 2311 1010 2336 Mediolani
1029 2311 1053 2337 4.
1128 2311 1148 2344 f)
1168 2321 1257 2346 parare
1279 2312 1304 2338 2.
1317 2312 1341 2338 3.
1354 2312 1379 2338 4.
1392 2313 1417 2339 5.
1510 2313 1536 2345 8)
1556 2314 1623 2339 deest
1646 2313 1671 2339 4.
1683 2313 1709 2339 5.
1797 2312 1824 2346 h)
1842 2315 1908 2348 prof.
1920 2323 1967 2341 sue
1984 2315 2009 2343 5.
2027 2323 2054 2342 ω

348 2345 368 2378 i)
387 2347 463 2373 immo
482 2348 506 2374 4.
588 2349 614 2382 k)
633 2351 659 2375 in
684 2352 745 2377 add.
758 2352 783 2378 4.
802 2352 826 2379 5.
909 2352 928 2386 ¹)
946 2363 1013 2379 nova
1038 2355 1107 2380 linea
1127 2356 1154 2386 1;
1181 2356 1281 2389 siquam
1295 2356 1462 2389 paraqraphi
1480 2355 1510 2388 2;
1537 2357 1591 2382 eine
1613 2358 1685 2390 ,cismo
1704 2357 1728 2383 3.
1821 2359 1855 2391 ΙΙΙ)
1873 2359 1929 2392 ipse
1946 2358 1971 2384 4.
1983 2360 2009 2385 5.

349 2388 375 2421 ¹¹)
395 2393 502 2416 actenus
515 2390 537 2415 4-
626 2396 649 2421 ⁰)
670 2394 709 2419 ius
727 2403 808 2428 comp.
822 2395 846 2421 4.
860 2396 884 2422 5.
972 2396 997 2429 P)
1019 2398 1077 2423 iura
1095 2399 1156 2431 imp.
1170 2399 1223 2424 dee.
1236 2398 1260 2424 5.
1349 2399 1374 2430 11)
1393 2400 1470 2425 feuda
1481 2399 1507 2426 4.
1519 2400 1543 2426 5.
1632 2400 1653 2432 ¹)
1672 2405 1766 2427 cuneta
1782 2401 1807 2427 4.
1821 2400 1845 2427 5.
1932 2401 1954 2433 ⁸)
1972 2402 2010 2426 in-

349 2432 416 2457 iuria
443 2433 465 2457 1.
479 2433 503 2459 5.
591 2435 610 2465 t)
630 2436 698 2461 deest
716 2437 740 2462 5.
828 2438 854 2470 u)
873 2440 979 2465 affectus
999 2441 1021 2465 1.
1109 2441 1134 2473 v)
1154 2442 1217 2467 decl.
1232 2450 1271 2475 op.
1290 2441 1314 2467 4.
1327 2441 1352 2467 5.
1441 2442 1471 2475 w)
1491 2443 1597 2476 appr-ob.
1614 2442 1639 2468 5.
1727 2443 1754 2475 ¹)
1773 2445 1847 2478 regni
1869 2448 1896 2470 et
1913 2444 1966 2470 dee.
1984 2444 2010 2470 5.

349 2475 374 2505 y)
394 2475 528 2508 ipsumque
546 2476 571 2501 4.
585 2476 608 2502 5.
696 2478 718 2511 ⁷.)
737 2489 824 2513 usurp.
838 2482 886 2507 sibi
905 2482 930 2508 4.
1017 2483 1040 2516 θ’)
1059 2485 1145 2517 vulpis
1163 2484 1187 2510 4.
1202 2484 1227 2510 5.
1314 2484 1339 2517 b)
1358 2486 1438 2518 gessit
1456 2486 1480 2511 1.
1575 2486 1598 2518 c)
1616 2487 1691 2512 nobis
1708 2486 1733 2513 4.
1747 2486 1771 2513 5.
1845 2486 1870 2519 ¹³)
1892 2488 2011 2513 extermi—

350 2518 471 2543 nantibus
489 2518 512 2543 4.
583 2519 606 2551 e)
626 2523 797 2548 statuentibus
810 2523 833 2549 5.
905 2524 925 2556 ί)
944 2526 1153 2552 discucienda—
1164 2528 1258 2553 siciens
1276 2528 1426 2554 exciderunt
1443 2528 1468 2554 3.
1541 2528 1567 2562 Β)
1585 2530 1724 2556 statuenda
1737 2529 1767 2562 4;
1785 2531 1817 2556 de
1836 2531 1972 2556 statuendn
1985 2530 2010 2556 5.
2028 2537 2054 2557 45

350 2558 376 2591 11)
396 2561 498 2586 scitiens
516 2561 540 2586 4.
620 2562 639 2596 i)
657 2564 724 2589 deest
733 2565 757 2590 4.
836 2566 862 2598 k)
882 2569 1009 2600 appetitos
1028 2568 1052 2594 2.
1065 2568 1093 2599 3;
1113 2574 1138 2595 et
1157 2570 1218 2595 add.
1232 2569 1257 2595 5.
1326 2570 1346 2603 ¹)
1365 2572 1494 2604 cogitatus
1512 2572 1575 2598 add.
1590 2572 1615 2598 5.
1686 2573 1719 2605 ¹¹¹)
1737 2581 1805 2598 nova
1817 2573 1888 2598 linea
1899 2573 1924 2598 Δ
1935 2572 2011 2599 1-3.

352 2601 392 2635 Cf.
402 2611 463 2635 pay.
477 2605 521 2628 723
534 2604 578 2629 lin.
588 2608 645 2637 5sq.
704 2608 728 2639 ¹¹)
748 2610 843 2634 sufficit
861 2610 885 2634 A
896 2610 920 2636 4.
930 2610 954 2636 5.
1015 2611 1039 2644 ⁰)
1058 2612 1126 2637 deest
1144 2612 1169 2637 A
1180 2612 1204 2638 1.
1264 2613 1289 2645 P)
1307 2622 1339 2639 ac
1358 2614 1382 2638 A
1396 2614 1420 2639 4.
1432 2614 1456 2640 5.
1517 2614 1542 2646 11)
1561 2615 1630 2640 deest
1647 2615 1673 2640 A
1685 2615 1707 2641 1.
1717 2615 1742 2642 4.
1755 2615 1780 2641 5.
1839 2615 1861 2648 Ι)
1880 2617 2011 2643 destruere

351 2644 375 2668 A
390 2645 412 2670 1.
426 2644 450 2670 2.
469 2646 494 2670 Β
506 2645 535 2675 2;
559 2647 673 2674 desevire
699 2658 766 2676 corr.
785 2660 861 2684 super
879 2654 1010 2680 destruere
1029 2655 1102 2681 delet.
1122 2657 1145 2680 A
1159 2655 1190 2685 3,·
1212 2657 1342 2683 deseruire
1364 2657 1390 2682 B
1404 2657 1427 2682 1.
1525 2659 1546 2690 ⁸)
1565 2658 1633 2684 deest
1651 2659 1719 2690 2113
1741 2660 1769 2684 in
1788 2659 1851 2684 add.
1872 2659 1897 2684 A
1911 2659 1935 2685 1.
1947 2659 1972 2685 4.
1985 2659 2011 2685 5.

454 2719 479 2750 1)
501 2718 598 2746 Mateh.
618 2725 655 2754 10,
668 2724 708 2748 34.
802 2725 829 2757 2)
854 2725 938 2752 Varia
956 2726 1037 2753 huius
1058 2728 1204 2756 Tractatus
1226 2729 1257 2756 de
1270 2733 1432 2764 paupertate
1451 2730 1582 2757 altissima
1606 2730 1750 2757 enuntiata
1767 2730 1932 2758 concordare
1951 2738 2011 2758 cum

352 2760 538 2793 Amellatv‘o‘ne
556 2761 752 2798 Bonaymtiae,
773 2766 979 2799 Quaestionibus
998 2770 1073 2797 Petri
1090 2771 1167 2804 olivi,
1191 2772 1321 2800 Tractatu
1339 2773 1372 2800 de
1389 2773 1519 2800 altissima
1536 2775 1702 2807 paupertate
1718 2773 1841 2800 Ubertim'
1858 2773 1891 2800 de
1910 2773 2012 2806 Casuli,
2031 2777 2057 2796 ⁵0

349 2802 480 2828 evicerunt
495 2803 531 2829 K.
543 2803 641 2831 Maller
652 2806 717 2832 ‘Der
725 2807 835 2841 Kampf
843 2810 975 2846 Isudwiys
986 2812 1029 2839 des
1041 2813 1162 2841 Baiern'
1175 2814 1200 2848 I,
1214 2818 1270 2848 360,
1290 2816 1319 2842 F
1318 2824 1339 2843 r.
1350 2816 1436 2843 Ehrle
1447 2815 1555 2843 ‘Archiv
1566 2815 1615 2848 fiir
1625 2815 1794 2843 atteratur·
1806 2816 1866 2843 rmd
1875 2816 2013 2843 Kirchen-
