2158 3138
272 190 312 220 64
713 182 930 211 TRACTATUS
948 183 995 209 DE
1013 181 1227 209 ELECTIONE.
1264 181 1338 208 1314.
1373 181 1423 208 Nr.
1435 181 1476 207 65.

272 275 418 305 custodie
454 271 609 303 Everardi
644 271 720 302 dicti
753 270 918 301 Brennere
953 279 1035 300 nunc
1070 268 1237 300 castellani
1271 267 1367 298 castri
1396 267 1428 298 in
1456 265 1566 307 Cfib'e,
1595 266 1636 298 de
1671 270 1825 308 quo'nos
1853 277 1926 298 cum

273 325 451 357 reverendo
475 327 567 366 patre
591 322 736 364 predicto
761 321 983 359 convenimus,
1007 320 1058 351 vel
1082 319 1237 351 Richardi
1261 319 1301 350 de
1326 318 1599 349 Schonenbourch
1622 318 1749 358 militis,
1772 319 1800 350 si
1823 317 1927 350 dictus

272 377 456 408 Everardus
485 375 598 407 haberi
625 385 689 405 non
716 373 832 414 possit,
861 372 981 402 dictum
1011 374 1150 402 castrum
1181 370 1222 402 de
1247 369 1338 401 Cfibe
1362 380 1434 401 cum
1458 370 1527 401 eius
1550 369 1670 411 oppido
1694 373 1728 401 et
1749 370 1928 402 attinentiis

272 428 427 460 universis
455 427 700 458 committemus.
750 424 821 454 Hiis
844 423 946 464 pactis
970 426 1002 454 et
1026 422 1281 461 condicionibus,
1309 421 1396 463 quod
1425 422 1452 452 si
1483 432 1542 452 nos
1568 422 1602 453 in
1629 421 1760 453 defectu
1783 431 1928 453 essemus

273 479 419 520 predicto
443 477 685 518 archiepiscopo
710 474 909 515 adimplendi
933 477 966 505 et
989 473 1183 505 observandi
1206 473 1332 514 singula
1361 474 1518 514 premissa
1543 473 1593 505 vel
1621 473 1730 515 aliqua
1753 474 1927 515 premisso-

274 541 354 570 rum,
378 533 413 561 ut
436 529 581 570 superius
606 531 654 558 est
678 529 887 564 conventum,
908 525 998 556 idem
1023 528 1162 556 castrum
1186 524 1371 556 custodiens
1394 525 1499 566 ipsum
1522 524 1626 556 libere
1649 524 1691 556 ad
1714 535 1827 556 manus
1851 524 1929 556 dicti

275 580 506 622 archiepiscopi
531 589 588 609 suo
613 581 646 608 et
669 577 806 608 ecclesie
831 586 888 607 sue
911 576 1041 607 nomine
1064 587 1122 607 seu
1145 575 1280 607 alicuius
1306 575 1347 607 de
1371 575 1440 607 eius
1457 579 1545 607 certo
1561 575 1714 607 mandato
1739 580 1772 608 et
1795 576 1929 618 speciali

273 644 333 674 per
368 643 441 663 eum
477 630 516 662 ad
551 630 612 660 hoc
647 627 825 670 deputandi
859 628 952 659 titulo
987 628 1130 669 pignoris
1162 637 1221 659 seu
1252 627 1413 669 ypothecc
1443 627 1617 659 tenendum
1643 630 1676 659 et
1697 627 1928 670 possidendum

273 683 449 724 assignabit
482 692 554 712 cum
589 680 746 711 universis
781 683 813 711 et
845 679 978 721 singulis
1011 679 1135 710 iuribus
1166 683 1199 711 et
1226 679 1427 720 pertinentiis
1456 679 1535 721 suis,
1566 690 1733 721 quousque
1761 680 1869 711 omnia
1896 682 1930 712 et

273 735 397 776 singula
421 734 568 774 superius
591 734 742 763 contenta
766 732 933 762 extiterint
955 730 1158 772 integraliter
1173 730 1362 772 adimpleta,
1378 730 1596 773 percipiendis
1611 731 1644 762 in
1660 734 1780 762 sortem
1796 732 1928 763 minime

274 785 507 827 computandis.
1498 781 1501 783 ’

382 839 410 867 3.
447 835 552 877 Super
581 835 696 876 quibus
724 834 871 866 omnibus
902 837 935 866 et
962 834 1095 875 singulis
1125 833 1335 866 observandis
1365 836 1399 865 et
1420 833 1556 865 firmiter
1577 833 1793 876 adimplendis
1815 835 1930 867 tactis*

272 888 483 920 sacrosanctis
514 887 700 928 ewangeliis
727 886 943 917 iuramentum
975 886 1175 927 prestitimus
1203 888 1236 917 et
1262 888 1444 927 prestamus
1475 885 1582 917 eidem
1614 886 1794 918 reverendo
1825 887 1930 929 patri*

272 939 347 983 [et]b
381 939 603 970 constituimus
630 937 836 969 fideiussores
865 941 898 968 et
928 937 1108 978 quemlibet
1139 947 1251 968 eorum
1283 937 1314 968 in
1347 937 1500 977 solidum,
1528 937 1680 969 videlicet
1708 938 1928 970 venerabilem

272 995 398 1033 patrem
422 991 587 1022 dominum
610 989 798 1031 Philippum
823 990 1011 1030 episcopum
1028 989 1256 1031 Eystetensem
1279 999 1404 1020 necnon
1425 989 1619 1030 spectabiles
1643 993 1676 1021 et
1698 989 1822 1021 nobiles
1844 990 1930 1021 viros

273 1042 458 1075 Conradum
482 1042 522 1072 de
545 1041 718 1080 Hoiquch,
741 1040 907 1072 Andream
933 1041 973 1072 de
997 1040 1222 1078 Praunecken,
1246 1041 1390 1072 Ulricum
1413 1041 1629 1082 lantgravium
1657 1041 1697 1073 de
1721 1041 1928 1084 Lukenberg‚

245 1105 247 1107 ’
272 1093 486 1127 Bertholdum
524 1093 674 1124 comitem
714 1092 754 1123 de
791 1092 928 1133 Niffenc,
970 1092 1170 1124 Fridericum
1206 1093 1357 1123 comitem
1396 1092 1437 1124 de
1477 1093 1679 1134 Truending‚
1715 1092 1930 1125 Bertholdum

274 1147 425 1178 comitem
451 1144 491 1176 de
517 1144 706 1186 Greispach,
732 1143 915 1175 conradum
940 1144 981 1175 de
1005 1143 1221 1185 Sluzzelberg,
1246 1143 1456 1175 Gebhardum
1482 1144 1522 1175 de
1538 1144 1763 1188 Prounecken‚
1778 1144 1930 1176 Ludowi-

276 1209 347 1230 cum
380 1200 412 1228 et
445 1196 667 1227 Hermannum
698 1195 796 1227 duces
826 1195 868 1227 de
892 1195 1034 1236 Tecked,
1057 1195 1284 1227 Eberhardum
1308 1195 1349 1226 de
1372 1195 1541 1238 Pruiberg,
1565 1195 1788 1227 Hermannum
1811 1206 1931 1238 prepo-

271 1251 366 1280 situm
390 1248 497 1279 Sancti
515 1247 668 1278 Germani
691 1247 722 1277 in
747 1246 852 1288 Spira,
876 1246 1111 1278 Bernardumd·
1137 1246 1177 1278 de
1201 1246 1425 1288 Stralenberg,
1449 1246 1620 1279 Albertum
1643 1247 1864 1279 Humblonem
1888 1247 1930 1280 de

274 1300 503 1341 Lichtenberg,
520 1299 720 1330 Willelmum
751 1298 792 1330 de
816 1299 1064 1339 Frankenstein,
1088 1297 1331 1339 Engelhardum
1355 1298 1396 1330 de
1413 1298 1624 1340 winsperch,
1651 1299 1822 1331 Albertum
1845 1309 1931 1331 mar-

273 1353 435 1384 schalcum
459 1354 601 1382 nostrum
626 1351 826 1391 superiorem
850 1350 883 1381 in
899 1351 1059 1387 Bawaria,
1076 1349 1261 1381 Gotfridum
1282 1349 1324 1381 de
1340 1349 1526 1391 Woffstein,
1543 1349 1727 1382 conradum
1744 1350 1931 1392 pincernam

274 1405 313 1436 de
336 1402 556 1442 Richenecke,
579 1402 757 1433 Henricum
782 1401 823 1433 de
848 1401 1010 1443 Smichen,
1034 1401 1249 1433 Bertholdum
1266 1401 1448 1443 dapiferum
1470 1401 1510 1433 de
1527 1401 1700 1443 Chulletal,
1716 1402 1930 1434 Bertholdum

273 1456 313 1487 de
338 1454 464 1493 Straze,
495 1454 672 1485 Henricum
704 1453 744 1485 de
774 1453 1064 1494 Swarzenbourch,
1094 1453 1273 1485 Henricum
1303 1453 1343 1485 de
1366 1453 1564 1495 Ysoltzried,
1587 1453 1732 1485 Ulricum
1755 1454 1796 1486 de
1819 1453 1930 1494 Porta,

272 1506 473 1537 Willelmum
519 1505 754 1536 marschalcum
802 1505 842 1536 de
882 1504 1102 1545 Piberbaehe,
1145 1505 1323 1536 Henricum
1361 1504 1595 1536 marschalcum
1633 1505 1674 1536 de
1711 1505 1930 1547 Pochsberch‚

271 1558 449 1590 Henricum
478 1557 518 1588 de
547 1556 705 1588 Erenvelz
736 1560 768 1588 et
791 1557 992 1598 Wigelinum
1023 1557 1063 1588 de
1094 1556 1277 1588 Truosnith.
1327 1556 1399 1588 Hiis
1430 1557 1533 1598 pactis
1564 1561 1597 1589 et
1625 1556 1865 1589 condicionibus
1898 1557 1941 1589 in‘

272 1612 342 1652 ipsa
366 1609 597 1641 constitucione
627 1608 850 1639 fideiussorum
886 1608 1022 1640 adiectis
1053 1608 1094 1639 de
1117 1619 1275 1639 consensu
1298 1608 1400 1640 libero
1434 1612 1467 1640 et
1490 1619 1644 1650 expresso
1668 1609 1820 1650 ipsorum,
1845 1608 1932 1651 quod

273 1664 297 1693 si
330 1673 387 1693 nos
417 1662 450 1692 in
478 1671 568 1692 mora
596 1664 653 1691 aut
682 1660 812 1691 defectu
842 1660 1041 1702 adimplendi
1073 1660 1231 1702 premissa
1258 1670 1316 1691 seu
1339 1660 1460 1702 aliquid
1484 1661 1643 1702 ipsorum,
1668 1664 1763 1702 prout
1785 1661 1933 1702 superius

274 1717 324 1745 est
348 1723 548 1754 expressum,
574 1722 645 1743 esse
669 1712 886 1753 contingeret,
910 1712 951 1743 ad
975 1713 1183 1743 monitionem
1213 1711 1290 1742 dicti
1318 1711 1439 1743 domini
1462 1712 1670 1744 Treverensis
1693 1712 1745 1743 vel
1768 1713 1837 1744 eius
1860 1722 1932 1744 suc-

275 1765 411 1797 cessoris
429 1768 484 1795 aut
501 1764 634 1794 alterius
653 1763 829 1794 eorundem
846 1764 928 1794 infra
944 1773 1099 1803 mensem,
1117 1766 1291 1805 postquam
1310 1764 1423 1794 moniti
1440 1763 1570 1804 fuerint,
1586 1764 1619 1794 in
1634 1764 1772 1805 propriis
1787 1764 1934 1805 personis

273 1816 359 1858 apud
384 1816 618 1847 Confluentiam
644 1816 753 1846 venire
778 1815 973 1847 tenebuntur
997 1819 1030 1846 et
1052 1815 1174 1846 ibidem
1199 1815 1313 1847 domos
1336 1815 1489 1846 honestas
1519 1816 1566 1846 eis
1595 1815 1637 1846 ab
1661 1814 1777 1846 eodem
1802 1815 1933 1847 domino

274 1868 466 1899 Treverensi
499 1867 551 1898 vel
586 1868 653 1898 eius
688 1867 864 1898 successori
899 1878 957 1898 seu
992 1867 1126 1898 alterius
1162 1877 1274 1899 eorum
1310 1871 1399 1899 certo
1423 1867 1538 1898 nuncio
1566 1866 1776 1908 assignandas
1802 1867 1932 1908 intrare,

274 1920 446 1961 prisionem
476 1929 533 1950 seu
557 1918 758 1949 obsidionem
790 1919 949 1950 servaturi
978 1919 1069 1950 iuxta
1093 1919 1356 1950 consuetudinem
1382 1918 1493 1960 oppidi
1517 1917 1720 1949 Confluentie
1746 1928 1806 1950 nec
1829 1918 1870 1950 ab
1893 1929 1933 1950 eo

275 1971 446 2010 recessuri,
483 1980 649 2011 quousque
685 1970 792 2001 omnia
827 1973 859 2001 et
893 1969 1019 2011 singula
1055 1970 1201 2011 superius
1239 1980 1394 2011 expressa
1429 1969 1534 2001 eidem
1573 1969 1704 2001 domino
1742 1969 1934 2002 Treverensi

272 2023 402 2053 nomine
427 2022 496 2053 eius
520 2025 553 2053 et
577 2022 713 2053 ecclesie
737 2031 794 2052 sue
811 2032 850 2052 ac
867 2021 1121 2053 consiliariorum
1138 2021 1374 2053 antedictorum
1393 2021 1594 2063 integraliter
1610 2020 1728 2052 fuerint
1742 2021 1931 2062 adimpleta.

274 2074 420 2115 Excepto
452 2073 629 2104 reverendo
660 2077 751 2114 patre
788 2074 942 2114 episcopo
976 2073 1161 2114 Eystetensi
1193 2072 1358 2114 predicto,
1395 2073 1449 2114 qui
1483 2083 1541 2114 pro
1577 2074 1645 2104 eius
1679 2082 1817 2114 persona
1851 2071 1932 2103 duos

274 2126 392 2157 milites
424 2125 597 2166 prisionem
626 2135 682 2156 seu
710 2125 911 2156 obsidionem
944 2135 1016 2156 cum
1045 2125 1116 2155 aliis
1144 2125 1261 2156 nostris
1288 2124 1530 2156 fideiussoribus
1559 2126 1742 2155 servaturos
1769 2123 1933 2154 destinare

275 2177 452 2217 tenebitur,
488 2180 584 2217 prout
618 2177 765 2217 superius
800 2180 849 2208 est
884 2187 1083 2217 expressum.
1129 2176 1362 2208 Promittentes
1397 2177 1511 2217 etiam,
1547 2176 1572 2207 si
1605 2186 1703 2207 unum
1738 2175 1790 2206 vel
1824 2175 1933 2217 plures

276 2228 434 2259 dictorum
461 2227 685 2258 fideiussorum
709 2232 889 2270 nostrorum
915 2231 989 2259 ante
1018 2238 1127 2259 eorum
1158 2228 1387 2259 liberacionem
1417 2227 1578 2259 decedere
1606 2227 1822 2269 contingeret,
1846 2225 1933 2268 quod

275 2279 358 2310 infra
389 2279 469 2310 duos
497 2289 625 2310 menses
656 2290 675 2310 a
704 2282 852 2320 tempore
882 2279 987 2310 obitus
1019 2279 1206 2311 decedentis
1229 2279 1282 2311 vel
1306 2278 1533 2311 decedentium
1557 2278 1629 2310 loco
1653 2279 1722 2310 eius
1744 2278 1797 2309 vel
1821 2288 1932 2309 eorum

277 2341 360 2372 eque
385 2330 502 2372 bonum
526 2330 578 2361 vel
602 2341 684 2372 eque
708 2330 810 2361 bonos
834 2330 1074 2362 substituemus.

385 2385 414 2413 4.
449 2381 491 2413 Et
514 2392 572 2412 nos
596 2381 762 2413 conradus
787 2385 847 2413 etc.
871 2382 912 2413 ad
937 2383 1179 2424 requisitionem
1204 2383 1323 2414 domini
1347 2382 1543 2423 Lud(ewici)
1565 2381 1654 2413 ducis
1677 2381 1830 2412 antedicti
1855 2391 1934 2422 erga

276 2433 489 2465 reverendum
520 2436 646 2474 patrem
679 2433 842 2464 dominum
871 2433 1097 2465 Baldewinum
1122 2434 1328 2466 Trevirorum
1356 2434 1633 2475 archiepiscopum
1657 2443 1715 2464 suo
1739 2436 1772 2464 et
1795 2431 1933 2463 ecclesie

276 2496 333 2516 sue
368 2485 496 2515 nomine
531 2495 589 2526 pro
625 2485 710 2516 dicto
741 2485 871 2517 domino
896 2510 927 2517 ..
953 2486 1036 2517 duce
1063 2486 1278 2518 fideiubemus
1312 2496 1350 2517 ac
1385 2497 1442 2517 nos
1470 2485 1677 2516 fideiussores
1711 2483 1934 2523 constituimus

276 2535 381 2566 modis
416 2539 448 2567 et
481 2535 721 2567 condicionibus
759 2537 965 2578 supradictis,
1000 2537 1153 2568 videlicet
1188 2537 1273 2579 quod
1309 2538 1335 2568 si
1368 2537 1455 2568 idem
1490 2537 1556 2567 dux
1586 2537 1619 2567 in
1646 2546 1738 2567 mora
1766 2537 1852 2566 esset
1878 2538 1934 2565 aut

278 2586 407 2618 defectu
436 2586 635 2628 adimplendi
665 2589 821 2629 premissa
849 2593 905 2620 aut
929 2589 1052 2631 aliquid
1081 2590 1326 2631 premissorum,
1356 2599 1415 2620 nos
1446 2591 1479 2619 et
1506 2587 1641 2629 quilibet
1668 2589 1810 2619 nostrum
1840 2586 1934 2617 tactis

278 2640 488 2670 sacrosanctis
520 2640 705 2680 ewangeliis
736 2641 952 2681 promittimus
981 2644 1014 2672 et
1042 2641 1200 2680 iuramus,
1233 2639 1319 2681 quod
1348 2640 1390 2670 ad
1418 2640 1626 2671 monitionem
1651 2638 1788 2680 predicti
1813 2637 1932 2668 domini

277 2690 457 2721 Baldewini
477 2690 681 2722 Trevirorum
697 2692 931 2733 archiepiscopi
954 2691 1006 2723 vel
1030 2692 1099 2722 eius
1115 2692 1308 2722 successoris
1325 2694 1381 2722 aut
1402 2691 1589 2722 mandatum
1607 2690 1738 2721 alterius
1756 2688 1931 2720 eorundem

381 2758 428 2785 65.
456 2760 479 2791 Β)
498 2761 575 2785 tactis
587 2774 616 2777 —
628 2763 692 2793 patri
715 2762 871 2794 interpolata
894 2769 946 2786 esse
967 2761 1086 2786 videntur
1105 2769 1126 2786 c.
1231 2759 1256 2792 b)
1275 2761 1343 2786 deest
1361 2769 1382 2786 c.
1489 2760 1511 2792 ⁰)
1530 2760 1625 2785 Nufferx
1643 2767 1664 2784 c.
1770 2757 1894 2790 d)='rick0
1912 2766 1933 2783 c.

277 2801 316 2835 d¹)
335 2802 370 2827 sic
389 2811 410 2828 c.
498 2803 520 2835 ⁸)
539 2804 719 2829 PIkeichwach
738 2814 758 2830 c.

1948 742 1974 764 1⁰

1950 1000 1974 1022 15

1950 2031 1976 2051 ³5

1951 2546 1979 2566 45

1953 2806 1980 2825 50
