2184 3126
325 181 387 210 690

326 273 479 304 meosque
517 261 738 303 suffraganeos
776 269 796 290 a
832 258 909 290 sede
946 256 1125 298 apostolica

326 314 503 346 destinatas
523 312 654 354 ylariter
676 314 708 342 et
725 310 840 342 devote
857 309 975 350 recepi,
999 307 1124 339 duobus

325 376 366 397 ex
403 365 480 407 ipsis
517 363 726 405 suffraganeis
763 361 915 392 videlicet
947 383 954 390 .
976 384 983 390 .
1011 358 1122 390 Nuen-

324 415 500 458 burgen(si)
531 418 564 446 et
592 438 623 445 ..
649 411 937 453 Merseburgen(si)
963 410 1121 452 presenti-

325 468 396 507 bus,
427 477 509 498 anno
537 465 667 497 Domini
695 464 864 495 millesimo
893 461 1121 501 COOXXIIH,

324 518 435 550 XIIII.
457 517 571 548 Kalen.
602 516 705 557 April.
764 515 802 545 In
840 513 954 555 quibus
991 512 1121 554 quidem

324 569 438 600 litteris
462 567 611 599 salutatio
634 576 723 598 more
740 566 834 597 solito
850 564 1047 606 premittitur
1062 562 1121 594 sub

323 619 382 651 hac
419 619 535 650 forma:

385 670 564 701 ‘Iohannes
602 668 772 710 episcopus
810 677 920 699 servus
957 676 1122 698 servorum

324 721 387 753 Dei
509 719 686 751 venerabili
735 718 827 750 fratri
877 742 884 749 .
910 742 916 749 .
962 717 1122 758 archiepi-

325 783 422 814 scopo
451 771 749 813 Magdeburgen(si)
782 771 915 811 eiusque
945 794 951 800 .
973 792 981 800 .
1009 768 1122 800 suffra-

323 824 435 866 ganeis
523 823 659 854 salutem
684 825 716 854 et
739 821 950 863 apostolicam
971 820 1122 853 benedic—

322 876 453 907 tionem.

386 926 499 968 Nuper
521 928 632 957 contra
655 924 708 956 dil.
725 925 768 956 fil.
791 924 997 966 magnificum
1020 924 1123 954 virum

326 976 537 1009 Liidewicum
561 977 675 1008 ducem
697 976 845 1007 Bawarie
869 974 965 1007 etc.'²

390 1029 433 1060 Et
449 1028 566 1060 deinde
583 1028 751 1059 scribiturss
763 1030 850 1059 totus
865 1030 957 1059 tenor
973 1027 1013 1058 de
1026 1026 1125 1058 verbo

323 1080 365 1112 ad
401 1080 534 1112 verbum
563 1090 730 1121 processus
759 1080 855 1110 vestri
885 1089 988 1120 nuper
1015 1082 1127 1110 contra

326 1132 428 1162 virum
474 1131 630 1162 illustrem
680 1130 844 1161 dominum
889 1129 1125 1171 Lfifflewioum)

326 1183 441 1214 ducem
475 1183 622 1214 Bawarie
660 1182 692 1212 in
730 1192 840 1223 regem
878 1181 1126 1222 Roman(orum)

326 1233 516 1266 discorditer
539 1234 677 1265 electum
702 1233 778 1264 facti
794 1236 827 1264 et
850 1232 952 1264 habiti
968 1233 1025 1264 sub
1050 1233 1126 1264 data

323 1285 508 1316 VHI.Ydus
520 1285 651 1316 Octobr.
682 1284 786 1321 Quem
797 1284 927 1326 quidem
940 1294 1125 1326 processum

324 1336 446 1368 credidi
478 1347 541 1367 non
569 1336 637 1367 fore
665 1337 881 1368 necessarium
909 1336 1025 1368 litteris
1051 1346 1125 1378 pre-

326 1388 468 1420 sentibus
484 1387 626 1419 totaliter
641 1387 855 1419 inserendum.
893 1388 930 1419 In
943 1388 1006 1419 fine
1019 1392 1126 1420 tamen

327 1440 505 1470 litterarum
522 1439 768 1480 apostolicarum
785 1439 973 1471 mandatum
985 1443 1125 1472 vestrum

330 1491 369 1522 de
393 1501 475 1522 novo
499 1490 682 1532 adiungitur
705 1490 763 1521 sub
787 1491 845 1522 tali
867 1494 991 1523 tenore:

390 1541 559 1578 ‘Quocirca
576 1541 768 1573 fraternitati
784 1545 890 1573 vestre
913 1563 954 1566 —
970 1542 1046 1574 VII.
1063 1543 1125 1574 Yd.

328 1593 470 1625 Octobr?
501 1603 600 1632 supra
618 1603 691 1633 pay.
709 1593 771 1624 621
794 1593 849 1625 lin.
862 1594 942 1624 22-
950 1594 992 1625 30
1007 1595 1067 1634 (ad
1081 1596 1125 1635 2).

390 1647 419 1675 2.
443 1644 513 1686 Ego
529 1655 606 1676 vero
630 1647 794 1686 tamquam
818 1645 901 1676 filius
917 1645 1072 1678 obediens
1094 1649 1127 1678 et

327 1696 462 1727 devotus
492 1699 598 1728 vestra
631 1696 784 1728 mandata
819 1696 1007 1729 desiderans
1040 1699 1126 1730 omni

328 1747 497 1779 devotione
515 1758 552 1779 ac
564 1748 816 1789 promptitudine
827 1748 937 1780 debita
947 1749 1126 1791 adimplere

327 1809 366 1830 ea
390 1809 451 1840 que
481 1802 552 1830 sunt
581 1800 613 1830 in
640 1800 766 1840 prefato
794 1811 946 1841 processu
976 1804 1127 1833 contenta

327 1850 481 1882 hactenus
503 1850 642 1882 fideliter
665 1851 833 1883 observavi
862 1855 895 1883 et
920 1853 1051 1885 inantea
1073 1854 1126 1885 fir-

326 1902 422 1933 miter
452 1902 646 1942 observabo,
671 1903 813 1934 facturus
836 1915 894 1945 pro
922 1915 1018 1945 posse
1042 1916 1126 1947 meo,

326 1956 361 1983 ut
384 1954 481 1984 etiam
505 1953 546 1984 ab
570 1954 640 1985 aliis
656 1955 883 1987 inviolabiliter
906 1956 1126 1990 observentur.

326 2004 419 2040 Quod
443 2005 590 2036 similiter
612 2005 689 2037 dicti
713 2006 776 2038 duo
793 2007 986 2049 suffraganei
1009 2019 1043 2040 se
1060 2010 1127 2042 fac-

326 2059 412 2086 turos
443 2056 583 2088 fideliter
615 2057 811 2089 asserebant.
867 2058 910 2090 Et
940 2070 1128 2101 processum

327 2107 463 2138 eundem
479 2111 511 2138 et
527 2109 559 2139 in
576 2119 613 2140 eo
630 2112 781 2140 contenta
795 2110 828 2140 in
844 2111 974 2142 civitate
991 2108 1127 2149 Magde-

327 2157 423 2188 borch
447 2162 479 2189 et
502 2160 532 2190 in
557 2159 700 2200 pluribus
723 2161 803 2192 locis
827 2161 898 2193 aliis
920 2173 993 2194 mee
1017 2162 1127 2194 dioce-

328 2209 369 2239 sis
392 2210 455 2240 iam
479 2210 540 2241 feci
563 2214 595 2242 ct
610 2212 642 2242 in
658 2212 727 2243 aliis
744 2212 861 2245 faciam
879 2224 1020 2256 congrua
1036 2214 1127 2245 festi-

328 2261 440 2291 nancia
467 2261 674 2303 solempniter
701 2264 872 2305 publicari,
908 2265 950 2296 ad
979 2265 1014 2297 id
1041 2265 1126 2297 clero

329 2314 361 2342 et
395 2313 514 2352 populo
546 2313 607 2344 loci
637 2315 820 2357 cuiuslibet,
856 2317 912 2348 ubi
946 2317 1033 2349 facta
1067 2316 1128 2348 fuit

329 2361 524 2404 publicacio,
553 2366 736 2405 specialiter
759 2370 970 2411 congregatis.
1025 2368 1130 2410 Super

331 2423 393 2454 qua
425 2414 645 2454 publicatione
677 2418 741 2449 iam
775 2419 905 2452 fidelem
938 2421 1130 2452 relationem

330 2466 457 2506 suscepi
480 2466 520 2497 ab
549 2466 619 2506 hiis,
651 2469 764 2509 quibus
797 2481 855 2511 per
884 2482 936 2503 me
960 2473 1131 2503 commissa

334 2514 439 2547 fuerat
462 2517 577 2548 eadem
601 2519 779 2559 publicacio
803 2522 960 2554 facienda.

397 2569 425 2598 3.
449 2566 491 2599 Et
504 2569 576 2609 quia
588 2574 720 2611 propter
736 2582 876 2613 gwerras
892 2574 987 2606 duras
1001 2579 1033 2607 et
1046 2576 1129 2607 mul-

332 2617 468 2659 tiplices„
493 2630 554 2660 que
578 2621 641 2651 iam
666 2621 784 2654 dudum
807 2625 837 2655 in
855 2626 998 2666 partibus
1014 2629 1130 2659 nostris

567 174 664 202 ACTA
682 173 795 200 REGNI
814 170 997 198 LUDEWICI
1015 169 1063 197 IV.
1082 169 1128 196 ΕΤ
1147 168 1332 195 FRIDERICI
1350 168 1400 195 111.
1437 167 1512 195 1324.
1548 167 1598 195 Nr.
1610 167 1670 195 877.
1687 167 1747 209 878.

1178 264 1333 296 meosque
1373 253 1595 296 suffraganeos
1633 263 1653 285 a
1686 252 1764 286 sede
1801 254 1981 296 apostolica

1177 306 1355 338 destinatas
1378 305 1510 346 ylariter
1532 307 1566 336 et
1579 304 1698 336 devote
1713 306 1832 347 recepi,
1855 305 1981 338 duobus

1175 357 1329 389 videlicet
1343 355 1621 397 Nuenburgen(si)
1645 359 1679 387 et
1693 355 1980 400 Merseburgen(si)

1176 408 1336 450 episcopis
1348 407 1430 438 meis
1443 406 1655 455 suffraganeis
1666 407 1882 449 presentibus,
1894 418 1978 440 anno

1174 459 1306 491 Domini
1321 457 1588 498 MOOCXXHII,
1609 458 1722 490 XIIII.
1738 459 1854 491 Kalen.
1877 459 1980 502 April.
2011 472 2024 491 ι

1176 511 1213 541 In
1247 510 1363 552 quibus
1397 509 1528 551 quidem
1555 509 1671 542 litteris
1704 510 1856 543 salutatio
1889 522 1980 544 more

1176 561 1270 594 solito
1294 561 1491 603 premittitur
1513 561 1572 593 sub
1594 561 1657 594 hac
1680 561 1798 594 forma:

1241 612 1415 644 ‘Iohannes
1453 613 1624 655 episcopus
1665 623 1778 645 servus
1815 623 1980 646 servorum

1176 664 1240 696 Dei
1356 664 1536 696 venerabili
1568 665 1660 697 fratri
1690 690 1696 697 .
1721 689 1729 697 .
1764 665 1980 707 archiepisco-

1177 727 1219 758 po
1265 715 1568 758 Magdeburgen(si)
1628 716 1762 759 eiusque
1822 716 1981 759 suffraga-
2001 727 2027 747 ιο

1176 768 1245 800 neis
1355 767 1493 800 salutem
1524 771 1558 800 et
1587 768 1799 810 apostolicam
1827 768 1980 801 benedic-

1176 817 1318 851 tionem.²
1713 851 1715 853 .

1242 870 1285 902 Et
1301 870 1419 902 deinde
1435 871 1467 902 in
1483 870 1608 903 eisdem
1623 871 1774 904 scribitur
1788 874 1875 904 totus
1890 875 1984 904 tenor

1178 922 1218 954 de
1241 922 1341 954 verbo
1361 922 1403 953 ad
1425 922 1560 954 verbum
1575 933 1745 965 processus
1765 924 1864 956 vestri
1878 934 1983 966 nuper

1178 977 1289 1006 contra
1318 974 1422 1005 virum
1453 973 1657 1018 [illustrem]⁸
1679 975 1845 1007 dominum
1872 975 1982 1007 Lode·
2002 985 2026 1005 u

1178 1026 1294 1057 wicum
1329 1025 1446 1058 ducem
1472 1025 1622 1058 Bawarie
1655 1027 1688 1058 in
1721 1037 1834 1069 regem
1859 1026 1982 1059 Roma-

1178 1077 1320 1118 n(orum)
1344 1077 1536 1110 discorditer
1558 1077 1700 1110 electum
1723 1078 1801 1110 facti
1823 1082 1856 1110 et
1881 1078 1984 1111 habiti

1179 1128 1239 1160 sub
1256 1128 1332 1160 data
1347 1128 1543 1160 VELYdus
1560 1129 1693 1162 Octobr.
1730 1130 1836 1166 Quem
1852 1129 1985 1171 quidem

1178 1191 1366 1222 processum
1404 1180 1528 1212 credidi
1560 1191 1625 1212 non
1661 1180 1730 1213 fore
1767 1182 1984 1214 necessarium

1179 1233 1295 1264 litteris
1338 1231 1542 1274 presentibus
1580 1233 1723 1265 totaliter
1766 1232 1984 1265 inserendum.
2003 1242 2029 1263 so

1180 1285 1218 1316 In
1262 1284 1325 1316 fine
1368 1287 1477 1316 tamen
1514 1284 1695 1316 litterarum
1731 1284 1984 1327 apostolicarum

1179 1335 1368 1367 mandatum
1390 1338 1533 1368 vestrum
1556 1335 1597 1368 de
1619 1346 1703 1368 novo
1719 1335 1904 1378 adiungitur
1925 1335 1984 1368 sub

1180 1387 1238 1419 tali
1260 1390 1386 1419 tenore:

1243 1438 1415 1476 ‘Quocirca
1438 1438 1631 1471 fraternitati
1652 1442 1759 1471 vestre
1773 1458 1815 1462 —-
1831 1438 1908 1471 VH.
1921 1438 1983 1471 Yd.

1181 1490 1326 1522 Octobr?
1358 1500 1459 1531 supra
1474 1501 1552 1531 pay.
1569 1491 1631 1523 621
1647 1490 1703 1522 lin.
1717 1490 1847 1521 22-30
1862 1490 1923 1531 (ad
1938 1491 1982 1532 2).
2002 1500 2027 1522 23

1245 1648 1273 1678 2.
1298 1645 1369 1688 Ego
1386 1656 1462 1678 vero
1486 1647 1651 1687 tamquam
1667 1644 1752 1676 filius
1775 1644 1929 1678 obediens
1952 1649 1986 1678 et

1182 1697 1317 1729 devotus
1350 1700 1459 1729 vestra
1495 1697 1650 1729 mandata
1687 1696 1875 1729 desiderans
1911 1707 1984 1729 cum

1181 1749 1354 1782 devotione
1371 1759 1409 1781 ac
1425 1748 1678 1791 promptitudine
1695 1747 1805 1780 debita
1817 1748 1986 1791 adinplere
2005 1759 2031 1780 ω

1181 1812 1222 1833 ea
1250 1811 1313 1843 que
1341 1803 1415 1833 sunt
1443 1802 1476 1833 in
1499 1800 1627 1843 prefato
1653 1810 1808 1842 processu
1835 1790 1988 1832 contenta

1187 1854 1345 1885 hactenus
1373 1852 1514 1884 fideliter
1537 1852 1707 1884 observavi
1730 1855 1772 1894 et,
1784 1853 1916 1884 inantea
1937 1851 1990 1884 fir-

1182 1905 1279 1937 miter
1295 1904 1487 1944 observabo,
1513 1904 1654 1936 facturus
1669 1914 1728 1946 pro
1744 1914 1841 1946 posse
1855 1914 1940 1946 meo,
1955 1907 1992 1936 ut

1183 1957 1282 1989 etiam
1291 1956 1333 1988 ab
1342 1956 1414 1988 aliis
1423 1955 1653 1988 inviolabiliter
1661 1955 1881 1988 observentur.
1895 1955 1992 1993 Quod

1182 2009 1331 2040 similiter
1352 2008 1452 2040 iidem
1481 2007 1545 2039 duo
1569 2007 1765 2049 suffraganei
1791 2017 1826 2039 se
1850 2008 1992 2039 facturos
2010 2017 2035 2037 ιι

1182 2060 1322 2092 fideliter
1338 2059 1536 2092 asserebant.
1582 2058 1627 2090 Et
1647 2069 1835 2100 processum
1851 2058 1991 2090 eundem

1183 2115 1216 2144 et
1237 2113 1271 2143 in
1295 2122 1334 2144 eo
1358 2114 1510 2143 contenta
1533 2111 1566 2142 in
1589 2111 1719 2142 civitate
1740 2109 1992 2152 Magd(eborch)

1182 2167 1215 2195 et
1237 2163 1382 2206 pluribus
1404 2162 1484 2194 locis
1499 2162 1571 2194 aliis
1593 2171 1666 2194 mee
1683 2161 1831 2203 dyocesis
1846 2162 1912 2193 iam
1928 2161 1991 2194 feci

1181 2218 1215 2247 et
1225 2215 1258 2246 in
1270 2214 1341 2247 aliis
1353 2214 1470 2246 faciam
1486 2223 1628 2256 congrua
1643 2213 1834 2245 festinancia
1848 2213 1990 2255 solemp-

1181 2267 1265 2298 niter
1287 2266 1456 2308 publicari‚
1485 2265 1528 2297 ad
1556 2265 1590 2296 id
1617 2265 1703 2297 clero
1727 2268 1760 2297 et
1781 2265 1902 2307 populo
1925 2265 1989 2297 loci
2007 2273 2034 2294 ω

1181 2318 1361 2359 cuiuslibet,
1383 2317 1440 2350 ubi
1461 2318 1549 2349 facta
1569 2317 1630 2348 fuit
1645 2316 1838 2358 pubbcacio,
1861 2317 1988 2359 specia-

1182 2369 1258 2401 liter
1280 2370 1494 2412 congregatis.

2003 2531 2030 2551 45

1248 2579 1277 2608 3.
1301 2576 1343 2608 Et
1355 2576 1430 2618 quia
1442 2578 1576 2618 propter
1591 2585 1734 2617 gwerras
1746 2575 1842 2607 duras
1858 2571 1892 2608 et
1906 2575 1988 2607 mul-

1183 2627 1320 2670 tiplices,
1344 2638 1406 2670 que
1421 2628 1486 2660 iam
1510 2627 1632 2659 dudum
1648 2628 1680 2659 in
1703 2627 1849 2669 partibus
1872 2627 1989 2659 nostris

432 2720 499 2748 877.
528 2722 552 2754 ²)
571 2727 619 2748 etc.
630 2726 791 2751 —seribitur
809 2736 885 2760 super
903 2730 983 2755 verbis
1002 2732 1029 2756 in
1047 2739 1133 2764 regem
1152 2733 1326 2758 Romanorum
1345 2732 1496 2758 discorditer
1514 2732 1626 2758 electum
1644 2732 1732 2758 deletio
1750 2731 1784 2757 A.

432 2780 498 2807 878.
526 2782 548 2814 a)
568 2783 659 2808 excidi!
678 2784 710 2809 B.

1027 2823 1050 2839 ο
