2190 3172
298 221 360 251 322
558 218 656 245 ACTA
674 217 788 244 REGNI
806 216 992 244 LUDEWICI
1011 216 1058 245 IV.
1076 215 1123 242 ET
1143 214 1328 242 FRIDERICI
1347 214 1396 241 111.
1434 213 1509 241 1316.
1545 212 1594 240 Nr.
1607 212 1666 241 388.
1684 212 1744 240 884.

404 304 588 336 Fridericus
610 303 673 335 Dei
696 304 805 346 gracia
820 303 1041 334 Romanorum
1063 313 1122 333 rex
1144 311 1273 342 semper
1296 303 1450 342 augustus
1536 300 1693 332 universis
1715 300 1798 331 sacri
1813 299 1953 332 Romani

296 357 424 398 imperii
446 356 596 387 fidelibus
619 358 785 397 presentes
808 354 932 386 litteras
954 354 1144 395 inspecturis
1232 353 1374 394 graciam
1397 362 1488 383 suam
1512 355 1545 383 et
1568 361 1662 383 omne
1686 351 1817 383 bonum.

406 409 450 448 (1)
475 407 609 448 Regalis
633 406 772 448 dignitas
795 405 891 437 laude
916 405 1086 436 decoratur
1110 407 1143 435 et
1165 404 1278 445 gloria,
1302 403 1379 434 dum
1400 402 1617 434 subiectorum
1634 402 1779 434 comodis
1797 402 1952 444 invigilat,

297 469 432 500 quorum
466 461 545 489 nutu
576 458 682 488 divino
713 457 812 488 tutele
848 459 881 488 et
909 456 1057 498 regimini
1092 458 1141 487 est
1167 455 1322 496 prefecta.
1372 453 1588 485 Attendentes
1617 454 1742 496 itaque,
1777 453 1864 495 quod
1895 454 1954 485 viri

294 509 471 551 xprudentes
487 510 573 541 cives
590 508 700 550 oppidi
723 509 755 539 in
771 507 960 549 Grflningen
982 507 1074 538 nobis
1097 510 1130 538 et
1144 507 1280 547 imperio
1297 506 1486 547 pertinentis
1508 506 1617 537 multis
1639 506 1738 547 lapsis
1754 505 1955 547 temporibus
1985 516 1997 536 s

297 561 450 603 gravibus
473 561 620 592 laborum
653 563 686 591 et
709 569 925 600 expensarum
948 559 1098 590 oneribus
1130 558 1171 589 ob
1199 558 1276 589 fidei
1305 561 1338 589 et
1366 558 1551 589 devocionis
1573 557 1821 599 plenitudinem,
1858 566 1955 598 quam

297 612 453 644 tenebant
480 611 522 643 ad
548 611 734 652 imperium,
769 610 881 642 afflicti
910 613 984 642 sunt
1005 610 1225 652 multipliciter
1255 613 1288 641 et
1314 609 1430 650 attriti,
1465 620 1523 650 pro
1551 609 1749 650 profectibus
1779 607 1956 640 eorundem

298 663 472 695 efficaciter
499 661 693 703 ampliandis
723 664 755 693 et
783 661 960 703 dispendiis
982 661 1118 693 sollicite
1142 661 1369 702 precavendis‚
1397 661 1502 702 ipsum
1527 660 1681 702 oppidum
1711 660 1743 691 in
1767 659 1956 701 Grfiningen

295 725 334 746 ac
358 715 459 753 cives,
482 713 604 744 incolas
627 716 661 744 et
683 712 916 744 inhabitatores
938 714 1052 754 ipsius,
1078 713 1132 754 qui
1154 723 1238 743 nunc
1261 715 1334 743 sunt
1356 712 1408 743 vel
1431 713 1561 744 inantea
1584 711 1716 753 fuerint,
1740 712 1807 743 sive
1829 710 1956 742 nobiles

295 765 348 797 vel
370 764 543 806 ignobiles,
576 764 684 795 clerici
706 764 760 795 vel
783 764 881 805 layci,
916 765 1144 806 cuiuscumque
1168 763 1364 795 condicionis
1392 767 1448 795 aut
1470 766 1572 795 status
1595 764 1749 803 existant,
1784 773 1857 794 cum
1880 772 1955 804 pos·
1976 771 1999 790 w

296 816 492 848 sessionibus
519 815 600 856 suis,
634 815 741 855 bonis,
775 814 872 846 rebus
902 817 935 846 et
957 814 1080 846 iuribus
1103 815 1259 846 universis
1289 815 1322 845 in
1342 817 1485 846 nostram
1516 818 1550 846 et
1571 814 1698 856 imperii
1721 814 1955 855 protectionem

296 867 498 908 presencium
523 877 582 907 per
605 869 752 897 tenorem
775 866 950 906 recipimus
969 865 1156 907 specialem.
1200 865 1269 896 Illis
1291 866 1426 897 firmiter
1448 865 1650 907 pollicentes,
1675 865 1762 907 quod
1785 875 1842 897 eos
1863 864 1956 896 nobis

297 921 330 949 et
358 918 494 959 imperio
525 920 683 958 perpetuo
713 916 936 958 retinebimus,
970 917 1016 948 ita
1049 917 1136 958 quod
1166 927 1227 948 nec
1257 927 1316 958 per
1346 927 1404 948 nos
1432 927 1493 949 nec
1520 927 1579 958 per
1602 927 1804 948 successores
1830 919 1956 948 nostros

296 969 385 1000 nullo
413 979 566 1010 umquam
594 971 741 1009 tempore
769 967 979 1008 vendicionis,
1013 967 1212 1006 donacionis,
1243 968 1506 1009 permutacionis,
1539 967 1786 1008 infeodacionis,
1820 969 1955 1010 pingue-

294 1020 431 1051 racionis
465 1020 518 1051 vel
551 1019 760 1051 alienacionis
795 1020 1022 1060 cuiuscumque
1056 1019 1148 1050 titulo
1177 1019 1300 1059 possint
1330 1019 1384 1050 vel
1414 1018 1556 1051 debeant
1587 1019 1628 1051 ab
1650 1020 1788 1061 imperio
1811 1019 1955 1051 alienari.
1975 1031 2000 1051 is

294 1070 389 1102 Hanc
413 1071 460 1101 eis
482 1071 625 1112 graciam
650 1080 747 1111 super
769 1070 830 1101 hiis
853 1080 1037 1100 mansuram
1061 1072 1220 1111 perpetuo
1237 1069 1441 1110 presentibus
1457 1070 1614 1102 facientes
1636 1080 1674 1102 ac
1690 1070 1846 1112 volentes,
1869 1070 1957 1112 quod

295 1124 467 1162 postquam
495 1121 536 1152 ad
564 1121 694 1161 plenum
718 1121 847 1152 liberati
862 1115 988 1151 ⁴fuerint
1020 1131 1039 1151 a
1067 1119 1166 1151 nobili
1195 1119 1264 1151 viro
1288 1118 1506 1163 Eberh(ardo)
1536 1122 1645 1153 comiti
1672 1121 1713 1153 de
1736 1121 1956 1163 Wirtenberg‚

295 1175 413 1203 extunc
430 1172 472 1202 ad
488 1171 698 1202 advocaciam
713 1170 1055 1212 Ruthelingen(sium),
1077 1170 1394 1213 Gamundien(sium)
1416 1174 1450 1202 et
1468 1172 1605 1203 aliorum
1621 1172 1766 1204 eiusdem
1783 1172 1956 1205 advocacie

294 1223 459 1263 regiminis
483 1221 625 1253 debeant
645 1225 804 1262 perpetuo
827 1222 1001 1263 pertinere.
1091 1222 1140 1263 (2)
1163 1221 1248 1253 Item
1265 1222 1481 1263 promittimus
1504 1222 1639 1263 eisdem,
1663 1223 1751 1264 quod
1778 1224 1957 1255 contentari

294 1273 442 1304 volumus
475 1273 516 1303 ab
550 1273 629 1313 ipsis
658 1273 746 1304 stura
780 1272 822 1304 ab
853 1273 987 1314 antiquo
1020 1273 1117 1304 solita
1151 1275 1184 1304 et
1210 1276 1374 1304 consueta.
1423 1273 1466 1305 Et
1501 1272 1560 1316 [ut]
1595 1273 1749 1315 oppidum
1777 1274 1958 1316 predictum
1977 1286 2003 1306 ιο

297 1323 485 1364 Grfiningen
515 1324 547 1354 in
570 1323 669 1354 muris
692 1324 773 1364 suis,
808 1323 981 1365 fortiliciis,
1016 1325 1125 1356 stratis
1147 1324 1284 1365 publicis
1307 1324 1443 1366 aliisque
1473 1324 1552 1356 locis
1575 1326 1797 1357 communitati
1827 1329 1860 1357 et
1887 1325 1960 1357 usui

293 1374 423 1416 publico
440 1374 655 1406 servientibus
678 1375 823 1415 reficere,
847 1375 972 1407 munire
996 1378 1029 1407 et
1044 1375 1173 1407 firmare
1189 1375 1330 1416 valeant,
1353 1376 1431 1417 ipsis
1451 1376 1619 1417 ungeltum
1643 1376 1755 1418 oppidi
1771 1376 1959 1419 Grfiningen

294 1426 432 1468 predicti
449 1425 598 1457 duximus
614 1426 828 1467 largiendum,
849 1426 1024 1458 theoloneo
1041 1429 1160 1468 tamen,
1186 1426 1367 1459 redditibus
1382 1428 1447 1458 vini
1469 1430 1502 1459 et
1517 1426 1670 1459 frumenti
1686 1427 1823 1469 aliisque
1839 1428 1960 1460 iuribus

293 1477 415 1509 ibidem
444 1477 537 1509 nobis
569 1480 602 1509 et
624 1477 761 1519 imperio
784 1479 967 1510 reservatis.
1012 1478 1228 1510 concedimus
1257 1479 1361 1510 eciam
1392 1478 1486 1510 dictis
1515 1479 1632 1510 nostris
1654 1479 1791 1521 civibus,
1825 1483 1861 1511 ut
1889 1479 1959 1511 iura

293 1539 352 1560 sua
374 1529 552 1571 vulgariter
575 1529 662 1560 dicta
695 1530 723 1560 ir
749 1529 836 1561 holtz
859 1529 988 1562 market
1018 1532 1151 1561 teneant
1185 1533 1218 1562 et
1240 1529 1385 1562 habeant
1413 1540 1453 1562 ea
1477 1530 1596 1569 forma,
1630 1541 1695 1572 qua
1723 1530 1781 1562 illa
1802 1531 1959 1563 hactenus
1977 1542 2002 1563 ει

294 1583 474 1612 tenuerunt.
542 1580 591 1622 (3)
607 1581 748 1612 Demum
765 1591 808 1613 ex
820 1581 961 1623 benigna
974 1581 1152 1613 clemencia
1168 1582 1200 1613 in
1212 1582 1357 1623 principe
1369 1582 1551 1624 graciarum
1565 1582 1688 1623 optima
1701 1582 1824 1614 eisdem
1837 1582 1959 1614 civibus

293 1633 325 1663 in
349 1632 536 1674 Grfiningen
560 1631 710 1663 fidelibus
732 1633 850 1664 nostris
873 1632 1000 1664 dilectis
1023 1643 1136 1664 omnes
1158 1633 1337 1674 libertates,
1361 1634 1498 1674 gracias,
1521 1633 1591 1664 iura
1614 1636 1648 1664 et
1670 1633 1771 1667 bonas
1786 1636 1957 1666 consuetu-

294 1684 395 1724 dines,
419 1684 534 1725 quibus
557 1684 657 1715 iidem
681 1685 768 1716 cives
791 1685 891 1716 nostri
920 1695 939 1716 a
963 1684 1036 1722 dive
1059 1685 1296 1717 recordacionis
1319 1685 1570 1726 imperatoribus
1593 1688 1626 1716 et
1648 1685 1780 1727 regibus
1802 1684 1958 1717 Romanis

293 1735 346 1766 vel
369 1735 440 1766 aliis
464 1734 718 1776 quibuscumque
742 1739 815 1767 sunt
838 1737 954 1778 gavisi,
986 1737 1144 1778 presentis
1168 1736 1279 1778 scripti
1301 1736 1480 1777 patrocinio
1511 1747 1553 1768 ex
1575 1739 1665 1768 certa
1687 1739 1797 1768 nostra
1818 1737 1957 1768 sciencia

293 1786 471 1818 liberaliter
487 1786 723 1827 confirmamus,
748 1787 966 1829 approbamus
990 1790 1023 1819 et
1039 1788 1142 1819 eciam
1160 1788 1359 1819 innovamus.
1448 1787 1537 1819 Nulli
1553 1797 1631 1829 ergo
1648 1788 1776 1819 omnino
1792 1787 1956 1820 hominum
1975 1800 2002 1820 ao

294 1837 391 1869 liceat
413 1837 495 1869 hanc
518 1841 627 1870 nostre
651 1839 835 1870 serenitatis
858 1839 1011 1880 paginam
1034 1839 1210 1880 infringere
1233 1839 1287 1870 vel
1311 1839 1341 1870 ei
1364 1848 1445 1869 ausu
1461 1839 1636 1870 temerario
1653 1840 1822 1870 contraire.
1863 1839 1975 1879 Quod,

294 1889 349 1930 qui
373 1888 488 1920 fecerit
503 1899 637 1930 gravem
659 1892 767 1921 nostre
784 1889 963 1921 maiestatis
981 1889 1138 1920 offensam
1161 1899 1196 1920 se
1213 1889 1339 1920 noverit
1354 1889 1534 1920 incurrisse.
1623 1889 1662 1920 In
1685 1890 1774 1921 cuius
1797 1890 1844 1921 rei
1867 1890 1958 1922 testi-

294 1940 438 1971 monium
455 1943 624 1981 presentes
647 1940 772 1972 litteras
795 1940 953 1972 conscribi
977 1943 1010 1971 et
1032 1940 1151 1982 regalis
1173 1941 1273 1971 nostri
1297 1940 1394 1981 sigilli
1410 1939 1575 1982 signaculo
1592 1941 1740 1972 iussimus
1757 1941 1956 1973 communiri.

402 2000 478 2032 Dat.
502 2001 533 2030 in
553 1999 731 2041 Schaffusa,
755 2000 796 2031 X.
812 2000 928 2031 Kalen.
951 1999 1136 2040 Decembr.,
1160 2010 1243 2031 anno
1266 2000 1397 2032 Domini
1420 2000 1591 2032 millesimo
1616 1999 1698 2032 CCC
1722 2001 1954 2043 sextodecimo,

295 2052 387 2092 regni
410 2061 486 2083 vero
510 2052 609 2082 nostri
632 2061 715 2082 anno
739 2051 892 2083 secundo.
1974 2063 1998 2082 ³⁵

749 2182 834 2218 384.
875 2181 1050 2227 Scriptum
1076 2183 1222 2218 tertium.
1329 2182 1421 2218 Nov.
1441 2183 1504 2218 25.

409 2253 569 2294 Ori'yinale
593 2254 669 2296 (or.)
702 2255 825 2286 ibidem.
878 2256 1078 2288 Contulimus
1103 2267 1170 2289 nos.
1220 2257 1369 2298 Siyillum
1399 2257 1483 2289 deest
1507 2257 1725 2300 foraminibus
1754 2258 1881 2290 relictis.
1912 2278 1955 2283 —

295 2303 358 2335 Ed.
383 2303 522 2335 Bo'hmer
545 2304 563 2336 l.
581 2315 606 2336 c.
625 2315 660 2344 p.
677 2305 741 2336 472
763 2316 813 2337 nr.
831 2306 894 2337 672
916 2307 955 2338 θῶ
979 2317 1024 2339 or.

404 2359 526 2391 Eadem
548 2370 648 2391 manu
669 2361 823 2402 scriptum
846 2372 910 2393 esse
932 2362 1059 2393 videtur
1081 2372 1119 2393 ac
1141 2372 1190 2394 nr.
1207 2363 1273 2394 382
1295 2365 1324 2394 et
1345 2363 1419 2395 383.

403 2414 550 2453 ΒόῘινηεν,
574 2415 649 2456 Req.
666 2416 780 2448 Ludw.
799 2427 833 2456 p.
851 2419 914 2448 170
937 2417 1107 2449 Friedrich
1129 2428 1178 2449 nr.
1197 2419 1247 2450 96.
1972 2434 1998 2454 ω

405 2500 476 2531 Wir
498 2500 665 2533 Fridcrich
695 2512 757 2534 von
780 2502 881 2534 Getes
908 2503 1037 2545 gnaden
1059 2503 1239 2536 Romscher
1265 2504 1367 2546 kunig
1394 2504 1457 2536 alle
1486 2506 1529 2536 zit
1560 2506 1611 2537 ein
1634 2516 1741 2538 merer
1771 2506 1828 2538 des
1851 2507 1956 2539 riches

296 2551 448 2583 enbieten
535 2563 652 2585 unsern
668 2554 823 2595 getriwen
843 2554 952 2586 lieben
975 2579 1006 2587 ..
1032 2555 1106 2587 dem
1122 2555 1329 2597 schulteizen,
1354 2580 1362 2587 .
1380 2580 1387 2588 .
1412 2556 1487 2588 dem
1510 2560 1560 2589 rat
1582 2557 1648 2589 und
1672 2582 1678 2589 .
1697 2582 1704 2589 .
1729 2557 1793 2590 den
1816 2557 1955 2601 burgern

296 2603 491 2645 gemeinlich
516 2615 578 2635 von
603 2604 790 2647 Grfiningen
878 2617 974 2638 unser
996 2607 1103 2648 gnade
1126 2607 1192 2638 und
1214 2607 1295 2639 alles
1317 2606 1385 2649 gfit.

403 2654 513 2685 Durch
537 2655 616 2686 iwer
638 2655 712 2687 bete
736 2656 801 2687 und
825 2657 924 2689 durch
947 2658 1047 2689 frides
1070 2658 1135 2689 und
1158 2661 1232 2690 nutz
1255 2659 1363 2691 willen
1386 2659 1445 2691 der
1468 2662 1532 2691 stat
1554 2670 1591 2691 ze
1608 2659 1798 2702 Graningen
1821 2660 1954 2694 erloben

296 2706 353 2737 wir
381 2705 444 2736 ach
474 2706 678 2747 gnedeclich,
714 2707 771 2739 das
800 2709 828 2740 ir
858 2709 921 2741 alle
950 2709 1002 2741 die
1031 2710 1104 2742 wile
1138 2711 1166 2742 ir
1193 2712 1239 2742 nit
1262 2711 1424 2753 erlediget
1450 2712 1513 2743 sint
1535 2712 1717 2754 gentzelich
1739 2723 1801 2744 von
1824 2724 1954 2746 unserm
1971 2713 1997 2747 43

295 2756 402 2788 lieben
428 2757 535 2788 &heim
558 2768 657 2798 grave
672 2758 870 2802 Eberh(ard)
895 2771 956 2792 von
973 2761 1192 2804 Wirtenberg,
1212 2763 1329 2803 jfirlich
1354 2764 1447 2795 einen
1463 2763 1660 2796 schulteizen
1680 2764 1794 2796 kiesen
1809 2768 1952 2807 mugent,

296 2806 358 2839 den
383 2809 440 2839 wir
455 2808 637 2850 bestetigen
661 2811 740 2851 suln,
766 2811 807 2842 ob
832 2822 867 2843 er
890 2823 948 2843 uns
964 2813 1116 2855 gevallet,
1140 2825 1204 2846 von
1227 2814 1302 2846 dem
1325 2825 1384 2846 uns
1408 2815 1491 2847 cuch
1516 2815 1568 2847 die
1588 2815 1701 2847 selben
1725 2817 1802 2847 vrist
1823 2817 1890 2848 und
1912 2818 1954 2848 zit
