2184 3126
405 216 502 245 ACTA
520 215 634 244 REGNI
653 214 838 244 LUDEWICI
856 214 905 243 IV.
923 214 969 241 ΕΤ
989 213 1172 241 mmmmm
1191 213 1242 241 111.
1278 212 1354 240 1324.
1391 211 1440 240 ΝΥ.
1453 212 1512 240 978.
1530 211 1590 239 979.
1763 213 1826 245 819

168 302 252 335 niter
275 303 427 346 exposuit
448 303 481 335 in
502 306 651 335 materna
672 301 791 345 lingwa
811 305 845 334 et
866 301 1013 334 similiter
1028 301 1185 343 precepit,
1208 304 1244 332 ut
1266 300 1328 343 ipsi
1343 299 1502 332 contentis
1525 299 1557 331 in
1573 298 1696 331 eisdem
1713 299 1828 331 litteris

169 354 335 387 humiliter
357 354 527 387 obedirent
549 364 653 395 eaque
676 356 826 387 tenerent
848 356 881 385 et
904 353 1124 385 observarent.

277 406 397 438 Actum
419 416 503 438 anno
517 405 660 447 Domini,
682 405 867 446 indictione,
890 414 1013 445 mense,
1036 404 1089 437 die
1113 406 1146 436 et
1168 403 1248 436 hora
1263 403 1427 446 predictis,
1451 401 1656 445 presentibus
1670 402 1747 434 viris
1763 401 1827 433 dis-

170 457 266 489 cretis
282 456 420 489 dominis
442 456 663 489 sacerdotibus
678 456 820 489 Henrico
844 455 1021 488 celebranti
1044 454 1203 498 capellam
1219 464 1320 497 prope
1345 454 1515 487 ecclesiam
1531 453 1642 486 Sancti
1657 453 1829 486 Laurencii

139 517 151 537 ι
170 507 385 549 Coloniensis,
412 508 557 541 Iohanne
584 507 770 549 sacerdote,
801 507 1002 540 Godescalco
1025 507 1145 539 vicario
1169 506 1305 539 ecclesie
1329 506 1446 539 Sancte
1470 505 1592 538 Cecilie
1616 505 1828 544 Coloniensis‚

168 559 314 592 Iohanne
344 559 514 592 sacerdote
545 560 666 592 sororio
690 558 820 592 Gerlaci
851 557 1082 602 [sacerdotis]⁹,
1112 558 1182 601 ipso
1206 557 1361 599 Gerlaco,
1391 557 1535 590 Henrico
1564 556 1605 589 de
1632 556 1829 599 Heynsberg

169 611 294 643 notario
318 611 405 643 curie
429 610 644 653 Coloniensis,
674 610 834 643 Gobelino
863 609 949 642 dicto
972 609 1085 652 Hoyn,
1114 609 1259 642 Iohanne
1287 609 1375 642 dicto
1398 608 1543 651 Moyses,
1572 607 1718 641 Iohanne
1742 608 1828 640 dicto

116 676 120 683 ·
171 661 322 705 [Kanter,
351 662 496 695 Iohanne
527 662 568 695 de
598 662 708 703 Orele,
740 661 933 705 Gobe]lino⁹
960 661 1046 694 dicto
1074 661 1195 702 Faber,
1223 661 1368 694 Iohanne
1403 661 1490 693 dicto
1523 660 1618 702 Grin,
1653 659 1829 701 Winando,

117 735 123 741 -
171 712 334 758 [Goswino
359 713 400 746 de
423 714 622 756 MonrodeF,
644 713 851 756 Engssberto,
877 712 1024 746 Gerardo
1048 713 1134 746 dicto
1157 712 1354 745 Gurdelsled
1377 713 1500 745 civibus
1523 711 1769 745 coloniensibus
1791 722 1829 744 ac

127 773 153 795 ιο
170 764 241 798 aliis
272 775 368 808 quam
403 765 547 807 pluribus
580 764 855 798 christifidelibus‘
884 763 1032 809 [testibus
1061 763 1232 807 fidedignis
1261 764 1303 796 ad
1332 764 1394 797 hoc
1428 764 1614 808 specialiter
1643 764 1766 796 vocatis
1796 766 1830 796 et

169 815 332 860 rogatis]⁰.

292 991 541 1038 979—986.
575 991 918 1039 IOHANNIS
946 991 1105 1038 XXII.
1136 990 1356 1037 PAPAE
1385 990 1715 1037 LITTERAE

694 1059 1013 1107 DIVERSIS
1043 1059 1310 1107 MISSAE.

774 1137 883 1175 1324.
925 1136 1228 1184 Sept.10.—21.

128 1244 152 1265 u
360 1234 541 1266 979—981.
577 1233 801 1266 LITTERAE
822 1233 886 1266 AD
908 1231 1307 1266 ARCHIEPISOOPUM
1331 1230 1646 1264 MOGUNTINUM.

812 1295 904 1326 1324.
938 1292 1027 1336 Sept.
1048 1295 1194 1325 10.—16.

639 1391 726 1428 979.
766 1390 922 1427 Litterae
943 1391 1090 1437 primae.
1197 1389 1288 1435 Sept.
1309 1390 1365 1424 10.

283 1466 382 1507 Copia
405 1465 460 1508 (c.)
484 1465 520 1497 in
542 1465 744 1506 Reqestorum
768 1465 995 1498 Vaticanorum
1016 1465 1170 1497 tabularii
1199 1464 1351 1497 Vaticani
1378 1466 1449 1496 tom.
1467 1464 1531 1495 113
1550 1463 1607 1504 fol.
1624 1464 1667 1495 40
1688 1474 1739 1498 nr.
1757 1463 1831 1496 324.

174 1517 373 1551 Gontulimus
394 1528 460 1550 nos.
485 1535 525 1541 —
549 1516 744 1549 Decurtatas
766 1517 812 1550 ed.
837 1517 960 1550 Riezler
983 1517 1148 1550 ‘Vatikam
1166 1516 1286 1549 Akten’
1303 1526 1339 1556 p.
1358 1516 1422 1547 187
1443 1525 1493 1548 nr.
1513 1515 1578 1547 388
1598 1526 1637 1548 ea:
1659 1525 1687 1547 c.

128 1589 154 1610 so
279 1577 356 1618 Rey.
371 1577 475 1610 Liiher
501 1578 566 1610 loco
588 1587 689 1618 supra
716 1578 761 1610 ad
785 1588 835 1611 nr.
851 1579 916 1610 289
943 1578 1040 1610 citato
1064 1588 1100 1618 p.
1120 1577 1186 1609 257
1211 1587 1261 1608 nr.
1284 1575 1365 1615 222;
1393 1574 1695 1616 Preger-Reium
1717 1586 1752 1616 p.
1767 1575 1832 1608 274

171 1638 221 1662 nr.
238 1631 311 1662 177.

279 1706 468 1739 Venerabili
491 1706 581 1740 fratri
603 1707 726 1739 Mathis
750 1706 992 1750 archiepiscopo
1016 1706 1293 1748 Maguntinen(si).

278 1759 502 1791 Fraternitatis
526 1763 580 1792 tue
595 1759 730 1800 litterae,
752 1769 811 1802 per
826 1768 906 1800 quas
922 1758 1082 1790 novitates
1096 1761 1311 1800 presumptas,
1334 1757 1416 1788 sicut
1430 1756 1592 1796 asseritur,
1616 1766 1676 1799 per
1690 1755 1833 1789 nobilem

170 1811 275 1842 virum
296 1810 496 1843 Ludovicum
521 1810 637 1846 ducem
658 1811 798 1843 Bavarie
821 1813 895 1852 post
916 1819 1086 1852 processus
1108 1819 1168 1852 per
1189 1819 1248 1840 nos
1271 1808 1394 1840 dudum
1418 1811 1530 1840 contra
1552 1818 1627 1840 eum
1650 1809 1715 1840 suis
1731 1809 1833 1851 culpis

128 1875 152 1895 as
172 1866 206 1894 et
228 1862 394 1895 demeritis
417 1862 620 1904 exigentibus
642 1862 771 1895 habitos
794 1862 981 1904 privationis
1004 1871 1024 1893 a
1043 1861 1123 1900 iure,
1147 1861 1173 1892 si
1197 1860 1283 1903 quod
1307 1859 1367 1892 sibi
1383 1859 1426 1891 ad
1442 1869 1578 1902 regnum
1593 1860 1646 1893 vel
1662 1861 1832 1903 imperium

170 1913 352 1946 Romanum
369 1914 587 1956 competebat,
611 1914 803 1946 sententiam
826 1914 910 1946 inter
933 1917 1041 1946 cetera
1058 1913 1258 1945 continentes
1281 1911 1375 1943 nobis
1390 1911 1551 1943 insinuare
1568 1913 1686 1944 curasti
1696 1913 1718 1953 ²,
1742 1911 1831 1944 beni-

171 1966 294 2008 gnitate
330 1966 426 1998 solita
459 1967 640 2009 recepimus
675 1969 708 1998 et
737 1976 800 2008 que
834 1964 1081 1998 continebantur
1117 1965 1150 1996 in
1183 1965 1230 1996 eis
1263 1963 1484 1996 intelleximus
1518 1963 1706 2006 diligenter,
1744 1967 1833 1995 tuam

171 2017 370 2060 diligentiam
394 2028 519 2051 necnon
540 2018 649 2059 fidem,
673 2017 878 2050 devotionem
902 2020 935 2049 et
958 2017 1181 2057 constantiam,
1205 2026 1284 2058 quas
1301 2016 1386 2047 circa
1402 2015 1655 2058 publicationem
1671 2018 1705 2047 et
1720 2014 1832 2047 obser-

169 2069 331 2102 vationem
357 2069 515 2102 dictorum
539 2080 747 2112 processuum
763 2079 802 2101 ac
818 2079 983 2101 rumorum
1005 2068 1254 2100 insinuationem
1278 2067 1462 2099 huiusmodi
1486 2067 1662 2099 adhibuisti
1677 2066 1834 2099 hactenus

128 2131 154 2151 so
171 2125 205 2154 et
227 2124 411 2154 constanter
432 2121 588 2153 adhibere
610 2131 675 2153 non
698 2131 821 2162 cessas,
848 2120 1021 2163 plurimum
1049 2120 1081 2151 in
1104 2119 1244 2152 Domino
1270 2118 1545 2151 commendantes.
1596 2117 1682 2150 Sane
1706 2118 1748 2150 de
1770 2117 1834 2150 illis

173 2173 391 2215 opprobriosis
412 2172 610 2205 novitatibus
626 2173 713 2205 velut
735 2171 946 2204 fundamento
963 2172 1107 2203 veritatis
1123 2171 1252 2203 omnino
1276 2170 1461 2203 carentibus
1483 2181 1547 2202 non
1570 2173 1729 2211 curantes,
1753 2170 1835 2201 sicut

173 2233 284 2256 curare
309 2224 407 2256 etiam
426 2235 490 2256 non
514 2224 680 2266 debemus,
704 2223 842 2256 eandem
866 2223 1102 2256 fraternitatem
1126 2224 1278 2255 attentius
1302 2222 1522 2262 exhortamur,
1545 2223 1694 2264 quatinus
1709 2222 1741 2253 in
1757 2221 1832 2261 fide,

173 2275 344 2308 devotione
361 2278 394 2308 et
410 2277 590 2308 constantia
607 2277 767 2308 consuetis
782 2276 956 2318 persistere
973 2278 1158 2307 constanter
1173 2277 1206 2307 et
1221 2274 1381 2316 intrepide
1397 2285 1461 2306 non
1477 2277 1663 2316 postponas.
1702 2272 1832 2305 certam

174 2325 215 2359 de
237 2326 330 2359 nobis
352 2327 502 2360 fiduciam
525 2328 703 2368 habiturus,
728 2326 813 2369 quod
830 2327 861 2358 in
878 2327 939 2359 tuis
956 2330 989 2359 et
1013 2327 1150 2359 ecclesie
1173 2330 1227 2359 tue
1251 2325 1524 2368 oportunitatibus
1546 2325 1741 2357 intendimus
1765 2324 1832 2365 tibi,

131 2391 155 2412 si
174 2380 328 2420 quantum
351 2389 424 2411 cum
446 2378 518 2412 Deo
541 2380 729 2422 poterimus,
759 2389 823 2411 non
845 2378 969 2411 deesse.
1021 2378 1172 2411 Ceterum
1195 2388 1294 2421 super
1318 2378 1394 2420 hiis,
1426 2387 1490 2421 que
1519 2377 1560 2410 de
1590 2377 1832 2409 consecratione

175 2429 285 2462 dilecti
306 2429 364 2462 filii
385 2429 564 2463 Volframi⁸
587 2431 683 2464 electi
705 2430 954 2472 Herbipolensis
977 2430 1083 2462 eidem
1114 2431 1147 2462 in
1172 2430 1236 2462 illis
1263 2430 1410 2472 partibus
1438 2428 1657 2472 impendenda
1679 2431 1734 2460 tue
1757 2438 1832 2471 pre-

174 2481 260 2513 dicte
285 2481 393 2514 littere
422 2482 642 2523 continebant,
674 2482 895 2515 favorabiliter
924 2481 1074 2514 duximus
1103 2482 1325 2523 annuendum,
1357 2481 1432 2514 inde
1460 2480 1520 2513 sibi
1550 2484 1675 2512 nostras
1709 2479 1833 2512 litteras

175 2532 420 2565 eoncedentes².
557 2570 560 2573 μ

281 2583 402 2617 Datum
424 2584 621 2628 Avinion(e),
645 2585 724 2617 1111.
741 2585 819 2617 Idus
842 2584 1038 2627 Septembr.,
1061 2595 1144 2617 anno
1168 2595 1264 2617 nono.

130 2675 157 2695 4ο
277 2655 346 2697 078.
373 2670 396 2703 θ)
413 2671 486 2697 uncis
508 2671 609 2697 {aalma
632 2672 688 2704 fere
711 2671 814 2697 omnino
836 2671 947 2697 evanida
970 2671 1111 2704 spatiorum
1130 2672 1229 2697 ratione
1246 2671 1334 2697 habita
1359 2671 1396 2697 acl
1412 2671 1495 2705 fidem
1519 2670 1594 2697 seriei
1611 2670 1709 2696 testium
1733 2678 1759 2702 p.
1774 2671 1828 2695 813

176 2713 192 2738 1.
206 2714 296 2746 37eqq.
313 2714 490 2746 praecedentia
507 2714 686 2747 supplevimus.
774 2713 793 2745 s)
812 2714 913 2746 reliqua
932 2718 1030 2740 exsecta
1049 2719 1107 2739 sunt
1125 2723 1162 2739 or.

278 2772 344 2799 979.
372 2772 396 2806 “)
415 2774 559 2800 Volficanni
577 2782 598 2800 c.

279 2841 304 2874 1)
324 2840 414 2875 Supra
431 2848 473 2868 nr.
486 2844 542 2869 960.
629 2842 656 2874 2)
678 2840 719 2874 Of.
733 2841 872 2869 ‘Vatikam
887 2841 987 2869 Akten’
1005 2843 1022 2869 1.
1035 2850 1058 2870 c.
1076 2845 1130 2870 not.
1146 2848 1167 2870 1.

1553 2893 1620 2921 103*
