2184 3126
338 185 397 215 722
570 180 666 207 ACTA
683 179 797 206 REGNI
816 177 999 205 LUDEWICI
1019 177 1065 204 IV.
1085 177 1130 204 ET
1149 177 1332 205 FRIDERICI
1350 178 1401 205 111.
1438 177 1512 204 1324.
1548 177 1597 205 Nr.
1610 177 1669 206 907.
1689 177 1748 205 908.

334 268 468 300 rcndum
491 267 692 299 remissiones
721 268 752 297 et
781 264 1000 306 indulgencias
1027 264 1059 294 in
1088 263 1240 305 predictis
1266 263 1382 295 litteris
1404 265 1572 295 contentas
1595 263 1834 296 exhortacionis
1861 269 1894 297 et
1916 276 1991 307 pre-

335 319 506 351 dicacionis
518 318 616 350 verbo
629 328 700 349 cum
714 317 800 348 omni
816 314 1029 347 sollicitudine
1045 317 1143 356 atque
1156 314 1329 357 diligencia.
1345 315 1484 347 fideliter
1499 314 1690 346 inducendo.
1771 315 1820 358 (2)
1837 315 1990 349 Ceterum

337 372 411 412 quia
434 369 643 402 tabellionum
666 379 740 400 usus
763 369 794 399 in
810 367 1003 398 Alamannie
1019 366 1164 408 partibus
1186 376 1251 397 non
1266 366 1405 398 habetur
1420 367 1531 408 sicque
1547 365 1589 398 de
1606 365 1828 408 publicacione
1844 368 1991 410 predicta

336 423 579 453 instrumentum
610 420 772 461 publicum
799 429 858 460 per
888 429 1000 450 manus
1029 417 1213 449 tabellionis
1241 417 1310 449 fieri
1337 428 1401 449 non
1428 418 1572 459 valeat1‚
1600 417 1720 450 idcirco
1752 418 1812 451 has
1841 422 1990 461 patentes

333 474 456 504 litteras
479 473 547 503 fieri
570 472 632 503 feci
657 471 696 503 de
721 469 903 501 huiusmodi
926 469 1148 511 publicacione
1176 469 1327 511 ipsasque
1359 468 1465 511 sigillo
1494 469 1625 511 proprio
1648 469 1786 512 sigillavi
1809 473 1843 503 et
1865 470 1990 504 obtinui

333 524 444 565 sigillis
461 548 468 555 .
485 547 492 554 .
509 523 661 554 abbatum
686 526 719 553 et
735 545 743 552 .
761 546 767 553 .
786 521 968 562 offic(ialis),
994 544 1000 551 .
1018 544 1025 551 .
1043 521 1291 562 prepositorum,
1316 545 1323 551 .
1341 544 1348 552 .
1366 521 1491 562 decani,
1517 546 1523 552 .
1542 545 1549 552 .
1566 521 1739 564 prior(um)
1763 525 1797 554 et
1818 523 1990 564 guardiani

333 575 548 616 predictorum
571 574 603 604 in
620 573 837 604 testimonium
855 572 1094 604 exhortacionis
1118 575 1151 603 et
1171 571 1404 613 publicacionis
1419 571 1577 614 predicte,
1600 577 1637 604 ut
1659 573 1762 605 vicem
1786 574 1990 607 instrumenti

332 626 451 667 publici
474 625 617 665 subeant,
642 623 774 665 sigillari
796 624 947 665 ipsasque
971 623 1013 655 ad
1036 624 1082 655 rei
1105 626 1196 665 geste
1220 623 1372 655 noticiam
1388 624 1503 655 vestris
1518 624 1742 666 conspectibus
1758 635 1818 667 per
1834 624 1989 659 dilectum

331 678 362 708 in
387 677 513 709 Christo
537 675 720 707 Ofinradum
743 675 928 716 pincernam
953 675 1105 706 clericum
1130 674 1322 706 familiarem
1345 685 1454 707 meum
1478 676 1667 717 presentari.

439 728 483 769 (3)
507 727 575 758 Nos
599 752 604 758 .
624 752 630 758 .
654 727 769 758 fratres
784 727 930 758 Donatus
954 730 987 758 et
1002 726 1190 758 Waltherus
1206 725 1341 758 abbates
1364 751 1371 758 .
1388 750 1396 758 .
1422 726 1568 759 officialis
1584 728 1671 760 curie
1689 727 1988 772 Constancien(sis),

329 779 533 811 Diethelmus
556 779 751 820 prepositus,
779 777 940 809 Iohannes
964 777 1118 818 decanus,
1142 777 1298 809 Albertus
1321 778 1513 819 prepositus,
1537 802 1545 809 .
1563 803 1571 810 .
1594 780 1718 821 priores
1740 779 1987 813 Predicatorum

331 835 364 862 et
387 854 394 861 .
412 855 418 862 .
442 830 576 861 fratrum
596 830 836 862 Heremitarum
861 840 898 861 ac
921 829 1117 871 guardianus
1140 829 1301 860 Minorum
1323 829 1459 861 fratrum
1481 829 1656 872 supradicti
1678 831 1818 864 fatemur
1841 835 1875 864 et
1896 833 1987 865 testi-

329 883 471 922 ficamur,
496 881 582 923 quod
605 881 818 923 publicacioni
842 884 873 912 et
898 880 1118 912 exhortacioni
1134 879 1288 921 predictis
1311 880 1404 912 factis
1427 881 1459 913 in
1480 882 1618 914 ecclesia
1635 882 1906 926 Constancien(si)
1929 895 1988 927 per

329 932 547 965 venerabilem
569 933 602 963 in
618 933 744 964 Christo
768 935 894 974 patrem
912 932 1076 964 dominum
1091 931 1270 963 Rfidolfum
1284 932 1348 964 Dei
1371 934 1482 975 gracia
1497 933 1783 968 Oonstancien'sem
1799 937 1988 979 episcopum

329 985 555 1017 terciadecima
577 985 628 1016 die
650 985 787 1015 intrante
804 984 900 1025 Maio,
929 983 987 1015 sub
1011 994 1094 1015 anno
1109 983 1242 1015 Domini
1262 983 1434 1016 millesimo
1454 986 1682 1019 trecentesimo
1698 988 1850 1019 vicesimo
1870 991 1986 1030 quarto

329 1037 529 1068 interfuimus
552 1047 615 1067 una
632 1046 703 1067 cum
719 1035 924 1067 multitudine
940 1035 1084 1067 fidelium
1100 1036 1241 1077 copiosa.
1278 1035 1321 1067 Et
1336 1036 1368 1067 in
1385 1037 1604 1070 testimonium
1618 1038 1850 1080 publicacionis
1873 1043 1906 1072 et
1929 1050 1987 1072 ex-

329 1088 523 1120 hortacionis
545 1088 761 1129 predictarum
793 1087 897 1128 sigilla
925 1090 1033 1118 nostra
1063 1087 1104 1119 ad
1132 1087 1327 1129 peticionem
1356 1088 1495 1130 predicti
1525 1089 1647 1122 domini
1669 1090 1814 1133 episcopi
1837 1091 1988 1124 duximus

328 1139 530 1181 presentibus
552 1138 775 1180 appendenda.

435 1190 554 1221 Datum
577 1190 786 1230 Oonstancie,
817 1200 900 1221 anno
924 1189 1055 1221 Domini
1079 1189 1249 1222 millesimo
1273 1192 1500 1224 trecentesimo
1524 1193 1677 1225 vicesimo
1707 1197 1837 1236 quarte,
1869 1195 1986 1227 tercia-

328 1242 452 1273 decima
475 1241 527 1273 die
550 1242 689 1273 intrante
713 1241 810 1281 Maio,
835 1241 929 1273 indic.
954 1242 1102 1284 septima.

542 1361 629 1397 908.
671 1361 827 1396 Litterae
850 1360 1029 1406 pontificis
1057 1362 1103 1395 ad
1130 1361 1323 1406 episcopum
1350 1362 1485 1398 missae.
1589 1363 1682 1399 Mai.
1702 1366 1769 1400 22.

439 1435 538 1476 Copia
560 1435 615 1477 (c.)
639 1435 674 1466 in
691 1434 893 1474 Reqestorum
918 1434 1144 1466 Vaticanorum
1168 1435 1308 1467 ciusdem
1331 1436 1489 1468 tabularii
1511 1438 1582 1469 tom.
1600 1437 1666 1470 112
1677 1439 1714 1464 ΙΙ
1728 1438 1754 1479 f.
1769 1440 1822 1471 67¹
1843 1449 1894 1474 nr.
1910 1441 1985 1472 864.

327 1487 388 1518 Est
413 1487 590 1526 inscriptio:
616 1486 778 1528 Episcopo
803 1485 1050 1518 constantiensi.
1076 1505 1117 1511 —
1140 1486 1204 1519 Ed.
1222 1486 1341 1519 Rieder
1363 1487 1540 1520 ‘Romische
1565 1489 1704 1529 Quellen’
1721 1501 1758 1530 p.
1772 1491 1836 1523 178
1857 1502 1907 1526 nr.
1924 1492 1986 1523 650

327 1549 365 1570 eac
387 1549 412 1570 c.
459 1538 637 1570 Editionem
659 1538 837 1578 repetimus.

433 1594 506 1634 Ray.
531 1604 576 1633 ep.
605 1593 767 1626 Constant.
791 1604 840 1625 nr.
857 1595 952 1626 3995.

436 1650 485 1688 Cf.
507 1649 596 1689 infra
618 1660 666 1681 nr.
684 1649 756 1681 914.

434 1723 545 1754 Zelum
569 1723 691 1754 sincere
712 1722 903 1764 devotionis,
930 1734 1025 1765 quem
1042 1724 1084 1756 ad
1099 1724 1281 1757 Romanam
1299 1726 1471 1758 ecclesiam
1487 1730 1626 1759 matrem
1642 1730 1731 1760 tuam
1747 1731 1780 1760 te
1797 1731 1983 1762 constanter

326 1774 445 1806 habere
468 1775 679 1816 percepimus,
702 1774 874 1815 plurimum
897 1775 929 1806 in
952 1775 1092 1807 Domino
1117 1777 1381 1810 commendantes
1405 1778 1639 1811 fraternitatem
1663 1783 1752 1811 tuam
1775 1791 1927 1823 rogamus
1949 1779 1983 1814 e't

326 1826 490 1857 hortamur
512 1828 645 1866 attente,
671 1827 818 1867 quatinus
835 1827 879 1858 sic
902 1828 933 1858 in
958 1827 1075 1859 eadem
1099 1827 1274 1861 devotione
1297 1830 1451 1871 persistas
1473 1830 1646 1872 intrepide,
1669 1831 1756 1873 quod
1772 1832 1860 1874 apud
1874 1831 1981 1865 Deum

327 1880 360 1908 et
387 1877 496 1908 sedem
529 1877 739 1918 apostolicam
769 1877 928 1909 uberioris
957 1883 1166 1921 augmentum
1196 1881 1300 1922 gratie
1327 1883 1493 1916 merearis.
1543 1882 1720 1915 Processus
1749 1887 1873 1926 autem,
1903 1895 1983 1927 quos

327 1929 432 1960 eidem
456 1929 646 1960 fraternitati
670 1932 733 1970 tue,
759 1929 799 1961 de
823 1941 886 1972 qua
909 1930 1035 1972 plenius
1059 1931 1259 1973 confidimus,
1282 1943 1342 1974 per
1358 1957 1365 1965 .
1384 1958 1390 1965 .
1407 1933 1545 1966 latorem
1569 1935 1767 1976 presentium
1783 1935 1983 1968 destinamus

327 1981 373 2011 eis
397 1980 509 2022 quibus
533 1980 711 2022 diriguntur
733 1980 944 2022 publicandos
969 1982 1170 2024 solemniter,
1202 1985 1335 2016 retentis
1362 1988 1471 2018 tamen
1498 1985 1575 2027 illis,
1604 1997 1685 2028 quos
1711 1986 1768 2018 tibi
1797 1988 1982 2029 specialiter

326 2042 383 2072 pro
414 2032 567 2063 consimili
596 2032 812 2073 publicatione
847 2033 996 2065 facienda
1031 2034 1212 2077 dirigimus,
1243 2046 1262 2067 e
1290 2037 1428 2080 vestigio
1462 2037 1562 2070 facias
1591 2039 1781 2080 presentari.
1841 2038 1911 2071 Nos
1939 2039 1981 2072 de

326 2083 509 2124 receptione
536 2083 752 2125 predictorum
781 2095 989 2126 processuum
1019 2090 1052 2118 et
1074 2087 1150 2127 hiis,
1180 2098 1242 2130 que
1272 2099 1370 2130 super
1391 2089 1546 2131 predictis
1569 2090 1685 2132 egeris,
1713 2089 1899 2122 redditurus
1922 2101 1982 2133 per

327 2137 396 2165 tuas
418 2134 540 2165 litteras
564 2136 727 2168 certiores.

336 2281 433 2326 909.
462 2283 556 2328 910.
595 2284 923 2333 LUDEWICI
954 2288 1380 2336 APPELLATIO
1411 2290 1673 2338 TERTIA
1702 2291 1971 2339 CONTRA

729 2353 1129 2402 PROCESSUM
1166 2357 1571 2407 PONTIFICIS.

992 2432 1100 2469 1324.
1142 2434 1227 2471 Mai.
1248 2434 1309 2472 29.

434 2517 665 2556 Appellationes
692 2521 772 2560 reyis
801 2522 910 2561 prima
939 2526 968 2555 et
995 2525 1134 2556 secunda
1162 2537 1263 2566 supra
1294 2538 1343 2559 nr.
1365 2528 1430 2560 824
1465 2531 1494 2561 et
1522 2529 1587 2561 836
1612 2532 1688 2570 post
1716 2530 1859 2572 primam
1880 2529 1978 2561 inter-

324 2566 512 2605 positionem
533 2568 666 2601 ulterius
683 2573 900 2613 promulgatae
929 2585 994 2607 non
1015 2579 1100 2608 sunt.
1155 2578 1410 2618 Appellationem
1435 2580 1519 2613 hanc
1549 2582 1690 2620 tertiam,
1720 2591 1802 2622 quae
1823 2580 1978 2614 Sachsen-

328 2617 453 2649 husana
475 2619 539 2650 clici
559 2620 645 2659 solet,
668 2623 793 2655 consilio
815 2625 955 2662 fratrum
977 2627 1157 2667 Minorum,
1181 2630 1237 2669 qai
1259 2630 1388 2663 interim
1411 2633 1538 2665 curiam
1559 2634 1642 2674 reyis
1663 2634 1878 2671 intraverant,
1905 2642 1978 2665 con-

328 2671 447 2708 ceptam
462 2669 648 2702 Ludewicas
669 2683 726 2704 rex
747 2674 819 2706 item
842 2679 950 2709 contra
966 2679 1111 2718 primum
1127 2681 1292 2722 pontificis
1306 2682 1494 2716 Processum
1509 2686 1625 2726 (supra
1640 2694 1690 2718 nr.
1699 2686 1781 2727 292)
1801 2684 1901 2717 edidit
1910 2685 1933 2716 ².

431 2754 457 2786 1)
479 2753 518 2788 Cf.
536 2762 620 2788 supra
636 2764 678 2783 nr.
691 2760 746 2784 877.
764 2762 814 2785 878
832 2768 889 2794 cap.
904 2767 920 2788 4
937 2766 960 2789 et
977 2764 1071 2791 ‘Neues
1089 2765 1199 2792 Arckiv’
1220 2767 1317 2801 XXV,
1338 2773 1386 2796 742
1402 2773 1427 2796 et
1444 2773 1500 2797 not.
1514 2774 1537 2798 2.
1655 2771 1682 2805 2)
1703 2771 1744 2804 012
1766 2769 1894 2798 Pn'zsack
1911 2770 1978 2797 ‘Zur

329 2794 539 2823 Sachsenhiiaser
548 2798 718 2831 Appellation
731 2800 858 2836 Lmlwiys
870 2804 912 2831 (les
926 2806 1050 2841 Bayern’
1068 2808 1099 2834 in
1112 2809 1268 2844 Zeitschrift
1284 2813 1332 2845 fiir
1341 2812 1618 2848 Kirehenyescltichte’
1633 2814 1730 2841 XVII
1737 2814 1827 2850 (1896)
1841 2821 1869 2848 Ρ.
1879 2816 1913 2841 86
1922 2821 1976 2847 ⁸314-

2001 1611 2026 1632 25
2080 1620 2084 1625 ,

1996 2589 2023 2608 40
