2190 3172
327 193 386 223 148
601 189 698 217 ACTA
716 189 829 216 REGNI
847 189 1035 216 LUDEWICI
1053 189 1100 216 IV.
1119 189 1164 215 ET
1185 188 1369 216 FRIDERICI
1387 189 1435 215 ΙΙΙ.
1474 189 1548 216 1314.
1584 189 1632 215 Nr.
1648 189 1704 216 155.

324 278 457 309 clericos
481 281 514 309 et
536 277 704 319 religiosos
726 287 783 308 sue
807 277 945 307 civitatis
969 279 1002 307 et
1025 275 1180 317 dyocesis,
1204 276 1429 317 cuiuscumque
1454 275 1572 307 ordinis
1596 278 1652 307 aut
1672 278 1773 306 status
1789 275 1973 316 existerent,

325 336 371 361 a¹¹¹
395 330 648 372 quibuscumque
674 328 934 360 molestatoribus
958 327 1141 369 specialiter
1163 328 1205 359 ad
1233 339 1324 359 suam
1346 327 1398 359 vel
1421 337 1532 359 eorum
1556 326 1711 358 alicuius¹²
1733 327 1974 368 requisitionem

324 382 406 413 tueri
430 384 463 413 et
487 381 660 412 defendere
689 381 914 422 promiserunt,
1002 390 1039 411 ac
1063 381 1165 411 eciam
1183 380 1296 411 omnia
1319 379 1504 421 privilegia,
1534 378 1764 420 indulgentias,
1794 379 1974 410 sentencias

325 437 359 466 et
374 433 498 465 litteras
515 443 683 464 concessas
700 432 763 463 sibi
780 435 812 463 et
828 432 963 463 ecclesie
987 441 1044 462 sue
1060 442 1080 462 a
1097 432 1160 462 suis
1177 435 1210 462 et
1231 432 1347 462 nostris
1370 430 1531 472 quondam
1547 429 1829 471 predecessoribus
1845 429 1975 471 regibus

325 489 358 516 et
386 484 634 526 imperatoribus
660 483 894 521 Romanorum,
927 483 1155 524 cuiuscumque
1178 483 1298 514 tenoris
1322 483 1515 523 existerent,
1539 481 1809 523 approbaverunt,
1833 485 1919 513 ratas
1943 485 1975 513 et
2005 489 2017 508 5

325 541 434 578 gratas
457 536 638 568 habuerunt
662 538 695 566 et
717 536 859 576 ipsorum
882 535 998 566 litteris
1026 538 1058 566 et
1085 534 1198 576 sigillis
1220 535 1496 566 communiverunt
1505 535 1526 574 1,
1614 534 1693 565 item
1716 544 1787 564 cum
1811 533 1974 574 predictus

325 589 463 620 Adolfus
493 592 677 619 antecessor
706 590 815 618 noster
847 586 1057 618 consideratis
1088 586 1257 618 fructuosis
1289 587 1430 618 serviciis
1457 585 1629 617 recolende
1657 586 1811 617 memorie
1840 585 1975 626 predicti

325 639 505 672 Boemundi
540 639 776 680 archiepiscopi
810 649 846 670 ac
879 638 1029 679 gravibus
1064 638 1230 679 expensis,
1266 649 1345 679 quas
1378 638 1411 668 in
1443 638 1542 679 ipsius
1572 638 1730 669 electione
1761 639 1793 668 et
1822 639 1895 678 post
1917 647 1975 678 pro

325 691 467 723 evidenti
489 691 626 722 utilitate
650 690 768 732 prefati
792 690 913 722 domini
935 689 1043 721 Adolfi
1067 690 1279 720 antecessoris
1307 689 1408 720 nostri
1431 692 1464 720 et
1486 689 1567 720 sacri
1597 689 1724 730 imperii
1751 688 1885 728 fecerat,
1913 687 1976 729 ipsi

326 743 487 785 quondam
510 742 702 774 Boemundo
725 742 967 783 archiepiscopo
992 745 1024 772 et
1048 741 1183 772 ecclesie
1207 741 1398 772 Treverensi
1425 751 1461 771 ac
1486 741 1553 771 eius
1576 740 1812 771 successoribus
1836 742 1975 771 castrum
1995 747 2020 767 ιο

325 795 366 827 (10
394 794 606 826 Kochenme⁰
633 805 706 825 cum
737 794 883 826 omnibus
912 794 976 825 suis
1004 793 1125 824 iuribus
1154 796 1187 824 et
1212 793 1411 834 appendiciis
1441 792 1632 833 obligaverit
1658 803 1716 833 pro
1739 794 1829 823 tanta
1851 801 1976 822 summa

324 847 510 888 peccuniess‘,
535 846 621 887 quod
643 847 698 877 vix
721 856 794 887 spes
819 855 890 877 esse
913 848 1042 887 poterat
1063 845 1215 884 luitionis,
1303 847 1336 876 et
1358 847 1490 886 propter
1512 844 1574 875 hoc
1597 843 1700 874 dictus
1723 843 1876 875 Albertus
1899 843 1975 874 olim

324 898 544 930 Romanorum
574 909 633 929 rex
660 897 844 938 attendens,
869 897 955 939 quod
977 900 1174 929 memoratus
1196 896 1456 938 archiepiscopus
1486 906 1543 937 pro
1571 895 1655 926 bono
1680 899 1713 927 et
1735 895 1868 936 pacifico
1891 897 1977 927 statu

324 951 417 992 regni
439 960 477 981 ac
500 950 639 981 utilitate
663 950 744 980 sacri
767 949 894 990 imperii
917 949 1104 990 frequenter
1127 951 1159 980 et
1173 948 1344 989 magnifice
1361 959 1395 979 se
1412 951 1445 979 et
1460 958 1518 979 sua
1534 948 1694 989 exposuit,
1710 947 1820 978 volens
1837 946 1976 978 eundem

325 1002 602 1043 archiepiscopum
627 1005 660 1033 et
683 1001 853 1032 ecclesiam
877 1001 1108 1032 Treverensem
1131 999 1405 1041 recompensando
1433 999 1599 1041 condignis
1626 999 1774 1030 attollere
1804 998 1975 1039 favoribus,
1995 1009 2019 1027 1⁶

326 1054 432 1085 eidem
457 1053 709 1095 archiepiscopo,
735 1054 802 1084 eius
826 1052 1063 1084 successoribus
1087 1062 1123 1083 ac
1147 1051 1283 1083 ecclesie
1300 1051 1491 1083 Treverensi
1506 1050 1608 1092 regali
1631 1050 1780 1092 largitate
1805 1050 1976 1082 donatione

325 1105 530 1137 irrevocabili
553 1105 735 1146 predictum
759 1107 898 1135 castrum
922 1103 1134 1135 Kochenmeq
1157 1114 1229 1134 cum
1253 1103 1317 1134 sui·
1340 1102 1461 1133 iuribus
1484 1106 1517 1133 et
1538 1102 1744 1143 pertinenciis
1767 1102 1922 1134 universis
1944 1102 1977 1133 in

325 1157 585 1189 emendationem
620 1167 750 1188 suorum
785 1156 955 1187 feudorum
987 1155 1154 1186 donaverit
1185 1158 1218 1186 et
1247 1154 1417 1186 contulerit
1444 1154 1540 1195 pleno
1570 1154 1652 1194 iure,
1682 1154 1728 1185 ita
1755 1156 1865 1185 tamen
1892 1152 1978 1195 quod

325 1209 488 1251 predictus
517 1209 777 1249 archiepiscopus
806 1211 838 1238 et
867 1208 915 1238 sui
946 1217 1147 1238 successores
1175 1206 1252 1237 dicti
1285 1206 1380 1237 castri
1407 1205 1594 1237 hereditarii
1623 1205 1787 1246 burgravii
1818 1207 1976 1247 perpetuo

325 1264 514 1292 remaneant
537 1263 570 1290 et
593 1260 743 1299 existant,
767 1260 825 1290 tali
848 1259 975 1290 adiecta
998 1258 1180 1290 conditione
1205 1257 1291 1299 quod
1314 1257 1466 1298 quociens
1494 1257 1599 1298 ipsum
1622 1256 1783 1298 quondam
1808 1256 1977 1288 Albertum
1996 1267 2022 1287 πο

324 1323 436 1354 regem
462 1315 494 1343 et
517 1322 591 1342 suos
614 1321 814 1342 successores
838 1312 921 1342 iusta
945 1314 978 1342 et
1001 1313 1088 1342 certa
1111 1310 1304 1341 necessitate
1328 1312 1438 1340 contra
1461 1308 1571 1340 hostes
1594 1319 1668 1340 suos
1692 1312 1725 1339 et
1747 1309 1829 1340 sacri
1851 1308 1978 1350 imperii

327 1364 412 1395 dicto
436 1367 539 1395 castro
564 1363 769 1405 indiguerint,
793 1363 906 1394 liceret
930 1363 976 1394 eis
999 1365 1032 1393 et
1054 1362 1118 1393 suis
1141 1362 1260 1392 intrare
1284 1361 1405 1392 dictum
1428 1363 1567 1392 castrum
1591 1363 1623 1391 et
1646 1361 1735 1392 exire
1756 1359 1796 1391 de
1813 1360 1978 1391 voluntate

326 1415 403 1447 dicti
417 1415 651 1456 archiepiscopi
664 1418 696 1446 et
708 1425 929 1446 successorum
945 1424 1075 1445 suorum
1091 1413 1133 1444 ad
1146 1412 1396 1454 impugnandum
1414 1416 1447 1444 et
1461 1411 1678 1444 invadendum
1693 1412 1802 1444 hostes
1815 1415 1848 1443 et
1863 1411 1978 1443 adver-

325 1468 425 1498 sarios
449 1469 643 1498 memoratos
653 1466 677 1506 ²,
761 1476 898 1507 cumque
924 1465 1212 1496 excellentissimus
1236 1465 1385 1506 princeps
1407 1463 1567 1496 Henricus
1591 1467 1700 1496 sancte
1723 1463 1879 1495 memorie
1903 1463 1979 1496 olim

324 1519 545 1550 Romanorum
568 1519 754 1559 imperator,
779 1528 851 1549 cum
875 1517 980 1548 adhuc
1002 1517 1106 1558 regali
1123 1517 1310 1558 fungeretur
1332 1516 1576 1558 proeminentia,
1599 1516 1777 1547 venerabili
1788 1515 1977 1547 Baldewino
1996 1525 2020 1544 πει

325 1570 531 1602 Trevirorum
544 1570 787 1611 archiepiscopo
800 1570 935 1611 principi
949 1572 1055 1600 nostro
1069 1569 1237 1600 karissimo
1253 1571 1385 1610 propter
1401 1567 1565 1599 fructuosa
1577 1571 1610 1599 et
1625 1567 1817 1608 obsequiosa
1833 1567 1976 1607 servicia,

325 1632 388 1663 que
412 1622 497 1653 idem
515 1622 722 1653 Baldewinus
746 1621 1008 1662 archiepiscopus
1032 1624 1065 1652 et
1091 1621 1139 1652 sui
1161 1620 1408 1662 predecessores
1434 1620 1467 1650 in
1490 1620 1626 1651 ecclesia
1649 1619 1839 1651 Treverensi
1862 1619 1977 1650 nostris

325 1674 608 1715 predecessoribus
626 1677 658 1704 et
671 1684 761 1705 sacro
777 1674 912 1715 imperio
925 1673 1045 1715 pluries
1057 1673 1308 1714 impenderunt¹,
1321 1683 1355 1704 se
1369 1675 1401 1703 et
1413 1671 1551 1703 vasallos
1567 1671 1702 1702 ecclesie
1719 1681 1775 1702 sue
1792 1681 1850 1712 pro
1864 1670 1976 1702 defen-

326 1726 414 1757 sione
440 1730 473 1757 et
495 1726 740 1768 recuperatione
763 1729 864 1757 status
885 1726 967 1756 sacri
982 1725 1109 1766 imperii
1136 1735 1260 1756 necnon
1283 1727 1367 1755 statu
1394 1723 1526 1766 pacifico
1551 1727 1584 1755 et
1606 1723 1744 1754 utilitate
1775 1723 1823 1754 rei
1849 1722 1976 1765 publice

325 1778 494 1819 magnifice
519 1777 721 1819 exponendo,
741 1788 782 1809 ex
803 1777 936 1819 speciali
953 1778 1058 1818 gratia
1073 1776 1250 1818 indulserit,
1262 1779 1297 1807 ut
1313 1786 1424 1807 omnes
1440 1774 1586 1807 redditus
1602 1775 1696 1806 castri
1713 1774 1753 1806 de
1765 1774 1975 1806 Kochenmeq
1995 1782 2021 1801 ³⁰

327 1830 581 1872 quibuscumque
605 1830 751 1871 personis
773 1830 901 1871 pignori
925 1829 1084 1871 obligatos
1107 1839 1165 1870 pro
1189 1839 1228 1860 ea
1251 1839 1376 1859 summa
1398 1827 1557 1859 redimere
1582 1827 1713 1866 valeret,
1737 1837 1795 1869 pro
1819 1837 1882 1869 qua
1905 1830 1978 1858 sunt

327 1882 472 1923 obligati,
497 1885 529 1913 et
552 1881 668 1913 eodem
692 1882 759 1913 iure
785 1881 826 1912 ab
849 1882 919 1923 ipso
943 1881 1197 1922 archiepiscopo,
1221 1881 1285 1911 suis
1308 1879 1544 1911 successoribus
1568 1882 1601 1910 et
1624 1879 1760 1911 ecclesia
1776 1873 1979 1919 Treverensi,

327 1945 390 1975 quo
415 1934 534 1965 dictum
557 1937 699 1965 castrum
722 1933 762 1965 de
786 1934 997 1965 Kochenme‘l
1021 1936 1054 1964 et
1075 1932 1222 1964 redditus
1243 1943 1308 1963 non
1331 1931 1464 1973 obligati
1487 1931 1699 1973 possidentur,
1722 1931 1852 1962 inantea
1874 1931 1977 1972 possi-

327 1986 451 2017 dendos
475 1989 508 2017 et
531 1985 688 2017 tenendos
699 1986 720 2026 ³,
809 1986 940 2027 insuper
963 1985 1174 2026 concesserit,
1197 1988 1232 2016 ut
1255 1984 1353 2026 opida
1376 1994 1433 2015 sua
1456 1983 1608 2014 videlicet
1631 1982 1802 2025 Sarburg⁸,
1830 1981 1977 2021 Pilliche,

326 2038 563 2079 Berencastel‘,
586 2037 757 2079 Meygene,
781 2036 978 2069 Montabfiru
1002 2040 1034 2068 et
1057 2036 1224 2079 quodlibet
1247 2047 1358 2067 00111111
1381 2035 1424 2067 ad
1445 2036 1545 2067 instar
1567 2035 1640 2066 dive
1656 2035 1811 2066 memorie
1826 2033 1979 2065 Rudolfiv
1998 2040 2022 2059 ³⁵

326 2089 547 2121 Romanorum
578 2090 663 2131 regis
688 2090 786 2121 nostri
809 2089 1062 2131 predecessoris,
1096 2089 1151 2130 qui
1173 2088 1259 2120 dicta
1287 2088 1383 2129 opida
1411 2087 1589 2127 libertavit,
1620 2087 1706 2117 omni
1733 2087 1816 2125 iure,
1846 2086 1978 2126 11011010,

326 2141 464 2172 honesta
488 2141 728 2182 consuetudine,
753 2141 932 2172 franchisiis
956 2145 988 2172 et
1010 2140 1214 2172 libertatibus
1237 2140 1400 2181 gaudeant
1423 2143 1456 2171 et
1478 2142 1622 2179 utantur,
1652 2137 1767 2180 quibus
1790 2141 1898 2169 cetera
1922 2147 1979 2168 sua

329 2196 361 2223 et
389 2193 515 2234 Imperii
544 2193 641 2234 opida
672 2193 869 2234 muniuntur,
902 2192 1046 2234 gaudent
1075 2195 1108 2223 et
1137 2192 1314 2233 fruuntur⁴‚
1403 2201 1475 2222 cum
1502 2191 1599 2222 etiam
1622 2190 1709 2221 idem
1732 2191 1909 2231 imperator
1931 2189 1979 2220 ius

328 2244 468 2275 cudendi
491 2248 663 2284 monetam,
688 2243 774 2286 quod
797 2243 885 2275 idem
909 2243 1168 2284 archiepiscopus
1193 2245 1226 2274 et
1248 2243 1385 2274 ecclesia
1407 2252 1464 2273 sua
1487 2253 1506 2273 a
1528 2241 1620 2273 nobis
1644 2245 1677 2273 et
1699 2241 1834 2282 imperio
1858 2241 1979 2272 habere

330 2296 513 2336 dinoscitur,
538 2307 579 2328 ex
602 2300 691 2327 certa
714 2297 846 2327 scientia
869 2295 1068 2327 innovaverit
1091 2294 1197 2326 eidem
1223 2297 1255 2325 et
1278 2294 1413 2326 ecclesie
1431 2305 1497 2335 sue,
1513 2293 1728 2333 ratificaverit,
1745 2293 1981 2324 confirmaverit
1998 2301 2024 2320 4⁰

330 2351 364 2379 et
398 2347 437 2380 de
471 2359 554 2379 novo
583 2359 624 2379 ex
651 2347 951 2389 superhabundanti
981 2347 1022 2378 de
1051 2346 1250 2388 plenitudine
1278 2347 1449 2388 potestatis
1477 2357 1629 2388 expresse
1653 2346 1862 2387 concesserit,
1886 2348 1922 2376 ut
1948 2345 1981 2376 in

330 2400 458 2431 civitate
484 2399 675 2430 Treverensi
704 2403 737 2430 et
765 2403 857 2430 extra
889 2400 920 2430 in
946 2398 1064 2440 opidis,
1089 2399 1216 2439 castris,
1240 2398 1323 2429 villis
1347 2401 1380 2429 et
1400 2398 1478 2430 locis
1501 2397 1754 2439 quibuscumque
1778 2397 1826 2428 sui
1849 2396 1981 2428 dominii

330 2451 382 2482 vel
406 2451 567 2482 districtus
590 2451 677 2482 idem
701 2451 962 2493 archiepiscopus
995 2455 1027 2482 et
1053 2451 1103 2482 sui
1132 2461 1332 2482 successores
1355 2454 1451 2492 prout
1474 2451 1520 2481 eis
1542 2450 1706 2481 videretur
1729 2448 1883 2491 expedire
1907 2448 1980 2480 cudi

329 2502 450 2534 faciant
474 2506 507 2534 et
522 2502 671 2534 fabricari
683 2503 705 2543 ⁵,
783 2504 861 2535 item
878 2514 948 2535 cum
965 2503 1110 2545 prefatus
1125 2503 1301 2545 imperator
1317 2503 1423 2534 omnia
1439 2502 1622 2544 supradicta
1639 2501 1756 2533 collata
1780 2504 1812 2532 et
1828 2511 1980 2532 concessa

435 2589 500 2616 155.
528 2590 561 2622 ¹¹¹)
575 2593 621 2615 aut
633 2590 701 2614 male
715 2589 789 2615 1-3.
851 2590 876 2623 ¹²)
888 2591 993 2616 alterius
1006 2599 1093 2616 eorum
1106 2590 1130 2616 3.
1191 2590 1215 2623 ⁰)
1228 2590 1353 2615 Cocheme
1364 2589 1388 2615 3.
1452 2589 1478 2622 Ρ)
1491 2590 1597 2623 pecunie
1609 2588 1634 2614 2.
1644 2588 1668 2614 3.
1733 2588 1757 2620 q)
1769 2589 1900 2614 Koeheme
1913 2588 1935 2614 1.
1949 2587 1977 2619 2;
1997 2595 2021 2614 45

330 2634 361 2658 de
379 2634 505 2659 Cocheme
523 2633 547 2659 3.
627 2635 648 2666 ¹·)
668 2634 720 2666 inp.
739 2632 764 2658 2.
843 2634 864 2666 ⁸)
884 2635 997 2667 Serburg
1015 2633 1044 2664 25
1063 2634 1208 2659 Sarbourch
1227 2633 1251 2659 3.
1334 2633 1353 2666 t)
1372 2633 1539 2658 Berenkastel
1557 2631 1581 2657 2.
1594 2631 1618 2657 3.
1701 2631 1726 2664 ¹¹)
1746 2633 1807 2657 -bur
1819 2631 1849 2664 23
1867 2633 1944 2657 -bour
1956 2632 1980 2658 3.

329 2676 354 2709 v)
373 2678 440 2702 Rud.
459 2676 483 2702 3.

435 2737 461 2770 1)
481 2736 573 2769 Supra
591 2739 652 2762 tom.
668 2736 723 2762 III
738 2744 779 2762 nr.
795 2740 845 2763 486
863 2744 919 2769 cap.
935 2740 957 2763 6.
973 2741 988 2763 7
1003 2745 1067 2770 resp.
1085 2745 1144 2770 cap.
1158 2741 1181 2764 4.
1194 2740 1216 2763 5.
1312 2736 1340 2769 2>
1358 2735 1449 2770 &apra
1466 2738 1526 2762 tom.
1541 2735 1596 2761 III
1609 2742 1651 2761 nr.
1665 2738 1715 2761 436
1728 2737 1760 2766 ‚et
1778 2734 1896 2767 Bo‘hmer,
1915 2734 1979 2768 Περ,

331 2779 385 2806 Ad.
404 2787 446 2806 nr.
460 2783 511 2806 204
538 2781 562 2804 et
580 2782 642 2810 205;
668 2787 755 2812 supra
776 2782 837 2806 tom.
851 2779 899 2805 IV
918 2787 960 2806 nr.
974 2783 1012 2807 23.
1112 2780 1139 2813 3)
1158 2779 1280 2813 Bdhmer,
1305 2779 1368 2812 Rey.
1390 2779 1486 2806 Heinr.
1509 2786 1535 2811 p.
1555 2778 1697 2804 XXXIV
1715 2780 1738 2804 et
1756 2785 1799 2805 nr.
1813 2781 1860 2804 131
1883 2780 1908 2804 et
1926 2781 1980 2804 159.

330 2823 358 2857 4)
378 2822 485 2849 Ibidem
504 2830 546 2848 nr.
560 2826 613 2849 251.
701 2822 728 2855 5)
747 2822 849 2849 Ibidem
867 2830 909 2850 nr.
923 2826 977 2849 246.
1677 2840 1681 2844 .
1999 2821 2024 2839 5⁰
