2184 3126
224 716 287 735 c.17.

229 1175 248 1192 ο.
260 1173 291 1192 18.

231 1738 251 1754 c.
259 1734 291 1754 20.

235 2144 254 2159 c.
265 2141 296 2161 21.

300 213 362 244 658
573 205 670 234 ACTA
689 203 801 231 REGNI
821 199 1003 229 LUDEWICI
1022 199 1068 226 IV.
1087 198 1134 225 ΕΤ
1153 196 1340 224 FRIDERICI
1358 196 1406 223 111.
1442 195 1520 223 1324.
1555 194 1603 221 Nr.
1616 194 1678 222 836.

300 300 390 334 ipsam
408 298 500 325 sedem
519 296 616 323 fuisset
641 293 802 321 devolutum
820 291 912 325 ipsum
935 289 1082 324 negocium
1105 287 1149 314 vel
1169 286 1332 318 deductum,
1357 293 1412 319 que
1429 284 1522 311 locum
1541 292 1596 311 non
1619 283 1750 319 optinent
1770 283 1800 311 in
1817 283 1951 319 presenti,

302 351 345 378 vel
364 350 388 378 si
406 350 477 376 forte
494 346 593 382 petitis
611 354 661 380 per
678 353 728 371 nos
746 342 841 369 infulis
859 339 1053 375 imperialibus
1071 339 1116 366 vel
1136 337 1366 365 denominacione
1388 337 1484 363 nostra
1506 344 1541 363 ex
1559 335 1650 363 causis
1667 334 1805 370 legitimis
1822 332 1856 363 in
1890 335 1952 362 iure

301 402 422 438 scriptis,
446 409 515 435 quas
538 399 612 426 circa
634 405 686 424 nos
709 396 801 423 locum
823 389 953 420 minime
976 391 1115 419 credimus
1138 389 1280 422 habuisse,
1303 397 1455 423 personam
1477 389 1605 416 nostram
1628 387 1798 423 contigisset
1818 387 1952 422 exigente

301 452 414 480 iusticia
432 448 555 478 refutari.
590 445 788 474 Denominacio
807 443 912 478 quippe
930 450 1047 477 persone
1072 441 1116 468 vel
1139 439 1285 467 electionis
1303 438 1434 466 admissio
1456 438 1556 466 habite
1576 438 1778 473 subsequenter
1795 437 1878 465 nobis
1895 446 1953 465 non

302 505 353 536 ius,
371 511 470 530 nomen
487 500 532 527 vel
545 499 660 526 titulum
674 495 846 526 tribuissent,
865 502 919 528 que
937 493 993 520 iam
1013 501 1045 520 ex
1058 492 1120 526 ipsa
1140 490 1276 518 electione
1295 490 1389 517 sortiti
1407 499 1508 522 sumus,
1528 492 1571 517 set
1589 498 1623 518 en.
1641 489 1739 525 pocius
1757 489 1952 521 deten'ssent·,
1983 496 1997 515 s

302 554 503 589 approbassent
521 552 550 578 et
568 549 656 576 lacius
675 546 911 574 conmendassent.
948 545 1006 571 Hec
1026 542 1130 570 veritas
1151 541 1264 569 racione
1282 541 1408 574 iuvatur,
1431 541 1584 569 canonibus
1607 543 1637 569 et
1659 540 1771 575 legibus
1787 539 1906 568 fulcitur
1923 541 1954 568 et

302 613 471 634 summorum
500 602 645 635 utriusque
673 599 741 626 iuris
771 598 918 625 doctorum
948 595 1101 623 sentenciis
1131 594 1322 629 conprobatur
1348 602 1387 621 ac
1413 602 1466 621 usu
1496 595 1526 621 et
1551 593 1757 622 consuetudine
1787 599 1850 631 que
1880 592 1954 621 sunt

300 654 453 691 longissimi
471 651 603 687 temporis
621 650 786 678 declaratur.

403 706 444 733 17.
472 704 550 735 Quod
570 711 633 730 vero
651 700 788 732 adiunxit,
807 707 856 726 nos
874 697 1005 725 Galeazio
1026 697 1059 724 de
1071 695 1291 724 vicecomitibus
1309 696 1339 722 et
1356 695 1416 723 eius
1426 695 1562 723 fratribus
1580 695 1614 723 de
1633 695 1723 723 heresi
1741 695 1955 730 condempnatis

300 759 329 786 et
346 755 488 784 nonnullis
506 754 570 782 aliis
588 752 705 781 ecclesie
724 751 849 778 Romane
867 749 1026 781 rebellibus,
1051 756 1120 782 quos
1138 749 1234 775 tamen
1253 754 1309 773 non
1326 746 1496 779 denominat,
1519 746 1708 775 defensionem
1726 746 1907 775 exhibuisse*
1925 749 1955 775 et
1974 753 1999 773 ιο

300 810 435 840 favorem,
459 805 570 841 penitus
593 803 681 831 nichil
705 802 815 830 scimus.
851 801 925 828 Nam
948 800 971 826 si
996 799 1067 827 dicti
1089 799 1236 826 Galeazius
1262 800 1292 826 et
1312 793 1417 826 *fratres
1441 799 1484 826 sui
1502 801 1569 827 sunt
1587 799 1621 826 de
1639 799 1729 827 heresi
1748 799 1955 834 condempnati,

302 859 381 887 nobis
399 867 453 886 non
471 857 594 884 innotuit
615 864 666 883 nec
690 863 739 889 per
763 854 854 888 ipsum
880 861 1016 879 summum
1040 851 1202 886 pontificem
1228 850 1271 878 vel
1297 850 1397 883 alium,
1423 850 1473 884 qni
1492 850 1582 878 voluit
1606 852 1657 878 aut
1678 850 1786 885 potuit,
1810 850 1892 878 nobis
1913 850 1954 877 in-

304 910 462 938 sinuacione
482 908 578 936 debita
596 909 638 940 est
656 907 806 934 detectum.
842 905 935 938 Ipsum
958 911 1024 938 ergo
1048 905 1193 936 tamquam
1216 901 1245 928 in
1263 901 1339 929 facto
1358 901 1511 929 consistens
1529 903 1560 929 et
1576 901 1606 928 in
1623 901 1737 929 remotis
1755 903 1850 929 actum
1868 901 1955 929 racio-

300 962 432 990 nabiliter
455 959 621 995 potuimus
646 957 783 992 ignorare.
819 956 906 982 Immo
931 963 1013 988 quem
1030 953 1154 981 favorem
1180 954 1231 980 aut
1250 952 1438 980 defensionem
1458 952 1499 980 eis
1516 952 1561 980 vel
1580 952 1657 986 aliis,
1678 961 1748 987 quos
1770 952 1908 980 nescimus
1926 955 1956 980 et

304 1023 371 1048 quos
389 1022 443 1040 non
462 1010 631 1043 denominat,
656 1008 861 1036 exhibuerimus
879 1009 908 1034 et
926 1005 1063 1040 quomodo
1082 1005 1141 1032 sint
1159 1005 1203 1031 vel
1221 1004 1327 1032 fuerint
1348 1003 1467 1031 rebelles
1485 1003 1611 1037 ecclesie,
1629 1012 1685 1032 non
1703 1003 1829 1031 videmus
1847 1005 1954 1039 aperte.
1972 1011 1997 1031 ιε

300 1065 474 1093 Connicimus
492 1065 521 1090 et
539 1071 588 1098 per
606 1061 734 1089 effectum
752 1059 843 1094 operis
862 1057 1084 1093 congnoscimus,
1107 1057 1256 1083 nonnullos
1274 1056 1393 1083 rebelles
1413 1055 1531 1083 ecclesie
1555 1055 1709 1088 nominari,
1728 1055 1778 1090 qui
1801 1064 1851 1090 per
1872 1055 1955 1083 fidem

303 1116 460 1144 devocionis
477 1123 524 1142 sue
543 1112 722 1140 molientibus
740 1113 836 1138 contra
854 1111 960 1137 statum
979 1111 1008 1136 et
1026 1109 1088 1136 iura
1105 1107 1218 1143 imperii
1235 1107 1404 1135 renituntur.
1833 1095 1836 1099 ⁵

409 1167 449 1194 18.
477 1165 583 1193 Scimus
602 1166 630 1191 et
649 1164 677 1190 in
695 1163 835 1190 nonnullis
853 1161 981 1197 partibus
993 1160 1090 1188 Ytalie
1109 1162 1152 1188 est
1164 1159 1302 1193 auditum,
1320 1159 1395 1194 quod
1410 1158 1448 1186 ad
1458 1158 1640 1186 reverendum
1652 1161 1763 1194 patrem
1776 1157 1918 1186 dominum
1930 1178 1937 1185 .
1950 1178 1957 1185 .

303 1218 484 1247 cardinalem.
507 1216 570 1250 quit
593 1215 621 1242 in
645 1214 720 1241 illis
744 1213 873 1248 partibus
895 1212 1049 1248 legacionis
1073 1212 1165 1239 officio
1190 1212 1373 1246 fungebatur,
1396 1218 1544 1245 generosos
1561 1211 1636 1238 viros
1655 1232 1661 1239 .
1680 1231 1687 1238 .
1706 1210 1823 1238 comites
1840 1209 1959 1237 nuncios

303 1268 511 1299 destinavimus
529 1268 651 1294 facturos
670 1265 729 1293 eius
748 1264 854 1292 auxilio
867 1273 975 1299 pacem,
994 1265 1109 1298 treugas
1122 1268 1151 1290 et
1164 1262 1327 1290 concordias
1344 1263 1419 1289 inter
1435 1263 1540 1297 partes,
1558 1271 1613 1296 que
1625 1261 1679 1289 sibi
1691 1261 1813 1289 invicem
1827 1268 1958 1296 gwerras,
1977 1268 2004 1288 ,ο

304 1321 368 1348 lites
386 1322 415 1347 et
432 1319 508 1346 mala
526 1318 646 1352 plurima
664 1316 834 1348 inferebant,
857 1315 998 1349 frequenti
1022 1315 1171 1342 earundem
1195 1314 1322 1349 parcium
1344 1313 1519 1348 querimonia
1540 1315 1569 1341 et
1587 1312 1705 1348 pietatis
1723 1312 1815 1340 officio
1832 1311 1959 1341 excitati.

305 1373 367 1407 Ipse
386 1380 449 1399 vero
468 1371 587 1405 legatus
607 1369 654 1403 qui
676 1368 753 1396 venit
771 1368 884 1395 mittere
902 1376 958 1394 non
971 1375 1078 1402 pacem,
1097 1369 1141 1394 set
1158 1366 1294 1401 gladium,
1312 1366 1387 1400 quod
1405 1374 1454 1393 sue
1471 1364 1637 1400 professioni
1649 1364 1764 1392 minime
1778 1364 1960 1400 congruebat,

304 1424 394 1451 dictos
411 1422 525 1449 nuncios
544 1423 574 1449 et
592 1430 684 1448 eorum
705 1420 783 1447 dicta
802 1422 831 1447 et
849 1420 938 1447 bonas
956 1418 1168 1446 exhortaciones
1187 1419 1216 1445 et
1233 1417 1381 1452 rogamina
1398 1425 1453 1444 non
1470 1416 1627 1449 attendens,
1645 1415 1729 1443 nimis
1742 1424 1789 1444 eos
1807 1415 1918 1443 dimisit
1929 1415 1960 1443 in

305 1476 426 1502 nostram
448 1475 478 1501 et
499 1468 622 1508 ipsorum
641 1471 826 1506 ignominiam
845 1471 993 1498 inhoneste
1017 1472 1047 1497 et
1065 1470 1169 1497 bellum
1187 1469 1317 1497 fidelibus
1335 1468 1591 1496 Mediolanensibus
1609 1469 1638 1495 et
1656 1467 1830 1495 obsidionem
1848 1466 1962 1495 civitati

306 1526 336 1553 in
357 1526 461 1552 virtute
480 1524 574 1551 valida
592 1523 756 1558 preparavit
773 1522 919 1557 ipsamque
938 1522 968 1548 in
986 1523 1109 1549 nostram
1133 1523 1163 1549 et
1184 1521 1273 1556 ipsius
1296 1519 1369 1547 sacri
1387 1519 1500 1555 imperii
1524 1519 1654 1547 iniuriam
1680 1527 1781 1554 capere
1803 1518 1880 1546 nisus
1897 1518 1960 1550 fuit,
1979 1526 2005 1546 ει

307 1577 407 1612 quibus
426 1575 494 1603 dicti
514 1575 629 1602 comites
647 1575 783 1608 quantum
801 1575 935 1608 poterant
953 1573 1105 1608 presidium
1124 1572 1288 1600 afferebant.
1325 1573 1356 1599 In
1374 1581 1430 1607 quo
1448 1580 1503 1599 non
1523 1570 1648 1599 Galeazii
1665 1571 1695 1598 et
1712 1571 1830 1598 fratrum
1842 1578 1962 1603 suornm,

303 1631 345 1656 set
362 1629 484 1655 nostrum
503 1628 532 1654 et
549 1626 620 1654 sacri
639 1625 750 1660 imperii
768 1625 915 1660 negocium
949 1626 1044 1652 actum
1062 1624 1127 1658 suit,
1154 1633 1204 1652 nec
1228 1623 1298 1659 ipsis
1322 1624 1446 1651 defensio
1471 1632 1521 1651 seu
1542 1624 1622 1650 favor
1644 1624 1710 1650 sunt
1734 1621 1868 1655 exhibiti,
1894 1629 1963 1656 quos

305 1681 413 1707 constat
432 1680 551 1706 remotos
569 1687 586 1705 a
605 1677 661 1704 suis
681 1676 779 1704 officiis
798 1676 962 1704 extitisse**
971 1678 988 1703 ¹.

412 1731 458 1758 19.
493 1725 543 1759 (2¹¹
567 1730 707 1763 Ceterum,
730 1731 816 1764 prout
844 1735 885 1757 ex
907 1725 1071 1766 premissis
1095 1727 1251 1766 apparetv
1273 1723 1477 1766 processibus
1509 1725 1543 1755 et
1571 1727 1657 1755 certis
1683 1728 1766 1762 patet
1792 1725 1905 1754 indiciis
1934 1726 1965 1753 et

306 1782 479 1809 evidentibus
498 1781 654 1808 counicitur
677 1779 862 1815 argumentis,
888 1779 949 1814 ipse
969 1781 1068 1806 contra
1087 1778 1181 1806 divine
1200 1778 1395 1814 disposicionis
1413 1778 1632 1811 ordinacionem,
1656 1786 1707 1812 per
1724 1785 1810 1811 quam
1827 1776 1857 1803 in
1874 1776 2008 1804 firma-so

308 1834 399 1860 mento
409 1831 523 1859 ecclesie
533 1831 682 1858 militantis
693 1831 746 1858 duo
757 1839 860 1865 magna
873 1830 1025 1858 luminaria
1045 1830 1165 1865 [Deust
1183 1829 1260 1862 fecit,
1279 1830 1469 1865 pontificalem
1479 1829 1613 1857 videlicet
1621 1829 1822 1856 auctoritatem
1835 1829 1866 1856 et
1876 1828 1962 1863 impe-

309 1883 443 1911 ratoriam
455 1883 639 1916 maiestatem,
657 1882 728 1909 illud
746 1883 778 1909 ut
790 1884 914 1916 preesset
930 1882 987 1909 diei
1000 1882 1162 1916 spiritualia
1175 1882 1355 1916 disponendo,
1374 1881 1494 1909 alterum
1512 1882 1546 1908 ut
1562 1882 1688 1916 preesset
1704 1880 1781 1908 nocti
1793 1879 1963 1914 temporalia

309 1935 469 1967 iudicando,
494 1934 640 1962 manifeste
667 1933 768 1961 nititur
791 1933 936 1961 luminaris
955 1933 1084 1966 alterius,
1107 1933 1242 1961 secularis
1259 1933 1411 1968 potestatis
1429 1932 1539 1961 scilicet
1560 1932 1654 1960 radios
1671 1931 1820 1964 suffocare,
1841 1931 1915 1959 unde
1933 1931 1963 1957 in

309 1988 500 2016 confusionem
523 1989 552 2015 et
574 1986 728 2014 terrorem
753 1988 851 2014 saneta
874 1988 1028 2021 reponetur
1051 1986 1179 2019 ecclesia,
1203 1986 1397 2013 causabuntur
1418 1986 1541 2018 hereses,
1564 1985 1749 2020 ingerentur
1773 1984 1854 2017 lites,
1877 1983 1963 2011 susci-

308 2041 404 2066 tantur
421 2037 554 2065 seandala
572 2039 601 2064 et
624 2037 742 2064 ecclesia
760 2037 886 2064 Romana
909 2036 1023 2071 proprio
1050 2045 1146 2064 carens
1171 2036 1309 2063 advocato
1334 2036 1463 2063 resistere
1486 2044 1543 2063 non
1565 2035 1672 2070 poterit
1695 2034 1908 2069 insurgentibus
1930 2042 1963 2061 ex
1982 2041 2007 2062 ³⁵

311 2090 432 2116 adverso.

419 2142 466 2169 20.
499 2141 555 2169 Nos
578 2141 679 2176 igitur,
709 2141 758 2176 qui
787 2141 883 2168 divina
912 2141 1102 2176 disposicione
1133 2140 1285 2168 constituti
1314 2149 1409 2168 sumus
1436 2140 1634 2175 propugnator
1661 2140 1692 2166 et
1719 2132 1871 2166 defensor
1898 2137 1965 2164 fidei

314 2188 481 2220 christiane
505 2191 537 2220 et
559 2195 737 2220 sacrosancte
753 2193 878 2220 Romane
902 2193 1019 2220 ecclesie
1042 2193 1198 2220 advocatus
1221 2197 1347 2219 necnon
1369 2191 1443 2219 sacri
1465 2186 1606 2219 Romani
1628 2190 1742 2226 imperii
1763 2198 1813 2217 rex
1836 2190 1866 2217 et
1887 2188 1963 2224 prin-

312 2252 388 2278 ceps,
417 2244 542 2271 volentes
569 2253 620 2271 nos
648 2253 752 2279 ponere
775 2253 886 2271 murum
909 2253 961 2279 pro
984 2244 1068 2272 domo
1091 2244 1201 2271 Israhel
1224 2245 1254 2271 et
1276 2243 1374 2276 fidem,
1404 2251 1490 2278 quam
1512 2242 1661 2278 defigendo
1683 2250 1798 2269 manum
1821 2241 1897 2276 apud
1919 2248 1964 2268 ex-

313 2295 462 2321 traneum*
485 2295 639 2328 dedimus&
663 2298 692 2323 et
713 2296 903 2323 iuramentum
926 2295 1134 2331 corporaliter*
1156 2291 1309 2330 prestitum
1331 2295 1384 2322 Dei
1410 2294 1554 2322 adiutorio
1576 2293 1783 2322 inviolabiliter
1805 2293 1964 2324 observare,
1982 2299 2009 2319 ω

314 2341 469 2372 habentes
492 2341 609 2373 dictum
632 2343 842 2384 apostolicum
866 2344 981 2375 merito
1005 2346 1038 2375 et
1060 2342 1302 2374 racionabiliter
1323 2345 1509 2384 suspectum
1532 2344 1643 2373 contra
1665 2351 1724 2372 nos
1746 2341 1779 2372 in
1801 2340 1966 2382 premissis

315 2403 351 2423 ac
374 2397 528 2424 sencientes
550 2406 601 2424 nos
630 2399 658 2425 et
685 2398 747 2425 iura
768 2399 880 2433 imperii
909 2408 942 2426 ac
969 2400 1076 2432 nostra,
1106 2400 1233 2426 sanctam
1261 2398 1467 2434 professionem
1496 2397 1647 2424 catholice
1675 2391 1751 2423 fidei
1779 2397 1809 2423 et
1837 2397 1965 2423 sanctam

315 2447 469 2474 Romanam
492 2449 635 2475 ecclesiam
659 2458 692 2476 ex
708 2450 841 2484 predictis
857 2450 1035 2485 processibus
1051 2459 1162 2478 necnon
1183 2450 1401 2483 monicionibus,
1423 2449 1574 2484 preceptis,
1598 2447 1828 2480 inhibicionibus,
1851 2446 1964 2475 commi-

314 2498 486 2530 nacionibus,
505 2499 658 2531 sentenciis,
678 2500 912 2535 absolueionibus,
930 2501 1161 2529 relaxacionibus‘
1173 2502 1202 2528 et
1220 2500 1340 2536 singulis
1358 2500 1387 2527 in
1406 2500 1446 2527 eis
1465 2499 1606 2527 contentis
1623 2498 1750 2534 graviter
1766 2500 1796 2526 et
1814 2497 1966 2525 enormiter

317 2548 483 2582 supradictis
500 2549 533 2575 de
553 2550 642 2576 causis
660 2554 827 2586 aggravatos
846 2561 904 2580 esse
922 2555 950 2580 et
971 2561 1051 2587 posse
1070 2553 1160 2580 eciam
1178 2552 1208 2579 in
1221 2554 1364 2587 posterum
1383 2560 1467 2586 quam
1486 2551 1639 2586 plurimum
1658 2549 1817 2586 aggravari,
1836 2558 1854 2577 a
1870 2557 1966 2584 snpra.-
1983 2556 2008 2575 ⁴5

419 2650 485 2678 836.
512 2652 532 2684 Β)
550 2653 679 2686 incertum,
697 2663 780 2680 norme
798 2657 919 2688 scriptum
936 2657 968 2682 sit
986 2657 1180 2684 detraxissent?
1198 2666 1219 2683 c.
1315 2656 1335 2689 t)
1353 2656 1468 2689 sequitur
1486 2657 1501 2682 ἓ
1519 2656 1592 2682 delet.
1610 2664 1632 2681 c.
1724 2654 1750 2688 ιι)
1769 2663 1837 2680 nova
1853 2654 1925 2680 lima
1943 2662 1966 2679 c.

319 2693 343 2742 V?
362 2702 427 2719 corr.
445 2703 476 2762 {aa
493 2699 573 2728 patet,
596 2704 628 2729 ap
646 2705 725 2729 supra
743 2698 836 2724 lineam
854 2700 916 2726 add.
935 2709 955 2726 c.
1077 2702 1108 2732 W)
1128 2701 1221 2726 cecidit
1238 2709 1259 2726 c.
1381 2700 1407 2732 x)
1426 2699 1520 2725 abhinc
1538 2699 1588 2724 tab.
1605 2702 1619 2724 1
1637 2698 1743 2724 editiora·
1759 2702 1864 2724 nonme
1881 2705 1965 2730 cupra

318 2740 407 2763 enatae
427 2746 443 2762 a
463 2738 533 2763 iecta.

422 2813 447 2845 1)
466 2812 529 2839 Post
547 2813 612 2840 haec
629 2815 726 2842 excidit
743 2824 802 2850 cap.
816 2821 846 2843 19
861 2818 963 2851 prim-is
981 2820 1184 2853 Appellationis.
