2184 3126
178 552 237 574 Nov.
249 555 281 573 11.

295 152 357 182 464
532 148 628 176 ACTA
646 148 760 176 REGNI
778 149 964 175 LUDEWICI
984 149 1032 178 IV.
1050 148 1095 175 ET
1114 148 1300 175 FRIDERIOI
1320 148 1369 175 111.
1407 148 1482 175 1320.
1518 147 1567 173 Nr.
1579 147 1639 174 578.
1657 147 1717 173 579.

298 246 500 277 quacumque
517 235 673 277 dignitate
696 235 894 276 preditorum
910 235 1057 267 volumus
1074 236 1253 276 pervenire,
1277 235 1364 277 quod
1386 237 1519 276 propter
1534 233 1709 275 specialem
1726 232 1950 274 dileccionem,

297 298 393 328 quam
421 287 563 328 gerimus
592 287 634 318 ad
662 289 788 318 nostros
817 290 851 318 et
876 287 1015 328 imperiii
1041 286 1153 318 fideles
1175 286 1524 326 Franchenfordenses,
1547 284 1831 325 Fridebergenses,
1855 283 1950 316 Web-

295 338 460 370 flarienses
488 341 521 369 et
544 337 826 379 Geylenhfisenses
854 337 1025 379 opidanos,
1051 348 1142 369 mera
1169 337 1362 369 liberalitate
1394 340 1491 378 atque
1517 339 1608 368 motu
1635 336 1766 377 proprio
1792 335 1882 376 ipsos
1910 335 1951 367 ab

296 390 383 421 omni
399 398 496 422 onere
513 390 733 430 exaccionum,
757 389 975 430 collectarum,
991 390 1209 430 precariarum
1224 399 1282 420 seu
1297 391 1483 429 sturarum¹⁵‚
1508 397 1710 430 quocumque
1729 387 1858 418 nomine
1874 396 1950 418 cen-

297 444 416 483 seatur,
441 452 482 474 ex
505 441 607 483 regali
629 440 847 472 munificentia
869 444 1027 482 perpetuo
1051 440 1263 472 absolvendos
1287 440 1435 471 duximus
1453 443 1485 471 et
1500 439 1642 471 libertati
1656 437 1859 480 presentibus
1874 447 1950 470 con-

298 492 465 527 donamus.
511 492 562 524 Sic
587 492 672 534 quod
697 491 783 523 dicta
807 495 944 533 quatuor
967 491 1093 533 opidab,
1117 492 1144 523 si
1167 502 1206 523 ea
1229 495 1338 523 nostra
1361 491 1516 523 celsitudo
1539 490 1661 522 habere
1678 491 1866 531 supportata
1887 499 1952 521 non

296 545 431 585 poterit,
455 544 547 575 nobis
575 547 608 575 et
630 544 766 585 imperio
791 543 936 585 quolibet
959 554 1041 575 anno
1069 543 1102 574 in
1125 543 1207 574 festo
1234 543 1322 574 beati
1344 543 1474 574 Martini
1501 553 1559 584 pro
1590 541 1737 574 omnibus
1760 540 1953 582 supradictis

297 595 446 627 oneribus
469 595 651 637 prestandis
673 594 762 626 mille
786 598 819 626 et
842 598 1010 626 sexcentas
1033 604 1158 625 marcas
1182 593 1387 626 denariorum
1411 593 1660 634 Coloniensium,
1684 593 1814 634 triginta
1838 595 1872 624 et
1893 602 1952 624 sex

296 646 415 678 solidos
430 646 662 687 Hallens(ium)
677 656 735 688 pro
753 646 898 687 qualibet
920 656 1030 677 marca
1053 645 1301 687 computandos,
1324 645 1560 677 ministrabunt.
1607 644 1731 681 Quibus
1753 644 1896 685 prestitis
1918 645 1952 675 et

296 698 408 729 solutis
431 697 577 739 quolibet
599 707 683 729 anno
710 698 781 739 ipsa
805 697 902 739 opida
925 698 966 729 ab
997 698 1084 729 omni
1107 707 1206 728 onere
1229 697 1375 738 superius
1398 697 1582 739 specificato
1605 696 1709 728 libera
1731 695 1897 727 reddimus
1918 697 1953 727 et

283 749 411 780 'soluta
465 749 571 785 Quam
600 748 758 780 libertatis
787 750 930 790 graciam
958 751 994 780 ut
1022 749 1218 790 premittitur
1245 748 1323 790 ipsis
1348 749 1568 780 inconvulsam
1594 747 1811 789 promittimus
1839 746 1951 778 obser-

295 810 381 832 vare.
469 800 508 831 In
532 811 666 842 quorum
691 801 833 832 omnium
855 801 1075 832 testimonium
1091 803 1258 842 presentes
1281 799 1398 832 exinde
1415 799 1572 831 conscribi
1586 799 1710 830 litteras
1726 801 1760 830 et
1773 798 1954 830 maiestatis

296 854 423 883 nostrec
445 852 551 894 sigillo
574 853 723 883 iussimus
746 853 944 884 communiri.

403 908 478 940 Dat.
506 909 539 939 in
567 907 819 949 Franchenffirt,
848 908 910 940 III.
939 908 1077 940 Kalend.
1106 908 1204 948 Iunii,
1247 917 1330 939 anno
1358 907 1490 938 Domini
1522 906 1693 937 millesimo
1725 904 1952 937 trecentesimo

295 959 459 1000 vicesimo,
483 960 573 1001 regni
596 970 673 991 vero
697 960 797 991 nostri
820 970 903 991 anno
926 963 1030 991 sexto.

397 1158 645 1204 579—582.
686 1158 1026 1204 LITTERAE
1056 1155 1393 1203 IOHANNIS
1419 1157 1579 1203 XXII.
1611 1156 1854 1202 PAPAE.

874 1234 1003 1278 (1320.
1044 1233 1127 1270 Mai.
1158 1234 1239 1270 lun.
1270 1234 1337 1270 Iul.
1349 1234 1378 1277 1)
1787 1265 1791 1270 .

415 1346 502 1382 579.
541 1346 697 1381 Litterae
723 1346 771 1381 ad
797 1346 1017 1382 Friderieum
1044 1349 1075 1382 et
1101 1346 1325 1382 Ludewicwm
1353 1357 1458 1391 reyes.
1561 1345 1675 1390 (Mai.
1703 1345 1836 1391 Iun.?)

407 1416 506 1456 Copia
522 1415 578 1458 (c.)
601 1416 637 1447 in
660 1415 725 1447 cod.
742 1415 806 1446 538
821 1416 915 1457 (496)
939 1415 1137 1448 bibliothecae
1154 1415 1303 1457 publicae
1321 1415 1556 1448 Cameracensis
1564 1416 1586 1454 ¹,
1607 1415 1666 1455 qui
1686 1425 1764 1447 saec.
1782 1415 1880 1448 XIV.
1904 1426 1952 1449 ex.

296 1478 312 1500 e
334 1471 414 1499 tomo
433 1467 637 1508 Reyestorum
659 1467 782 1498 archivi
796 1467 1024 1499 Avinicmensis
1042 1468 1109 1499 iam
1130 1467 1288 1507 deperdito
1304 1467 1442 1498 eiusdem
1464 1467 1531 1505 fere
1550 1466 1673 1499 'indolis
1694 1477 1733 1498 ac
1748 1466 1954 1507 Reyestorum

296 1522 399 1551 tomus
414 1521 483 1558 110,
506 1520 564 1559 qui
579 1519 703 1550 litteras
717 1521 852 1550 secretas
866 1519 947 1550 anni
959 1519 1055 1552 1-4.
1071 1519 1216 1558 continet,
1240 1519 1417 1559 descriptus
1432 1528 1496 1550 esse
1510 1518 1644 1557 videtur,
1666 1517 1720 1557 fol.
1733 1518 1797 1550 137
1811 1518 1868 1559 (=
1884 1519 1951 1551 eod.

296 1570 440 1602 Parisin.
458 1570 570 1602 ‘Noua
586 1571 705 1610 aequis.
723 1570 787 1602 lat!
807 1570 894 1602 2207
911 1580 944 1609 p.
963 1570 1052 1612 526).
1093 1570 1208 1611 Copiae
1222 1571 1343 1603 mendis
1357 1572 1487 1602 scatent.
1525 1569 1704 1610 Descripsit
1720 1570 1762 1602 A.
1777 1569 1951 1611 Werminy-

297 1622 366 1660 hoff
383 1633 421 1654 ex
443 1622 622 1662 apoyrapho
646 1622 806 1654 Parisino.
830 1640 871 1645 —-
895 1622 1066 1654 Ineditum.

405 1699 577 1730 Carissimo
600 1699 632 1730 in
655 1699 782 1731 Christo
806 1699 871 1730 filio
894 1699 1068 1731 Frederico
1092 1699 1165 1731 duci
1186 1699 1318 1730 Austrie
1341 1700 1374 1730 in
1394 1698 1641 1740 Roman(orum)
1657 1709 1769 1740 regem
1793 1698 1907 1731 electo.

409 1753 436 1782 1.
452 1749 632 1791 Postquam
646 1749 852 1791 benignitatis
867 1749 973 1781 divine
990 1750 1162 1781 clementia
1174 1752 1376 1781 sacrosancte
1386 1749 1534 1781 Romane
1551 1750 1687 1782 ecclesie
1704 1760 1820 1792 sponse
1833 1750 1962 1783 Christi'

296 1811 427 1842 preesse
450 1811 508 1832 nos
530 1801 632 1832 voluit
655 1811 712 1831 sua
735 1800 922 1842 dignatione
945 1804 1109 1842 pastorem
1133 1804 1166 1832 et
1188 1804 1314 1842 patrem
1337 1801 1414 1832 licet
1435 1801 1700 1833 insufficientibus
1723 1802 1846 1833 meritis
1875 1812 1951 1834 con-

297 1853 429 1884 stituere
453 1852 565 1894 populi
588 1852 774 1892 Christiani,
802 1855 926 1883 nostros
950 1852 991 1883 ad
1014 1853 1075 1884 hoc
1099 1852 1226 1884 assidue
1251 1852 1436 1883 diffudimus
1459 1853 1619 1894 cogitatus
1642 1855 1675 1884 et
1698 1853 1739 1884 ad
1763 1853 1824 1884 hoc
1847 1854 1953 1895 preci-

296 1914 359 1945 pue
377 1904 592 1935 convertimus
608 1903 768 1935 desideria
787 1904 903 1935 mentis
919 1907 1036 1945 nostre,
1060 1907 1096 1935 ut
1119 1914 1184 1945 pax
1199 1903 1272 1944 Dei,
1297 1914 1359 1945 que
1383 1907 1515 1945 superat
1538 1914 1667 1936 omnem
1691 1915 1830 1946 sensum,
1855 1904 1953 1936 corda

296 1955 439 1987 fidelium
470 1955 665 1997 possideret,
695 1958 916 1997 tempestuoso
940 1955 1155 1997 procellarum
1178 1955 1314 1996 turbine,
1346 1965 1409 1996 quo
1438 1958 1540 1987 status
1569 1955 1653 1986 orbis
1676 1955 1861 1996 involvitur,
1892 1956 1951 1988 sub

295 2007 382 2038 mitis
404 2017 481 2038 aure
499 2006 667 2038 dulcedine
685 2007 880 2048 quiescente.
926 2007 1089 2047 Profecto,
1112 2006 1320 2038 dilectissime
1343 2007 1398 2047 fili,
1423 2007 1499 2038 dum
1514 2007 1590 2039 fidei
1606 2007 1786 2039 Christiane
1802 2007 1951 2048 cultores,

297 2069 431 2100 quorum
456 2058 568 2090 celitus
591 2058 683 2090 nobis
707 2061 756 2089 est
778 2058 948 2089 commissa
972 2058 1126 2098 custodia,
1151 2058 1366 2089 voluminibus
1389 2058 1630 2090 tribulationum
1654 2059 1784 2098 involvi,
1808 2058 1951 2091 subverti

296 2109 468 2151 scandalis,
492 2109 703 2141 seditionibus
730 2109 831 2141 scindi
855 2112 888 2141 et
911 2120 1022 2141 eorum
1044 2110 1078 2140 in
1099 2112 1209 2151 partes
1231 2110 1367 2140 lacerari
1396 2110 1608 2151 conspicimus
1635 2111 1807 2150 unitatem,
1839 2120 1952 2142 amara

297 2160 520 2202 compellimur
541 2161 740 2203 ingeminare
767 2161 904 2203 suspiria
932 2164 964 2193 et
992 2171 1051 2202 per
1078 2160 1187 2192 debite
1215 2161 1444 2202 compassionis
1472 2161 1621 2193 affectum
1653 2161 1773 2192 doloris
1795 2162 1953 2202 partimur

295 2212 444 2244 incendia
467 2223 539 2244 cum
563 2213 695 2244 eisdem.

404 2265 432 2295 2.
458 2263 515 2295 Set
537 2264 602 2303 illa,
627 2274 722 2306 quam
738 2265 822 2296 inter
838 2268 869 2296 te
886 2267 919 2296 et
935 2264 1133 2296 carissimum
1150 2264 1182 2295 in
1201 2263 1328 2295 Christo
1343 2263 1444 2295 filium
1460 2267 1604 2296 nostrum
1619 2263 1820 2296 Ludovicum
1835 2263 1951 2296 ducem

295 2315 432 2347 Bavarie
448 2315 481 2345 in
496 2314 715 2347 Romanorum
738 2326 850 2357 regem
875 2316 1014 2348 electum
1036 2316 1137 2347 hostis
1153 2316 1311 2356 antiquus,
1335 2315 1539 2347 multiformis
1562 2315 1765 2347 adversarius
1787 2318 1897 2348 noster
1918 2318 1952 2348 et

296 2360 444 2407 emulus,⁸
459 2367 513 2407 qui
535 2376 655 2408 genera
677 2367 766 2398 mille
789 2367 927 2398 nocendi
952 2367 1107 2409 milleque
1134 2366 1269 2398 fallendi
1295 2366 1410 2398 modos
1432 2378 1490 2398 usu
1518 2367 1647 2399 didiscit
1669 2368 1852 2409 vetustatis,
1875 2377 1950 2409 pre-

295 2421 387 2450 te'xtu
410 2418 574 2449 electionis
602 2418 642 2450 de
672 2422 809 2461 utroque
838 2422 980 2451 vestrum
1003 2420 1035 2451 in
1057 2418 1277 2451 Romanorum
1305 2428 1417 2460 regem
1440 2420 1473 2450 in
1497 2419 1656 2451 discordia
1679 2418 1842 2450 celebrate
1871 2418 1952 2451 flatu

295 2469 449 2511 pestifero
466 2471 641 2511 suscitavit,
666 2473 698 2502 et
714 2471 897 2503 acerbiores
920 2472 1036 2503 nostris
1051 2470 1148 2502 infert
1163 2470 1340 2512 precordiis
1355 2469 1569 2513 pu[n]ctiones
1585 2481 1690 2512 eoque
1705 2471 1798 2502 nobis
1813 2470 1951 2502 durioris

1971 711 1998 730 10

1971 967 1998 988 25

295 2522 474 2552 vexationis
501 2521 666 2552 molestias
690 2526 873 2564 coacervat,
899 2533 960 2564 que
988 2521 1218 2564 periculosiora
1241 2524 1307 2553 tam
1335 2521 1518 2553 sublimium
1541 2522 1654 2553 divisio
1682 2531 1906 2564 personarum,
1929 2531 1950 2552 a
1966 2533 1997 2554 ω

297 2572 412 2614 quibus
443 2573 529 2604 omni
551 2583 681 2614 prorsus
711 2573 841 2605 exclusa
869 2573 1029 2605 discordia
1056 2573 1186 2615 prodire
1213 2573 1302 2614 pacis
1326 2572 1461 2605 deberet
1483 2574 1658 2615 amenitas,
1685 2583 1795 2605 secum
1818 2572 1949 2604 trahere

401 2657 466 2684 578.
494 2657 517 2691 ἃ)
536 2662 682 2684 stourarum
699 2658 723 2684 2.
811 2658 837 2690 b)
857 2660 932 2692 opida
949 2663 1062 2691 quatuor
1079 2658 1104 2685 2.
1118 2658 1141 2685 3.
1231 2660 1254 2691 ⁰)
1273 2663 1360 2685 nostre
1378 2660 1520 2685 maiestatis
1537 2659 1562 2685 2.
1575 2659 1600 2685 3.

399 2716 425 2748 1)
447 2716 489 2749 Cf.
508 2716 628 2743 ‘Archiv'
647 2717 726 2750 VIII,
738 2721 787 2744 432
805 2720 828 2744 et
847 2718 1002 2752 ‘Cataloyue
1015 2718 1124 2753 general
1141 2718 1188 2744 des
1205 2719 1379 2746 manuscrit&
1397 2718 1500 2752 XVII,
1512 2722 1569 2746 203.
1603 2719 1679 2753 Quae
1697 2718 1731 2745 de
1747 2717 1836 2744 indole
1852 2716 1952 2744 codicis

297 2759 496 2786 Cameracensis
513 2759 667 2791 referamur
686 2761 798 2788 ‘Histzm
810 2761 977 2795 Zeitschrift'
996 2761 1190 2794 LXXXVII,
1208 2765 1264 2795 546,
1282 2769 1392 2788 erronea
1409 2764 1482 2789 sunt.
