2190 3172
339 158 401 188 386
598 153 696 181 ACTA
714 152 828 180 REGNI
847 150 1033 179 LUDEWICI
1051 150 1099 179 IV.
1117 149 1164 176 ΕΤ
1185 147 1371 177 FRIDERICI
1390 149 1440 176 ΙΙΙ.
1477 148 1553 176 1318.
1590 147 1638 175 Nr.
1651 148 1711 176 472.
1729 148 1788 176 473.

339 242 442 283 exigit
465 241 654 280 sublimitas,
679 248 846 271 occurrere
870 248 934 269 non
956 246 1125 278 possumus
1148 235 1278 276 propria
1300 235 1332 265 in
1355 245 1504 276 persona,
1527 237 1560 266 te
1577 238 1743 277 tamquam
1766 235 1849 266 sacri
1871 235 1999 277 imperii

339 294 545 334 columpnam
568 291 769 333 potissimam
791 289 984 330 requirimus
1013 290 1046 319 et
1068 296 1219 327 rogamus
1251 295 1289 316 ac
1321 285 1379 316 sub
1407 296 1447 318 ea
1469 297 1533 328 qua
1560 285 1653 317 nobis
1681 289 1714 318 et
1736 296 1827 318 sacro
1850 286 1998 318 Romano

338 346 475 387 imperio
504 344 624 376 teneris
652 343 809 374 fidelitate
839 340 897 371 tibi
926 339 1121 380 iniungimus
1148 337 1284 378 seriose,
1313 337 1462 379 quatinus
1490 338 1637 369 invocato
1672 337 1715 369 ad
1742 337 1804 369 hoc
1832 337 1998 379 nobilium,

338 397 496 428 baronum
521 398 554 427 et
568 395 789 426 universorum
812 392 894 423 sacri
910 390 1050 422 Romani
1065 389 1192 430 imperii
1208 388 1363 429 fidelium,
1387 388 1502 431 quibus
1517 391 1554 420 ut
1569 388 1691 431 absque
1706 389 1840 421 alterius
1855 389 2000 421 mandati

340 448 441 479 nostri
466 446 698 488 expectacione
723 444 781 475 sub
806 443 940 474 obtentu
964 441 1072 483 gracie
1096 443 1206 471 nostre
1229 440 1262 471 in
1284 440 1347 471 hoc
1370 450 1430 482 per
1445 443 1476 472 te
1493 441 1640 482 requisiti
1661 440 1719 472 tibi
1742 440 1902 482 assistant,
1926 450 2000 482 pre·
2031 451 2045 470 ιι

338 500 475 540 cipimus
499 508 558 539 per
573 499 749 538 presentes,
774 494 895 525 auxilio
919 493 1026 524 omnia
1050 495 1083 524 et
1105 491 1241 533 singula,
1265 502 1328 534 que
1350 491 1444 523 nobis
1466 491 1654 524 absentibus
1677 495 1711 524 et
1725 494 1836 534 preter
1858 495 2000 524 nostram

340 550 565 582 auctoritatem
588 549 620 579 in
643 547 872 589 premissorum
896 544 1132 584 theloneorum,
1156 554 1265 585 ymmo
1289 543 1537 585 depredacionis
1564 544 1774 586 imposicione
1802 543 1930 585 aliaque
1958 543 2001 575 ad

339 601 456 633 eadem
480 598 700 631 conservanda
731 597 880 629 condicta
909 599 983 627 sunt
1005 598 1214 637 attemptata,
1243 598 1369 627 nostras
1398 596 1431 627 in
1454 596 1516 627 hoc
1544 598 1578 627 et
1605 595 1688 628 sacri
1715 595 1843 637 imperii
1869 595 2001 627 iniurias

339 651 557 694 propulsando
583 653 616 682 et
631 660 689 691 pro
706 649 828 680 iuribus
843 648 959 679 nostris
983 650 1016 679 et
1030 647 1158 689 imperii
1175 647 1402 679 conservandis
1425 647 1518 679 nobis
1540 647 1572 678 in
1589 647 1650 679 hoc
1667 647 1846 679 assistendo
1862 647 2002 679 disolvas

339 707 373 735 et
401 702 571 742 retundas,
601 700 805 744 prohibendo
840 710 881 731 ne
917 699 1070 741 deinceps
1103 699 1271 741 thelonea,
1305 709 1414 741 ymmo
1449 699 1550 741 prede
1578 699 1762 731 huiusmodi
1792 699 2000 740 invalescant,
2021 707 2046 726 ιο

339 753 552 786 resumendod
579 753 638 784 tibi
666 752 818 784 thelonea
846 755 901 783 tua
927 751 1084 783 hactenus
1113 750 1226 782 habita
1253 762 1272 783 a
1298 750 1392 782 nobis
1422 754 1456 783 et
1486 751 1603 783 nostris
1629 750 1914 793 predecessoribus
1944 750 2003 783 tibi

339 805 473 837 indulta.
512 805 606 836 Circa
631 814 743 836 eorum
767 807 878 835 tamen
901 803 1162 834 moderacionem
1187 803 1233 834 sic
1257 806 1290 834 te
1313 803 1447 843 habens,
1472 803 1554 834 sicut
1576 803 1690 834 honori
1712 802 1795 834 sacri
1817 802 1946 846 imperii
1969 805 2003 835 et

339 868 397 900 pro
422 857 600 898 reipublice
624 859 710 887 statu
733 855 906 897 tranquillo
929 854 1048 886 videris
1071 854 1239 896 expedire,
1264 854 1351 896 quod
1375 857 1428 886 tue
1445 854 1596 886 duximus
1619 854 1774 886 industrie
1797 853 2001 885 committen-
2035 862 2040 864 ⁷

339 909 426 940 dum.
465 908 508 940 Et
530 919 570 939 ne
594 909 662 939 sine
678 907 820 939 vindicta
843 917 878 938 se
894 906 956 937 hiis
980 907 1194 948 oponencium
1219 908 1344 938 crescat
1365 906 1511 943 audacia,
1535 906 1766 939 committimus
1789 905 1858 946 tibi,
1880 907 1917 937 ut
1931 905 2002 937 vice

339 964 449 992 nostra
472 961 504 991 in
527 960 588 991 hac
611 962 705 1001 parte
729 958 885 999 rebelles,
916 959 1020 990 eciam
1043 959 1260 1000 cuiuscunque
1284 960 1387 990 status
1409 958 1542 998 fuerint,
1572 961 1738 1000 tamquam
1765 967 1840 989 reos
1862 956 2002 988 criminis
2022 966 2047 986 u

339 1012 407 1044 lese
435 1012 614 1044 maiestatis
644 1011 689 1042 sic
713 1020 914 1052 compescas,
944 1013 980 1042 ut
1001 1010 1112 1042 debite
1136 1010 1317 1042 severitatis
1339 1020 1398 1052 pro
1421 1010 1519 1042 modo
1547 1010 1641 1052 culpe
1665 1009 1809 1042 senciant
1830 1008 2000 1040 ulcionem.

339 1064 408 1095 Nos
432 1064 517 1095 enim
541 1074 594 1103 ea,
626 1073 688 1104 que
712 1063 744 1093 in
766 1062 828 1094 hac
851 1065 944 1104 parte
968 1062 1100 1103 feceris,
1131 1062 1287 1094 faciemus
1310 1065 1442 1093 auctore
1466 1061 1605 1094 Domino
1628 1062 1661 1093 in
1684 1061 1811 1103 signum
1834 1060 2002 1102 deliquen-

340 1116 424 1147 cium
448 1115 597 1156 supplicii
620 1114 727 1146 banno
757 1117 790 1145 et
817 1113 936 1146 iudicio
960 1113 1142 1146 maiestatis
1164 1114 1255 1156 regie
1279 1113 1460 1145 confirmari
1489 1116 1522 1145 et
1543 1113 1679 1145 firmiter
1702 1112 1876 1144 observari.
1964 1111 2004 1143 In

340 1167 430 1198 cuius
464 1167 511 1198 rei
548 1166 769 1198 testimonium
803 1168 972 1207 presentes
1006 1165 1065 1197 tibi
1100 1164 1214 1197 damus
1248 1165 1373 1197 litteras
1407 1165 1507 1197 nostri
1540 1164 1660 1207 regalis
1693 1164 1791 1206 sigilli
1827 1163 2003 1195 munimine

339 1218 563 1249 communitas.
2021 1225 2048 1246 ,ο

448 1269 586 1301 Datum‘³
611 1269 644 1300 in
667 1267 789 1309 Gretz‘,
821 1269 900 1300 1111.
918 1268 995 1300 Idus
1018 1268 1131 1310 Febr„
1162 1279 1245 1300 anno
1268 1268 1401 1300 Domini
1427 1267 1598 1300 millesimo
1626 1267 1852 1300 trecentesimo
1876 1266 2004 1298 decimo

340 1324 465 1361 octavo,
490 1321 581 1363 regni
606 1331 682 1352 vero
707 1321 807 1352 nostri
830 1331 914 1352 anno
939 1323 1064 1362 quarto.

466 1506 541 1541 473.
578 1503 863 1542 SCRIPTUM
886 1505 1161 1543 LUDEWICI
1189 1504 1294 1542 PRO
1319 1504 1575 1542 CIVITATE
1602 1502 1886 1540 HALLENSI.

1012 1573 1121 1609 1318.
1158 1572 1267 1609 Febr.
1293 1572 1350 1609 11.

453 1668 615 1709 Oriyinale
649 1669 685 1700 in
718 1668 879 1701 tabulario
914 1669 998 1709 reyio
1032 1668 1293 1709 Stuttyardiensi.
1350 1667 1587 1708 Descm'psz‘mus
1613 1678 1679 1699 nos.
1739 1666 1886 1708 Siyillum
1913 1667 2005 1706 deest,
2023 1676 2049 1697 25

341 1720 407 1752 Zoro
430 1721 663 1752 membranaceo
685 1720 802 1752 relicto.
826 1740 868 1744 —
891 1720 1062 1752 Ineditum.

451 1780 599 1819 Bc'ihmer,
622 1780 698 1821 Rey.
716 1781 829 1812 Ludw.
850 1791 884 1822 p.
902 1782 944 1811 18
965 1790 1015 1813 nr.
1031 1780 1104 1811 294.

455 1840 506 1883 Cf.
530 1841 621 1881 infra
643 1841 688 1872 ad
709 1851 739 1873 α.
757 1841 851 1873 1320.
876 1840 955 1873 Nov.
974 1842 1024 1872 15.

452 1922 647 1954 Ludowicus
669 1922 733 1954 Dei
756 1923 862 1964 gratia
883 1922 1106 1954 Romanorum
1129 1932 1188 1954 rex
1211 1931 1341 1964 semper
1363 1925 1518 1963 augustus
1583 1922 1740 1953 universis
1763 1921 1846 1953 sacri
1867 1921 2009 1953 Romani

343 1974 471 2015 imperii
495 1973 645 2005 fidelibus
668 1977 836 2015 presentes
859 1974 985 2006 litteras
1008 1975 1199 2016 inspecturis
1270 1974 1408 2015 gratiam
1432 1984 1524 2005 suam
1548 1977 1581 2005 et
1604 1983 1699 2005 omne
1723 1972 1852 2005 bonum.
2026 1980 2053 2001 ³⁰

453 2025 535 2057 Cum
551 2025 729 2067 prudentes
751 2026 809 2057 viri
834 2049 841 2056 .
858 2049 866 2056 .
890 2026 977 2057 cives
993 2025 1166 2057 Hallenses
1188 2025 1302 2057 fideles
1324 2026 1425 2057 nostri
1448 2025 1559 2057 dilecti
1582 2035 1624 2057 ex
1646 2024 1816 2056 hostilibus
1838 2023 2007 2056 insultibus

344 2076 387 2108 ab
410 2076 602 2108 adversariis
624 2077 742 2108 nostris
765 2081 798 2109 et
820 2077 947 2118 imperii
970 2077 1148 2108 rebellibus
1171 2077 1294 2108 eisdem
1318 2076 1576 2108 incumbentibus
1599 2087 1663 2108 non
1685 2076 1789 2108 solum
1809 2086 1926 2116 rerum,
1950 2075 2008 2107 sed

345 2131 379 2160 et
394 2138 605 2170 personarum
622 2128 763 2170 dampna
785 2129 962 2160 cottidiana
986 2133 1019 2161 et
1035 2129 1219 2160 discrimina
1235 2130 1400 2170 patiantur
1421 2139 1481 2161 nec
1504 2131 1540 2160 ut
1557 2127 1730 2170 expediret
1745 2130 1837 2160 extra
1853 2127 2009 2169 oppidum

345 2181 488 2222 ipsorum
512 2181 576 2211 suis
599 2180 798 2222 profectibus
820 2181 990 2212 intendere
1014 2181 1146 2213 valeant
1168 2183 1204 2212 ut
1227 2180 1401 2222 deberent,
1434 2183 1524 2212 metu
1547 2181 1602 2223 qui
1627 2180 1661 2211 in
1683 2182 1867 2212 constantes
1890 2179 2010 2211 cadere

345 2232 465 2274 poterit
487 2235 700 2273 repugnante,
724 2232 889 2273 premissis
912 2232 1035 2263 civibus
1059 2243 1101 2264 ex
1116 2233 1309 2264 auctoritate
1333 2233 1424 2274 regia
1439 2234 1553 2264 tenore
1569 2232 1768 2273 presentium
1791 2230 2009 2272 indulgemus,
2028 2239 2053 2259 ³⁵

347 2283 434 2325 quod
463 2284 490 2314 si
521 2295 541 2315 a
567 2283 727 2315 iudicibus
755 2284 1047 2326 Herbipolensibus
1077 2285 1167 2316 citati
1195 2284 1247 2316 vel
1279 2284 1404 2316 evocati
1434 2284 1553 2316 fuerint
1586 2294 1644 2316 seu
1678 2283 1720 2315 ab
1754 2282 1826 2314 aliis
1852 2281 2011 2314 iudicibus

347 2335 618 2377 quibuscumque,
648 2346 745 2367 causa
773 2336 930 2377 premissa
964 2346 1021 2367 eos
1050 2339 1216 2378 tamquam
1246 2336 1394 2378 legitima
1417 2335 1622 2377 defensante,
1652 2336 1802 2377 impunes
1823 2334 1948 2376 possint
1977 2336 2011 2366 et

345 2387 476 2418 valeant
505 2397 569 2418 non
596 2397 722 2428 parere.
768 2387 944 2419 Processus
971 2398 1048 2420 vero
1076 2398 1297 2430 quoscumque
1326 2387 1558 2419 sententiarum
1585 2397 1645 2419 seu
1671 2386 1946 2428 proscripcionum
1977 2385 2010 2417 in

346 2438 479 2470 eosdem
496 2439 639 2480 prolatos
656 2439 708 2470 vel
723 2438 936 2481 proferendos
953 2439 1083 2481 obinde,
1107 2439 1195 2482 quod
1217 2439 1422 2478 consistoriis,
1446 2438 1488 2470 ad
1504 2448 1566 2480 que
1584 2439 1691 2470 vocati
1706 2438 1759 2470 vel
1775 2438 1865 2469 citati
1881 2437 2009 2478 fuerint,

347 2501 419 2522 cum
442 2490 502 2522 hec
526 2490 674 2523 absentia
697 2502 761 2522 non
783 2491 817 2522 in
840 2492 1072 2523 contumatiam
1095 2491 1206 2523 valeat
1227 2490 1424 2532 retorqueri,
1453 2500 1488 2522 se
1510 2501 1575 2522 non
1597 2490 1871 2532 presentaverint,
1895 2489 2009 2521 decer·
2027 2499 2054 2519 4ο

346 2543 451 2573 nimus
474 2542 579 2574 nullos
603 2546 636 2574 et
658 2544 765 2575 irritos
788 2543 859 2585 ipso
883 2542 979 2575 facto.

454 2594 528 2626 Dat.
546 2594 689 2636 Monaci,
717 2595 777 2627 III.
795 2595 873 2626 Idus
896 2594 1009 2635 Febr.,
1042 2605 1125 2626 anno
1148 2594 1280 2626 Domini
1303 2593 1554 2634 MOGOXVIII,
1586 2593 1679 2635 regni
1702 2602 1779 2624 vero
1802 2593 1902 2624 nostri
1925 2602 2009 2624 anno

347 2649 472 2687 quarto.

450 2773 516 2802 472.
549 2774 574 2808 εἰ)
593 2777 747 2802 resumendo
768 2776 790 2802 1.
880 2777 903 2808 e)
922 2777 981 2802 Dat.
1001 2775 1025 2802 2.
1113 2775 1133 2809 ¹⁹)
1152 2777 1244 2802 Gretze
1263 2775 1288 2802 2.
