2190 3172
437 221 534 251 AGTA
552 221 669 250 REGNI
688 222 872 251 LUDEWIOI
891 223 938 251 lv.
956 224 1002 251 ΕΤ
1022 224 1206 253 munemel
1226 226 1275 254 111.
1312 226 1386 254 1314.
1422 227 1471 255 Nr.
1486 228 1542 256 148.
1563 229 1620 256 1⁴9.
1791 234 1849 264 143

302 311 496 345 Ludowious
518 316 569 344 Dei
588 317 686 352 gracia
705 317 891 346 Romanorum
915 326 962 346 rex
989 327 1097 354 semper
1123 322 1258 355 augustus
1337 321 1471 349 universis
1497 322 1567 350 sacri
1595 323 1704 358 imperii
1733 324 1850 352 Romani

202 366 340 399 fidelibus,
358 367 395 396 ad
412 376 482 402 quos
499 370 642 403 presentes
660 368 839 404 pervenerint
907 369 1032 405 graciam
1050 379 1128 398 suam
1146 373 1176 399 et
1193 380 1274 399 omne
1292 371 1403 400 bonum.

307 418 427 455 Dignum
445 418 555 447 iudicat
572 421 669 447 nostra
686 420 829 453 serenitas,
848 422 881 448 ut
897 429 951 455 que
970 421 1038 448 iuris
1057 423 1086 449 et
1103 422 1222 450 racionis
1244 423 1349 451 auxilio
1367 423 1533 456 fulciuntur,
1551 425 1654 461 regalis
1671 426 1850 454 auctoritatis

205 468 413 506 approbacione
430 470 533 498 sorcius
550 470 711 499 solidentur.
748 470 826 499 'runo
845 471 919 499 enim
937 470 1056 500 iniuncti
1074 473 1154 501 nobis
1176 473 1313 502 divinitus
1334 484 1429 503 curam
1451 475 1536 503 offleii
1560 476 1654 505 debite
1676 477 1849 505 esecucionis

173 527 186 547 t
204 520 385 549 obswmcis
402 520 524 557 gerimus
542 524 572 550 et
588 523 701 558 gratum
719 521 777 550 Deo
796 522 933 551 credimus
945 522 1109 558 obsequium
1121 525 1261 559 exhibere,
1274 535 1335 554 cum
1350 526 1498 562 unicuique
1512 530 1541 555 et
1553 528 1714 563 specialiter
1726 529 1850 557 ecclesiis

201 575 231 602 et
257 572 456 601 ecclesiasticis
483 573 608 609 personis
634 583 688 609 qne
716 583 767 602 sua
793 576 858 602 sunt
884 575 1034 603 tribuimus
1061 578 1090 604 et
1117 585 1266 604 servamus.
1302 577 1373 605 Hinc
1397 580 1440 605 est
1463 579 1536 613 quod
1559 581 1654 607 tenore
1678 579 1848 615 presencium

202 624 314 660 publice
333 624 503 660 profitemur,
522 625 597 659 quod
614 634 664 653 nos
682 625 819 660 equitatis
837 629 866 654 et
884 626 996 655 iusticie
1015 627 1074 655 zelo
1092 628 1247 656 fervencius
1265 629 1390 661 excitati,
1410 639 1459 665 per
1476 630 1654 665 diligenciam
1669 631 1849 659 consideratis

201 675 359 712 privilegiis
386 672 503 704 ecclesie
530 677 695 712 Maguntine
723 678 899 713 veritateque
927 681 1082 714 comperta.
1114 680 1344 714 quemadmodum
1380 690 1431 717 per
1456 681 1520 709 dive
1550 682 1679 711 memorie
1710 683 1848 717 quondam

201 727 349 755 Albertum
373 727 559 755 Romanorum
581 737 675 764 regem
702 729 736 758 et
767 725 898 758 demum
929 737 987 769 per
1018 727 1181 760 dominum
1211 728 1408 771 Heynricum
1439 730 1599 772 quondam
1629 730 1849 764 Romanorum

159 784 186 804 10
202 776 441 818 imperatorem,
464 779 539 808 tunc
561 775 744 810 Romanum
766 788 878 820 regem
901 784 1096 811 antecessores
1119 786 1237 811 nostros
1255 784 1483 819 pronunciatum.
1506 785 1678 813 declaratum
1696 794 1744 814 seu
1762 787 1848 814 etiam

200 829 350 858 diffinitum
369 830 483 866 estitit²
499 830 592 860 lucide
611 833 640 860 et
658 841 794 868 expresse,
813 833 887 868 quod
899 834 1013 869 opidum
1027 834 1072 862 Sel
1080 835 1202 870 genstad
1221 834 1257 862 e't
1275 835 1426 863 comitatus
1438 836 1619 872 Bachgowie
1638 846 1699 865 cum
1712 838 1848 866 universis

202 872 382 918 pertinenciis
400 882 466 914 suis,
485 882 592 910 iuribus
611 885 640 911 et
657 883 807 912 honoribus
825 884 908 920 pleno
927 884 986 913 iure
1005 886 1148 921 pertinent
1166 889 1195 914 et
1212 888 1345 922 spectant
1362 887 1397 914 ad
1417 888 1467 921 ius,
1486 887 1638 916 dominium
1653 889 1712 916 sive
1725 889 1846 925 proprie-

201 934 290 962 tatem
314 933 431 961 ecclesie
452 934 629 970 Maguntine,
656 935 829 963 declaramus
856 936 1014 971 predictum
1039 937 1153 972 opidum
1176 937 1221 965 Sel
1230 940 1344 973 genstat
1369 941 1398 967 et
1425 939 1589 967 comitatum
1612 940 1761 968 Bachawie
1786 950 1847 969 eum

200 978 380 1020 pertinenciis
402 985 470 1018 suis,
495 985 602 1014 iuribus
621 988 650 1014 et
668 986 818 1015 honoribus
836 986 973 1015 universis
990 987 1075 1023 pleno
1093 987 1153 1016 iure
1177 989 1212 1015 sd
1236 988 1291 1022 ius,
1315 989 1467 1017 dominium
1489 999 1537 1018 sen
1560 991 1760 1027 proprietatem
1779 993 1848 1020 eius·

155 1041 183 1063 11
201 1035 263 1064 dem
281 1036 398 1065 ecclesie
416 1036 582 1072 Magantine
604 1037 692 1066 libere
714 1038 869 1074 pertinere,
892 1038 1020 1074 predicta
1043 1038 1098 1074 ipsi
1122 1039 1239 1068 ecclesie
1257 1040 1422 1069 innovantes
1444 1044 1474 1069 et
1494 1051 1527 1069 ex
1551 1044 1627 1070 certa
1649 1044 1770 1071 sciencia
1787 1053 1847 1080 pro-

199 1087 419 1122 nunciecionem,
437 1088 656 1117 declaracionem
675 1098 722 1117 seu
735 1089 934 1118 diffinicionem
949 1090 1179 1125 predecessorum
1198 1093 1369 1120 nostrorum
1389 1094 1576 1128 prefatorum
1595 1095 1731 1130 presentis
1747 1096 1847 1132 scripti

198 1137 356 1174 patrocinio
375 1138 576 1167 confirmantes.
613 1140 702 1175 Super
719 1139 821 1175 quibus
840 1140 959 1175 aliisque
982 1137 1046 1169 suis
1068 1141 1176 1169 iuribus
1198 1143 1324 1171 omnibus
1346 1145 1461 1173 eandem
1479 1145 1627 1173 ecclesiam
1645 1146 1847 1182 Moguntinun

199 1190 228 1218 et
245 1189 473 1226 archiepiscopos
490 1190 563 1223 eius,
581 1191 630 1226 qui
649 1200 700 1227 pro
718 1194 843 1227 tempore
862 1191 977 1225 fuerint,
996 1194 1246 1228 manutenebimus,
1265 1196 1454 1229 defendemus.
1473 1198 1691 1226 manutenendos
1709 1201 1738 1226 et
1756 1199 1846 1227 defen-

199 1241 303 1270 dendos
320 1251 371 1278 per
388 1243 511 1279 regalem
530 1243 690 1279 potenciam
709 1245 810 1272 nostris
829 1245 1033 1273 successoribus
1051 1245 1213 1275 indicamus.
1296 1247 1328 1274 In
1347 1248 1425 1275 cuius
1443 1249 1483 1276 rei
1502 1249 1692 1277 testimonium
1705 1254 1846 1286 presentes

154 1299 183 1321 so
199 1292 311 1322 litteras
328 1293 486 1322 maiestatis
503 1296 597 1323 nostre
615 1294 710 1331 sigillo
730 1295 858 1324 iussimus
877 1296 1048 1325 communiri.

305 1346 426 1379 Datum
441 1347 619 1390 Maguntie,
636 1348 863 1381 terciodecimo
879 1349 1018 1382 Kalend.
1032 1350 1169 1392 Ianuar.,
1191 1362 1274 1384 anno
1290 1352 1419 1385 Domini
1435 1353 1604 1386 millesimo
1620 1355 1844 1387 trecentesimo

199 1398 452 1441 quartodecimo,
476 1400 567 1442 regni
589 1410 666 1432 vero
689 1402 788 1432 nostri
811 1411 894 1432 anno
917 1402 1031 1443 primo.

536 1523 618 1560 149.
659 1525 880 1570 Pn'vileyium
907 1526 949 1562 de
975 1538 1043 1562 mm
1070 1527 1250 1562 evocando.
1354 1525 1436 1563 Dec.
1456 1529 1516 1564 20.

309 1588 468 1630 Oriyinale
490 1589 565 1631 (or.)
588 1589 704 1622 ibidem
725 1590 817 1623 KLS
838 1603 890 1624 nr.
906 1593 959 1624 21.
1005 1591 1239 1632 Descripsimus
1262 1602 1328 1624 nos.
1373 1593 1477 1634 Siqiui
1494 1593 1708 1636 fragmentum
1728 1595 1844 1635 pendet

155 1651 183 1673 ss
199 1639 265 1681 filis
285 1641 395 1674 sericis
415 1641 506 1674 rubei
526 1641 672 1682 ni9riqaoe
693 1642 814 1675 coloris.

306 1696 453 1735 Bel-mer,
478 1697 552 1737 Boo.
569 1697 682 1730 Ludw.
702 1708 735 1738 p.
751 1700 773 1730 3
794 1709 843 1731 m.
862 1699 914 1732 36.

310 1751 360 1792 Of.
382 1762 431 1785 nr.
449 1753 513 1784 142
534 1763 603 1793 cap.
619 1755 649 1786 8.
697 1754 785 1795 Quae
807 1755 997 1787 concordant
1018 1765 1089 1787 cum
1112 1766 1180 1796 cap.
1197 1756 1218 1786 2
1245 1756 1503 1796 Confirmationis
1523 1768 1624 1798 supra
1644 1768 1694 1789 nr.
1711 1759 1783 1796 143,
1808 1769 1846 1791 αι

199 1804 284 1846 typis
303 1804 478 1836 minoribus
499 1815 631 1837 excussa
652 1808 737 1838 sunt.

306 1881 498 1915 Ludowicus
519 1882 582 1915 Dei
605 1884 714 1925 gracia
737 1883 957 1916 Romanorum
980 1894 1038 1916 rex
1060 1894 1189 1926 semper
1211 1888 1364 1926 augustus
1439 1886 1594 1918 universis
1616 1887 1697 1918 sacri
1720 1888 1844 1929 imperii

156 1943 185 1964 so
201 1931 349 1966 fidelibus
371 1937 438 1966 tam
460 1935 662 1976 presentibus
686 1945 782 1977 quam
806 1935 919 1967 futuris
941 1939 1107 1977 presentes
1130 1935 1286 1968 audituris
1308 1937 1432 1969 litteras
1453 1947 1510 1969 seu
1526 1938 1638 1969 visuris
1702 1939 1844 1980 graciam

199 1993 290 2017 suam
312 1989 346 2017 et
369 1996 463 2018 omne
488 1986 615 2018 bonum.

304 2036 374 2069 Etsi
389 2036 535 2070 divorum
551 2039 783 2080 imperatorum
800 2042 833 2070 et
847 2049 960 2081 regum
972 2038 1189 2071 Romanorum
1207 2038 1470 2081 predecessorum
1487 2043 1664 2072 nostrorum
1680 2040 1844 2083 sequendo

198 2088 350 2130 vestigia,
381 2092 495 2121 cuncta
520 2090 704 2133 privilegia,
732 2091 940 2131 munimenta,
973 2090 1165 2122 documenta
1196 2101 1253 2122 seu
1284 2091 1386 2123 eciam
1417 2092 1626 2124 instrumenta
1658 2092 1843 2124 libertatum

199 2138 487 2173 ecclesiasticarum
517 2145 550 2173 et
577 2141 809 2174 mundanarum
838 2142 928 2182 data,
956 2152 1108 2174 concessa
1137 2146 1169 2174 et
1198 2142 1318 2175 donata
1346 2143 1481 2176 ecclesie
1512 2144 1698 2186 Moguntine
1729 2144 1842 2176 confir-

153 2201 181 2222 ss
198 2190 317 2223 manda
340 2194 373 2224 et
393 2191 574 2225 innovanda
597 2193 792 2235 duxerimus,
808 2193 887 2225 illud
908 2196 1018 2226 tamen
1040 2193 1223 2236 specialiter
1239 2195 1462 2226 confirmamus
1484 2199 1517 2227 et
1540 2206 1581 2227 ex
1597 2199 1684 2227 certa
1706 2196 1843 2228 sciencia

198 2242 400 2285 innovamUS‚
424 2244 510 2287 quod
531 2249 758 2284 ministeriales,
789 2250 905 2284 fideles,
935 2251 1102 2278 castrenses
1133 2252 1163 2278 et
1189 2250 1326 2278 homines
1355 2251 1516 2286 supradicte
1539 2252 1655 2280 ecclesie
1677 2252 1843 2288 Mogentine

198 2297 309 2326 annexi
327 2298 514 2333 cuiuscunque
531 2299 576 2326 vel
595 2299 796 2335 qualiscunque
814 2301 910 2329 debito
929 2301 973 2328 vel
991 2301 1082 2328 officio
1101 2300 1244 2328 servitutis
1263 2301 1307 2328 vel
1326 2302 1437 2329 servicii
1454 2302 1490 2330 ad
1510 2305 1603 2330 nostre
1618 2302 1777 2330 serenitatis
1794 2312 1842 2330 seu

198 2347 314 2377 alterius
340 2349 442 2378 iudicis
464 2350 552 2378 nostri
577 2359 693 2379 examen
718 2361 802 2387 super
827 2352 918 2379 causis
945 2351 1087 2387 aliquibus
1113 2354 1198 2380 antea
1224 2361 1278 2380 non
1307 2353 1484 2386 trahentur,
1509 2363 1591 2388 quam
1615 2353 1842 2389 archiepiscopus

197 2399 378 2437 uagantium
395 2402 444 2437 qui
463 2411 514 2438 pro
532 2405 658 2439 tempore
675 2404 760 2431 fuerit
777 2403 928 2439 requisitus
941 2404 975 2432 de
988 2403 1056 2439 ipsis
1069 2404 1098 2432 in
1117 2403 1257 2432 reddenda
1270 2404 1382 2432 iusticia
1395 2405 1540 2440 negligens
1553 2405 1637 2433 fuerit
1649 2405 1692 2432 vel
1705 2405 1842 2432 remissus.

151 2458 182 2479 ⁴⁰
198 2447 287 2482 Nulli
309 2460 386 2492 ergo
410 2450 550 2483 iudicum
573 2455 752 2484 nostrorum
775 2452 872 2484 liceat
894 2451 976 2484 hanc
999 2455 1107 2483 nostre
1123 2451 1375 2484 confirmacionis
1398 2456 1431 2484 et
1453 2453 1668 2484 innovacionis
1691 2453 1840 2495 paginam

197 2509 255 2533 seu
277 2501 466 2543 scripturam
489 2502 663 2544 infringere
687 2502 739 2535 vel
763 2504 793 2535 ei
817 2514 895 2535 ausu
919 2502 1064 2545 quolibet
1086 2503 1254 2535 contraire.
1300 2502 1334 2535 Si
1357 2505 1427 2546 quis
1450 2509 1558 2536 autem
1581 2504 1642 2536 hoc
1666 2504 1772 2536 facere
1789 2505 1840 2536 vel

198 2552 440 2594 quomodolibet
467 2557 660 2596 attemptare
691 2555 936 2597 presumpserit,
960 2558 1068 2586 nostre
1098 2553 1328 2597 indignacionis
1351 2556 1557 2587 acrimoniam
1586 2567 1619 2587 so
1647 2556 1771 2587 noverit
1793 2557 1839 2587 in-

198 2603 342 2646 currisse,
364 2614 449 2647 pena
471 2606 561 2647 gravi
578 2616 635 2648 pro
653 2606 747 2648 culpa
769 2606 950 2638 huiusmodi
974 2605 1146 2638 feriendus.
1217 2605 1254 2638 In
1271 2607 1359 2638 cuius
1380 2607 1425 2638 rei
1442 2607 1657 2639 testimonium
1674 2611 1840 2649 presentes

197 2653 320 2688 litteras
345 2657 523 2688 maiestatis
546 2660 653 2690 nostre
677 2658 802 2700 typario
826 2657 981 2690 tradimus
1003 2658 1223 2690 communitas.

149 2716 180 2737 ⁴⁸
304 2710 424 2744 Datum
439 2712 616 2755 Meg-nutis,
632 2723 715 2745 anno
731 2713 861 2746 Domini
877 2713 1046 2746 millesimo
1063 2714 1288 2746 trecentesimo
1305 2713 1555 2756 quartodecimo,
1572 2714 1664 2746 xm.
1677 2713 1840 2746 Kalendas

198 2760 347 2803 Ianuarii,
360 2763 461 2806 regni
482 2775 559 2796 vero
583 2765 681 2796 nostri
703 2775 786 2797 anno
810 2766 923 2807 primo.

302 2840 328 2874 1)
347 2839 439 2875 Supra
456 2843 514 2868 tom.
528 2841 579 2875 11⁷,
591 2846 605 2868 1
619 2849 647 2875 p.
661 2845 693 2868 14
710 2849 753 2869 nr.
767 2845 803 2868 16.
