2190 3172
473 188 570 217 ACTA
589 189 703 217 REGNI
720 188 904 217 LUDEWICI
923 188 970 217 IV.
989 188 1034 217 m·
1053 187 1238 217 FRIDEBICI
1257 188 1306 216 111.
1343 189 1418 218 1817.
1453 189 1574 218 Nr.439.
1592 190 1652 218 440.
1822 193 1884 224 365

343 276 564 318 Lud(owicus)
592 276 655 309 Dei
682 277 787 319 gratia
813 276 1034 309 Romanorum
1061 286 1119 308 rex
1148 286 1278 319 semper
1304 281 1460 319 augustus
1551 277 1708 309 universis
1735 277 1884 310 officiatis

236 332 269 362 et
291 329 403 362 incolis
425 328 572 361 villarum
599 328 773 371 superioris
802 331 835 361 et
861 327 1020 360 inferioris
1044 326 1227 360 Heimbach
1251 331 1284 361 et
1306 327 1617 371 Drechtigeshusen,
1644 328 1795 362 fidelibus
1818 330 1884 361 suis

232 381 362 414 dilectis
447 381 586 424 gratiam
609 390 701 412 suam
724 383 758 412 et
780 390 875 412 omne
898 379 1028 413 bonum.

342 432 550 466 Fidelitatem
577 435 718 464 vestram
748 431 940 474 requirimus
968 430 1216 463 nichilhominus
1247 432 1375 464 omnino
1404 431 1550 465 volentes
1579 435 1613 465 et
1642 433 1763 465 seriose
1793 443 1884 465 man-

198 495 215 515 ἰ
235 484 363 525 dantes,
391 485 540 527 quatinus
563 483 740 516 venerabili
763 483 862 516 Petro
885 482 1127 525 archiepiscopo
1150 482 1499 529 Moguntinoprincipi
1521 487 1555 517 et
1576 484 1751 517 secretario
1774 489 1883 516 nostro

235 536 353 569 dilecto
375 535 541 568 fidelitatis
570 542 603 568 et
629 535 772 578 homagii
799 538 1037 567 sacramentum
1066 535 1217 577 prestetis
1251 535 1341 567 iuxta
1374 546 1504 568 suarum
1538 547 1619 579 quas
1651 547 1671 568 a
1694 535 1884 568 celsitudine

234 592 344 621 nostra
365 588 466 620 habet
487 598 585 630 super
608 598 647 620 eo
670 587 899 619 continentiam
922 586 1103 619 litterarum
1115 587 1135 619 ¹.
1181 586 1358 619 Absolutos
1380 588 1466 620 enim
1489 599 1546 620 vos
1568 598 1588 620 a
1610 587 1776 620 fidelitatis
1799 589 1884 620 iura-

233 643 354 681 mento,
379 639 466 683 quod
490 639 582 672 nobis
604 639 790 681 prestitistis
820 642 853 671 et
885 648 948 681 quo
971 638 1129 670 hactenus
1159 638 1252 671 nobis
1275 640 1396 672 astricti
1420 639 1537 681 fuistis,
1567 639 1713 672 dicimus.
1758 639 1884 672 Harum

235 692 418 724 testimonio
441 691 631 732 litterarum,
655 701 736 733 quas
759 690 851 723 vobis
873 691 1029 722 mittimus
1051 700 1149 733 super
1171 701 1221 723 eo,

188 765 217 785 ιο
343 751 418 784 Dat.
442 751 625 795 Moguntie,
655 750 712 783 VI.
736 750 853 783 Kalen.
881 751 972 791 Iulii,
1007 761 1091 783 anno
1124 749 1256 783 Domini
1285 750 1521 793 MCCCXVII,
1555 753 1645 795 regni
1676 762 1751 785 vero
1786 753 1884 785 nostri

235 814 319 837 anno
343 804 453 836 tercio.

350 936 438 973 440.
480 937 656 982 Scriptum
682 947 785 982 super
811 937 936 973 eastris
963 934 1170 979 Lindenfels
1197 937 1228 971 et
1254 935 1502 972 Reichenstein.
1606 936 1686 972 Iun.
1706 938 1769 973 27.

344 1010 506 1053 Oriqinale
527 1010 642 1043 ibidem
664 1010 756 1043 KLS
776 1021 826 1043 nr.
844 1011 918 1043 138.
977 1009 1176 1043 Contulimus
1197 1020 1266 1043 nos.
1321 1009 1442 1043 Pendet
1463 1010 1562 1052 siyilli
1582 1011 1796 1052 fragmentum
1819 1011 1884 1044 loro

233 1063 475 1097 membranaceo.
499 1081 542 1086 —
564 1062 626 1094 Ed.
648 1061 873 1095 Winkelmann
897 1062 990 1094 ‘Acta
1012 1062 1140 1103 imperii
1161 1062 1296 1094 inedita‘
1319 1061 1369 1101 II,
1391 1063 1456 1094 295
1477 1073 1528 1096 nr.
1545 1063 1610 1094 469
1631 1073 1670 1095 ex
1690 1073 1754 1103 cop.

192 1139 218 1159 ι,
333 1111 491 1164 'Reimea
514 1123 590 1164 neq.
606 1122 720 1155 Luam.
737 1133 774 1164 p.
792 1124 833 1154 16
854 1133 904 1156 nr.
920 1123 995 1155 260.

344 1219 413 1252 Nos
435 1218 629 1251 Ludowicus
654 1217 714 1250 Dei
738 1217 842 1260 gratia
863 1217 1083 1250 Romanorum
1107 1227 1166 1250 rex
1188 1227 1318 1260 semper
1340 1221 1494 1260 augustus
1516 1219 1786 1260 recognoscimus,
1810 1219 1885 1261 quia

237 1271 428 1305 venerabilis
450 1270 568 1303 Petrus
591 1269 852 1312 archiepiscopus
874 1269 1082 1312 Moguntinus
1103 1269 1253 1312 princeps
1281 1272 1315 1301 et
1340 1269 1533 1302 secretarius
1555 1274 1666 1302 noster
1686 1270 1884 1310 karissimus,

237 1334 276 1357 eo
301 1324 375 1366 quia
397 1333 447 1364 ea,
471 1332 534 1365 que
557 1320 619 1353 sibi
643 1320 683 1354 de
707 1322 818 1353 castris
841 1320 1038 1353 Lindenvels
1060 1324 1094 1353 et
1115 1320 1334 1363 Rychenstein
1358 1320 1506 1353 facienda
1527 1322 1748 1364 promisimus,
1779 1322 1884 1355 adhuc

237 1374 463 1414 determinare,
486 1373 568 1406 sicut
591 1372 760 1405 debuimus
784 1375 817 1404 et
832 1375 1026 1413 teneremur,
1050 1383 1112 1404 non
1128 1382 1297 1415 possumus
1312 1372 1404 1404 iustis
1419 1372 1657 1415 impedimentis
1673 1373 1884 1415 obstantibus,

190 1439 219 1460 20
237 1425 456 1459 favorabiliter
479 1424 755 1468 supersedendum
779 1424 884 1466 duxit,
915 1423 1002 1467 quod
1031 1423 1114 1456 infra
1142 1424 1215 1456 hinc
1247 1427 1280 1456 et
1306 1424 1488 1467 proximum
1511 1424 1629 1457 festum
1652 1426 1884 1468 assumpcionis

235 1478 333 1511 beate
350 1478 492 1520 Virginis
515 1476 644 1509 obsides
667 1480 700 1509 et
722 1475 938 1517 fideiussores,
962 1485 1043 1518 quos
1066 1475 1127 1507 sibi
1151 1475 1192 1508 de
1215 1475 1416 1518 assignandis
1439 1476 1592 1518 predictis
1613 1478 1726 1509 castris
1742 1477 1883 1510 Linden-

235 1530 304 1564 vels
326 1533 359 1562 et
375 1529 593 1572 Rychenstein
617 1529 847 1569 constituimus,
870 1538 933 1560 non
957 1526 1111 1567 monebit,
1135 1527 1242 1560 eidem
1262 1527 1506 1570 archiepiscopo
1529 1528 1653 1560 iteratis
1675 1529 1797 1561 vicibus
1819 1528 1883 1561 fide

235 1583 360 1614 sincera
382 1581 597 1623 promittimus
620 1579 702 1612 infra
732 1579 805 1612 hinc
832 1583 865 1612 et
891 1579 977 1612 idem
1001 1579 1118 1612 festum
1141 1579 1238 1612 beate
1253 1579 1396 1623 Virginis
1419 1580 1540 1621 omnia,
1568 1590 1631 1623 que
1661 1580 1703 1613 de
1731 1581 1884 1623 predictis

236 1633 348 1666 castris
369 1631 565 1664 Lindenvels
588 1635 620 1664 et
643 1630 851 1673 Rychensten
874 1634 907 1664 et
929 1631 1085 1663 universis
1108 1641 1220 1664 eorum
1243 1632 1449 1674 pertinenciis
1470 1631 1531 1663 sibi
1555 1632 1774 1674 promisimus,
1801 1633 1883 1665 inte-

193 1696 218 1718 υ
235 1684 369 1728 graliter
395 1683 592 1726 adimplere,
626 1684 708 1715 sicut
737 1682 799 1715 hoc
827 1684 860 1714 in
888 1682 1004 1715 litteris
1031 1684 1146 1715 nostris
1175 1683 1279 1725 primo
1302 1682 1443 1726 desuper
1475 1683 1536 1715 sibi
1571 1682 1654 1715 datis
1682 1683 1808 1726 plenius
1835 1689 1885 1716 est

237 1735 482 1779 couscriptum²‚
506 1735 558 1767 vel
581 1735 712 1775 saltem,
740 1735 767 1766 si
794 1745 836 1766 ex
863 1745 1055 1777 quocunque
1079 1745 1153 1766 casu
1182 1735 1243 1767 hoc
1271 1735 1358 1778 quod
1381 1734 1465 1767 absit
1487 1735 1596 1767 facere
1619 1746 1683 1767 non
1706 1746 1883 1778 possemus,

238 1792 377 1820 castrum
399 1791 542 1820 nostrum
565 1785 798 1828 Furstemberg
820 1797 892 1819 cum
916 1787 986 1819 eius
1009 1787 1216 1828 pertinenciis
1239 1786 1345 1819 eidem
1373 1786 1456 1820 infra
1478 1786 1564 1819 idem
1588 1790 1716 1829 tempus
1738 1789 1883 1831 assigna·

237 1839 342 1873 bimus
364 1831 549 1872 habendum
573 1842 606 1870 et
629 1837 802 1870 tenendum
825 1848 889 1870 una
913 1849 985 1870 cum
1007 1842 1112 1870 castro
1141 1842 1174 1871 et
1196 1838 1293 1881 opido
1317 1838 1442 1881 Altzey,
1473 1849 1535 1881 que
1563 1839 1624 1871 sibi
1651 1840 1715 1871 iam
1738 1840 1882 1882 assigna-

237 1891 350 1932 vimus,
373 1900 540 1933 quousque
564 1890 720 1933 premissa
739 1894 848 1922 nostra
871 1889 912 1922 de
929 1888 1082 1932 predictis
1098 1890 1210 1922 castris
1225 1889 1420 1922 Lindenvels
1443 1893 1478 1922 et
1491 1890 1709 1933 Rychenstein
1725 1892 1884 1934 possimus

190 1954 220 1975 so
237 1942 423 1985 adimplere.
462 1942 505 1974 Et
527 1942 553 1973 si
570 1942 782 1974 deficeremus
804 1942 837 1973 in
860 1951 910 1982 eo,
933 1941 1020 1984 quod
1043 1952 1103 1973 nec
1126 1942 1229 1983 prima
1252 1941 1409 1984 promissa
1425 1944 1534 1974 nostra
1557 1941 1597 1974 de
1614 1943 1726 1975 castris
1741 1942 1883 1976 Linden-

235 1994 304 2027 vels
337 1998 371 2027 et
395 1994 641 2036 Rychenst(ein)
676 2003 735 2025 nec
770 1993 912 2025 secunda
947 1993 988 2025 de
1023 1998 1128 2025 castro
1160 1992 1391 2035 Furstemberg
1423 1993 1506 2026 infra
1539 1993 1719 2036 predictum
1756 1998 1883 2037 tempus

235 2045 494 2088 adimpleremus,
519 2049 636 2077 extunc
659 2044 746 2077 idem
769 2045 1030 2087 archiepiscopus
1046 2045 1177 2087 opidum
1202 2049 1234 2077 et
1255 2048 1395 2077 castrum
1411 2045 1536 2087 Altzey,
1560 2046 1641 2078 sicut
1663 2045 1750 2078 idem
1774 2046 1882 2086 habet,

235 2097 394 2131 obtinebit
416 2101 450 2130 et
471 2097 694 2130 nichilominus
717 2097 846 2130 obsides
869 2101 902 2129 et
925 2097 1130 2129 fideiussores
1153 2097 1213 2128 sibi
1237 2107 1294 2139 per
1317 2107 1374 2129 nos
1397 2098 1586 2130 constitutos
1609 2108 1740 2130 monere
1763 2099 1884 2141 poterit

235 2149 279 2183 ad
301 2148 509 2192 prestandum
531 2148 592 2180 sibi
616 2148 818 2182 obsidionem
841 2152 875 2182 et
896 2148 1111 2181 fideiussionis
1134 2148 1289 2190 debitum,
1312 2149 1394 2181 sicut
1416 2159 1475 2191 per
1496 2148 1594 2181 fidem
1616 2153 1650 2182 et
1668 2150 1883 2183 iuramentum

190 2210 218 2231 ss
236 2202 460 2244 promiserunt,
483 2211 650 2244 quousque
674 2212 733 2233 nos
754 2200 815 2233 sibi
831 2201 990 2243 promissa
1005 2204 1114 2233 nostra
1130 2200 1329 2243 expleamus.
1366 2200 1409 2232 Et
1432 2204 1482 2233 est
1502 2204 1620 2242 actum,
1643 2201 1721 2233 licet
1738 2201 1883 2244 predicta

235 2252 318 2286 infra
347 2252 527 2295 predictum
558 2256 685 2294 tempus
714 2252 822 2285 facere
850 2253 1104 2294 promiserimus,
1142 2253 1169 2284 si
1198 2255 1307 2285 tamen
1341 2262 1381 2285 ea
1411 2252 1552 2285 faciendi
1579 2254 1667 2295 prius
1694 2253 1883 2287 facultatem

236 2303 457 2345 habuerimus,
487 2303 573 2346 quod
600 2303 661 2336 hoc
692 2303 768 2335 dolo
796 2307 829 2336 et
860 2303 974 2336 fraude
1002 2303 1141 2336 exclusis
1163 2304 1275 2346 utique
1298 2303 1453 2336 faciemus
1483 2308 1517 2337 et
1549 2315 1645 2347 quam
1672 2305 1811 2348 primum
1843 2316 1882 2338 ea

236 2355 374 2388 faciendi
397 2355 533 2388 facultas
555 2355 648 2388 nobis
670 2356 808 2388 affuerit.
854 2355 887 2387 Si
914 2366 978 2388 non
1001 2355 1196 2395 faceremus,
1226 2359 1344 2388 extunc
1373 2355 1478 2389 dictus
1501 2356 1777 2399 archiepiscopus,
1807 2357 1883 2389 licet

237 2407 277 2440 de
308 2407 370 2441 hoc
398 2418 499 2450 usque
530 2407 571 2439 ad
601 2406 781 2450 predictum
810 2411 937 2450 tempus
963 2407 1239 2450 supersedendum
1270 2407 1466 2449 decreverit,
1499 2409 1568 2441 sine
1603 2409 1689 2441 omni
1723 2408 1882 2442 dilacione

192 2467 220 2488 ⁴⁰
236 2469 367 2492 monere
391 2460 512 2502 poterit
526 2458 732 2491 fideiussores
755 2462 788 2491 et
804 2459 934 2491 obsides
948 2458 1139 2491 antedictos.
1221 2459 1259 2491 In
1274 2469 1409 2502 quorum
1425 2460 1610 2492 firmitatem
1634 2465 1667 2492 et
1683 2460 1883 2493 evidenciam

236 2509 414 2553 pleniorem
437 2510 499 2543 sibi
523 2510 671 2543 dedimus
694 2510 752 2543 has
775 2510 898 2543 litteras
920 2510 1026 2553 sigillo
1050 2511 1228 2542 maiestatis
1251 2515 1358 2543 nostre
1382 2512 1603 2544 communitas.

342 2570 419 2603 Dat.
435 2570 611 2614 Moguntie,
635 2581 718 2603 anno
733 2571 863 2604 Domini
883 2571 1055 2604 millesimo
1079 2571 1306 2604 trecentesimo
1329 2571 1455 2604 decimo
1477 2573 1627 2614 septimo,
1650 2572 1691 2605 V.
1707 2572 1781 2605 Kal.
1797 2573 1881 2610 Iulii.

235 2623 327 2665 regni
348 2632 426 2655 vero
449 2623 550 2654 nostri
573 2632 656 2655 anno
680 2623 791 2655 tercio.

341 2768 368 2799 1)
388 2767 480 2802 Supra
498 2775 541 2794 nr.
553 2770 587 2795 58
603 2775 661 2801 cup.
674 2770 697 2795 3.
786 2768 812 2800 2)
831 2767 920 2802 Supra
940 2775 981 2795 nr.
994 2770 1028 2795 58
1045 2775 1101 2801 cap.
1116 2771 1132 2794 3
1150 2771 1173 2794 et
1192 2773 1215 2795 4,

1899 1435 1955 1460 Δις.
1968 1436 1999 1455 15.
