2190 3172
312 212 374 242 260
511 208 606 235 ACTA
626 207 743 235 REGNI
760 207 946 234 LUDEWIOI
966 207 1011 234 IV.
1030 206 1077 233 ET
1096 205 1281 233 FRIDERICI
1299 206 1348 233 111.
1384 205 1461 233 1315.
1497 205 1546 233 Nr.
1558 206 1616 233 299.
1635 205 1696 234 300.
1713 206 1773 234 801.

311 296 382 327 niht
404 295 457 327 bie
480 306 540 327 uns
563 295 651 326 blibe
675 294 820 334 mbohte,
851 305 886 325 so
917 293 1000 324 sfilln
1024 293 1081 325 wir
1102 303 1176 324 ume
1205 292 1353 324 dannoch
1379 292 1462 324 allez
1495 291 1553 324 daz
1579 294 1664 324 stete
1690 291 1795 334 halte,
1825 292 1885 324 daz
1914 292 1968 325 hie

311 357 369 378 vor
391 346 583 388 geschriben
613 349 693 387 stet,
723 356 816 377 wenn
844 347 892 376 eiz
919 355 961 376 an
987 355 1060 386 yme
1090 344 1177 376 nicht
1205 343 1383 386 gebrichet.
1437 344 1482 384 (8)
1506 343 1566 375 Bie
1597 343 1683 375 diser
1711 343 1873 385 gelubede
1902 343 1969 376 und

312 398 404 430 disen
433 398 608 440 teydingen
640 398 723 428 seint
751 399 875 438 gewest
911 406 990 427 unse
1024 395 1133 427 lieben
1162 398 1350 437 getreuwen
1378 395 1496 427 herren
1522 395 1683 437 burgrave
1709 395 1879 427 Friderich
1905 406 1969 427 von

311 450 514 491 Nfirenberg,
538 448 671 481 Ulreich
694 448 854 489 lantgrefe
877 458 937 478 von
961 447 1035 479 dem
1050 447 1281 488 Leutemberg,
1305 456 1404 488 greve
1420 445 1599 478 Ludowich
1615 457 1676 478 von
1693 434 1840 488 Otingin,
1869 456 1969 488 greve

311 501 479 533 Friderich
503 511 565 532 von
589 499 851 540 Trudendingen.
942 498 1015 530 Und
1039 498 1180 530 darfiber
1202 508 1238 530 ze
1262 498 1407 530 urchfind
1434 498 1499 540 geb
1522 499 1580 530 wir
1603 498 1694 530 disen
1717 498 1805 530 brief
1828 498 1887 529 mit
1908 503 1969 529 un*
1998 506 2012 525 ι

311 563 415 584 serem
439 552 555 593 insigel
578 551 741 592 versigelt.

421 603 488 635 Der
510 603 551 634 ist
574 602 658 644 gebn
681 601 719 632 zu
742 600 915 642 Ingolstat,
944 599 984 631 do
1008 611 1083 631 man
1104 601 1169 632 zalt
1191 610 1253 632 von
1277 600 1420 632 Christes
1443 599 1561 641 gebfirt
1584 600 1897 633 driuzehenhundert
1915 602 1969 643 jar

312 655 454 686 darnach
477 655 509 685 in
534 654 609 685 dem
633 651 883 684 ffimfzehenden
904 653 970 692 jar,
999 652 1057 683 des
1079 652 1224 684 naehsten
1247 651 1425 694 Maentages
1448 652 1529 684 nach
1554 651 1612 684 der
1634 651 1844 684 zwelifboten
1866 653 1970 685 sancti

311 706 401 738 Petri
426 709 459 738 et
481 705 577 737 Pauli
601 708 666 746 tag,
692 705 724 735 in
748 703 822 735 dem
847 706 954 734 ersten
973 704 1026 744 jar
1048 714 1159 735 unsers
1182 703 1296 735 riches.

753 841 838 876 300.
881 839 1054 884 Scriptum
1083 839 1278 874 secandum.
1384 838 1455 874 Iul.
1476 840 1532 873 11.
1989 848 2015 868 ιο

422 914 601 956 Oriyinalia
630 915 692 946 duo
724 917 738 945 1
773 917 802 946 et
829 916 848 945 2
876 913 998 945 ibidem.
1065 912 1265 944 Contulimus
1293 923 1360 944 nos.
1416 912 1565 953 Sigillum
1593 912 1786 952 autographi
1809 915 1822 944 1
1851 922 1971 952 parum

311 967 429 999 laesum
449 967 564 1008 pendet
586 966 652 1006 filis
676 967 788 998 sericis
810 966 901 997 rubei
921 965 1059 1004 flavique
1074 963 1196 995 coloris.
1234 964 1436 1005 Autoyraphi
1452 966 1471 996 2
1488 974 1570 1004 pars
1590 964 1726 995 sinistra
1747 964 1888 996 abscissa
1910 966 1972 1003 est;

312 1019 451 1060 siyillum
476 1019 692 1056 desideratum·
715 1020 820 1049 textus
842 1017 969 1048 omnino
992 1016 1169 1047 concordat.

420 1078 566 1115 Biihmer,
591 1077 668 1118 Rey.
684 1077 795 1108 Isudw.
815 1087 849 1118 p.
866 1077 886 1106 9
908 1087 957 1108 nr.
975 1077 1048 1107 133.

421 1168 614 1199 Ludowicus
639 1167 693 1198 dei
716 1167 822 1208 gratia
844 1166 1065 1197 Romanorum
1089 1175 1148 1197 rex
1171 1175 1301 1206 semper
1322 1168 1476 1206 augustus
1557 1165 1713 1197 universis
1736 1166 1819 1197 sacri
1832 1165 1972 1198 Romani
1990 1177 2016 1196 u

313 1220 440 1262 imperii
463 1218 614 1250 fidelibus
640 1221 808 1259 presentes
832 1217 956 1249 litteras
978 1217 1170 1258 inspecturis
1257 1216 1395 1257 gratiam
1419 1226 1510 1248 suam
1533 1220 1568 1248 et
1589 1227 1686 1248 omne
1708 1216 1839 1249 bonum.

420 1270 528 1311 Digna
563 1269 780 1301 consideratio
815 1268 1028 1300 laudabilium
1058 1268 1247 1299 meritorum
1278 1267 1466 1309 spectabilis
1499 1268 1559 1299 viri
1591 1267 1738 1300 Bertoldi
1773 1269 1899 1300 comitis
1931 1268 1973 1300 de

311 1322 563 1363 Hennemberg,
596 1321 769 1352 consiliarii
794 1324 827 1351 et
848 1320 954 1351 fidelis
976 1320 1077 1351 nostri
1100 1319 1224 1360 dilecti,
1257 1330 1315 1360 pro
1339 1318 1454 1360 quibus
1477 1330 1615 1361 persona
1637 1330 1696 1351 sua
1718 1321 1834 1352 merito
1856 1321 1975 1352 meruit

313 1373 475 1414 honorari,
499 1383 625 1404 necnon
649 1372 790 1414 plurium
814 1371 1042 1413 obsequiorum
1065 1371 1232 1412 inspectio,
1257 1381 1319 1412 que
1342 1370 1428 1403 idem
1452 1370 1545 1402 nobis
1569 1374 1602 1402 et
1623 1371 1759 1413 imperio
1779 1371 1920 1404 fideliter
1942 1375 1976 1404 et

314 1428 499 1457 constanter
521 1424 682 1466 impendit
704 1424 861 1455 hactenus
885 1427 919 1455 et
941 1423 1132 1465 impendere
1156 1423 1276 1464 poterit
1298 1423 1331 1453 in
1354 1422 1507 1464 futurum,
1530 1422 1675 1465 regalem
1695 1422 1850 1455 inducunt
1865 1423 1974 1455 excel·
1992 1433 2019 1454 ιο

312 1477 445 1508 lentiam
461 1476 503 1508 ad
519 1475 775 1518 promovendum
798 1486 837 1507 ea
855 1475 1066 1516 frequentius,
1091 1484 1153 1516 que
1170 1473 1231 1505 sibi
1247 1477 1280 1505 et
1295 1474 1360 1505 suis
1376 1474 1582 1506 commodum
1598 1474 1737 1506 afferunt
1759 1478 1793 1506 et
1807 1474 1975 1507 honorem.

312 1529 418 1570 Ipsius
441 1529 550 1569 itaque
575 1527 703 1559 comitis
728 1526 1021 1568 supplicationibus
1045 1525 1267 1557 favorabiliter
1288 1525 1445 1566 inclinati,
1469 1526 1552 1557 hanc
1575 1525 1636 1557 sibi
1659 1529 1693 1557 et
1715 1526 1781 1558 suis
1802 1525 1976 1558 heredibus

314 1581 451 1621 gratiam
483 1579 661 1620 specialem
693 1578 733 1610 de
767 1579 858 1620 regie
889 1578 1060 1620 potestatis
1091 1576 1291 1619 plenitudine
1322 1576 1473 1608 duximus
1500 1577 1699 1618 faciendam,
1731 1577 1818 1620 quod
1849 1578 1875 1609 si
1903 1578 1975 1620 quis

313 1631 472 1662 actionem
503 1631 645 1672 aliquam
681 1629 836 1662 adversus
863 1629 1011 1661 homines
1041 1639 1130 1668 suos,
1163 1629 1380 1670 cuiuscunque
1407 1631 1509 1660 status
1531 1629 1583 1661 vel
1610 1629 1802 1661 conditionis
1825 1630 1976 1669 existant,

313 1693 410 1724 super
434 1692 625 1723 quacunque
652 1692 749 1713 causa
773 1681 859 1712 civili
882 1681 933 1713 vel
957 1681 1114 1712 criminali
1137 1680 1302 1717 habuerit,
1334 1681 1423 1712 illam
1454 1691 1563 1713 coram
1590 1682 1660 1723 ipso
1688 1682 1806 1714 comite
1829 1682 1883 1713 vel
1909 1682 1974 1713 suis
1992 1692 2018 1712 ἰ

312 1733 488 1765 heredibus
513 1737 545 1764 et
570 1733 660 1764 nullo
685 1733 749 1763 alio
773 1732 880 1764 iudice
903 1733 1051 1774 primitus
1071 1735 1284 1774 prosequatur
1306 1732 1418 1774 illique
1441 1732 1597 1764 reddatur
1619 1743 1679 1775 per
1701 1744 1775 1765 eum
1799 1737 1832 1765 et
1854 1743 1910 1765 eos
1933 1733 1974 1765 de

313 1785 496 1816 hominibus
520 1784 643 1816 eisdem
668 1784 759 1814 iuxta
782 1784 860 1815 iuris
884 1784 1088 1826 exigenciam
1110 1784 1236 1815 iusticie
1260 1784 1544 1826 complementum.
1588 1784 1683 1821 Quod
1706 1785 1733 1816 si
1755 1785 1843 1817 idem
1866 1795 1975 1830 eomes

313 1839 370 1868 aut
397 1835 537 1868 heredes
569 1836 617 1866 sui
649 1836 681 1866 in
709 1835 878 1867 reddenda
909 1836 1036 1867 iusticia
1067 1835 1249 1877 querelanti
1277 1845 1336 1867 seu
1363 1835 1606 1877 querelantibus
1637 1847 1745 1868 coram
1777 1847 1816 1868 eo
1846 1835 1899 1868 vel
1928 1837 1975 1868 eis

313 1887 521 1930 negligentes
545 1887 664 1918 fuerint
687 1887 738 1918 vel
763 1887 904 1926 remissi,
933 1887 1081 1918 volumus
1107 1891 1144 1918 ut
1172 1890 1289 1918 extunc
1318 1887 1380 1929 ipsi
1409 1887 1556 1919 homines
1581 1888 1708 1919 comitis
1730 1888 1900 1919 memorati
1922 1887 1975 1920 vel

314 1939 471 1971 heredum
497 1949 647 1979 suorum,
678 1939 732 1980 qui
762 1939 807 1969 sic
837 1939 932 1970 tracti
955 1942 1028 1970 sunt
1054 1939 1086 1970 in
1110 1949 1256 1979 causam,
1289 1949 1397 1970 coram
1427 1938 1520 1970 nobis
1547 1949 1605 1970 seu
1626 1939 1735 1971 iudice
1757 1939 1844 1971 curie
1866 1942 1976 1971 nostre
1994 1949 2021 1969 ao

314 2002 374 2022 nec
398 1990 475 2022 alibi
499 1991 731 2022 conveniantur
753 1993 786 2021 et
809 1989 932 2022 ibidem
956 1991 1132 2032 recipiatur
1159 2001 1178 2022 a
1206 1990 1352 2032 partibus
1378 1989 1452 2022 hinc
1474 1990 1564 2030 inde,
1595 1991 1680 2032 quod
1705 1990 1874 2023 dictaverit
1896 1989 1976 2021 ordo

315 2043 403 2074 iuris.
458 2042 492 2073 Si
516 2042 587 2083 quis
611 2045 719 2072 autem
745 2041 887 2083 aliquem
910 2042 963 2073 vel
993 2042 1119 2084 aliquos
1150 2052 1191 2073 ex
1213 2042 1397 2073 hominibus
1427 2042 1554 2074 comitis
1582 2042 1635 2074 vel
1660 2042 1819 2074 heredum
1845 2052 1976 2074 suorum

316 2094 536 2136 predictorum
568 2097 679 2124 contra
709 2093 894 2124 huiusmodi
923 2094 1027 2135 gratie
1059 2097 1166 2125 nostre
1194 2096 1342 2125 tenorem
1373 2103 1481 2125 coram
1510 2093 1616 2126 alieno
1642 2093 1749 2125 iudice
1775 2103 1896 2125 vexare
1923 2093 1976 2125 vel

317 2145 566 2187 quomodolibet
589 2146 761 2176 convenire
786 2149 1002 2186 presumeret,
1033 2146 1059 2176 is
1086 2148 1229 2176 nostram
1256 2145 1515 2187 indignacionem
1543 2155 1579 2177 se
1606 2146 1729 2178 senciat
1750 2145 1919 2177 incurrisse
1943 2147 1976 2176 et

316 2197 543 2228 nichilominus
567 2207 679 2228 omnes
702 2207 873 2237 processus
897 2200 930 2227 et
953 2198 1134 2228 sentencias
1157 2199 1269 2228 contra
1293 2197 1396 2228 dictos
1411 2196 1558 2229 homines
1578 2197 1662 2228 latos
1683 2207 1742 2229 seu
1757 2197 1839 2228 latas
1854 2196 1976 2228 nullam
1995 2207 2020 2228 ³⁵

315 2248 438 2280 habere
463 2248 667 2279 decernimus
695 2247 821 2279 roboris
852 2248 1038 2279 firmitatem
1069 2258 1130 2279 nec
1158 2249 1236 2290 ipsis
1263 2249 1294 2279 in
1325 2249 1393 2280 iure
1422 2259 1479 2279 suo
1506 2251 1734 2280 nocumentum
1764 2248 1902 2280 afferant
1923 2248 1977 2280 vel

316 2299 528 2342 preiudicium
561 2299 692 2341 aliquod
723 2299 856 2330 valeant
885 2309 1051 2340 generare.
1142 2299 1180 2331 In
1212 2300 1301 2331 cuius
1330 2300 1379 2331 rei
1406 2300 1626 2331 testimonium
1655 2302 1822 2341 presentes
1851 2299 1976 2331 litteras

316 2352 495 2383 maiestatis
518 2354 627 2382 nostre
652 2351 757 2392 sigillo
781 2351 931 2382 iussimus
955 2352 1153 2383 communiri.

424 2402 498 2433 Dat.
518 2403 656 2442 Monaci,
679 2403 720 2434 V.
738 2402 787 2433 Id.
804 2402 889 2443 Iulii,
914 2413 997 2434 anno
1015 2402 1146 2434 Domini
1169 2402 1340 2434 millesimo
1365 2403 1592 2435 trecentesimo
1610 2402 1861 2444 quintodecimo,
1885 2404 1977 2445 regni

316 2465 392 2486 vero
416 2455 516 2486 nostri
539 2465 623 2486 anno
648 2455 761 2495 primo.
1994 2465 2021 2484 ιο

429 2577 515 2613 301.
557 2577 713 2612 Litterae
743 2588 924 2613 consensus
944 2578 1146 2623 principum
1174 2577 1356 2613 electorum
1384 2579 1430 2613 ad
1455 2579 1624 2623 scriptum
1644 2579 1867 2623 praecedens.

743 2637 814 2672 Iul.
829 2637 890 2672 25.
909 2636 980 2680 (——-
991 2637 1083 2683 Sept.
1103 2638 1330 2673 13.—1316.
1357 2637 1468 2673 Mart.
1488 2638 1545 2681 7.)

426 2709 568 2742 Litterae
591 2711 713 2742 comitis
736 2711 887 2743 Palatini
908 2712 1124 2752 autoyraphae
1147 2713 1193 2752 (1)
1217 2712 1340 2743 ibidem.
1383 2711 1582 2744 Contulimns
1603 2722 1669 2744 nos.
1715 2711 1872 2752 Sty-illum,
1893 2712 1978 2752 quod

318 2760 383 2792 loro
406 2762 638 2793 membranaceo
655 2763 824 2802 pendebat,
847 2763 939 2794 deest.
979 2764 1020 2795 In
1038 2763 1127 2804 plica
1149 2764 1303 2803 scriptum
1325 2766 1371 2795 est
1393 2774 1490 2795 manu
1506 2764 1632 2796 omnino
1647 2773 1775 2796 coaeva:
1798 2762 1977 2805 Kfifsteyni

317 2812 360 2854 cf.
383 2815 446 2844 not.
464 2824 494 2844 n.
522 2831 557 2835 —
585 2813 735 2854 Reyesten
758 2815 813 2846 der
836 2814 1043 2855 Pfalzyrafen
1065 2826 1115 2847 nr.
1134 2815 1228 2846 1776.
1998 2827 2024 2847 45
