2184 3126
466 178 563 207 ACTA
581 177 695 206 REGNI
712 175 897 205 LUDEWICI
915 175 963 203 1v.
982 174 1030 203 ΕΤ
1049 173 1233 202 FBIDERICI
1252 173 1301 201 111.
1339 173 1414 201 1323.
1450 172 1498 200 Νι.
1512 173 1570 200 740.
1761 175 1823 205 577

391 367 466 404 740.
498 365 765 404 LITTERAE
789 362 993 403 IUDIClS
1017 363 1203 400 PISANI
1224 362 1302 399 AD
1325 360 1602 399 FRATREM.

837 433 983 478 (1323.)
1023 432 1108 470 Mai.
1129 431 1164 469 2.

283 533 382 575 an'a
405 533 460 577 (c.)
483 543 595 566 coaeva
616 533 652 565 in
675 533 833 566 tabulario
854 533 940 573 regio
961 531 1198 565 Barcinonensi
1223 530 1316 564 CRD
1329 532 1425 563 4235.
1449 550 1491 555 —-
1519 530 1581 563 Ed.
1605 530 1710 563 Finke
1733 530 1827 562 ‘Acta

171 585 408 627 Araqonensia’
432 585 461 624 I,
477 586 542 617 386
563 595 613 616 nr.
630 584 695 616 260
717 595 755 616 ex
778 595 804 616 c.
850 583 1032 617 Editionem
1054 583 1233 623 repetimus.

137 692 151 712 ι
278 679 344 712 Suo
360 678 450 711 fratri
467 679 631 711 carissimo
648 678 778 710 domino
790 677 932 710 Falcono
952 677 993 710 de
1009 676 1203 709 Falconibus
1219 677 1260 709 de
1276 677 1417 709 Mcssina
1433 677 1616 720 iurisperito
1692 676 1828 709 Albizus

168 731 269 764 iudex
356 730 493 762 salutem
517 733 550 762 et
572 740 606 762 se
630 730 735 771 ipsum
758 732 870 762 totum.

281 789 307 819 1.
330 787 472 819 Litteras
494 789 618 818 vestras
641 785 743 817 factas
766 784 818 817 die
839 785 965 818 decimo
987 784 1126 827 septimo
1141 784 1273 827 Aprilis,
1296 789 1389 817 sexte
1405 784 1598 826 indictionis,
1622 785 1730 827 recepi
1754 795 1826 817 cum
1841 793 1943 820 apr-1⁷.

168 848 288 882 magno
311 837 431 880 gaudio
455 837 507 869 die
531 838 634 879 prima
656 836 771 877 Madii,
795 837 871 878 quia
894 839 967 868 sunt
988 835 1097 878 plures
1119 845 1248 868 menses
1271 839 1305 868 et
1326 836 1436 878 plures
1458 846 1478 868 a
1501 836 1592 868 vobis
1615 836 1740 868 litteras
1763 847 1826 868 non
1841 843 1923 867 mi.

169 891 289 933 recepi,
313 889 427 934 quibus
450 888 642 931 respondeo.
687 887 738 920 De
762 887 854 920 factis
876 888 1054 920 novitatum
1070 887 1180 920 Ytalie
1203 888 1359 929 parcium,
1383 887 1579 920 Lombardie
1605 890 1638 919 et
1653 887 1770 920 Tuscie
1794 892 1827 920 et

126 955 152 976 ιο
170 941 449 975 circumstancium
477 941 523 972 sic
552 939 703 972 rescribo.
749 939 791 971 Et
817 939 920 981 primo
947 939 980 971 in
1006 939 1093 971 facto
1122 938 1320 971 Lombardie
1347 949 1430 971 nova
1459 940 1627 981 presencia
1654 942 1728 971 sunt
1754 939 1827 981 hec,

170 994 245 1036 quia
271 993 399 1035 legatus
426 1002 512 1034 pape
540 995 589 1024 est
611 991 783 1023 Placencie
811 993 845 1023 et
873 989 993 1022 milites
1019 1001 1094 1022 suos
1121 1000 1256 1022 numero
1284 989 1368 1023 bene
1390 990 1540 1023 MDCCC
1568 990 1713 1023 habebat
1739 991 1827 1033 apud

168 1044 331 1078 Monciam
358 1054 460 1086 prope
492 1043 711 1075 Mediolanum
739 1052 798 1084 per
827 1045 900 1074 octo
932 1042 1070 1074 miliaria
1100 1045 1134 1074 et
1160 1041 1283 1074 ibidem
1309 1045 1469 1075 steterunt
1495 1042 1580 1075 bene
1608 1053 1672 1075 uno
1704 1053 1826 1075 mense.

168 1096 281 1139 Nuper
303 1095 365 1128 hiis
388 1095 503 1128 diebus
525 1094 614 1127 mille
638 1094 757 1127 milites
780 1094 821 1126 de
845 1096 942 1136 gente
965 1093 1064 1136 legati
1088 1093 1217 1126 fuerunt
1238 1093 1281 1126 ad
1303 1093 1442 1136 prelium
1465 1104 1538 1126 cum
1561 1094 1692 1127 domino
1715 1094 1827 1127 Marco

169 1147 369 1181 Vioecomite
392 1156 547 1190 germano
571 1145 691 1178 domini
715 1144 845 1186 Galeas,
869 1146 924 1188 qui
943 1144 1088 1178 habebat
1103 1144 1218 1178 DCCC
1241 1145 1459 1178 Theotonicos
1482 1149 1516 1178 et
1538 1145 1581 1178 ibi
1604 1146 1743 1188 prelium
1766 1146 1829 1180 fuit

126 1211 152 1232 is
171 1199 385 1232 durissimum.
430 1197 588 1230 Finaliter
609 1207 689 1239 gens
713 1197 834 1229 domini
857 1197 958 1229 Marci
980 1197 1145 1239 superavit
1168 1200 1200 1229 et
1222 1197 1269 1229 ita
1291 1197 1455 1239 rescripsit
1477 1197 1625 1229 dominus
1648 1197 1770 1230 Galeas
1793 1200 1828 1230 et

171 1251 236 1284 alii.
280 1251 403 1283 Verum
427 1250 468 1282 de
491 1250 552 1281 hoc
569 1249 675 1281 Tuscii
699 1248 809 1282 dicunt
823 1249 1028 1289 contrarium,
1052 1251 1160 1281 tamen
1175 1249 1295 1280 veritas
1316 1251 1375 1290 est,
1399 1248 1487 1291 quod
1503 1258 1583 1291 gens
1598 1249 1699 1291 legati
1714 1249 1828 1281 habuit

171 1302 246 1335 inde
273 1303 366 1345 peius
394 1302 472 1334 satis
501 1304 535 1333 et
557 1300 705 1333 dominus
728 1300 848 1333 Galeas
875 1303 925 1332 est
951 1300 1100 1332 dominus
1122 1300 1299 1332 Mediolani
1322 1303 1355 1332 et
1377 1310 1429 1332 res
1451 1303 1516 1332 stat
1538 1301 1584 1332 ita
1607 1301 1638 1332 in
1661 1300 1826 1342 pendenti.

172 1353 332 1395 Creditur,
357 1353 443 1396 quod
465 1353 582 1386 iterum
604 1352 660 1384 fiet
683 1353 747 1385 alia
769 1352 978 1385 coadunacio.
1016 1352 1174 1384 Dominus
1196 1353 1286 1384 iuvet
1307 1353 1492 1384 veritatem!
1531 1351 1690 1384 Dominus
1706 1352 1828 1385 Galeas

171 1406 249 1439 facit
270 1406 429 1438 maximas
452 1415 612 1446 expensas
635 1407 669 1436 et
690 1403 950 1436 Mediolanenses
972 1414 1032 1446 per
1053 1403 1117 1435 vim
1141 1403 1200 1435 sibi
1224 1403 1421 1446 respondent
1445 1407 1610 1446 tamquam
1633 1404 1744 1436 afflicti
1769 1414 1826 1436 ex-

126 1468 154 1489 so
171 1457 288 1500 pensis.
337 1456 380 1489 Et
407 1456 448 1488 de
478 1456 539 1488 hoc
567 1455 637 1488 solo
665 1459 714 1487 est
740 1455 966 1497 dubitandum,
993 1456 1063 1498 ipse
1090 1466 1154 1487 non
1181 1456 1249 1487 exit
1276 1455 1317 1487 de
1345 1458 1442 1487 terra.
1491 1455 1650 1488 Dominus
1678 1455 1766 1488 Cane
1794 1459 1829 1488 et

172 1509 321 1542 dominus
335 1509 525 1541 Passerinus
545 1508 577 1539 in
593 1507 712 1540 nichilo
736 1517 809 1540 eum
832 1508 942 1539 iuvant
964 1510 998 1539 et
1019 1517 1054 1539 se
1071 1507 1295 1548 intromittunt,
1318 1510 1354 1539 ut
1369 1507 1415 1539 illi
1435 1506 1476 1539 de
1493 1506 1623 1550 Spania,
1647 1508 1703 1550 qni
1718 1507 1829 1540 dicunt

172 1571 207 1594 se
235 1571 306 1594 esse
333 1561 365 1592 in
393 1558 564 1592 concordia
594 1569 666 1591 cum
696 1569 782 1601 papa
809 1562 861 1590 et·
892 1558 954 1591 hec
975 1559 1134 1591 sensimus
1158 1582 1165 1590 .
1183 1583 1190 1590 .
1208 1558 1232 1591 ,ὓ
1255 1562 1396 1600 secrete,
1424 1559 1490 1590 iam
1513 1562 1587 1591 sunt
1609 1559 1672 1590 duo
1696 1559 1771 1591 anni
1794 1562 1828 1591 et

171 1612 266 1654 ultra,
289 1614 323 1644 et
337 1611 613 1644 concordaverunt
635 1621 708 1642 cum
730 1615 836 1652 papa·
859 1614 893 1642 et
909 1611 1122 1652 promiserant
1143 1621 1207 1642 non
1230 1610 1340 1643 iuvare
1363 1614 1397 1642 et
1419 1611 1465 1643 ita
1487 1611 1519 1642 in
1535 1611 1673 1643 veritate
1696 1611 1828 1652 faciunt,

172 1667 206 1697 et
228 1664 255 1696 si
277 1663 426 1696 dominus
446 1662 570 1695 Galeas
592 1661 717 1704 perdet,
740 1662 801 1704 ipsi
824 1662 1039 1703 destruentur,
1061 1665 1098 1694 ut
1119 1662 1302 1694 extimatur.

128 1730 154 1751 ιι
281 1721 310 1751 2.
337 1719 389 1751 De
416 1718 560 1760 partibus
584 1718 754 1750 Alamanie
778 1717 954 1758 dicebatur,
985 1717 1071 1760 quod
1093 1720 1250 1749 venerant
1272 1717 1509 1751 ambassatores
1532 1717 1574 1750 ad
1598 1722 1706 1760 partes
1728 1718 1831 1750 hom-¹

171 1770 283 1803 bardie
312 1769 354 1803 ad
382 1769 641 1812 precipiendum‚
674 1769 760 1813 quod
788 1771 891 1801 terras
921 1769 1046 1812 imperii
1074 1769 1202 1811 legatus
1228 1779 1291 1801 non
1318 1769 1500 1811 impediret.
1546 1768 1589 1802 Et
1616 1780 1726 1802 verum
1757 1770 1827 1802 fuit.

171 1823 295 1855 Tamen
318 1826 483 1864 repertum
507 1825 565 1862 est,
589 1820 675 1863 quod
700 1824 792 1853 erant
814 1820 886 1853 falsi
902 1821 1139 1853 ambassatores
1163 1824 1196 1853 et
1218 1824 1393 1863 paruerunt
1416 1824 1581 1863 tamquam
1597 1821 1772 1853 mendaces
1795 1825 1829 1854 et

171 1874 269 1907 falsas
291 1873 416 1906 litteras
438 1873 606 1913 habentes,
629 1876 665 1904 ut
688 1871 813 1904 dicitur.
859 1872 910 1904 Ita
933 1872 973 1904 de
998 1873 1045 1904 eis
1068 1872 1155 1904 nulla
1178 1876 1227 1904 est
1249 1873 1386 1904 mencio.
1425 1872 1475 1904 De
1499 1872 1584 1904 facto
1604 1874 1690 1915 regis
1704 1873 1827 1905 Roma-

171 1936 285 1959 norum
316 1924 401 1957 Pisis
434 1925 522 1956 nulla
556 1927 628 1956 sunt
655 1934 752 1964 nova,
787 1924 846 1955 nisi
875 1924 960 1966 quod
988 1924 1021 1956 in
1049 1925 1136 1956 curia
1165 1927 1352 1966 spectantur
1378 1924 1426 1955 sui
1455 1923 1701 1956 ambassatores.
1752 1924 1827 1966 Ipse

128 1987 154 2008 ιο
171 1980 281 2010 autem
304 1980 337 2010 et
351 1986 410 2009 rex
426 1975 583 2008 Bohemie
606 1979 640 2008 et
662 1986 721 2007 rex
735 1975 871 2008 Francie
895 1978 968 2007 sunt
989 1976 1021 2007 in
1036 1986 1155 2018 magna
1171 1975 1342 2008 concordia
1365 1977 1396 2007 in
1414 1975 1570 2008 omnibns.
1608 1976 1684 2008 Fuit
1706 1976 1828 2008 dictum

171 2029 234 2061 hiis
262 2028 390 2069 diebus,
418 2027 505 2070 quod
532 2037 591 2059 rex
619 2027 778 2059 Bohemie
807 2026 948 2059 debebat
977 2027 1112 2060 interfici
1135 2027 1177 2059 ad
1200 2027 1394 2070 peticionem
1418 2031 1478 2059 etc.
1503 2030 1564 2059 etc.
1595 2031 1628 2059 et
1654 2028 1723 2069 ipse
1752 2027 1829 2060 fecit

173 2079 331 2123 quosdam
353 2079 436 2121 capi.
482 2079 557 2121 Ipse
585 2089 644 2110 rex
666 2078 825 2111 Bohemie
852 2079 947 2111 valde
976 2079 1091 2111 dicitur
1119 2079 1271 2111 affectare
1294 2080 1404 2111 venire
1427 2079 1460 2110 in
1483 2078 1636 2119 YtaHarn,
1660 2083 1769 2111 tamen
1791 2082 1828 2112 ut

173 2131 253 2164 alias
268 2131 391 2174 scripsi,
407 2131 467 2162 nisi
483 2140 653 2163 commune
669 2130 823 2162 Pisanum
839 2130 975 2163 haberet
991 2130 1033 2163 ab
1049 2141 1089 2163 eo
1105 2131 1240 2171 litteras,
1256 2133 1329 2162 sunt
1345 2129 1456 2171 verba,
1475 2140 1537 2162 non
1556 2134 1605 2162 est
1621 2131 1827 2172 sperandum,

172 2183 233 2215 nisi
255 2183 380 2215 litteras
402 2183 510 2215 mittat
532 2182 574 2214 ad
597 2192 766 2214 commune
790 2181 954 2215 Pisanum.

129 2250 155 2271 ω
282 2241 311 2271 3.
333 2238 423 2271 Inter
445 2248 556 2281 regem
572 2237 753 2270 Robertum
778 2241 811 2270 et
834 2239 985 2271 comitem
1002 2237 1156 2271 Sabaldie
1180 2240 1335 2270 tractatur
1351 2237 1524 2269 concordia
1540 2242 1573 2269 et
1588 2238 1826 2271 matrimonium

173 2291 257 2322 inter
278 2289 377 2322 filiam
401 2290 526 2322 comitis
549 2292 582 2322 et
603 2289 703 2322 filium
728 2290 827 2332 regis,
856 2290 932 2332 quia
960 2291 1029 2322 eius
1055 2301 1138 2322 uxor
1161 2289 1310 2330 decessit,
1341 2293 1375 2321 et
1396 2289 1492 2321 valde
1515 2289 1700 2322 efficaciter.
1788 2290 1827 2322 In

174 2341 259 2374 facto
275 2341 378 2373 Ianue
402 2344 451 2374 est
473 2341 544 2383 hoc,
569 2341 655 2383 quod
679 2344 811 2383 propter
827 2341 1031 2382 discordiam,
1056 2352 1118 2384 que
1143 2345 1212 2373 erat
1235 2342 1318 2373 inter
1334 2340 1484 2383 Spinulos
1507 2343 1540 2373 et
1554 2341 1691 2382 Aureos,
1715 2342 1826 2373 intrin—

174 2393 239 2425 seci
263 2395 419 2434 ceperunt
441 2392 560 2435 burgos
589 2395 622 2424 et
647 2393 709 2435 ipsi
733 2393 903 2425 extrinseci
933 2396 1007 2425 sunt
1028 2393 1152 2425 reducti
1176 2403 1276 2435 prope
1299 2392 1435 2424 Ianuam
1459 2402 1518 2434 per
1539 2396 1666 2435 septem
1689 2393 1827 2425 miliaria

174 2444 226 2476 vel
248 2443 323 2476 inde
347 2444 431 2476 circa
454 2444 487 2475 in
509 2443 612 2485 burgo
634 2448 749 2476 vocato
771 2443 877 2476 Vultri
901 2448 934 2476 et
956 2444 1044 2486 apud
1067 2444 1230 2476 Sahonam
1260 2447 1293 2475 et
1316 2443 1438 2476 habent
1459 2444 1537 2476 satis
1561 2444 1670 2476 facere
1694 2450 1829 2487 propter

129 2507 157 2527 ιο
175 2505 286 2528 eorum
310 2494 512 2527 discordiam.
558 2495 715 2527 Dominus
738 2495 836 2528 faciet
858 2496 933 2528 inde
956 2496 1081 2528 melius.
1169 2496 1205 2527 In
1229 2499 1374 2528 contrata
1395 2495 1539 2528 Marchie
1562 2499 1635 2527 sunt
1657 2496 1727 2537 hec,
1752 2497 1827 2539 quia

174 2547 284 2589 plures
307 2546 453 2579 civitates
471 2546 624 2579 videlicet
645 2547 757 2579 civitas
779 2546 867 2579 Esini
891 2551 924 2579 et
947 2548 1059 2579 civitas
1081 2547 1190 2579 Fermi
1213 2550 1286 2579 sunt
1309 2551 1419 2579 contra
1442 2547 1662 2579 marchionem
1686 2559 1771 2590 pape
1794 2551 1828 2580 et

174 2608 209 2630 se
233 2597 411 2630 defendunt
437 2597 559 2630 ibidem
586 2598 722 2630 viriliter
749 2609 820 2630 cum
851 2599 921 2630 aliis
949 2599 1045 2631 certis
1072 2598 1264 2631 civitatibus.
1310 2598 1348 2630 In
1380 2602 1524 2631 contrata
1548 2599 1663 2631 Tuscic
1691 2610 1755 2631 non
1778 2604 1827 2631 est

175 2649 240 2681 alia
262 2650 397 2689 novitas,
420 2649 479 2680 nisi
503 2649 590 2691 quod
613 2649 707 2682 valde
730 2650 854 2689 timent,
883 2660 923 2682 ne
946 2661 1003 2682 rex
1027 2651 1214 2692 Aragonum
1238 2649 1359 2682 habeat
1381 2649 1582 2691 Sardineam,
1607 2651 1682 2693 quia
1705 2651 1828 2682 nollent

176 2710 250 2733 eum
272 2701 411 2732 vicinum
436 2725 468 2732 ..
486 2725 493 2732 .
517 2700 652 2733 Factum
676 2701 929 2733 extrinsecorum
954 2701 994 2734 de
1018 2702 1119 2734 Ianua
1148 2701 1221 2742 ibit,
1252 2702 1311 2734 nisi
1338 2712 1397 2744 per
1424 2712 1513 2734 mare
1540 2702 1627 2734 aliud
1655 2702 1762 2737 fieret.
1792 2706 1828 2733 nt

132 2795 158 2815 4⁸
282 2793 347 2821 740.
375 2794 399 2827 ¹⁸)
417 2799 553 2821 et—cum
572 2802 640 2828 papa
657 2803 737 2828 supra
756 2795 850 2821 lineam
869 2795 931 2822 add.
951 2805 971 2822 c.
1060 2795 1085 2828 b)
1105 2796 1172 2823 deest
1190 2797 1292 2822 verbum
1313 2806 1333 2823 e.

280 2853 320 2873 u..
332 2853 558 2872 coxsnrurxosss
571 2853 596 2872 v.
1587 2847 1620 2874 73
