2190 3172
458 205 556 234 ACTA
574 205 688 234 REGNI
707 204 892 234 LUDEWICI
911 203 959 232 IV.
978 203 1024 232 m·
1042 202 1229 232 FRIDEBICI
1248 203 1297 231 111.
1334 202 1408 231 1315.
1445 202 1494 230 Nn
1506 203 1565 231 327.
1584 202 1643 231 328.
1818 205 1879 235 279

225 292 330 326 decim
353 293 442 336 pacis
465 296 725 325 conservatorum
749 292 914 325 inventum
937 291 998 324 fuit
1021 294 1054 324 et
1081 291 1262 330 decretum,
1289 293 1326 322 ut
1348 289 1504 333 quidquid
1528 300 1586 332 per
1609 289 1738 332 publica
1763 290 1879 321 instru-

223 348 334 377 menta
356 343 486 387 probari
508 347 631 387 posset,
655 343 814 376 firmitatis
837 343 935 376 robur
957 346 991 376 et
1013 342 1164 376 effectum
1188 352 1298 375 coram
1321 342 1398 384 ipsis
1421 346 1455 374 et
1481 341 1605 374 iudiciis
1628 341 1660 373 in
1684 341 1879 373 execucione

223 397 300 428 iuris
330 399 363 429 et
391 396 468 428 sacti
496 395 633 428 deberet
659 406 718 438 per
741 395 849 428 omnia
872 395 1028 428 obtinere.
1074 393 1117 427 Et
1139 405 1212 427 cum
1235 393 1333 426 iidem
1357 393 1517 426 Henricus
1541 397 1573 425 et
1596 392 1793 425 Bertholdus
1822 403 1880 435 per

224 448 326 480 bonas
355 450 389 480 et
416 446 560 480 valentes
591 446 715 479 litteras
743 471 750 480 .
775 471 783 480 .
811 447 986 490 plebanum
1021 445 1157 479 ecclesie
1188 445 1297 478 Sancti
1325 445 1497 478 Laurencii
1526 444 1745 483 Eli-fordensis,
1775 445 1879 486 ipsam

194 512 207 532 ο
225 499 394 533 ecclesiam
423 501 457 532 et
485 499 572 541 ipsos
602 499 732 531 nomine
759 499 937 533 eorundem
965 501 999 532 et
1025 498 1274 540 parrochialium
1297 496 1418 529 ibidem
1442 497 1570 529 nomine
1594 496 1814 538 procuratorio
1838 495 1880 528 ad

224 562 355 584 manum
381 550 510 583 fidelem
542 551 574 582 in
603 552 806 593 possessione
833 549 1009 583 molendini
1039 549 1126 593 quod
1157 549 1273 582 dicitur
1295 548 1467 582 Nuwemfil
1497 549 1549 581 siti
1579 549 1609 580 in
1632 547 1759 589 Varila‚
1789 549 1881 580 unius

224 603 328 636 mansi
357 605 390 636 et
419 601 543 635 dimidii
572 602 706 635 sitorum
736 603 769 635 in
798 603 921 645 campis
948 601 1024 634 ville
1054 601 1198 634 eiusdem
1232 601 1397 643 emptione
1427 600 1616 634 racionabili
1646 599 1815 632 docuerint
1845 610 1879 631 se

224 655 323 688 fuisse
356 665 416 697 per
445 654 558 687 decem
589 664 689 686 annos
720 658 754 687 et
781 654 920 697 amplius
951 654 982 686 in
1013 654 1217 696 possessione
1248 653 1351 685 eciam
1381 652 1517 696 pacifica
1545 656 1579 685 et
1608 652 1731 695 quieta,
1764 651 1880 694 quibus

224 705 372 739 omnibus
394 704 492 738 nichil
515 705 709 737 eontrarium
733 704 862 738 doctum
892 705 952 737 fuit
979 705 1031 737 vel
1059 708 1237 745 ostensum,
1267 708 1317 737 set
1345 715 1364 737 a
1394 705 1596 747 possessione
1624 703 1802 736 molendini
1825 702 1880 747 [et]

182 770 208 791 ιο
225 768 412 801 mansorum?
429 755 647 800 predictorum
674 767 709 789 se
738 756 836 789 fuisse
860 757 982 790 eiectos
1009 759 1043 788 et
1074 767 1145 789 esse
1176 767 1234 799 per
1260 757 1364 799 ipsum
1387 755 1565 788 Rudolfum
1589 759 1700 788 contra
1723 756 1880 789 iusticiam

223 809 393 853 spoliatos,
423 811 573 851 petentes
602 807 663 841 sibi
689 809 929 851 possessionem
958 808 1135 841 eorundem
1165 807 1324 841 bonorum
1354 818 1427 840 cum
1455 808 1611 840 instancia
1640 807 1881 840 sentencialiter

223 861 350 895 restitui
365 863 462 904 atque
478 859 581 901 reddi,
681 870 780 903 quare
797 860 974 893 communis
994 860 1080 901 iuris,
1098 885 1106 893 .
1124 883 1132 893 .
1148 863 1258 892 nostra
1282 863 1315 892 et
1337 860 1481 893 omnium
1496 859 1699 902 presencium
1715 860 1880 892 sentencia

223 912 443 956 approbante·
462 911 742 955 sentenciavimus,
765 913 1002 945 sentenciamus
1024 914 1058 945 et
1079 912 1112 945 in
1135 911 1196 944 hiis
1218 912 1345 955 scriptis
1367 911 1598 944 sentenciando
1621 911 1878 954 pronunciamus,

221 964 386 1008 predictos
401 964 579 997 Henricum
595 966 628 996 et
643 963 834 996 Bertoldum
850 964 978 996 nomine
994 964 1215 1006 procuratorio
1231 987 1240 997 .
1256 988 1265 997 .
1282 963 1414 1006 plebani
1429 963 1566 996 ecclesie
1583 962 1693 996 Sancti
1708 963 1879 996 Laurencii

181 1028 206 1050 u
225 1019 260 1050 et
285 1015 518 1059 parochialium
545 1014 624 1048 inibi
651 1014 851 1058 prefatorum
878 1015 910 1048 in
933 1015 1169 1058 possessionem
1192 1015 1368 1049 molendini
1396 1018 1429 1047 et
1454 1025 1638 1048 mansorum
1661 1018 1879 1058 pretaetorum

223 1078 320 1112 posse
344 1071 378 1100 et
400 1066 520 1100 debere
544 1067 669 1099 restitui
691 1067 817 1100 iusticia
841 1067 992 1109 exigente
1017 1070 1050 1099 et
1072 1067 1176 1110 ipsum
1200 1066 1375 1099 Rudolfum
1397 1070 1562 1109 tamquam
1583 1065 1760 1099 violentum
1783 1076 1879 1098 occu-

224 1123 372 1165 patorem
396 1123 429 1152 et
453 1119 656 1152 detentorem
678 1119 826 1152 illicitum
848 1119 1018 1151 removeri.

330 1171 404 1206 Act.
429 1174 462 1204 et
484 1171 550 1204 dat.
573 1181 656 1204 auno
679 1170 811 1204 Domini
833 1170 1028 1211 MCCGXV,
1051 1170 1131 1203 1111.
1154 1169 1232 1203 Idus
1254 1169 1431 1203 Novembr.

332 1237 370 1270 In
393 1246 528 1279 quorum
553 1236 694 1268 omnium
718 1235 917 1269 evidenciam
941 1235 1115 1268 firmiorem
1139 1238 1306 1277 presentes
1329 1235 1454 1268 litteras
1476 1234 1572 1267 scribi
1596 1237 1629 1267 et
1652 1234 1721 1267 dari
1744 1234 1879 1268 fecimus

179 1298 207 1320 οι)
225 1288 322 1332 sigilli
344 1288 504 1331 generalis
527 1288 616 1330 pacis
638 1288 814 1320 munimine
838 1287 1016 1320 roboratas.
1061 1285 1296 1330 Presen[tibus]
1322 1311 1330 1320 .
1351 1311 1358 1320 .
1381 1312 1388 1320 .
1410 1287 1437 1320 ‚b
1460 1285 1524 1319 fido
1548 1286 1589 1319 de
1613 1286 1763 1326 Bulwitz‚
1794 1287 1879 1319 Her-

224 1351 341 1374 manno
365 1339 553 1381 Goltacker,
575 1339 718 1372 Henrico
742 1338 783 1372 de
807 1338 1086 1378 Schouwenvorst‚
1109 1337 1285 1382 Con[rado]
1309 1363 1318 1372 .
1339 1364 1346 1371 .
1369 1363 1376 1372 .
1397 1343 1423 1371 ,⁰
1447 1338 1488 1371 de
1511 1338 1646 1379 Ilmene,
1669 1338 1814 1371 Iohanne
1837 1338 1879 1371 de

224 1391 364 1426 Kollede
387 1391 509 1425 civibus
531 1390 780 1424 Erfordensibus
802 1394 836 1423 et
857 1390 930 1424 aliis
953 1401 1050 1433 quam
1073 1389 1240 1434 [pluribus]
1264 1415 1272 1423 .
1295 1415 1301 1424 .
1324 1414 1332 1423 .
1355 1415 1362 1423 .

301 1593 376 1657 328.
412 1591 690 1631 SCRIPTUM
712 1592 982 1631 LUDEWICI
1009 1566 1113 1630 PRO
1138 1590 1402 1630 EPISCOPO
1427 1591 1801 1629 FRISINGENSI.

891 1661 1003 1699 1315.
1043 1661 1137 1699 Nov.
1159 1661 1220 1700 21.

187 1763 214 1784 υ
341 1752 502 1794 Oriyinale
537 1753 742 1794 deperditum.
776 1771 817 1777 —
858 1752 921 1785 Ed.
947 1752 1156 1786 Meiehelbeck
1188 1752 1347 1785 ‘Historia
1379 1752 1611 1793 Fm'sinyensis‘
1646 1753 1710 1785 ΙΙ.ιι
1746 1763 1780 1794 p.
1807 1753 1879 1785 126.

227 1805 407 1838 Editionem
428 1805 608 1846 repetimus.

333 1861 482 1900 Bahmer,
505 1861 581 1902 Rey.
597 1861 710 1894 Ludw.
727 1871 763 1902 p.
781 1862 822 1892 10
844 1871 895 1895 nr.
912 1862 984 1894 161.

338 1916 386 1957 Cf.
411 1916 486 1958 Rey.
503 1917 616 1950 Ludw.
639 1927 690 1951 nr.
704 1918 776 1951 160.

334 1998 406 2032 wir
428 1998 614 2042 Lud(wich)
638 2009 701 2032 von
724 1998 825 2034 Gotes
848 1999 998 2042 genaden
1021 2002 1081 2033 etc.
1107 1999 1260 2041 verjehen
1284 2003 1356 2041 etc„
1380 2010 1452 2032 wan
1475 2010 1572 2032 unser
1594 1998 1697 2032 lieber
1719 1999 1800 2031 ffirst
1824 1998 1881 2031 der

181 2064 211 2085 ao
228 2060 333 2084 ersam
355 2049 486 2083 bischof
506 2050 677 2093 Chunr(at)
700 2061 762 2083 von
785 2051 954 2093 Frisingen
977 2051 1046 2083 sein
1069 2051 1138 2094 gfflt
1160 2051 1225 2084 und
1252 2052 1322 2084 sein
1345 2054 1404 2094 gut
1426 2052 1478 2084 ein
1500 2051 1678 2084 michelteil
1700 2051 1803 2093 ligent
1824 2051 1881 2083 hat

183 2131 186 2134 .
225 2101 328 2136 under
349 2101 406 2135 des
429 2101 603 2145 hertzogen
621 2103 741 2145 gewalt
756 2113 819 2135 von
835 2103 1042 2136 Oesterreich
1064 2103 1130 2136 und
1153 2113 1189 2136 er
1211 2113 1252 2136 an
1275 2103 1349 2136 dem
1373 2103 1485 2136 selben
1500 2107 1559 2145 gut
1581 2113 1717 2146 grozzen
1740 2102 1880 2135 schadeu

226 2153 336 2188 moeht
358 2154 421 2187 wol
443 2163 560 2187 nemen
584 2164 647 2186 von
669 2153 744 2187 dem
768 2165 829 2187 von
853 2154 1075 2195 Oesterreich‚
1105 2154 1147 2187 ob
1177 2165 1213 2187 er
1241 2165 1278 2187 ze
1307 2154 1398 2188 disen
1423 2155 1529 2188 zeiten
1558 2156 1670 2188 seinen
1696 2155 1793 2188 lehen
1820 2166 1880 2187 von

225 2215 285 2239 uns
312 2205 490 2248 empfieng,
521 2204 628 2238 haben
651 2206 709 2238 wir
735 2207 768 2238 in
797 2205 864 2239 und
893 2206 963 2238 sein
988 2205 1143 2248 gotshaus
1166 2217 1228 2239 von
1257 2206 1441 2239 besundern
1463 2206 1612 2249 genaden
1635 2206 1789 2249 besorget
1816 2206 1880 2239 und

226 2256 334 2291 haben
356 2258 388 2290 in
410 2257 580 2297 uberhebt‚
604 2257 664 2291 daz
685 2268 720 2290 er
735 2258 825 2290 sinen
841 2257 938 2290 lehen
953 2268 990 2290 ze
1007 2257 1099 2290 disen
1114 2258 1222 2291 zeiten
1241 2258 1311 2291 niht
1329 2258 1379 2291 sul
1395 2258 1589 2301 emphahen,
1612 2257 1663 2292 biz
1679 2258 1737 2291 der
1753 2258 1881 2291 chriech

178 2322 210 2343 ss
227 2308 385 2342 zwischen
407 2320 467 2342 uns
489 2309 555 2342 und
577 2309 652 2342 dem
675 2320 738 2343 von
754 2309 962 2343 Oesterreich
977 2309 1086 2343 werde
1109 2309 1216 2343 beriht
1237 2309 1304 2343 und
1319 2309 1494 2343 vollendet.
1533 2309 1607 2344 Und
1630 2310 1721 2343 sulen
1744 2311 1776 2343 in
1798 2311 1880 2344 auch

227 2359 362 2394 darumb
383 2361 419 2394 in
440 2361 499 2394 der
521 2361 592 2394 frist
613 2360 719 2394 nihtes
741 2362 928 2404 derwingen
951 2361 1031 2394 oder
1046 2361 1187 2395 benoten
1209 2361 1275 2395 und
1297 2361 1405 2395 haben
1427 2362 1472 2395 im
1494 2362 1578 2394 auch
1601 2361 1654 2395 die
1677 2362 1789 2395 selben
1812 2362 1881 2395 frist

226 2412 318 2445 sinen
340 2411 436 2445 lehen
458 2412 525 2446 und
547 2413 639 2446 sinen
660 2413 734 2446 reht
750 2413 906 2446 erlaubet.
937 2413 1011 2446 Wir
1026 2413 1134 2447 haben
1153 2413 1236 2447 auch
1252 2414 1315 2448 den
1330 2418 1552 2456 vorgeuanten
1566 2413 1694 2448 bischof
1708 2414 1880 2456 Ostium-at)

228 2463 260 2496 ln
282 2474 379 2497 unser
400 2463 563 2498 besunder
584 2464 711 2507 genade
734 2464 800 2497 und
823 2464 950 2498 schem
973 2475 1132 2507 genomen
1159 2465 1225 2498 und
1247 2465 1366 2499 wellen
1394 2464 1478 2508 niht,
1507 2464 1567 2499 daz
1596 2467 1639 2499 im
1669 2466 1748 2499 oder
1777 2467 1880 2499 sinem

228 2515 380 2558 gotehaus
402 2515 533 2549 iemand
555 2516 603 2548 iht
625 2519 659 2549 tu
682 2527 723 2549 an
745 2516 827 2550 reht.
867 2516 943 2550 Und
966 2527 1048 2551 swer
1070 2517 1102 2550 in
1125 2527 1166 2550 an
1189 2517 1262 2550 reht
1281 2517 1428 2561 angdffe,
1451 2517 1558 2551 haben
1574 2519 1632 2551 wir
1647 2518 1679 2551 in
1694 2518 1880 2561 geheizzen.

179 2579 212 2600 ,ιο
229 2567 262 2600 in
283 2566 349 2600 und
371 2567 440 2599 sein
462 2567 616 2610 gotshaus
638 2578 675 2601 ze
697 2567 824 2602 schel-m
847 2568 908 2602 auf
931 2569 984 2602 ein
1011 2568 1097 2610 reht,
1125 2569 1174 2602 als
1197 2580 1289 2602 verre
1312 2580 1409 2602 unser
1431 2570 1550 2612 gewalt
1571 2569 1623 2603 ist.
1732 2569 1881 2602 Daruber

227 2628 264 2651 ze
287 2619 392 2652 einem
415 2618 579 2652 urchunde
602 2619 708 2662 geben
731 2620 788 2652 wir
810 2620 844 2653 in
867 2620 956 2653 disen
980 2620 1067 2653 brief
1086 2621 1282 2663 versigelten
1304 2621 1364 2655 mit
1385 2632 1515 2654 unserm
1538 2621 1730 2664 hangenden
1754 2621 1877 2663 insigel.

334 2669 408 2704 Dat.
426 2670 564 2712 Monaci,
587 2669 694 2715 [anno]
709 2672 880 2705 millesimo
897 2671 980 2705 OOC
997 2672 1248 2716 quintodecimo,
1270 2676 1364 2706 sexta
1380 2673 1461 2706 feria
1484 2678 1560 2707 ante
1576 2672 1765 2714 Ramex-ine,
1789 2674 1879 2715 regni

228 2722 327 2754 nostri
349 2732 432 2755 anno
455 2722 568 2765 primo.

335 2831 402 2862 827.
428 2832 453 2868 ὓ)
471 2842 538 2861 σον-ν.
557 2843 588 2862 ex
605 2835 745 2870 approbata
762 2844 799 2863 or.
888 2835 914 2870 b)
932 2835 1023 2862 demna
1041 2838 1056 2862 6
1069 2836 1166 2863 litterae
1185 2846 1223 2863 or.
1311 2836 1335 2871 θ)
1355 2840 1386 2864 15
1398 2838 1505 2864 litterae.
