2184 3126
472 226 569 255 ACTA
588 216 701 254 amm
721 225 906 254 LUDEWICI
926 225 972 254 1v.
992 225 1038 254 ΕΤ
1057 225 1243 254 FRIDERICI
1263 226 1312 254 111.
1350 226 1425 254 1324.
1462 226 1510 254 Nr.
1523 227 1583 254 909.
1796 230 1853 259 741

198 314 323 347 dicere*
338 323 463 346 summe
487 313 665 346 hereticum
688 316 746 346 est.
792 311 880 355 Ergo
896 313 1043 345 conditor
1065 312 1210 355 predicte
1233 313 1473 345 constitucionis
1488 312 1552 344 ‘Ad
1568 311 1780 344 conditorem'
1796 312 1857 343 hoc

199 364 330 398 dicens¹¹
353 365 559 398 heresiarcha
582 374 677 397 verus
701 368 734 396 et
756 364 919 406 perfectus
942 364 1104 396 hereticus
1127 366 1176 395 est
1199 363 1389 395 censendus.

304 420 394 455 (VIII)
427 416 584 449 Preterea
617 417 644 448 si
678 416 751 448 talis
784 415 926 448 retencio
957 414 1142 458 specialiter
1175 414 1262 447 faeta
1295 414 1439 447 addiditv
1476 414 1597 457 aliquid
1632 414 1744 446 ultra*
1777 414 1858 445 alios

197 467 438 500 mendicantes¹
448 467 606 500 habentes
621 468 652 500 in
665 468 854 508 communi¹‚
870 470 1000 509 oportet
1014 467 1205 507 necessario,
1223 466 1310 509 quod
1327 477 1386 509 per
1401 466 1571 499 ecclesiam
1584 476 1647 498 non
1664 465 1858 498 habentibus

164 531 177 550 s
197 520 230 552 in
245 520 406 552 communi
421 518 630 562 provideatur
644 520 675 551 in
692 519 891 559 necessariis,
914 522 950 550 ut
964 519 1051 551 licite
1067 518 1164 551 rebus
1178 519 1222 550 uti
1240 519 1374 561 possint,
1397 518 1483 561 quod
1506 518 1542 551 fit
1564 529 1623 561 per
1638 518 1856 550 retencionem

198 574 302 604 ortam
325 581 366 603 ex
389 571 467 611 hoc,
500 570 587 613 quod
610 571 692 603 tales
715 570 860 613 perfecte
883 581 918 603 se
943 570 1078 603 dantes·
1101 570 1172 603 Deo
1195 570 1292 602 nichil
1317 569 1484 603 retinendo
1507 580 1567 602 nec
1589 570 1621 602 in
1645 569 1775 612 proprio
1798 579 1857 600 nec

197 623 230 654 in
253 623 429 663 communi,
459 622 517 654 sed
545 622 663 655 devote
687 622 867 664 profitendo
890 621 1078 655 altissimam
1107 625 1350 664 paupertatem,
1379 632 1474 664 quam
1499 621 1665 654 Christus·
1687 620 1798 652 docuit
1825 624 1858 651 et

197 674 350 716 exemplo
372 674 511 706 firmavit
526 677 560 706 et
582 675 651 706 eius
666 674 805 716 apostoli
820 678 1028 707 servaverunt
1050 675 1081 706 in
1097 684 1132 706 se
1149 674 1226 716 ipsis
1242 674 1294 706 et*
1310 673 1382 706 aliis
1397 673 1608 705 sex-vanamne
1623 671 1856 704 tradideruntd.

198 725 332 758 Constat
355 727 480 766 autem,
510 725 597 767 quod
620 725 758 758 ecclesia
789 736 824 758 se
847 729 881 758 et
906 735 965 758 sua
996 725 1111 758 dantes
1138 736 1201 758 non
1233 728 1341 768 potest
1367 724 1497 757 abicere
1526 734 1585 756 nec
1616 723 1723 756 debet.
1769 722 1856 766 Ergo

154 786 180 807 ιο
198 778 310 810 contra
332 776 479 818 predicta
502 779 664 809 statuens‘
687 777 894 810 heresiarcha
916 780 949 810 et
971 776 1153 819 perfectus‘
1172 777 1334 809 hereticus
1357 780 1407 808 est
1429 775 1619 808 censendus.

303 830 365 864 (IX)
399 827 587 860 “Preterea
617 828 806 860 constitucio
835 827 982 870 predicta
1011 828 1107 868 dicit,
1141 827 1229 870 quod
1259 838 1322 860 non
1352 831 1402 859 cst
1424 827 1527 859 honor
1548 826 1696 858 Romane
1720 826 1857 858 ecclesie

195 878 375 921 predictum
400 878 577 911 dominium
601 890 777 912 reservare.
824 879 889 912 Sed
913 879 975 912 hoc
997 882 1047 911 est
1069 890 1223 922 expresse
1238 883 1350 911 contra
1365 879 1472 920 legem
1488 878 1583 919 Deih,
1607 879 1682 920 quia
1705 877 1856 910 ecelesia·

195 929 296 962 dehet
317 940 451 972 pascere
469 941 546 963 oves
563 930 693 972 Christi,
716 931 869 964 Iohannis
889 931 1014 973 ultimo,
1038 934 1072 964 et
1087 931 1264 964 defendere
1284 933 1396 963 contra
1412 940 1632 973 quoscumque
1648 939 1857 972 oppressores

195 984 230 1014 et
252 982 497 1025 inpugnantes&
550 982 638 1025 Ergo
666 982 830 1015 conditor¹
853 983 1093 1015 constitucionis
1115 981 1180 1015 ‘Ad
1204 981 1446 1014 conditorem’¹¹²
1468 991 1545 1014 vere
1573 980 1777 1013 heresiarcha
1802 984 1855 1012 et¹¹

153 1042 177 1063 u
195 1032 359 1066 hereticus
382 1036 432 1065 est
454 1033 643 1066 censendus.
1453 1063 1457 1067 .

306 1088 353 1123 (X)
386 1085 562 1129 Preterea⁰
594 1085 644 1117 inv
679 1086 910 1118 constitucione
937 1084 1002 1118 ‘Ad
1033 1085 1270 1118 conditorem’m
1300 1084 1429 1123 dicitur,
1464 1083 1646 1116 huiusmodi
1678 1083 1856 1116 dominium

197 1146 269 1169 esse
292 1137 520 1179 perniciosum.
566 1136 608 1169 Et
624 1138 669 1169 sic
684 1140 815 1180 reputat
830 1137 1055 1180 perniciosum,
1079 1136 1165 1179 quod
1181 1137 1302 1169 factum
1319 1140 1369 1169 est
1385 1139 1418 1168 et
1433 1135 1660 1168 adinventum¹¹
1677 1145 1736 1177 per
1750 1135 1855 1177 ipsum

197 1187 380 1220 Christum*
407 1191 442 1221 et
462 1188 645 1221 Romanam
670 1189 852 1221 ecclesiam.
897 1189 981 1221 Nam
1005 1189 1152 1220 dominus
1175 1187 1371 1231 Gregorius·
1393 1198 1496 1220 nonus
1518 1190 1552 1219 et
1574 1186 1764 1219 Alexander
1779 1186 1855 1218 IIII.

197 1242 232 1272 et
253 1239 435 1282 Nycolaus2
456 1241 489 1272 in
518 1239 674 1272 decretali
695 1239 807 1272 ‘Exiit'
829 1244 863 1273 et
886 1240 1050 1273 dominus·
1074 1239 1285 1272 Innocencius
1307 1243 1441 1282 quartus
1467 1242 1518 1271 et'¹
1542 1238 1694 1271 Clemens
1724 1242 1857 1280 quartus

152 1305 180 1325 no
198 1293 231 1324 et
265 1291 374 1333 plures
403 1291 459 1324 alii
485 1291 643 1324 Romani'
674 1291 843 1334 pontifices
871 1292 904 1324 in
938 1291 1160 1324 declaracione
1194 1291 1255 1323 hoc
1289 1291 1491 1323 dominium*
1520 1290 1667 1322 Romane
1697 1289 1856 1322 ecclesie¹

196 1342 392 1375 deolarantr.
438 1342 526 1386 Ergo
550 1342 696 1375 conditor
718 1343 958 1376 constitucionis
979 1343 1045 1375 ‘Ad
1069 1342 1282 1375 conditorem’
1303 1347 1396 1374 vere·
1419 1342 1582 1374 hereticus
1605 1346 1654 1374 est
1677 1341 1857 1374 censendus

197 1397 255 1426 aut
277 1404 390 1426 omnes
413 1394 589 1437 supradicti
611 1394 780 1437 pontifices
802 1395 937 1427 heretici
960 1395 1098 1436 fuerunt,
1122 1394 1208 1437 quod
1232 1394 1414 1426 nullatenus
1437 1397 1486 1426 est
1507 1393 1727 1431 senciendum,
1750 1396 1800 1425 set
1815 1392 1855 1424 de

195 1446 278 1478 isto·
301 1447 424 1488 pocius,
448 1447 503 1489 qui
527 1447 722 1479 contrarium
747 1447 858 1479 statuit
880 1446 1009 1479 veritati
1032 1451 1065 1479 et
1088 1445 1236 1478 omnibus
1258 1445 1458 1488 supradictis.

305 1501 366 1535 (XI)
397 1497 556 1531 Preterea
583 1498 661 1531 dicit
683 1499 872 1531 constitucio
899 1498 1098 1541 supradicta,
1127 1498 1298 1531 ecclesiam
1324 1497 1526 1530 Romanamb
1552 1507 1615 1528 non
1638 1496 1710 1538 plus
1733 1495 1855 1528 habere

152 1560 178 1580 aa
198 1549 301 1582 velle⁰
316 1549 349 1581 in
366 1549 494 1591 talibus,
519 1549 601 1592 que·³
617 1549 714 1582 nichil
730 1551 887 1582 retinent⁰
902 1551 934 1582 in
950 1550 1121 1590 communi,
1145 1559 1239 1592 quam
1258 1550 1289 1581 in
1305 1549 1376 1581 aliis
1391 1547 1647 1580 mendicantibus
1662 1547 1856 1579 habentibus

196 1601 228 1632 in
251 1601 428 1641 communi,
461 1601 548 1643 quod
571 1605 620 1634 est
643 1604 754 1634 contra
777 1602 941 1634 racionem
964 1602 1030 1633 voti
1054 1605 1087 1634 et
1110 1601 1196 1633 doni.
1242 1599 1330 1637 Quos
1351 1601 1436 1632 enim
1459 1600 1532 1642 plus
1554 1599 1626 1631 Deo
1656 1601 1689 1630 et
1717 1598 1854 1631 ecclesie

196 1651 305 1693 datur,
330 1652 467 1684 ecclesia
490 1652 534 1684 ibi
558 1653 629 1695 plus
652 1653 761 1685 habet.
807 1653 865 1685 Set
888 1653 1107 1695 professores⁸
1130 1653 1284 1684 altissime
1308 1651 1528 1694 paupertatisb
1552 1650 1624 1693 plus
1647 1650 1753 1690 dant‘,
1781 1651 1855 1692 quia

195 1703 293 1735 nichil
309 1703 368 1735 sibi
385 1703 544 1736 retinentk
560 1704 626 1736 vel¹
642 1705 673 1736 in
690 1706 820 1748 proprio
837 1705 914 1737 vel¹¹¹
930 1706 961 1736 in
978 1705 1148 1737 communi.
1186 1704 1273 1747 Ergo
1290 1704 1427 1736 ecclesia
1442 1702 1514 1745 plus
1529 1703 1655 1745 accipit.
1690 1701 1759 1734 Nisi
1775 1702 1855 1733 veli-

197 1759 287 1786 mus¹²
301 1755 420 1796 dicere,
437 1755 523 1798 quod
535 1766 598 1788 non
615 1756 735 1788 habere
751 1757 781 1788 in
799 1757 957 1789 communi
975 1756 1072 1788 nichil
1089 1757 1165 1788 facit
1181 1755 1223 1788 ad
1239 1755 1445 1798 perfectionis
1460 1757 1589 1786 statum.
1623 1753 1718 1791 Quod
1734 1754 1854 1785 dictum

150 1818 178 1839 ³0
197 1809 283 1838 esset
305 1810 415 1838 contra
429 1804 601 1839 'Christum
628 1811 662 1839 et
684 1808 863 1850 apostolos,
888 1809 941 1850 qui
962 1811 1186 1850 paupertatem
1210 1807 1399 1839 altissimam
1421 1810 1650 1839 servaverunt⁰
1673 1810 1706 1837 et
1727 1815 1856 1837 servare

197 1856 386 1899 docuerunt,
410 1859 611 1900 professores
626 1859 726 1901 ipsius
742 1863 774 1891 et
791 1862 902 1891 contra
918 1859 1091 1901 scripturas
1106 1869 1224 1890 sacras.
1259 1858 1302 1890 Et
1318 1862 1392 1890 tunc
1409 1858 1546 1890 ecclesia
1562 1857 1724 1889 diceretur
1738 1867 1855 1899 appro-

196 1907 273 1941 bare
291 1909 446 1954 figmenta
463 1913 497 1942 et
512 1909 680 1943 destruere
692 1910 811 1943 Christi
826 1911 925 1952 iura¹³‚
943 1911 1028 1952 quod
1046 1914 1096 1942 est
1111 1911 1261 1942 omnino⁴¹
1277 1909 1467 1941 hereticum.
1498 1909 1601 1951 Igitur
1617 1908 1764 1940 conditor
1779 1918 1856 1940 con-

195 1961 394 1993 stitucionis‘
414 1961 479 1993 ‘Ad
500 1961 711 1994 conditorem’
733 1973 775 1994 ex
795 1962 948 2004 predictis
965 1962 1112 1994 omnibus
1135 1965 1168 1994 et
1183 1961 1318 2004 singulis
1334 1971 1409 1993 vere
1425 1961 1586 1993 hereticus
1602 1964 1651 1992 est
1666 1959 1855 1992 censendus.

305 2027 355 2057 29.
388 2030 399 2045 ¹
414 2025 498 2058 Item
522 2026 607 2067 ipse‘
626 2030 676 2058 est
697 2030 971 2059 sacramentorum
989 2026 1107 2058 Christi
1130 2026 1266 2068 impiusu
1282 2025 1501 2068 prophanator
1520 2028 1637 2067 atque'
1653 2028 1857 2066 contemptor

150 2083 178 2105 ⁸⁸
196 2079 230 2109 et
251 2087 415 2109 sacrorum
433 2087 591 2110 canonum
615 2078 758 2120 impius*
774 2081 808 2110 et
823 2078 1014 2110 temerarius
1030 2077 1187 2110 violator*
1203 2081 1301 2119 atque
1324 2076 1495 2109 subversor
1518 2079 1552 2108 et
1573 2075 1735 2118 generalis
1754 2079 1856 2107 status

298 2174 366 2202 909.
394 2176 412 2207 ῑ)
432 2177 528 2202 servire
542 2177 569 2202 in
582 2186 648 2202 corr.
664 2178 687 2202 A
699 2177 722 2203 1.
797 2177 823 2208 u)
843 2177 892 2203 hoe
905 2177 954 2203 dic.
967 2177 1019 2203 dee.
1034 2177 1057 2202 A
1069 2176 1093 2202 4.
1103 2176 1128 2202 5.
1201 2177 1225 2207 v)
1243 2176 1314 2201 addit
1327 2176 1350 2200 A
1360 2175 1385 2201 4.
1455 2175 1486 2207 w)
1504 2183 1583 2209 supra
1596 2174 1619 2200 A
1632 2174 1656 2201 5.
1715 2175 1741 2207 ¹)
1760 2175 1855 2200 mendi-

197 2221 298 2244 catores
316 2218 341 2244 A
353 2217 378 2245 3.
466 2219 491 2252 1)
510 2220 536 2245 in
555 2228 620 2246 com.
633 2220 692 2246 hab.
711 2220 735 2245 A
746 2219 770 2246 4.
859 2222 882 2252 Ι)
901 2221 990 2246 dantes
1008 2228 1036 2246 se
1055 2219 1079 2244 A
1092 2219 1116 2245 3.
1213 2218 1236 2251 ⁸)
1254 2219 1333 2245 verbo
1351 2218 1413 2244 add.
1432 2218 1457 2243 A
1470 2218 1494 2244 4.
1507 2217 1532 2244 5.
1620 2217 1646 2250 δ)
1664 2218 1690 2244 iu
1709 2218 1772 2244 add.
1791 2218 1815 2243 A
1829 2216 1854 2244 2.

200 2260 226 2293 ⁰)
244 2261 372 2287 servanda
390 2261 415 2287 A
427 2260 453 2288 2.
553 2261 578 2294 ιι)
596 2263 763 2289 reddiderunt
780 2264 805 2288 A
819 2263 842 2289 1.
939 2262 962 2294 θ)
982 2271 1042 2288 vere
1060 2263 1122 2288 add.
1143 2262 1166 2287 A
1179 2261 1204 2287 3.
1296 2260 1316 2293 s)
1334 2262 1402 2287 deest
1420 2262 1444 2286 A
1457 2260 1482 2287 4.
1570 2261 1596 2292 Β)
1614 2261 1669 2287 sine
1685 2261 1757 2294 ιῖφιο
1771 2269 1854 2294 pam-

198 2302 294 2336 yraphi
309 2304 338 2329 s'n
356 2303 382 2329 A
395 2304 417 2330 l.
531 2304 557 2338 h)
576 2311 665 2332 contra
682 2307 699 2332 l.
712 2307 743 2333 D.
762 2315 834 2340 expr.
847 2306 904 2332 131.
915 2305 940 2332 2.
1054 2305 1074 2337 ¹)
1091 2306 1147 2332 ecii‘z
1164 2303 1258 2331 Β1.2.
1372 2303 1398 2337 k)
1416 2305 1607 2338 impugnatores
1623 2304 1647 2329 A
1659 2303 1684 2329 4.
1695 2303 1725 2334 5:
1744 2304 1855 2337 inpung-

159 2351 188 2372 40
206 2350 298 2372 mutes
314 2345 373 2372 Bl.
476 2346 496 2380 ¹)
514 2349 592 2375 huius
609 2349 672 2375 add.
691 2350 716 2375 A
728 2349 753 2376 4.
763 2349 788 2375 5.
893 2349 925 2381 ¹¹²)
944 2350 984 2374 Ad
1002 2349 1075 2375 cond.
1093 2349 1146 2374 deu.
1166 2348 1190 2373 A
1203 2347 1228 2374 4.
1239 2347 1263 2374 5.
1363 2347 1388 2379 ΙἸ)
1407 2347 1475 2373 dom
1492 2347 1518 2372 B
1529 2346 1554 2372 2.
1653 2350 1676 2376 ⁰)
1694 2347 1773 2372 Porro
1791 2347 1815 2371 A
1829 2346 1853 2372 5.

202 2388 228 2421 ¹²)
245 2389 315 2415 diota
332 2389 395 2416 add.
413 2390 439 2416 A
450 2389 476 2417 4.
485 2390 511 2418 5.
617 2390 642 2424 (1)
662 2392 717 2418 loeo
735 2397 761 2418 et
778 2393 866 2418 adinv.
885 2393 909 2418 A
925 2391 954 2418 12
980 2398 998 2424 p
1013 2393 1122 2417 inuento
1141 2391 1231 2419 delam
1254 2389 1352 2416 A4.5:
1374 2395 1400 2416 et
1418 2391 1561 2416 inventum.
1665 2390 1688 2422 ¹)
1706 2389 1774 2415 deest
1792 2389 1817 2414 B
1829 2388 1853 2414 2.

202 2431 224 2462 ·)
242 2432 382 2465 Gregorius
395 2441 479 2460 nouus
489 2447 521 2453 —
533 2438 559 2460 et
576 2434 695 2460 dominus
706 2435 758 2461 des.
773 2435 797 2460 A
811 2434 835 2461 1.
895 2435 914 2465 ι)
932 2435 1023 2461 tertius
1035 2434 1098 2460 aad.
1113 2434 1137 2459 A
1148 2432 1172 2459 2.
1183 2432 1207 2459 3.
1216 2432 1242 2459 4.
1253 2432 1277 2459 5.
1337 2433 1364 2464 ¹¹)
1383 2433 1502 2458 dominun
1519 2432 1583 2458 aad.
1596 2433 1621 2458 A
1631 2431 1656 2458 4.
1727 2431 1751 2463 v)
1763 2433 1854 2458 Roma·

202 2482 294 2500 norum
312 2474 337 2500 A
351 2473 376 2502 8.
463 2475 494 2508 W)
512 2481 601 2503 uncte
619 2477 681 2503 add.
700 2477 724 2503 A
737 2477 760 2503 5.
849 2478 874 2509 ¹)
894 2478 1038 2504 eccl.Bom.
1053 2477 1075 2502 A
1086 2476 1115 2507 4;
1135 2478 1188 2502 sore
1206 2476 1269 2502 add.
1290 2476 1312 2500 A
1323 2475 1347 2501 4.
1358 2475 1382 2502 5.
1468 2476 1494 2507 1)
1511 2484 1563 2502 nou
1582 2480 1667 2501 tamen
1686 2479 1788 2509 propter
1806 2475 1854 2500 hoc

203 2525 299 2543 novum
309 2518 350 2544 ius
360 2521 511 2551 statuentes,
523 2519 570 2546 sed
581 2520 650 2553 quod
662 2524 719 2546 erat
731 2521 757 2546 in
767 2521 874 2547 veritate
883 2521 916 2546 ab
926 2521 982 2554 ipso
992 2521 1047 2546 iure
1057 2520 1144 2545 divino
1156 2519 1247 2553 pocius
1259 2518 1422 2552 detegentes*
1435 2518 1498 2544 add.
1507 2518 1531 2544 A
1539 2518 1563 2544 4.
1569 2518 1594 2545 5.
1674 2518 1695 2551 ¹)
1708 2526 1786 2544 verus
1796 2519 1819 2543 A
1828 2517 1852 2543 3.

155 2565 181 2585 4³
200 2558 224 2592 ⁸)
243 2559 287 2586 illo
306 2560 330 2585 A
342 2559 398 2587 4.5.
485 2560 512 2594 ¹³)
530 2562 603 2589 Rom.
614 2563 677 2589 eccl.
691 2563 714 2588 A
725 2562 750 2589 5.
845 2562 869 2596 ⁰)
887 2564 942 2589 loeo
960 2563 1022 2589 hab.
1034 2562 1101 2588 velle
1115 2563 1139 2587 A
1151 2561 1174 2587 1.
1184 2560 1245 2587 23:
1264 2561 1358 2588 debere
1369 2561 1436 2587 velle
1447 2562 1556 2591 habere:
1573 2562 1666 2588 debere
1678 2561 1745 2587 velle
1759 2561 1783 2586 A
1793 2561 1818 2587 4.
1827 2560 1852 2586 5.

198 2600 223 2634 (¹)
241 2603 286 2635 qui
305 2603 329 2628 A
339 2602 365 2629 3.
436 2603 460 2636 0)
479 2605 588 2631 reiciant
605 2606 629 2630 A
642 2605 667 2632 8.
730 2605 749 2638 ί)
766 2607 870 2638 Quanto
883 2606 907 2631 A
919 2606 933 2631 1
945 2605 1026 2638 (corr.
1039 2614 1070 2631 a:
1081 2604 1188 2638 quomo)
1200 2604 1227 2631 4.
1239 2604 1264 2631 5.
1334 2605 1360 2637 Ι)
1378 2605 1532 2638 poe-enoris
1543 2603 1603 2631 ΒΞ.
1673 2603 1701 2636 ιι)
1719 2604 1781 2637 quia
1795 2603 1819 2629 B
1828 2603 1854 2629 2.

198 2643 216 2676 ¹)
235 2645 311 2672 dlmr
323 2646 348 2671 Β
355 2645 380 2672 2·
446 2644 474 2679 ὴ)
491 2647 584 2674 munst
595 2647 620 2673 B
628 2647 654 2674 2.
718 2647 738 2681 ι)
756 2657 804 2675 neo
817 2649 841 2674 A
850 2649 876 2675 4.
886 2648 914 2680 ὃς
933 2649 1000 2675 decet
1014 2648 1039 2674 B
1049 2647 1074 2674 2.
1144 2647 1176 2680 ¹¹²)
1194 2655 1241 2674 uec
1254 2647 1278 2673 A
1290 2646 1316 2674 4.
1328 2647 1355 2674 ὅ.
1418 2647 1444 2680 ¹¹)
1455 2648 1576 2674 volumus
1588 2647 1647 2674 132.
1717 2647 1741 2679 ⁰)
1754 2656 1854 2673 ωηεν.

197 2689 243 2714 alt.
256 2688 280 2713 A
290 2688 315 2715 3.
385 2688 411 2720 ¹²)
424 2689 503 2715 vit-m
517 2689 574 2716 A4.
645 2691 670 2724 α)
683 2700 734 2718 non
747 2691 772 2717 B
781 2690 805 2718 2.
883 2692 904 2724 ¹)
917 2697 997 2718 const.
1010 2692 1085 2718 cond.
1098 2691 1123 2717 B
1135 2690 1192 2718 1.2.
1268 2691 1290 2723 ¹)
1302 2699 1369 2717 nm
1383 2691 1453 2717 linea
1466 2690 1494 2722 1;
1507 2692 1606 2725 signum
1616 2690 1783 2724 paranymphi
1794 2689 1818 2715 2.
1828 2689 1852 2715 3.

198 2731 218 2763 θ)
237 2731 307 2757 &eet
319 2731 344 2758 4.
354 2731 378 2757 5.
474 2732 500 2765 ὓ)
518 2735 587 2767 ipffis
603 2733 660 2760 La.
756 2734 780 2767 ⁷)
799 2738 823 2761 st
842 2734 866 2760 4.
879 2734 904 2761 5.
997 2735 1028 2767 v)
1046 2735 1177 2769 maignus
1193 2733 1218 2761 4.
1231 2734 1257 2761 5.
1352 2735 1378 2767 ¹)
1396 2743 1464 2767 sequ.
1483 2735 1593 2761 violator
1604 2748 1635 2753 -
1645 2734 1799 2760 temerarius
1817 2734 1854 2757 bis

153 2778 181 2799 w
199 2774 295 2807 eor-{pta
314 2775 337 2800 1.

305 2842 330 2874 1)
351 2840 425 2869 Haec
443 2842 531 2870 redire
548 2843 585 2870 ad
603 2843 787 2878 Bonaqrutiae
805 2845 1005 2880 afflationem
1026 2848 1103 2873 notat
1127 2845 1169 2873 W.
1183 2844 1278 2872 Felten
1296 2844 1313 2872 1.
1326 2853 1348 2872 c.
1364 2853 1393 2879 p.
1407 2849 1450 2873 69.
