2190 3172
303 191 366 222 408
536 188 633 216 ACTA
650 188 764 216 REGNI
782 188 969 216 LUDEWICI
987 189 1034 216 IV.
1052 189 1098 216 ET
1118 189 1302 216 FRIDERIOI
1321 189 1369 215 111.
1408 188 1482 216 1318.
1517 188 1566 216 Nr.
1579 188 1638 216 504.
1658 189 1716 216 505.

303 276 467 317 corporari
496 279 529 308 et
556 276 716 308 canonicis
744 275 887 308 eiusdem
918 275 1047 317 collegii
1075 275 1118 307 ad
1141 275 1392 308 commodiorem
1415 276 1686 307 sustentacionem
1713 285 1803 311 suam
1831 275 1952 308 fructus

302 328 402 369 ipsius
424 327 626 370 integraliter
648 328 813 369 applicari.
851 327 896 358 Ut
915 338 991 359 vero
1008 327 1236 369 ,incorporacio
1259 327 1443 359 huiusmodi
1466 328 1656 359 anctoritate
1681 337 1792 359 eorum
1815 338 1951 369 quorum

302 380 437 411 interest
460 379 545 411 facta
567 379 665 411 fuerit
687 390 758 411 cum
784 379 915 420 effectu,
946 382 1063 410 extunc
1086 379 1179 410 nobis
1204 382 1237 410 et
1260 379 1500 410 successoribus
1523 379 1639 410 nostris
1663 379 1694 410 in
1717 379 1854 420 imperio
1877 389 1950 420 per-

303 434 401 472 petuo
425 431 474 462 ius
497 434 661 472 competet
682 431 891 472 presentandi
913 441 1010 462 unum
1033 430 1234 462 sacerdotem
1255 430 1416 472 ydoneum
1439 434 1495 462 aut
1517 431 1626 471 alium,
1650 431 1705 472 qui
1727 430 1811 462 infra
1833 441 1952 462 annum

302 483 335 513 in
358 482 560 514 sacerdotem
583 483 691 515 valeat
713 483 911 524 promoveri,
934 482 976 514 ad
1000 483 1167 514 canoniam
1192 486 1225 514 et
1247 482 1447 524 prebendam
1470 482 1503 513 in
1525 483 1595 524 ipsa
1619 482 1756 514 ecclesia
1779 482 1952 524 collegiata

302 533 462 575 predicta,
493 535 547 575 qui
570 534 671 566 libere
694 534 867 576 recipietur
883 534 968 571 vinibi
996 544 1068 565 cum
1091 533 1290 575 plenitudine
1319 534 1397 565 iuris
1421 534 1566 565 canonici
1593 534 1625 565 in
1648 534 1758 574 stallo,
1793 533 1890 565 choro
1920 537 1953 566 et

303 584 443 626 capitulo
467 595 505 616 ac
528 585 660 627 singulis
683 585 763 626 aliis,
788 596 850 627 que
874 586 989 617 ceteris
1013 586 1173 617 canonicis
1192 585 1419 617 conceduntur.
1508 586 1546 616 In
1562 586 1650 617 cuius
1671 586 1718 617 rei
1733 585 1953 618 testimonium

303 640 335 668 et
351 636 475 668 roboris
490 637 692 669 firmitatem‘
713 637 771 668 has
791 637 916 668 litteras
932 636 1088 668 conscribi
1112 640 1145 668 et
1159 641 1268 668 nostre
1284 637 1461 668 maiestatis
1478 637 1584 678 sigillo
1599 638 1748 669 iussimus
1765 638 1951 669 conmuniri.

409 688 484 720 Dat.
508 689 541 720 in
561 688 803 720 ‘Frankenffirtss
825 688 922 730 opido
946 691 1054 720 nostro
1077 688 1190 730 regali,
1215 688 1345 730 quintoh
1367 688 1504 720 Kalend.
1523 688 1697 728 Octobris¹,
1722 699 1805 720 anno
1821 688 1954 720 Domini

301 739 473 771 millesimo
497 741 723 772 trecentesimo
749 740 876 771 decimo
899 743 1023 780 octavo,
1046 741 1139 782 regni
1161 751 1238 771 vero
1261 740 1359 771 nostri
1384 751 1466 772 anno
1491 744 1615 782 quarto.

414 933 488 968 505.
522 931 787 969 LITTERAE
816 931 971 968 REGIS
999 929 1229 968 SICILIAE
1252 931 1328 967 AD
1351 931 1538 968 REGEM
1564 931 1843 969 FRANCIAE.

864 1000 1022 1044 (circiter
1053 1000 1162 1036 1318.
1191 1011 1239 1036 m.
1264 1000 1381 1045 Sept.)

413 1091 510 1132 Copia
541 1092 594 1134 (c.)
625 1091 660 1123 in
695 1092 759 1124 cod.
778 1092 862 1123 3311
888 1092 918 1133 f.
941 1092 1005 1122 112
1033 1101 1111 1123 saec.
1128 1091 1225 1124 XIV.
1251 1091 1449 1122 bibliothecae
1471 1091 1728 1123 Vindobonensis.
1774 1091 1953 1132 Descripsit

300 1143 334 1175 J.
351 1143 475 1175 Ficker.
498 1162 540 1166 —
563 1143 626 1174 Ed.
649 1143 873 1175 Winkelmann
897 1144 990 1174 ‘Acta
1011 1143 1138 1183 imperii
1160 1143 1294 1174 inedita'
1317 1142 1366 1180 II,
1390 1143 1454 1174 782
1475 1153 1524 1174 nr.
1544 1144 1627 1175 1120
1649 1153 1688 1174 cx
1711 1154 1738 1175 c.

413 1204 461 1242 Cf.
486 1203 578 1245 infra
600 1204 644 1235 ad
665 1213 695 1234 α.
713 1204 808 1235 1319.
831 1204 934 1235 Mart.
951 1204 971 1234 9
994 1206 1023 1235 et
1045 1203 1129 1235 Mai.
1146 1203 1177 1235 4.

409 1281 639 1313 Oristianorum
678 1282 881 1313 serenissimo
918 1281 1055 1323 principi
1093 1281 1222 1313 domino
1261 1280 1423 1322 Phylippo
1462 1281 1645 1312 honorabili
1681 1282 1751 1323 regi
1788 1281 1952 1314 Francho-

301 1343 371 1363 rum
458 1333 622 1365 Robertus
643 1333 823 1364 Ierusalem
847 1332 1022 1375 Sicilieque
1045 1343 1104 1365 rex
1192 1332 1329 1364 salutem
1359 1336 1392 1364 et
1415 1343 1587 1374 prosperos
1614 1332 1656 1364 ad
1678 1336 1754 1364 vota
1777 1343 1952 1366 successus.

408 1384 495 1416 Dum
517 1386 606 1427 viget
629 1385 935 1426 consanguineitatis
958 1385 1045 1416 linea
1067 1388 1179 1416 mutua
1201 1385 1328 1426 repleta
1353 1384 1539 1425 dulcedine,
1572 1385 1631 1416 sub
1655 1395 1718 1427 qua
1741 1396 1799 1416 nos
1823 1388 1856 1417 et
1878 1396 1953 1427 pro-

302 1437 455 1468 ienitores
470 1438 571 1468 nostri
586 1447 695 1468 sumus
718 1438 750 1468 in
765 1437 888 1469 unitate
905 1437 1068 1478 sanguinis
1084 1437 1218 1479 alligati,
1241 1447 1305 1468 non
1321 1447 1436 1468 vereor
1456 1436 1663 1478 benignitatis
1679 1440 1785 1468 vestre
1801 1437 1954 1480 suffragia

301 1488 334 1519 in
362 1489 444 1519 meis
472 1488 719 1520 necessitatibus
747 1488 935 1520 fidutialiter
962 1489 1147 1530 implorare.
1192 1488 1315 1520 Noscat
1344 1488 1442 1530 igitur
1471 1491 1578 1520 vestra
1605 1489 1761 1520 serenitas
1792 1499 1851 1530 per
1877 1499 1951 1531 pre-

301 1543 424 1582 sentes,
450 1540 536 1582 quod
561 1539 782 1572 Gibelinorum
805 1540 978 1582 nephanda
1001 1541 1178 1572 scelleritas
1202 1540 1260 1572 sub
1283 1540 1416 1582 aplauso
1441 1540 1597 1582 quodam,
1627 1541 1702 1583 quin
1724 1541 1822 1572 immo
1846 1541 1954 1583 potins

302 1591 494 1634 deceptione
518 1592 644 1624 fortune
668 1593 701 1623 in
715 1592 824 1624 Ytalie
846 1592 990 1634 partibus
1007 1592 1155 1633 ellevata,
1180 1592 1345 1623 civitatem
1361 1592 1506 1631 Ianuam,
1530 1591 1571 1623 ad
1595 1592 1684 1624 cuius
1700 1592 1952 1624 dominationem

302 1643 342 1675 de
367 1645 527 1675 communi
551 1644 721 1676 concordia
744 1645 861 1675 civium
885 1645 1011 1675 noviter
1033 1654 1142 1675 sumus
1165 1643 1283 1683 ellecti,
1307 1654 1378 1674 cum
1403 1643 1595 1685 quibusdam
1618 1644 1822 1686 magnatibus
1839 1643 1951 1676 Gibel-

302 1695 373 1726 linis
397 1695 482 1727 dicte
505 1698 590 1727 terre
614 1696 787 1728 rebellibus
811 1697 996 1738 opprimunt
1019 1706 1091 1727 curn
1115 1695 1289 1726 obsidionis
1314 1697 1472 1736 exercitu,
1504 1705 1579 1727 mea
1606 1706 1669 1727 non
1697 1695 1844 1728 obstante
1877 1707 1950 1738 pre-

293 1748 415 1788 sentia,
432 1747 489 1778 sed
506 1752 651 1779 nocente.
690 1747 860 1789 Respuunt
876 1749 980 1779 enima
997 1748 1169 1779 extrinseci
1185 1747 1389 1779 concordiam
1405 1748 1649 1779 intrinsecorum
1665 1751 1698 1779 et
1713 1749 1744 1779 in
1761 1749 1951 1791 civitat(em)

301 1798 479 1839 redditum,
510 1810 561 1831 me
585 1803 710 1831 astante
735 1803 767 1831 et
789 1799 949 1831 mandatis
976 1800 1057 1831 meis
1081 1799 1307 1840 obtemperare
1334 1798 1491 1839 nolentes,
1520 1810 1612 1830 snum
1634 1799 1775 1841 undique
1799 1799 1959 1839 fortifica-‚

301 1854 416 1882 verunt
439 1852 627 1892 exercitum,
651 1854 801 1893 putantes
817 1851 959 1892 Appulie
977 1851 1090 1882 domus
1106 1850 1261 1882 abbolere
1285 1851 1464 1892 potentiam
1488 1854 1521 1881 et
1543 1850 1745 1883 altitudinem
1769 1851 1951 1893 deprimere

302 1902 513 1944 Gallicorum,
549 1903 752 1934 dillectorum
775 1903 866 1934 Petri
893 1903 999 1934 fratris
1026 1903 1126 1934 nostri
1155 1906 1189 1934 et
1211 1902 1336 1934 Karulli
1359 1903 1486 1944 nepotis
1509 1903 1609 1934 nostri
1630 1903 1778 1943 interitu,
1813 1914 1892 1946 quos
1919 1905 1952 1936 iu

302 1956 474 1996 campestri
498 1954 583 1986 bello
601 1955 778 1986 Tuscorum
799 1955 957 1996 provintie
981 1955 1187 1994 occisserunt‚
1210 1954 1307 1985 velud
1330 1954 1471 1985 famelici
1495 1964 1589 1985 canes
1613 1958 1647 1986 et
1668 1955 1798 1987 ultionis
1819 1956 1951 1988 insatia-

302 2006 382 2038 biles
413 2017 475 2038 non
505 2007 656 2039 contenti.
708 2007 838 2038 Ducunt
872 2017 1000 2048 quoque
1029 2007 1156 2038 insanes
1183 2006 1284 2037 Ianue
1313 2007 1449 2037 civitatis
1483 2007 1617 2047 pallatia
1652 2010 1684 2039 et
1717 2011 1821 2039 turres
1856 2019 1952 2050 quam

302 2058 456 2100 plurimas
480 2069 591 2090 eorum
614 2059 770 2090 machinis
798 2059 831 2089 in
859 2059 998 2099 ruinam,
1028 2058 1143 2100 quibus
1172 2059 1204 2089 in
1232 2058 1309 2090 belli
1332 2059 1506 2089 certamine
1531 2058 1662 2090 obviare
1686 2070 1749 2090 non
1772 2071 1951 2102 possumus,

301 2109 472 2142 sufficienti
499 2111 613 2142 militia
640 2121 705 2142 non
727 2110 883 2141 suffultus.
929 2110 1073 2142 Barones
1096 2120 1235 2151 namque
1262 2110 1341 2150 mei,
1373 2110 1475 2141 tocius
1500 2110 1639 2151 Appulie
1669 2112 1761 2152 regni
1787 2112 1952 2153 primates,

303 2161 343 2193 de
367 2161 482 2203 quibus
505 2163 536 2193 in
560 2162 738 2194 animorum
762 2172 860 2204 opere
889 2165 922 2193 et
944 2162 1087 2193 cordium
1111 2161 1283 2192 intimitate
1308 2160 1449 2202 confido,
1473 2161 1515 2192 ad
1537 2162 1636 2203 ipsius
1659 2163 1750 2204 regni
1773 2163 1951 2196 custodiam

301 2214 494 2245 necessitate
517 2224 580 2245 non
603 2213 730 2245 modica
753 2217 984 2254 remanserunt,
1009 2213 1084 2244 dum
1101 2212 1199 2245 Siculi
1221 2213 1322 2244 hostis
1345 2213 1435 2254 impii
1455 2214 1666 2255 sagacitatem
1682 2225 1796 2246 vereor
1819 2219 1853 2247 et
1875 2215 1951 2248 dum

302 2265 343 2296 de
368 2264 559 2307 quibusdam
582 2265 805 2307 Neapolitanis
828 2265 966 2305 civibus,
1001 2275 1081 2307 quos
1114 2265 1213 2296 inficit
1238 2265 1414 2307 imperialis
1440 2266 1581 2305 macula,
1615 2277 1679 2298 non
1706 2267 1842 2299 confido.
1886 2267 1952 2300 Ea-

301 2319 443 2358 propter,
468 2316 720 2348 Christianorum
737 2318 940 2348 serenissime
960 2317 1119 2358 princeps,
1142 2319 1248 2348 vestre
1271 2316 1522 2358 magnifficentie
1546 2319 1724 2359 potentiam
1747 2319 1951 2360 presentibus

302 2368 464 2400 humiliter
488 2368 644 2410 deprecor
668 2372 701 2400 et
724 2379 833 2410 exoro,
858 2370 1007 2411 quatinus
1029 2369 1127 2400 michi
1146 2372 1287 2399 vestrum
1303 2368 1409 2399 velitis
1424 2369 1579 2401 velociter
1602 2369 1733 2402 exibere
1757 2381 1950 2411 succursum,

302 2420 334 2450 in
362 2430 401 2451 ea
425 2420 576 2452 videlicet
602 2420 739 2452 militum
768 2422 965 2463 quantitate,
1001 2430 1063 2462 que
1093 2420 1263 2462 prudentie
1286 2424 1392 2452 vestre
1423 2420 1582 2452 salubrius
1612 2422 1767 2464 expedire
1790 2422 1952 2455 videbitur

302 2471 344 2503 ad
372 2471 605 2504 Gibellinorum
636 2483 755 2504 cornua
782 2473 1058 2514 confringendum.
1114 2472 1230 2514 Neque
1262 2472 1414 2513 postulati
1444 2483 1609 2504 succursus
1640 2475 1744 2515 gratia
1774 2474 1950 2507 differatur.

302 2523 408 2555 Tedet
430 2534 568 2565 namque
592 2525 732 2556 animam
755 2525 821 2557 vite
844 2535 926 2566 mee,
952 2524 1027 2556 dum
1051 2524 1110 2556 sub
1133 2523 1308 2555 obsidionis
1330 2524 1406 2566 iugo
1430 2529 1540 2556 manet
1563 2526 1679 2557 invitus
1700 2526 1862 2558 Robertus
1886 2526 1951 2558 dux

302 2575 444 2616 Appulie
469 2574 659 2617 Scioilieque
682 2587 750 2616 rex,
774 2587 874 2618 nepos
899 2577 997 2608 etiam
1019 2576 1133 2607 Karuli
1157 2576 1239 2607 bone
1263 2577 1418 2607 memorie
1435 2575 1600 2609 Provintie
1624 2578 1749 2609 comitis
1772 2578 1812 2609 de
1836 2588 1950 2620 regum

302 2627 446 2668 proienie
470 2626 666 2667 Galicorum,
690 2628 743 2669 qui
766 2629 797 2659 in
820 2628 962 2670 Appulie
986 2628 1128 2669 partibus
1151 2627 1240 2659 velut
1262 2627 1339 2658 fidei
1362 2628 1542 2660 chatholice
1566 2630 1665 2671 pugil,
1689 2633 1799 2661 sancte
1824 2640 1952 2672 quoque

303 2679 440 2710 ecclesie
460 2678 607 2710 Romane
631 2683 860 2721 propugnator,
885 2679 1118 2712 Gibellinorum
1142 2679 1325 2721 superbiam
1349 2680 1381 2710 in
1404 2680 1683 2713 mansuetudinem
1706 2682 1770 2713 iam
1795 2682 1953 2713 convertit

405 2759 471 2787 504.
499 2760 518 2793 s)
538 2766 568 2787 et
586 2763 706 2787 roboris
725 2763 910 2788 firmitatem
924 2764 1013 2788 desunt
1027 2762 1048 2788 2.
1121 2763 1146 2794 8)
1165 2758 1353 2787 Franehenffirt
1365 2762 1388 2788 2.
1460 2762 1485 2795 h)
1502 2764 1530 2788 V.
1544 2762 1568 2788 2.
1639 2763 1658 2797 i)
1677 2764 1832 2797 Septembris
1843 2764 1912 2790 mah
1927 2763 1952 2789 2.

405 2815 471 2843 505.
500 2817 523 2849 ³)
542 2818 598 2843 eius
616 2827 636 2843 c.

1971 749 1998 768 m

1971 1218 1997 1238 1³

1971 2019 1998 2039 ³0

1971 2278 1998 2299 36

1968 2538 1998 2558 40

1969 2826 1997 2846 (ὅ
