2184 3126
117 742 144 762 10

117 1001 140 1021 u

115 1516 140 1536 2⁵

114 2033 138 2054 ⁸⁶

441 178 538 206 ACTA
557 177 670 205 REGNI
689 172 874 205 LUDEWIOI
892 176 938 204 lv.
957 175 1004 203 ET
1022 174 1206 204 FRIDEmcl
1226 174 1276 202 111.
1313 174 1389 202 ¹321.
1426 174 1473 202 Nr.
1487 175 1546 203 629.
1755 178 1820 208 499

163 265 391 307 pres(entibus)
415 268 448 297 et
471 265 531 308 ipsi
554 275 665 297 omnes
689 268 722 296 et
744 264 871 306 synguli
893 273 957 295 una
979 273 1050 295 cum
1068 262 1196 295 domino
1213 265 1374 304 potestate
1398 265 1431 294 et
1454 262 1523 294 eius
1546 262 1719 294 autoritate
1742 273 1818 294 con-

163 317 303 349 corditer
333 320 366 349 et
390 316 584 349 unanimiter
610 327 668 358 pro
696 326 731 348 se
757 316 835 358 ipsis
864 318 898 347 et
920 325 978 358 pro
1007 314 1157 347 universo
1180 314 1308 346 comuni
1336 317 1369 346 et
1392 313 1512 356 populo
1544 314 1682 346 civitatis
1705 314 1820 347 Padue

162 368 276 410 suique
293 368 435 400 distritus
458 371 572 410 sponte
595 370 693 410 atque
715 367 817 400 libere
835 367 991 407 fecerunt,
1014 367 1247 398 constituerunt
1268 369 1366 408 atque
1390 366 1618 398 ordinaverunt
1639 365 1764 398 nobiles
1787 370 1820 398 et

162 419 325 462 sapientes
341 420 426 451 viros
441 419 588 451 dominos
603 419 773 451 Nicolaum
791 418 832 451 de
849 418 991 459 cararia,
1007 417 1185 450 Iohannem
1201 417 1408 460 deViguncia
1423 416 1605 459 iud(icem),
1622 416 1819 449 Schinellam

161 470 302 504 iudicem
318 471 359 503 de
375 471 473 511 Doto,
496 470 675 503 Iohannem
692 470 732 503 de
749 470 872 512 Campo
888 469 998 502 Sancti
1012 469 1113 510 Petri,
1138 468 1339 502 Albertinum
1357 469 1478 501 dictum
1494 468 1663 501 Muxatum
1688 473 1820 511 poetam

162 526 196 556 et
210 522 387 556 Aleardum
411 522 452 555 de
469 522 604 554 Baxiliis
627 522 712 554 cives
734 522 907 554 Paduanos
930 532 1004 554 suos
1027 525 1060 554 et
1083 521 1159 553 dicti
1182 521 1327 554 comunis
1349 525 1453 553 certos
1477 524 1510 553 et
1533 521 1717 563 legiptimos
1739 531 1819 553 nun-

162 575 238 617 cios,
262 574 499 615 ambaxatores,
523 576 658 614 actores,
681 577 906 616 procuratores
929 577 962 606 et
984 572 1132 615 syndicos
1156 576 1189 605 et
1212 572 1358 615 quitquid
1381 572 1497 604 melius
1519 572 1570 604 vel
1594 572 1732 614 amplius
1756 571 1820 604 dici

161 628 273 669 posset
299 629 332 658 et
354 624 533 668 quemlibet
556 635 668 657 eorum
695 626 727 656 in
750 625 903 667 solidum,
930 626 975 658 ita
998 625 1085 668 quod
1109 625 1276 667 ocupantis
1298 635 1364 656 non
1386 625 1428 656 sit
1450 624 1566 656 melior
1588 623 1746 665 condicio,
1770 628 1820 657 set

162 677 249 721 quod
270 687 330 720 per
352 687 408 709 eos
430 677 481 709 vel
505 676 642 708 alterum
666 686 776 708 eorum
800 678 962 719 inceptum
986 676 1099 717 fuerit,
1122 687 1181 718 per
1203 686 1430 718 quemcunque
1454 677 1597 718 ipsorum
1619 677 1721 718 possit
1743 686 1819 718 pro-

161 730 252 772 sequi
279 731 312 762 et
338 728 430 760 finiri.
476 727 668 770 specialiter
695 728 736 760 ad
760 728 1000 770 conparendum
1027 731 1062 760 et
1089 738 1124 760 se
1148 727 1401 770 presentandum
1433 728 1600 769 conspetui
1623 728 1819 759 serenissimi

160 780 313 823 principis
342 779 464 812 domini
493 779 649 811 Friderici
678 779 741 811 Dei
770 780 876 822 gratia
901 779 1120 812 Romanorum
1157 779 1243 822 regis
1272 789 1390 821 senper
1418 780 1547 821 augusti
1586 783 1620 811 et
1649 779 1821 812 cuiuslibet

160 832 292 865 alterius
315 831 467 874 principis
490 834 545 863 aut
567 841 704 873 persone
728 831 878 874 delegate
901 831 952 863 vel
975 830 1187 873 subdelegato
1219 842 1239 863 a
1262 831 1348 863 dicto
1374 831 1503 863 domino
1527 841 1624 873 rege,
1655 831 1697 863 ad
1720 831 1819 873 supli-

161 883 299 916 candum
322 886 356 915 et
377 882 604 925 inpetrandam
627 883 757 925 plenam
779 886 877 925 atque
892 882 1029 915 liberam
1051 883 1287 915 restitutionem
1311 893 1370 925 pro
1387 882 1473 914 dicto
1497 883 1624 914 comuni
1640 882 1754 915 Padue
1778 882 1820 915 de

161 934 308 967 omnibus
331 937 364 967 et
386 934 529 976 syugulis
550 935 654 975 terris,
674 934 767 975 villis,
789 934 869 967 locis
892 938 926 967 et
946 934 1104 966 fortiliciis
1118 934 1268 966 Paduani
1283 933 1436 974 distritus,
1460 944 1540 976 quas
1563 937 1597 966 et
1619 945 1681 976 que
1698 934 1820 967 dictum

159 997 295 1020 comune
319 989 353 1019 et
367 986 515 1018 homines
535 987 671 1018 civitatis
687 986 800 1018 Padue
824 987 857 1018 in
878 996 936 1018 suo
959 989 994 1018 et
1007 996 1066 1028 pro
1089 996 1148 1018 suo
1164 985 1311 1018 districtu
1333 996 1391 1018 seu
1407 986 1560 1018 teratorio
1585 990 1821 1019 consueverunt

158 1038 290 1079 habere,
314 1042 424 1070 tenere
448 1041 482 1070 et
496 1037 662 1080 possidere
687 1040 720 1070 et
734 1037 909 1079 habebant,
932 1037 1087 1070 tenebant
1109 1040 1143 1070 et
1157 1037 1370 1080 possidebant
1393 1048 1413 1070 a
1428 1038 1626 1080 quinqueuio
1648 1039 1729 1070 citra
1752 1038 1820 1071 sive

159 1100 220 1133 per
249 1089 380 1132 aliquod
411 1093 538 1131 tempus
566 1090 713 1131 proxime
736 1090 881 1131 preteriti
904 1089 1091 1131 quinquenii
1123 1092 1157 1121 et
1172 1099 1243 1131 .per
1271 1089 1504 1121 antecedencia
1531 1093 1680 1131 tempora
1707 1093 1820 1122 contra

160 1151 373 1184 quancunque
389 1151 561 1183 personam
577 1141 628 1173 vel
650 1141 892 1173 universitatem
908 1140 1083 1173 habentem
1106 1141 1174 1172 sive
1191 1140 1393 1173 detinentem
1409 1140 1655 1183 quomodolibet
1677 1141 1719 1175 de
1742 1143 1821 1184 ipsis

160 1195 253 1226 terris
279 1196 314 1226 et
336 1192 507 1232 fmtiliciis,
536 1195 569 1224 et
594 1191 637 1224 ad
659 1191 821 1235 agendum
850 1196 884 1224 et
906 1191 1146 1224 defendendum
1169 1202 1228 1234 pro
1251 1191 1407 1234 predictis
1430 1193 1558 1224 comuni
1582 1196 1616 1225 et
1637 1193 1820 1226 hominibus

159 1245 298 1277 civitatis
312 1243 426 1277 Padue
449 1244 482 1275 in
504 1243 651 1275 omnibus
674 1246 708 1276 et
729 1244 872 1286 syngulis
895 1244 960 1275 suis
982 1244 1087 1275 causis
1110 1247 1144 1276 et
1165 1244 1310 1286 negociis
1332 1244 1364 1275 in
1383 1254 1577 1287 quocunque
1597 1244 1668 1277 foro
1691 1249 1726 1277 et
1747 1245 1820 1278 loco

161 1299 195 1329 et
220 1307 329 1328 coram
353 1305 544 1338 quocunque
568 1296 711 1338 principe
742 1299 776 1328 et
802 1295 908 1327 iudice
939 1305 977 1327 ac
1000 1305 1139 1337 persona
1161 1295 1299 1327 seculari
1322 1295 1374 1328 vel
1398 1295 1619 1328 ecclesiastica
1648 1300 1682 1328 et
1708 1301 1822 1330 contra

159 1357 371 1390 quancunque
388 1357 560 1389 personam
583 1350 616 1379 et
633 1347 884 1387 universitatem,
909 1350 942 1379 et
965 1346 1007 1379 ad
1021 1346 1258 1389 pasoisendum,
1282 1347 1536 1390 transigendum,
1561 1349 1764 1381 tractandum
1788 1354 1821 1381 et

159 1398 396 1432 terminandum
418 1399 451 1430 in
473 1398 592 1430 iudicio
616 1402 650 1430 et
672 1402 765 1430 extra
786 1398 939 1431 iudicium
967 1401 999 1430 et
1022 1398 1064 1430 ad
1087 1398 1388 1441 conpromitendum
1411 1399 1443 1430 in
1465 1399 1604 1431 arbitros
1627 1404 1661 1432 et
1683 1400 1819 1433 arbitra-

159 1454 246 1483 tores
268 1453 366 1492 atque
390 1460 542 1482 comunes
565 1449 708 1482 amichos
735 1449 776 1481 de
800 1449 1042 1492 quibuscunque
1066 1451 1184 1491 causis,
1215 1450 1324 1482 litibus
1353 1454 1388 1483 et
1414 1451 1640 1483 controversiis
1668 1453 1746 1484 ortis
1768 1453 1820 1485 vel

160 1513 222 1545 que
246 1502 322 1534 oriri
337 1505 479 1544 possent,
503 1504 536 1533 et
558 1501 600 1533 ad
621 1500 790 1533 iurandum
813 1501 846 1533 in
868 1502 993 1533 animas
1016 1501 1134 1534 civium
1148 1501 1379 1534 Paduanorum
1396 1501 1437 1534 de
1462 1502 1612 1544 calupnia
1635 1507 1668 1535 et
1682 1505 1819 1545 veritate

159 1553 296 1586 dicenda
324 1556 357 1585 et
384 1552 426 1585 ad
447 1552 657 1595 prestandum
681 1555 779 1595 atque
803 1552 1030 1596 requirendum
1060 1553 1101 1585 ab
1125 1554 1246 1586 aversis
1270 1553 1414 1595 partibus
1442 1557 1476 1585 et
1498 1554 1670 1587 cuiuslibet
1691 1556 1821 1597 generis

158 1606 383 1645 iuramentum,
407 1607 440 1637 et
462 1604 504 1636 ad
527 1604 702 1636 sententias
722 1603 919 1636 audiendum
943 1607 977 1636 et
992 1604 1222 1646 appellandum
1246 1608 1279 1637 et
1295 1605 1554 1647 appellacionum
1578 1616 1691 1638 causas
1707 1617 1819 1648 prose-

159 1656 334 1699 quendum,
357 1659 391 1688 et
413 1655 455 1687 ad
478 1655 734 1687 substituendum
757 1655 855 1687 alium
878 1655 930 1687 vel
953 1655 1034 1688 alios
1056 1660 1282 1698 procuratores
1305 1660 1339 1688 et
1361 1657 1520 1699 syndicos,
1544 1668 1639 1699 quem
1663 1659 1715 1690 vel
1739 1669 1820 1701 quos

159 1709 328 1750 voluerint,
353 1712 386 1741 et
409 1719 465 1741 eos
488 1708 704 1741 revocandum
727 1712 760 1741 et
783 1719 895 1740 causas
919 1711 952 1740 et
974 1709 1111 1750 negocia
1139 1708 1172 1739 iu
1195 1718 1230 1740 se
1254 1709 1514 1749 reasumendum,
1538 1710 1819 1753 quocienscunque

158 1761 326 1802 voluerint,
351 1763 384 1792 et
398 1760 596 1802 generaliter
618 1759 660 1791 ad
683 1760 791 1791 omnia
814 1763 848 1791 et
870 1760 1006 1802 syngula
1028 1759 1223 1800 faciendum,
1247 1770 1310 1802 que
1335 1760 1452 1792 merita
1475 1770 1662 1793 caussarum
1686 1763 1820 1804 exigunt

158 1815 192 1845 et
213 1813 380 1855 requirunt
407 1814 440 1844 et
462 1822 524 1854 que
549 1815 615 1843 tam
642 1812 675 1843 in
698 1812 802 1843 causis
825 1822 923 1854 quam
950 1812 982 1843 in
1004 1811 1148 1853 negociis
1171 1811 1307 1854 quilibet
1329 1812 1396 1843 veri
1429 1815 1463 1844 et
1484 1812 1643 1854 legiptimi
1666 1823 1819 1855 procura-

158 1867 245 1897 tores
268 1867 301 1896 et
322 1862 444 1905 syndici
458 1863 524 1895 sive
541 1863 680 1905 ipsimet,
703 1863 730 1894 si
746 1863 958 1905 personaliter
974 1863 1176 1903 interessent,
1196 1863 1304 1895 facere
1321 1867 1461 1905 possent.
1498 1863 1623 1896 Dantes
1647 1867 1680 1896 et
1703 1875 1819 1897 conce-

158 1915 272 1948 dentes
294 1915 372 1957 ipsis
387 1914 648 1957 procuratoribus
671 1917 704 1946 et
719 1914 858 1956 syndicis
881 1915 946 1946 suis
969 1918 1002 1946 et
1022 1914 1154 1946 cuilibet
1177 1924 1289 1946 eorum
1312 1915 1345 1946 in
1361 1914 1502 1947 solidum
1518 1915 1659 1957 plenam,
1683 1915 1819 1949 liberam

157 1970 191 2000 et
212 1967 400 2010 generalem
423 1965 738 1998 administracionem
760 1968 858 2008 atque
874 1966 1016 2008 plenum,
1040 1965 1177 1998 liberum
1200 1969 1234 1998 et
1256 1966 1422 2008 generalle
1447 1966 1636 1999 mandatum
1659 1978 1697 1999 ac
1720 1969 1819 2000 etiam

157 2019 298 2062 speciale
331 2018 364 2050 in
392 2017 557 2060 premissis
591 2019 624 2049 et
657 2017 764 2049 circha
791 2018 956 2060 premissa.
1003 2017 1044 2049 Et
1076 2018 1288 2059 promitentes
1322 2017 1420 2050 michi
1456 2019 1581 2050 notario
1615 2018 1819 2062 infrascripto

157 2069 324 2112 stipulanti
357 2071 391 2101 et
419 2069 587 2111 recipienti
616 2068 745 2100 nomine
780 2071 814 2100 et
840 2069 911 2100 vice
939 2070 1081 2101 omnium
1116 2073 1149 2101 et
1176 2069 1398 2111 syngulorum,
1435 2080 1571 2112 quorum
1606 2071 1740 2104 interest
1765 2072 1819 2104 vel

156 2122 312 2154 interesse
335 2122 461 2163 posset,
491 2122 650 2162 perpetuo
673 2120 779 2159 firma,
811 2123 905 2162 grata
937 2124 970 2152 et
998 2124 1091 2162 rapta
1114 2120 1237 2153 habere
1268 2123 1301 2153 et
1323 2124 1435 2153 tenere
1460 2124 1557 2163 atque
1581 2121 1755 2154 actendere
1787 2126 1820 2155 et

156 2172 338 2213 observare,
362 2182 552 2215 quecunque
575 2182 634 2214 per
649 2171 812 2214 predictos
835 2182 910 2203 suos
926 2175 1165 2214 procuratores,
1189 2172 1338 2214 syndicus
1355 2172 1406 2204 vel
1430 2172 1567 2204 alterum
1591 2183 1703 2205 eorum
1726 2178 1819 2216 gesta

157 2223 276 2256 fuerint
297 2223 329 2255 in
345 2223 509 2265 premissis
532 2225 566 2254 et
587 2222 695 2255 circha
710 2223 878 2265 premissa,
902 2227 935 2255 et
951 2222 991 2255 de
1014 2223 1131 2255 iudicio
1156 2224 1223 2255 sisti
1247 2228 1280 2256 et
1302 2225 1429 2256 solvere
1451 2223 1637 2256 iudicatum.
1661 2224 1819 2258 Veientes

158 2285 286 2318 quoque
313 2277 410 2316 atque
434 2275 645 2316 promitentes
671 2285 730 2316 per
752 2275 998 2316 stipulacionem
1022 2274 1160 2307 eandem
1188 2275 1275 2317 ipsos
1299 2278 1524 2318 procuratores
1552 2278 1586 2308 et
1609 2276 1758 2318 syndicos
1786 2281 1819 2309 et

158 2336 271 2359 eorum
294 2325 472 2368 quemlibet
500 2325 542 2358 ab
571 2326 657 2358 omni
679 2325 800 2358 honere
830 2325 1052 2358 satisdacionis
1082 2326 1114 2358 in
1147 2326 1296 2358 omnibus
1324 2327 1492 2359 claussulis
1520 2328 1753 2371 contempt(us)
1786 2330 1818 2361 in

158 2377 334 2409 iudicatum
361 2377 441 2409 solvi
468 2377 614 2419 plenarie
643 2377 788 2409 relevare
816 2377 875 2409 sub
899 2377 1060 2419 ypotecha
1090 2379 1232 2409 omnium
1260 2378 1420 2411 bonorum
1447 2389 1578 2411 suorum
1611 2382 1646 2411 et
1674 2381 1819 2412 comunis

158 2428 272 2461 Padue
294 2429 453 2470 presentis
480 2431 514 2460 et
536 2428 730 2470 futurorum,
758 2429 990 2461 constituentes
1012 2439 1047 2461 se
1070 2429 1302 2471 fid(eiussores)
1324 2441 1382 2473 pro
1406 2431 1453 2462 eis
1481 2434 1514 2463 et
1538 2429 1683 2473 quolibet
1705 2442 1817 2463 eorum

87 2499 94 2504 ·
158 2481 191 2512 in
214 2479 361 2512 omnibus
383 2479 584 2521 supradictis.

267 2530 312 2572 (S.
327 2529 383 2570 N.)
426 2530 497 2572 Ego
513 2530 702 2563 Manfredus
726 2531 864 2563 condam
880 2532 1001 2564 domini
1016 2531 1106 2564 Petri
1129 2532 1246 2564 notarii
1269 2533 1310 2565 de
1325 2533 1482 2575 Phcolla,
1506 2534 1561 2576 qui
1577 2533 1687 2566 habito
1703 2534 1817 2566 Padue

159 2582 192 2614 in
215 2582 378 2624 quarterio
402 2584 435 2613 et
457 2583 626 2623 ceut(uria)
649 2583 754 2625 pontis
776 2583 1034 2615 molendinorum
1058 2587 1091 2615 et
1114 2587 1259 2616 contrata
1282 2586 1399 2626 ageris,
1422 2586 1505 2617 sacri
1527 2585 1640 2627 palatii
1664 2587 1817 2626 notarius,

161 2633 302 2665 existens
323 2633 356 2664 in
379 2632 484 2665 officio
508 2634 652 2665 comunis
667 2634 781 2666 Padue
804 2634 846 2666 ad
865 2634 986 2667 discum
1010 2635 1118 2677 sigilli,
1142 2635 1182 2667 de
1206 2635 1358 2668 mandato
1383 2641 1416 2669 et
1432 2637 1596 2669 voluntate
1613 2637 1815 2669 dominorum

160 2685 330 2726 potestatis
353 2685 558 2724 ancianorum
582 2688 615 2716 et
630 2685 813 2727 quindecim
836 2685 1074 2727 gastaldionum
1098 2690 1130 2718 et
1153 2687 1426 2720 consciliariorum
1450 2689 1589 2720 civitatis
1604 2688 1717 2721 Padue
1742 2699 1815 2730 pre-

161 2735 254 2767 dictis
276 2735 417 2767 interffui
440 2739 473 2767 et
496 2739 627 2777 rogatus
649 2736 710 2768 hec
733 2738 855 2778 scripsi.

1559 2851 1609 2877 63*
