2190 3172
283 196 342 226 132
482 194 580 222 ACTA
597 194 712 222 REGNI
730 194 914 222 LUDEWICI
934 195 981 222 IV.
1000 195 1045 222 ET
1065 194 1251 222 FRIDERICI
1270 194 1319 222 III.
1355 194 1430 222 1314.
1467 193 1516 221 Nr.
1529 193 1587 221 135.
1609 193 1665 221 136.
1686 193 1743 221 137.

669 317 751 353 135.
793 318 1016 362 Confirmatio
1038 318 1314 364 privilegiorum.
1420 318 1555 359 Dearl.

390 391 552 431 Oriyinale
567 391 640 432 (or.)
664 391 700 422 in
715 391 874 423 tabulario
889 391 1053 424 Insulensi
1074 392 1116 425 B.
1136 394 1220 424 1169
1235 404 1285 425 nr.
1301 393 1386 424 4980
1397 394 1418 424 1.
1459 391 1659 425 Contulimus
1672 401 1740 424 nos.
1778 391 1935 432 Siqillum,

278 443 363 483 quod
387 442 453 482 filis
478 443 590 474 sericis
613 442 780 482 pendebat,
804 443 1012 475 desideratur.
1057 444 1100 476 In
1122 455 1208 476 verso
1231 444 1359 485 leyitur:
1389 445 1430 482 R.
1484 443 1581 484 Copia
1604 442 1659 484 (c.)
1687 443 1724 474 in
1749 443 1934 475 Cartalario

278 494 375 526 citato
397 504 446 525 nr.
463 496 514 525 33.
548 512 591 516 —
623 493 686 525 Ed.
711 493 864 525 Devillers
886 493 906 526 l.
922 505 947 526 c.
971 495 1039 533 ΙΙΙ,
1062 496 1103 526 45
1126 506 1176 527 nr.
1194 496 1258 527 139
1280 507 1319 528 ex
1341 506 1367 528 c.

386 554 534 591 Bo'hmen
558 553 634 594 Rey.
651 553 764 585 Ludw.
782 563 818 593 Ρ.
835 554 854 584 1
877 565 927 587 nr.
945 556 973 586 6.
1967 562 1980 582 ὓ

315 677 319 679 Δ
386 639 581 671 Ludowicus
605 639 667 670 Dei
691 640 796 681 gratia
811 640 1032 672 Romanorum
1056 650 1116 672 rex
1140 644 1173 672 et
1195 651 1325 683 semper
1347 645 1502 684 augustus
1568 641 1724 672 universis
1748 644 1781 672 et
1804 641 1937 682 singulis

278 695 446 733 presentes
469 690 594 722 litteras
618 691 809 732 inspecturis
897 692 1034 733 gratiam
1059 702 1150 723 suam
1175 695 1209 724 et
1231 703 1326 725 omne
1350 693 1480 725 bonum.

386 741 440 773 Ad
463 742 685 773 universorum
708 743 861 774 noticiam
885 743 1033 775 volumus
1055 745 1236 786 pervenire,
1254 745 1341 786 quod
1363 756 1422 777 nos
1438 747 1570 787 propter
1584 748 1678 786 grata
1694 747 1727 776 et
1743 743 1937 786 obsequiosa

278 793 427 834 servicia⁷
466 803 528 835 que
563 793 749 835 spectabilis
780 795 828 825 vir
856 793 1049 826 Guillelmus
1083 806 1192 827 comes
1222 795 1383 838 Hanonye
1418 799 1451 828 et
1484 795 1660 828 Hollandie
1693 795 1799 827 fidelis
1827 799 1937 827 noster

279 844 415 876 dilectus
443 844 536 875 nobis
565 847 598 876 et
624 845 760 886 imperio
791 845 950 887 impendit
979 856 1017 878 ac
1044 857 1102 888 per
1137 857 1210 878 eum
1236 847 1329 879 nobis
1355 848 1388 879 in
1418 847 1562 879 futurum
1592 857 1759 889 speramus
1782 847 1935 889 impendi,
1957 861 1982 881 ω

278 896 386 928 omnia
402 896 601 937 previlegia⁰
618 896 877 928 antecessoribus
900 897 965 928 suis
989 900 1022 929 et
1045 897 1104 929 sibi
1121 908 1180 940 per
1195 908 1290 940 reges
1305 898 1526 931 Romanorum
1543 903 1576 931 et
1589 900 1804 942 imperatores
1818 899 1936 942 prede-

278 957 423 979 cessores
446 950 572 978 nostros
596 958 764 987 concessa,
788 949 1006 990 cuiuscunque
1030 950 1151 980 tenoris
1174 950 1331 991 existant,
1361 950 1595 992 approbamus,
1619 952 1814 984 ratificamus
1838 954 1871 983 et
1894 961 1936 983 ex

278 1002 367 1031 certa
390 999 524 1030 scientia
548 999 783 1030 confirmamus.
836 999 1043 1032 Presentium
1071 1001 1255 1032 testimonio
1285 1001 1465 1033 litterarum
1497 1002 1594 1044 sigilli
1627 1003 1727 1035 nostri
1759 1003 1935 1041 munimine

277 1049 512 1082 roboratarum.

386 1100 509 1132 Datum
533 1101 679 1142 Colonie‚
706 1102 809 1143 prima
834 1102 886 1134 die
910 1103 1030 1134 mensis
1053 1102 1255 1144 Decembris,
1278 1105 1370 1146 regni
1392 1115 1469 1136 vero
1493 1106 1594 1137 nostri
1615 1115 1701 1137 anno
1722 1106 1835 1148 primo.
1959 1124 1981 1143 u

636 1233 718 1269 136.
759 1233 922 1279 Receptio
952 1235 1139 1270 iuramenti
1165 1218 1350 1279 fidelitatis.
1457 1236 1541 1272 Dee.
1562 1238 1593 1272 1.

387 1306 549 1347 Oriqinale
572 1307 778 1347 deperditum,
800 1311 838 1339 ut
859 1308 1015 1340 videtur2.
1065 1309 1162 1349 Copia
1186 1309 1241 1351 (c.)
1264 1310 1300 1341 in
1326 1309 1510 1342 Cartalario
1537 1310 1633 1342 citato
1654 1321 1704 1344 nr.
1721 1310 1772 1342 35.
1822 1309 1937 1342 Denuo

277 1357 478 1389 contulimus.
504 1376 544 1381 -—
569 1358 631 1391 Ed.
653 1358 809 1391 Devillers
830 1359 851 1392 l.
867 1370 893 1391 c.
917 1360 986 1398 III,
1008 1360 1051 1391 45
1074 1371 1124 1394 nr,
1142 1361 1204 1391 140
1227 1371 1266 1393 ex
1288 1371 1315 1393 c.

384 1417 534 1456 Bo'kmer,
558 1418 636 1459 Rey.
652 1418 766 1451 Ludw.
783 1430 821 1459 Ρ.
836 1420 902 1451 269
923 1430 974 1451 nr.
989 1420 1077 1452 2602
1099 1421 1226 1462 (Addit.
1242 1421 1287 1462 I).

384 1503 570 1536 Ludovicus
594 1504 658 1536 Dei
681 1506 786 1546 gratia
809 1505 1029 1538 Romanorum
1054 1517 1113 1539 rex
1137 1510 1170 1538 et
1193 1517 1325 1549 semper*
1344 1510 1499 1549 augustus
1571 1507 1727 1539 universis
1749 1510 1783 1540 et
1805 1507 1938 1550 singulis
1956 1517 1983 1538 ιο

278 1559 449 1600 presentes
473 1556 598 1588 litteras
622 1557 812 1598 inspecturis
899 1559 1037 1599 gratiam
1060 1569 1152 1590 suam
1176 1562 1209 1591 et
1231 1569 1326 1590 omne
1350 1558 1478 1590 bonum.

386 1607 440 1639 Ad
463 1608 685 1640 universorum
709 1610 862 1641 noticiam
886 1610 1034 1642 volumus
1050 1611 1231 1652 pervenire,
1255 1610 1342 1652 quod
1358 1621 1416 1642 nos
1432 1610 1586 1643 dilectum
1602 1613 1635 1642 et
1649 1610 1780 1642 fidelem
1795 1613 1938 1643 nostrum

276 1659 489 1704 spectabilem
512 1660 615 1691 virum
633 1659 842 1692 Guillelmum
867 1662 1018 1694 comitem
1042 1661 1276 1704 Haynn(onie),
1298 1661 1488 1703 Hollandie,
1511 1661 1687 1694 Zeelandie
1710 1672 1748 1694 ac
1772 1661 1938 1695 dominum

275 1710 379 1742 Frizie
407 1711 439 1742 in
468 1711 633 1743 hominem
671 1716 706 1743 et
732 1712 863 1744 fidelem
901 1717 1046 1745 nostrum
1078 1717 1111 1745 et
1142 1714 1271 1756 imperii
1300 1714 1482 1756 recepimus
1510 1717 1544 1745 et
1572 1713 1775 1755 admisimus,
1801 1714 1937 1756 ipseque

274 1761 368 1793 nobis
391 1762 469 1794 fecit
491 1763 680 1805 homagium
706 1767 739 1795 et
762 1765 903 1805 prestitit
918 1764 1083 1796 fidelitatis
1106 1764 1217 1797 debite
1240 1766 1456 1797 iuramentum
1479 1764 1521 1797 de
1545 1765 1699 1796 comitatu
1713 1764 1936 1806 Namurcenxfi,
1956 1776 1981 1796 π

274 1814 354 1845 item
386 1813 427 1845 de
456 1815 612 1846 comitatu
640 1814 804 1847 Alostensi
839 1819 872 1847 et
896 1815 1202 1848 Geraldomontensi
1235 1820 1268 1848 et
1291 1816 1331 1848 de
1355 1820 1442 1848 terra
1465 1827 1562 1858 supra
1585 1815 1766 1858 Scaldim,
1788 1819 1885 1859 prout
1906 1818 1939 1849 in

275 1864 393 1896 litteris
417 1876 497 1907 quas
523 1866 627 1897 dictus
650 1877 759 1898 comes
789 1866 890 1899 habet
917 1878 937 1899 a
964 1867 1096 1909 regibus
1118 1867 1338 1900 Romanorum
1368 1867 1652 1910 predecessoribus
1674 1869 1791 1899 nostris
1813 1869 1939 1910 plenius
1978 1871 1984 1877 ‘

278 1918 470 1949 continetur.
510 1917 594 1949 Item
619 1917 660 1949 de
677 1918 827 1950 omnibus
851 1918 922 1959 hiis,
947 1930 1010 1961 que
1035 1919 1138 1951 dictus
1161 1930 1270 1951 comes
1293 1922 1327 1952 et
1348 1919 1596 1962 predecessores
1618 1920 1667 1952 sui
1690 1923 1862 1952 tenuerunt
1883 1931 1940 1952 seu

276 1968 389 2000 tenere
414 1969 599 2000 debuerunt
622 1980 679 2001 seu
704 1980 766 2011 que
790 1970 861 2011 ipse
889 1981 998 2002 comes
1021 1973 1111 2003 tenet
1134 1981 1154 2002 a
1177 1971 1308 2013 regibus
1336 1974 1369 2003 et
1391 1971 1641 2013 imperatoribus
1663 1971 1883 2004 Romanorum
1907 1972 1940 2003 in

276 2021 430 2052 comitatu
446 2020 635 2062 Hollandie,
658 2021 855 2053 Zeelandie*²
880 2025 913 2053 et
937 2021 1105 2054 dominatu
1118 2022 1233 2054 Frizie.
1278 2022 1402 2054 Harum
1430 2023 1613 2055 testimonio
1637 2023 1816 2055 litterarum
1840 2023 1938 2065 sigilli
1956 2031 1981 2051 ³⁰

276 2072 377 2103 nostri
399 2073 575 2104 munimine
599 2072 832 2105 roboratarum.

385 2127 460 2159 Dat.
486 2127 636 2170 Colonie,
661 2129 765 2170 prima
791 2128 843 2160 die
867 2129 987 2160 mensis
1009 2128 1198 2170 Decembr.‚
1223 2140 1306 2162 anno
1330 2129 1461 2162 Domini
1483 2129 1719 2171 MOCOXIIII,
1744 2130 1834 2173 regni
1856 2140 1934 2162 vero

276 2179 377 2210 nostri
400 2189 483 2211 anno
509 2180 622 2221 primo.

515 2311 598 2347 137.
642 2312 843 2348 Oommissio
874 2312 1109 2358 inquisitionis
1136 2313 1283 2349 limitum
1309 2314 1459 2359 imperii.
1565 2314 1648 2351 Dec.
1667 2315 1701 2350 3.

390 2385 552 2426 Oriyinale
576 2386 774 2427 deperditum
783 2387 805 2419 ³.
855 2386 954 2426 Copia
978 2386 1033 2429 (c.)
1057 2387 1092 2419 in
1119 2386 1304 2420 Cartulario
1327 2389 1423 2420 citato
1445 2398 1495 2420 nr.
1512 2389 1563 2420 97.
1608 2388 1846 2429 Descripsimus
1866 2400 1933 2422 nos.
1953 2401 1978 2422 aa

277 2436 445 2468 Praecedit
468 2438 618 2469 rubrum:
649 2438 847 2470 Comissions
868 2449 928 2480 par
950 2438 980 2470 le
1004 2449 1063 2480 roy
1086 2438 1300 2481 d'Alemagne
1325 2439 1366 2471 de
1389 2440 1470 2472 faire
1494 2440 1767 2483 chierkemanage
1791 2443 1882 2473 entre
1905 2441 1936 2473 le

276 2491 386 2520 contet
409 2488 450 2520 de
473 2488 664 2531 Haynn(au)
690 2493 723 2521 et
746 2489 776 2521 le
800 2500 955 2532 royaume
981 2490 1021 2522 de
1045 2490 1207 2529 Franche,
1232 2492 1366 2531 itemque
1387 2491 1463 2523 haee
1485 2492 1650 2524 adnotatio
1672 2492 1736 2524 alio
1758 2494 1935 2525 atramento

380 2582 445 2610 135.
473 2584 498 2615 Ι)
517 2584 553 2609 εἰς
571 2593 608 2609 or.

380 2643 445 2670 136.
473 2644 497 2676 Β)
515 2653 596 2677 mpra
616 2645 711 2670 lineam
730 2645 793 2670 add.
813 2654 833 2671 c.

382 2721 407 2753 1)
428 2720 470 2752 Cf.
483 2721 813 2749 ‘Inventaire-sommaire.
842 2722 914 2749 serie
927 2722 965 2748 B’
985 2722 1012 2755 1,
1028 2725 1045 2748 2
1066 2723 1158 2756 (1906)
1177 2727 1281 2757 Ρ.194;
1305 2724 1368 2750 olim
1391 2725 1422 2750 in
1445 2724 1581 2751 tabulario
1599 2725 1738 2752 Montenei
1756 2724 1817 2751 DD
1827 2727 1872 2757 35,·
1896 2724 1931 2756 cf.
1949 2731 1976 2750 40

275 2762 481 2789 Saint-Genois
506 2764 522 2790 l.
539 2772 561 2791 c.
581 2764 608 2795 I,
627 2768 682 2791 417.
770 2765 797 2798 2)
819 2765 894 2799 Quae
911 2768 989 2792 notat
1006 2765 1039 2792 P.
1055 2765 1088 2792 L.
1107 2765 1206 2792 Mulier
1223 2766 1348 2801 ‘Reqesta
1368 2767 1582 2794 Hannomnsia’
1601 2769 1691 2802 (1881)
1712 2776 1740 2802 p.
1754 2771 1797 2801 56,
1821 2775 1933 2795 manea

275 2809 340 2832 sunt
346 2816 354 2839 ;
371 2807 406 2838 cf.
425 2809 517 2833 notam
532 2807 738 2841 praecedentem.
837 2809 864 2842 3)
888 2808 957 2835 Olim
975 2809 1006 2834 in
1025 2808 1160 2836 tabulario
1181 2809 1317 2837 Montensi
1335 2810 1421 2843 D32,·
1437 2810 1471 2843 cf.
1485 2810 1581 2838 Saint-
1591 2810 1689 2838 Genoie
1707 2811 1723 2838 l.
1736 2818 1757 2838 c.
1776 2811 1801 2844 Ι,
1813 2813 1871 2838 243.
