2184 3126
331 191 392 221 720
488 186 586 214 ACTA
603 185 717 213 REGNI
736 184 921 212 LUDEWICI
939 183 986 212 IV.
1005 183 1052 210 ΕΤ
1072 182 1258 210 FRIDERICI
1276 183 1326 211 111.
1363 182 1439 211 1324.
1475 183 1524 211 Nr.
1537 183 1596 211 904.
1614 183 1674 211 905.
1692 183 1753 212 906.
1771 184 1829 212 907.

330 280 360 305 et
382 277 488 305 decreti
510 277 644 312 paginam
666 275 819 310 infringere
843 275 887 301 vel
911 274 937 301 ei
959 274 989 300 in
1012 274 1108 308 aliquo
1125 281 1195 300 ausu
1210 273 1362 301 temerario
1379 273 1531 307 contraire,
1554 273 1628 301 sicut
1643 273 1887 309 indignationem
1902 276 1980 311 regie

328 325 499 367 potestatis
522 328 643 355 voluerit
666 327 781 355 evitare.

435 376 473 407 In
496 376 584 407 cuius
606 375 653 407 rei
676 373 891 406 testimonium
919 374 1086 413 presentes
1114 371 1272 403 conscribi
1302 374 1335 402 et
1358 371 1464 413 sigillo
1493 374 1601 403 nostre
1629 372 1810 404 maiestatis
1831 373 1980 406 iussimus

328 437 525 460 communm.

433 478 554 509 Datum
576 478 607 507 in
623 475 848 515 Frankenfurt‚
871 474 933 507 III.
949 473 1060 505 Nonas
1075 473 1163 514 Maii,
1187 484 1270 506 anno
1293 474 1425 506 Domini
1447 473 1619 507 millesimo
1642 476 1869 508 trecentesimo
1893 477 1979 509 vioe-

328 530 408 560 simo
432 531 555 570 quarto,
579 527 670 568 regni
692 536 769 558 vero
792 526 891 557 nostri
915 535 998 557 anno
1022 524 1159 556 decimo.

633 678 719 714 905.
760 677 935 723 Scriptum
961 689 1063 723 super
1089 681 1221 712 moneta
1248 677 1415 722 Spirensi.
1522 678 1616 714 Mai.
1635 681 1669 716 7.

437 752 597 793 Oriyinale
620 751 694 794 (or.)
717 752 752 784 in
778 751 937 784 tabulario
963 752 1102 783 civitatis
1124 751 1293 791 Spirensis,
1340 750 1461 783 Pendet
1487 752 1624 793 siqillum
1650 753 1740 786 valde
1770 753 1891 787 laesum
1913 753 1979 788 loro

324 806 564 837 membranaceo.
589 822 628 827 —
655 803 715 835 Ed.
738 803 878 843 Hilqard
900 803 1088 836 ‘Urkundeu
1110 803 1165 834 der
1188 802 1286 835 Stadc
1300 802 1431 844 Speyer’
1448 814 1485 844 p.
1501 805 1567 836 287
1587 815 1638 837 nr.
1654 805 1720 837 355·
1742 816 1780 838 cx
1805 816 1850 838 or.
1895 805 1979 839 Edi-

323 857 436 888 tioncm
458 856 635 896 repetimus

429 933 497 964 Nos
513 933 706 964 Ludowious
720 932 783 964 Dei
805 932 915 974 gracia
930 931 1150 963 Romanorum
1167 941 1225 963 rex
1243 941 1372 973 semper
1387 936 1543 974 augustus
1558 934 1761 975 presentibus
1777 935 1978 978 eonfitemur,

325 985 410 1026 quod
434 985 508 1026 quia
530 984 705 1026 prudentes
728 984 787 1015 viri
811 1008 817 1015 .
836 1008 842 1015 .
867 984 1023 1025 magistri,
1054 1007 1060 1014 .
1079 1008 1085 1014 .
1111 983 1258 1014 consules
1287 986 1320 1014 et
1342 985 1512 1016 monetarii
1535 984 1713 1027 Spyrenses
1739 985 1854 1019 fideles
1876 988 1978 1021 nostri

324 1037 433 1068 dilecti
456 1036 498 1067 ad
520 1036 764 1077 requisicionem
788 1038 928 1067 nostram
954 1034 994 1066 de
1019 1034 1166 1066 audenda
1189 1038 1320 1066 moneta
1343 1036 1375 1066 in
1398 1046 1487 1077 auro,
1511 1040 1646 1079 argento
1671 1040 1705 1069 et
1719 1037 1929 1071 Hallensibus
1943 1040 1978 1072 in

324 1088 452 1119 civitate
477 1087 628 1128 Spyrensi
655 1097 689 1118 se
720 1086 854 1118 devotos
884 1089 918 1118 et
939 1087 1136 1118 voluntarios
1165 1085 1364 1126 rediderunt,
1394 1086 1535 1120 libenter
1561 1089 1725 1128 volumus,
1758 1089 1888 1132 quando
1917 1100 1978 1133 per

323 1139 516 1171 domesticos
539 1138 624 1170 dicte
648 1139 784 1170 civitatis
800 1139 853 1180 qui
869 1137 1109 1179 hausgenossen
1126 1137 1274 1169 dicuntur
1289 1138 1436 1179 requisiti
1452 1138 1607 1172 fuerimus
1623 1143 1656 1172 et
1670 1141 1787 1182 rogati,
1810 1144 1975 1174 monetam

322 1191 423 1231 ipsam
449 1189 620 1221 transferre
644 1189 686 1220 ad
709 1189 817 1221 locum
840 1189 937 1221 alium
962 1192 1165 1231 oportunum.

428 1240 548 1272 Datum
570 1241 603 1271 in
618 1240 862 1281 Franehenfurt,
885 1241 995 1273 Nonas
1010 1242 1098 1282 Maii,
1123 1252 1205 1274 anno
1222 1242 1353 1274 Domini
1376 1241 1548 1274 millesimo
1572 1244 1798 1276 trecentesimo
1822 1244 1976 1278 vicesimo

322 1294 444 1333 quarto,
469 1292 558 1333 regni
581 1301 658 1323 vero
682 1293 782 1324 nostri
805 1304 888 1324 anno
913 1293 1048 1325 decimo.

500 1475 751 1521 906—908.
793 1476 1088 1523 SCRIPTA
1116 1477 1210 1523 AD
1238 1477 1686 1525 PUBLICATION
1694 1478 1793 1524 EM

440 1542 879 1590 PROCESSUUM
910 1545 987 1590 IN
1014 1544 1389 1592 GERMANIA
1417 1545 1850 1594 SPECTANTIA.

941 1622 1049 1658 1324.
1091 1622 1174 1659 Mai.
1197 1623 1348 1659 5.—22.

582 1731 668 1767 906.
709 1731 838 1768 Missio
868 1734 980 1769 nuntii
1007 1735 1054 1769 ad
1080 1735 1245 1779 quosdam
1267 1735 1459 1781 praelatos.
1566 1736 1658 1773 Mai.
1677 1738 1711 1773 5.

427 1804 552 1835 Notitia
574 1805 629 1847 (c.)
660 1806 693 1837 in
717 1805 885 1837 Librorum
912 1807 1079 1840 ‘Introitus
1101 1812 1130 1841 et
1152 1809 1270 1841 exitus'
1297 1813 1368 1842 tom.
1385 1811 1429 1842 57
1453 1809 1513 1852 fol.
1531 1811 1604 1842 104¹
1634 1811 1789 1844 tabularii
1817 1811 1975 1846 Vaticani.

319 1854 552 1895 Descripsimus
573 1867 637 1889 nos.
663 1875 703 1880 —
726 1857 788 1890 Ed.
812 1858 996 1892 Sauerland
1019 1860 1207 1893 ‘Urkunden
1229 1862 1299 1894 und
1320 1861 1486 1902 Reqesten’
1508 1863 1539 1901 I,
1561 1864 1626 1895 316
1647 1873 1698 1897 nr.
1713 1863 1777 1895 669
1802 1873 1841 1896 ex
1863 1875 1890 1897 ο.

427 1932 488 1964 Die
511 1932 550 1964 V.
567 1934 712 1976 m(ensis)
728 1935 806 1966 Maii
829 1936 929 1968 frater
944 1937 1105 1969 Henricus
1128 1938 1168 1971 de
1185 1939 1379 1972 Alamannia
1395 1940 1436 1972 de
1453 1939 1564 1972 ordine
1582 1939 1716 1973 fratrum
1731 1940 1975 1975 Heremitarum

321 1984 421 2015 sancti
448 1985 620 2026 Augustini
649 1991 824 2019 conventus
850 1987 1064 2031 Basilien(sis)
1098 1990 1159 2022 fuit
1185 1991 1300 2023 missus
1327 2002 1387 2034 per
1414 1991 1579 2024 dominum
1610 1995 1754 2024 nostrum
1784 2003 1904 2036 papam
1932 1994 1975 2026 ad

320 2039 428 2077 partes
455 2036 648 2069 Alamannia
682 2049 754 2070 cum
787 2040 990 2080 processibus
1022 2042 1116 2073 factis
1149 2046 1182 2075 et
1216 2043 1388 2085 publicatis
1421 2046 1532 2076 contra
1566 2043 1729 2076 hereticos
1763 2047 1798 2076 et
1834 2044 1975 2078 rebelles

321 2086 455 2118 ecclesie
480 2087 627 2119 directis·
643 2089 684 2121 ad
707 2090 966 2134 archiepiscopos
983 2092 1238 2136 Colonien(sem)
1264 2097 1298 2126 et
1312 2095 1536 2137 Maguntinum
1560 2098 1593 2127 et
1609 2096 1798 2138 episcopum
1815 2095 1974 2128 Constan-

322 2138 489 2179 cien(sem)
513 2142 546 2170 et
567 2150 624 2181 pro
650 2143 799 2183 expensis
821 2143 886 2173 suis
909 2143 1015 2175 eundo
1039 2147 1072 2176 et
1094 2144 1260 2177 redeundo
1289 2145 1480 2178 tradidimus
1506 2146 1567 2178 sibi
1597 2145 1639 2178 (le
1669 2147 1822 2179 mandato
1848 2147 1974 2180 domini

320 2189 419 2220 nostri
506 2190 611 2222 XXV.
634 2192 702 2224 flor.
725 2194 804 2224 auri.

462 2307 547 2344 907.
587 2298 780 2347 Publicatio
802 2324 1026 2358 processuum
1054 2315 1093 2350 in
1120 2315 1262 2351 ecclesia
1290 2316 1555 2353 Gonstantiensi.
1661 2317 1753 2354 Mai.
1773 2318 1829 2353 13.

433 2378 590 2420 Oriyinale
606 2383 680 2424 (or.)
702 2384 737 2416 in
756 2385 912 2419 tabulario
934 2387 1088 2420 Vaticano
1105 2389 1244 2422 ‘Armaiz
1266 2390 1299 2422 C.
1320 2390 1405 2432 fasc.
1422 2393 1464 2423 44
1485 2402 1535 2424 nr.
1553 2391 1588 2423 5‘
1609 2392 1780 2432 sumtum.
1822 2391 1974 2433 Descrip-

1997 867 2024 887 1⁰

1995 1150 2022 1171 11>

323 2430 423 2462 simus
443 2441 509 2463 nos.
554 2432 671 2466 Pendet
685 2436 824 2476 siqillum
846 2439 982 2479 episcopi
1003 2441 1071 2478 fere
1094 2440 1239 2473 illaesum
1261 2452 1332 2474 cum
1348 2453 1455 2475 novem
1476 2442 1600 2484 siffillis,
1622 2453 1758 2484 quorum
1780 2443 1858 2476 loris
1878 2454 1974 2476 mem-
2006 2449 2009 2452 “

323 2481 485 2513 branaceis
514 2485 641 2516 nomina
670 2497 773 2519 eorum
802 2490 857 2529 qui
885 2490 1102 2531 sigillaverunt
1129 2493 1289 2535 inscripta
1314 2497 1407 2533 ὅππη
1434 2495 1620 2534 secundum,
1650 2496 1803 2534 tertium„
1823 2497 1975 2536 quartum

324 2532 434 2563 desunt
439 2543 448 2571 ,·
470 2534 624 2574 quintum,
647 2541 777 2577 sextum,
792 2542 965 2580 septimum,
987 2546 1129 2576 octavum
1142 2543 1214 2586 fere
1228 2544 1340 2577 illaesa
1354 2549 1431 2578 sunt
1436 2557 1447 2586 ;
1468 2557 1588 2580 nonum
1603 2546 1724 2580 laesum
1739 2550 1800 2586 est;
1823 2547 1974 2579 ultimum

323 2582 519 2615 desideratur
541 2585 604 2618 loro
626 2589 853 2623 membranaceo
875 2593 991 2626 relicto.
1016 2613 1055 2618 —-
1079 2595 1253 2628 Ineditum.

429 2642 503 2683 Rey.
527 2655 572 2683 ep.
600 2645 759 2681 Constant.
782 2661 832 2682 nr.
847 2654 944 2684 n106
966 2655 1010 2694 (Ι,
1033 2656 1128 2694 474);
1150 2656 1267 2689 Mollat
1290 2657 1423 2690 ‘Lettres
1445 2660 1634 2692 communes'
1656 2669 1706 2692 nr.
1722 2659 1844 2691 20460.

434 2702 481 2742 Cf.
505 2714 603 2743 supra
625 2716 673 2737 nr.
690 2709 761 2740 855.

426 2795 493 2823 2906.
521 2797 544 2831 Ε)
563 2799 669 2826 directos
688 2810 708 2827 c.

1991 2556 2018 2578 ab
