2184 3126
303 208 364 238 810
576 201 672 228 ACTA
692 199 803 227 REGNI
822 197 1005 225 LUDEWICI
1024 196 1070 223 IV.
1090 196 1135 222 ΕΤ
1154 195 1339 223 FRIDERICI
1358 196 1407 222 111.
1443 195 1520 223 1324.
1556 194 1604 222 Nr.
1617 194 1676 222 973.

388 290 563 322 Servantur
584 287 619 318 in
641 285 795 318 codicibus
817 282 1046 316 Formuzarum
1068 291 1169 321 supra
1191 281 1236 312 ad
1256 291 1306 312 nr.
1323 280 1387 312 930
1410 280 1564 313 edendum
1586 280 1739 312 adhibitis

412 347 425 375 1
448 343 506 385 fol.
522 343 587 380 422·
608 342 653 373 ed.
677 341 733 372 Fr.
750 340 799 372 M.
815 339 933 380 Mayer
955 337 974 371 l.
991 348 1016 368 c.
1042 336 1153 374 LXII,
1177 338 1241 367 177
1262 346 1311 367 nr.
1329 336 1351 367 3
1373 346 1411 368 ex
1437 339 1471 374 1;

410 403 428 431 2
451 400 505 438 fol.
519 384 604 436 1102·
618 396 808 429 contulimus
821 404 894 432 nos;
909 396 954 425 est
968 392 1115 424 rubrum:
1138 391 1321 423 Insinuacio
1338 390 1425 423 facta
1440 391 1620 433 apostolico
1637 401 1735 433 super
1750 391 1955 433 processibus

303 463 360 494 per
377 462 450 483 eum
466 450 582 482 habitis
598 452 630 480 et
646 446 967 479 recommendacione
984 443 1025 475 ad
1042 453 1179 485 papam,·
1201 442 1247 475 ed.
1264 442 1457 481 Simonsfeld
1478 442 1497 474 l.
1512 453 1538 474 c.
1550 442 1599 481 II,
1614 443 1680 474 268
1694 452 1743 474 nr.
1755 443 1773 474 1
1789 453 1828 475 ex
1842 443 1864 473 2
1878 446 1908 476 et
1921 445 1956 482 3,-

411 509 428 538 3
448 505 507 547 fol.
525 506 609 542 1102·
631 502 820 535 contulimus
834 510 905 539 nos;
928 502 972 531 est
991 499 1124 530 rubrum
1144 498 1234 536 idem,
1258 498 1382 529 omissis
1396 497 1498 529 verbis
1518 501 1552 530 et
1566 497 1891 531 recommendacione
1912 499 1955 531 ad
1986 507 1999 527 ⁸

303 567 437 600 papam;
461 556 503 597 cf.
520 553 714 592 Simonsfeld
735 552 755 584 l.
772 562 815 591 c.,·
831 552 971 592 potiores
994 553 1118 581 tantum
1141 549 1285 581 lectiones
1307 549 1540 581 adnotavimus.

410 616 484 656 Ray.
509 616 601 654 Lany
624 613 730 645 ‘Acta’
754 612 783 651 Ι,
808 613 870 643 181
892 621 943 643 nr.
959 610 1022 641 241
1039 622 1062 644 7.

410 702 615 734 Sanctissimo
646 700 696 730 in‘*
727 699 853 730 Christo
885 697 967 739 patri
999 707 1037 727 ac
1068 695 1197 727 domino
1228 705 1285 726 suo
1317 695 1480 727 carissimo
1511 695 1641 727 domino
1673 720 1680 727 .
1703 696 1727 727 ,b
1750 699 1956 728 sacrosancte

302 755 447 786 Romane
483 755 516 783 et
542 751 730 782 universalis
758 749 895 782 ecclesie
924 758 1048 779 summo
1079 746 1222 788 pontifici
1331 745 1439 777 diviua
1471 747 1683 779 miseracione
1712 770 1720 779 .
1745 752 1767 779 ,0
1795 747 1956 790 archiepi-

303 815 416 847 scopus
440 828 447 835 .
465 803 489 835 ‚¹¹
577 813 648 834 curn
670 802 719 832 sui
742 800 1029 833 recomendacione
1053 798 1170 830 devota
1193 797 1313 839 pedum
1337 798 1446 830 oscula
1469 797 1670 831 beatorum·.
1975 808 2001 828 ιο

410 854 455 896 (1)
479 855 653 886 Processus
669 848 766 884 vestri
782 851 882 883 habiti
899 853 1026 882 contra⁸
1040 849 1155 881 ducem
1172 874 1179 881 .
1193 849 1214 880 ,ἶ
1227 850 1362 891 eiusque
1378 849 1561 892 complices,
1578 849 1721 883 fautores
1737 854 1790 883 et!³
1801 861 1958 893 sequaces

303 909 346 939 sic
370 908 479 948 vigore
507 906 613 937 lucent
645 904 796 946 equitatis
824 906 857 935 et
885 903 992 944 rigore
1020 903 1188 933 coruscant
1217 901 1359 941 iusticie,
1388 901 1476 950 ‘1⁰⁰⁶
1502 912 1614 934 omnes
1641 902 1760 934 vestri¹²
1783 906 1816 935 et
1847 905 1956 934 sancte

303 959 413 990 matris
436 957 572 989 ecclesie
596 955 704 988 devoti
727 954 795 986 filiii
813 953 931 996 dignek
948 953 1019 984 illos
1035 963 1107 984 cum
1131 953 1317 984 reverencia
1339 952 1588 994 amplectuntur,
1611 954 1769 996 recipiunt
1791 957 1825 986 ct
1847 953 1958 986 obser-

303 1013 388 1042 vant.
434 1008 497 1040 De¹
521 1006 801 1050 persecucionibus
826 1015 967 1047 quoque,
997 1004 1144 1046 dampnis
1174 1007 1207 1035 et
1233 1004 1412 1036 incomodis
1443 1002 1794 1047 exinde'surgentibus
1822 1005 1959 1038 salubris
1983 1040 1985 1042 ,

303 1071 414 1093 eorum
437 1060 604 1101 paciencia
626 1069 688 1090 non
711 1057 924 1090 recordaturm
941 1058 1073 1097 propter
1095 1056 1246 1087 meritum
1263 1055 1487 1097 obediencien,
1511 1066 1575 1098 que
1597 1057 1713 1088 melior
1736 1067 1807 1089 esse
1822 1057 1960 1089 victimis
1978 1066 2003 1086 u·

304 1111 580 1154 comprobatur⁰‘¹‚
605 1113 637 1141 et
654 1110 726 1151 quia
743 1112 878 1150 paterna
894 1109 999 1150 pietas
1022 1118 1079 1149 pro
1102 1107 1175 1138 filiis
1198 1117 1316 1149 capere
1339 1107 1422 1139 solet
1445 1108 1624 1149 consilium,
1647 1108 1782 1150 expedit
1805 1108 1960 1141 obedien-

305 1165 388 1196 cium
411 1163 547 1194 filiorum
572 1161 800 1193 tribulaciones
823 1163 856 1192 et
879 1160 1044 1202 angustias
1059 1158 1150 1190 vobis
1166 1159 1235 1190 fore
1252 1160 1407 1201 cognitas,
1431 1162 1467 1191 ut
1483 1170 1594 1192 eorum
1610 1160 1773 1192 succursui
1788 1159 1960 1192 sollicicius

305 1215 486 1247 intendatis.
525 1214 643 1245 Vestre
666 1213 775 1254 itaque
800 1212 961 1243 sanctitati
978 1214 1088 1242 notum
1105 1211 1200 1252 facio,
1225 1211 1311 1253 quod
1328 1221 1401 1243 cum
1416 1211 1481 1243 iam
1498 1211 1620 1244 dudum
1635 1212 1757 1254 primos
1770 1217 1961 1254 processusv

306 1269 415 1298 contra
447 1266 566 1297 dictum
598 1264 711 1296 ducem
739 1263 866 1295 habitos
889 1264 978 1294 iuxta
1002 1262 1145 1294 mandati
1168 1263 1266 1294 vestri
1289 1266 1436 1295 tenorem
1459 1264 1492 1294 in
1514 1263 1688 1305 metropoli
1709 1273 1785 1296 mea
1807 1263 1960 1306 sollemp-

304 1318 386 1349 niter
414 1316 627 1359 publicassem
658 1319 691 1347 et
714 1315 918 1347 mandassem
942 1315 974 1346 in
996 1315 1075 1346 locis
1099 1314 1170 1346 aliis
1194 1314 1361 1356 publicari,
1384 1314 1439 1347 ille
1461 1316 1562 1347 nimia
1584 1318 1696 1347 contra
1718 1325 1772 1347 me
1794 1315 1961 1348 iracundia
1978 1327 2006 1348 ιο

305 1370 411 1402 extitit
433 1369 655 1400 inflammatus.
701 1367 774 1399 Non
798 1370 907 1398 tamen
930 1370 1062 1408 propter
1076 1366 1138 1398 hoc
1155 1367 1318 1402 continui¹²
1333 1366 1493 1399 secundos
1508 1377 1678 1409 processus
1694 1371 1806 1400 contra
1821 1367 1961 1400 eundem

305 1420 444 1460 habitos,
479 1430 558 1461 quos
590 1421 705 1460 postea
736 1419 845 1460 recepi
881 1419 975 1450 simul
1006 1424 1095 1450 cumr
1118 1418 1320 1460 processibus
1349 1422 1460 1450 contra
1487 1419 1571 1451 filios
1600 1419 1776 1462 dampnate
1803 1419 1960 1452 memorie

305 1471 514 1513 Math(eum)⁸
537 1471 613 1502 olim
630 1470 839 1502 Vicecomitis
863 1470 903 1502 de
927 1470 1131 1502 Mediolanos
1153 1481 1276 1502 necnon
1300 1474 1412 1502 contra
1434 1471 1517 1503 tales
1547 1476 1580 1503 et
1602 1471 1684 1503 tales
1708 1471 1863 1503 comites²
1885 1481 1961 1513 pro-

306 1523 464 1564 mulgatis,
497 1522 642 1554 similiter
671 1522 846 1563 publicare.
904 1522 1045 1564 Propter
1075 1522 1161 1564 quod
1188 1522 1275 1554 idem
1309 1522 1375 1554 dux
1407 1523 1553 1564 asperius
1585 1526 1778 1565 provocatus
1811 1522 1962 1566 custodes

307 1575 438 1606 turrium
456 1577 488 1605 et
511 1578 675 1615 portarum
699 1584 735 1605 ac
753 1574 867 1615 vigiles
889 1584 1054 1605 murorum
1077 1575 1172 1606 castri
1187 1575 1251 1606 mei
1275 1574 1348 1606 talis
1371 1574 1533 1616 corrumpi
1551 1575 1736 1616 procuravit
1757 1574 1840 1607 fedis
1862 1585 1962 1617 pecu·
1980 1586 2006 1607 n

307 1626 429 1657 uiarum
446 1626 562 1666 preciis
586 1628 619 1656 et
634 1625 785 1667 pollicitis
802 1625 1025 1667 fraudulentis,
1047 1626 1156 1667 sicque
1173 1626 1311 1658 conflata
1334 1626 1522 1668 prodicione
1545 1626 1728 1668 turpissima
1748 1629 1864 1669 gentes
1877 1626 1964 1659 illius

307 1678 337 1708 in
365 1676 471 1708 medio
501 1677 604 1708 noctis
625 1677 763 1708 silencio
793 1677 826 1708 in
857 1680 996 1709 castrum
1025 1677 1104 1709 illud
1133 1678 1292 1710 irruentes
1321 1681 1353 1710 et
1380 1678 1534 1720 oppidum
1563 1677 1748 1710 subiacenst
1768 1681 1964 1720 occupantes

307 1728 471 1759 hominum
494 1728 615 1760 ibidem
638 1732 840 1770 repertorum
864 1729 945 1760 alios
974 1729 1083 1771 gladio
1111 1730 1320 1771 trucidarunt,
1347 1730 1428 1762 alios
1455 1729 1589 1762 vinculis
1617 1730 1853 1772 manciparunt,
1882 1730 1970 1771 alios,

307 1790 382 1811 vero
407 1779 448 1811 ad
464 1780 574 1821 fugam
591 1780 807 1812 miserabilem
823 1780 1047 1822 compulerunt
1067 1784 1100 1813 et
1116 1781 1238 1823 absque
1254 1782 1442 1814 differencia
1458 1781 1664 1823 condicionis,
1688 1792 1785 1814 sexus
1799 1782 1853 1814 vel
1868 1777 1971 1814 etatis*

309 1841 418 1862 omnes
441 1831 587 1862 omnibus
611 1831 816 1863 facultatibus
839 1832 1026 1874 spoliarunt.
1067 1833 1256 1865 Districtum
1273 1843 1402 1876 quoque
1427 1834 1523 1865 castri
1546 1833 1690 1866 eiusdem
1714 1836 1748 1865 et
1770 1833 1851 1865 alios
1873 1843 1964 1865 meos
1981 1843 2007 1864 ιο

308 1886 340 1914 et
363 1882 599 1914 subiectorum¹¹
616 1893 761 1915 meorum
782 1884 1073 1916 ecclesiasticorum
1090 1888 1123 1916 et
1146 1885 1339 1917 secularium
1362 1885 1535 1927 districtus,
1558 1885 1704 1918 redditus
1726 1887 1760 1918 et
1781 1884 1866 1917 bona
1887 1894 1964 1917 con-

309 1934 403 1964 tinuis
427 1933 596 1965 devastant
619 1934 783 1976 incendiis,
813 1936 924 1976 spoliis
947 1938 980 1967 et
1003 1936 1132 1978 rapinis,
1160 1937 1238 1968 sedv
1261 1947 1320 1969 nec
1348 1937 1411 1968 illis
1433 1947 1565 1979 possum
1591 1937 1754 1977 resistere,
1781 1936 1840 1969 sed
1862 1946 1965 1979 usque

309 1984 350 2016 ad
383 1988 493 2026 portas
527 1986 664 2018 civitatis
695 1997 767 2018 mee
802 1987 936 2018 hostiles
967 1987 1089 2019 faciunt
1121 1988 1262 2030 impetus
1296 1991 1329 2020 et
1362 1989 1516 2024 incursus.
1566 1989 1656 2021 Inter
1686 1991 1764 2021 tot*
1791 1991 1825 2020 et
1858 1991 1964 2020 tantas

309 2037 470 2077 angustias
494 2038 600 2078 recepi
625 2038 741 2069 tercies
758 2041 791 2070 et
805 2039 936 2070 ultimos
952 2039 1003 2071 vel
1026 2040 1215 2072 novissimos
1238 2046 1440 2082 processus¹‚
1464 2040 1581 2083 quibus
1602 2041 1707 2082 ipsum
1724 2039 1839 2072 ducem
1855 2039 1964 2071 decla-

310 2088 401 2118 rastis
424 2088 493 2119 fore
517 2089 678 2129 privatum
702 2093 735 2121 et
757 2090 905 2131 privastis
929 2101 1000 2122 eum
1026 2092 1113 2123 omni
1141 2091 1219 2133 iure,
1243 2093 1290 2123 siy
1314 2093 1400 2134 quod
1427 2092 1475 2124 illi
1497 2103 1540 2124 ex
1567 2091 1726 2124 electione
1749 2091 1836 2124 facta
1859 2091 1900 2123 de
1923 2100 1964 2123 eo
1983 2098 2008 2118 *ὅ

310 2138 351 2168 ad
389 2149 520 2180 regnum
569 2151 626 2171 seu
670 2140 734 2172 adk
771 2142 942 2183 imperium
980 2142 1199 2175 Romanorum
1242 2144 1458 2186 eompetiitffl,
1502 2154 1624 2186 eosque
1665 2144 1814 2176 similiter
1855 2143 1963 2185 publi-

311 2190 390 2220 cavi.
501 2191 546 2232 (2)
576 2191 695 2233 Copias
719 2203 846 2234 quoque
870 2194 1011 2225 omnium
1034 2205 1242 2235 processuum
1270 2195 1489 2237 predictorum
1511 2195 1652 2238 sigillum
1675 2206 1782 2228 meum
1806 2193 1964 2227 habentes

311 2250 486 2281 appensum
504 2243 636 2284 singulis
655 2245 735 2275 meis
753 2244 984 2286 suffraganeis³
1000 2247 1161 2278 transmisi
1184 2257 1243 2288 per
1266 2258 1412 2280 cursores
1434 2247 1545 2280 meosb
1560 2248 1691 2289 iuratos,
1715 2252 1813 2290 quos⁰
1828 2246 1875 2278 illi
1891 2256 1964 2279 cum

312 2291 419 2322 debita
451 2294 635 2325 reverencia
668 2300 872 2338 receperunt,
901 2296 1026 2329 duobus
1054 2298 1206 2331 videlicet
1228 2299 1446 2342 Frisingensi‘¹
1470 2302 1503 2332 et
1524 2299 1772 2341 Ratisponensi⁰
1795 2298 1965 2330 dumtaxat
2028 2338 2032 2342 ⁵

312 2343 464 2383 exceptis.
509 2344 592 2376 Nam
607 2345 839 2388 Frisingensisd
855 2349 887 2379 in
910 2352 1017 2381 vestra
1039 2352 1075 2381 ut
1099 2350 1215 2382 dicitur
1237 2352 1324 2383 curia
1347 2354 1531 2383 comoratur
1554 2351 1687 2392 eiusque
1711 2350 1876 2382 civitatem
1899 2349 1966 2382 dux
1982 2359 2009 2380 4ο

312 2393 473 2434 predictus
497 2398 584 2427 tenet
607 2407 664 2437 per
686 2409 776 2429 suum
800 2399 1036 2432 vicedominum
1060 2405 1251 2443 occupatam
1275 2406 1308 2434 et
1331 2403 1372 2434 ob
1396 2402 1458 2435 hoc
1486 2413 1596 2435 cursor
1618 2401 1747 2434 noster¹
1768 2412 1833 2434 non
1855 2401 1966 2434 valens

313 2446 401 2475 metu
429 2447 539 2477 mortis
568 2447 640 2487 plus
669 2448 775 2481 facere
810 2453 938 2492 captata
969 2453 1187 2494 oportunitate
1222 2455 1331 2495 copias
1361 2454 1495 2487 easdem
1526 2454 1667 2496 capitulo
1698 2453 1838 2486 directas
1867 2463 1965 2495 super

320 2575 324 2579 -
415 2534 481 2561 973.
509 2534 531 2568 ²¹)
551 2537 753 2564 in——beatorum
766 2540 817 2566 cles.
830 2541 854 2567 3.
926 2541 951 2575 b)
970 2543 1023 2568 des.
1037 2543 1060 2569 1.
1074 2543 1098 2569 2.
1160 2543 1192 2575 τ)
1211 2553 1228 2569 n
1245 2540 1272 2570 ’2.
1343 2543 1368 2576 d)
1387 2545 1430 2570 vel
1443 2545 1577 2578 episcopus
1589 2554 1607 2570 n
1620 2545 1681 2571 talis
1693 2544 1718 2571 2.
1789 2545 1812 2576 θ)
1831 2553 1850 2570 n
1867 2543 1965 2571 add-2.

314 2576 332 2607 ¹)
350 2596 356 2601 .
371 2594 378 2602 .
398 2577 449 2602 dee.
463 2578 486 2603 1.
499 2577 523 2604 2.
611 2579 635 2611 8)
655 2581 720 2606 deest
738 2581 763 2607 3.
850 2583 876 2615 ¹¹)
896 2586 943 2610 viri
961 2585 985 2611 2.
998 2585 1023 2612 3.
1111 2586 1130 2619 i)
1148 2587 1184 2612 fil.
1199 2588 1257 2613 dev.
1270 2586 1294 2613 3.
1383 2586 1408 2619 l¹)
1427 2588 1497 2613 deest
1515 2588 1538 2614 1.
1625 2587 1645 2621 ¹)
1663 2588 1731 2614 dem
1748 2587 1773 2613 2.
1861 2587 1894 2620 ¹¹²)
1913 2597 1965 2614 non

314 2627 362 2644 rec.
373 2619 425 2645 des.
440 2619 462 2644 l.
474 2619 498 2645 3.
567 2621 591 2652 ῃ)
610 2623 710 2649 obedire
724 2625 746 2650 1.
758 2625 782 2650 3.
853 2627 878 2659 ⁰)
897 2631 1090 2662 comparabatur
1103 2630 1126 2657 1.
1138 2629 1162 2657 3,
1232 2632 1258 2663 Ρ)
1277 2639 1399 2657 excessus
1417 2631 1442 2657 3.
1513 2632 1538 2664 q)
1557 2633 1670 2666 pertinui
1687 2631 1712 2658 3.
1784 2630 1806 2664 ¹)
1823 2632 1892 2658 decet
1904 2631 1928 2658 1.
1939 2631 1964 2658 8.
1982 2642 2008 2662 4⁵

314 2662 334 2691 ⁸)
355 2680 380 2687 ..
400 2661 426 2693 1;
450 2671 466 2687 n
484 2662 508 2687 2.
614 2665 632 2696 t)
651 2667 770 2693 adiacens
790 2669 813 2694 3.
918 2672 943 2703 u)
962 2673 1122 2698 subditorum
1142 2673 1165 2699 1.
1288 2673 1314 2706 v)
1338 2679 1376 2700 set
1397 2682 1496 2706 semper
1513 2673 1538 2701 2.
1552 2674 1576 2701 3.
1681 2677 1712 2706 w)
1732 2675 1801 2701 dcent
1817 2674 1848 2704 13
1873 2675 1921 2702 hec
1939 2675 1964 2701 2.

314 2704 339 2735 ¹)
359 2713 426 2736 proc.
445 2706 485 2730 vel
504 2715 561 2731 nov.
581 2707 602 2731 1.
686 2711 709 2739 Υ)
728 2711 771 2735 sed
792 2711 813 2736 1.
827 2711 850 2737 2.
930 2714 952 2746 z)
972 2717 1094 2748 competit
1115 2716 1137 2743 1.
1219 2717 1243 2749 ι)
1262 2717 1334 2743 suffr.
1353 2718 1416 2743 meis
1435 2716 1460 2743 3·
1540 2717 1566 2750 b)
1584 2718 1652 2744 ἆθθθὶ
1671 2717 1695 2744 ¹·
1710 2717 1733 2744 3·
1815 2716 1847 2751 ε)’
1857 2727 1924 2752 <1⁰⁸⁸
1940 2718 1965 2744 3·

315 2745 339 2777 (ἱ)
360 2748 430 2779 Frys.
449 2747 472 2772 2.
560 2749 581 2780 θ)
600 2751 707 2784 Rattisp.
730 2752 753 2777 2.
841 2753 861 2786 f)
880 2756 946 2782 deese
965 2757 992 2787 1;
1013 2763 1075 2784 tunc
1094 2758 1117 2784 3.

418 2806 443 2839 1)
463 2806 503 2838 Cf.
519 2811 538 2834 1.
558 2808 671 2842 R29.15‚
690 2814 727 2836 22.
834 2813 860 2846 2)
880 2814 967 2848 Sama
987 2825 1028 2843 nr.
1044 2820 1102 2844 897.
1208 2819 1235 2852 3)
1255 2818 1343 2852 Supra
1363 2827 1405 2846 nr.
1421 2822 1478 2846 944.
