2190 3172
402 230 497 258 ACTA
515 229 630 268 REGNI
647 227 831 256 LUDEWICI
850 227 898 255 1v.
917 227 963 254 ΕΤ
982 226 1167 254 FRIDERICI
1187 226 1236 253 111.
1274 225 1348 253 1817.
1385 225 1433 252 Nr.
1445 225 1504 253 398.
1523 226 1582 253 399.
1601 227 1659 253 400.
1795 229 1857 259 339

206 317 346 350 Rfidolfe
370 317 435 349 und
458 326 648 359 mnrgraven
664 315 866 348 Frideriches
889 314 947 346 der
971 318 1188 356 vorgenanten
1214 314 1314 344 minre
1339 312 1466 344 &heimo
1490 313 1668 354 ingesigeln
1692 314 1857 355 gehenket

205 380 246 402 an
270 370 360 401 disen
383 369 477 401 brief.

312 421 381 453 Der
403 423 483 453 wart
505 419 654 462 gegeben
678 418 717 451 zfi
740 417 933 460 Offenburg,
961 428 1001 450 an
1026 417 1099 449 dem
1124 420 1229 448 ersten
1254 416 1458 458 Dunrestage
1482 427 1540 448 vor
1562 421 1653 449 sante
1677 415 1857 458 Gregorien

207 476 297 514 tage,
332 473 363 504 in
391 472 466 504 dem
490 472 561 512 jare
597 471 638 502 do
665 481 738 502 men
769 470 852 502 zalte
880 479 942 501 von
966 468 1047 501 Gotz
1077 468 1212 510 geburte
1241 468 1542 500 druzehenhundert
1565 469 1618 508 jar
1646 468 1710 499 und
1739 465 1855 500 suben-

179 534 191 553 υ
206 523 306 555 zehen
327 523 389 563 jar.

297 705 396 750 399.
424 704 523 749 400.
569 701 950 749 HOMAGIUM
993 702 1379 749 CIVITATUM
1416 701 1765 761 VERONAE,

364 767 747 822 VICENTIAE,
783 766 1109 813 MANTUAE
1147 767 1279 814 PRO
1316 767 1705 815 FRIDERICO.

745 845 853 881 1317.
895 845 1000 881 Mart.
1026 844 1241 889 16.—Apr.
1267 844 1322 880 16.

622 961 707 998 399.
748 960 883 1006 Saripha
911 960 1067 1005 homagii.
1171 959 1283 995 Mart.
1303 961 1357 995 16.
1369 971 1442 1006 sqq.

165 1046 189 1066 ιο
318 1035 498 1077 Oriqinalia
528 1035 699 1075 deperdita.
749 1034 844 1067 Extr.
873 1035 908 1066 in
938 1033 1086 1066 Historia
1116 1033 1334 1066 Cortusiorum
1368 1034 1388 1067 l.
1408 1035 1453 1067 II
1476 1046 1502 1067 c.
1525 1037 1547 1067 8
1575 1036 1666 1076 apud
1693 1036 1860 1069 Muratori

208 1087 406 1128 ‘Scriptores’
429 1086 512 1127 XII,
534 1087 606 1119 798.
651 1086 832 1118 Editionem
854 1086 1031 1126 repwtimus.

314 1174 377 1206 Die
392 1173 483 1206 XVI.
500 1173 607 1205 Martii
623 1171 850 1213 MCCC'XVII,
875 1183 982 1204 coram
1005 1171 1166 1204 nobilibus
1189 1173 1263 1203 viris
1287 1172 1423 1204 dominis
1441 1171 1590 1205 Conrado
1613 1175 1730 1206 comite
1752 1175 1859 1208 Basile

208 1229 242 1259 et
262 1226 405 1258 Iohanne
435 1236 454 1257 a
476 1225 580 1257 Lettis
603 1225 672 1256 eive
694 1224 876 1256 Veronensi
898 1223 1015 1266 legatis
1044 1227 1076 1255 et
1098 1223 1386 1256 ambasciatoribus
1409 1224 1623 1257 solemnibus·
1647 1225 1778 1259 illustris
1801 1228 1859 1260 viri

209 1278 328 1310 domini
351 1276 498 1310 Federioi
528 1276 568 1309 de
591 1276 722 1309 Austria
743 1275 963 1308 Romanorum
991 1276 1077 1318 regis
1101 1275 1196 1307 electi
1219 1276 1407 1318 magnificus
1430 1276 1577 1308 dominus
1601 1277 1697 1309 Canis
1721 1277 1860 1311 Grandis

166 1339 190 1359 ιι
209 1329 250 1362 de
277 1329 308 1361 la
336 1328 430 1361 Scala.
457 1329 538 1360 sacri
564 1328 690 1370 imperii
711 1328 847 1360 vicarius
874 1329 905 1359 in
928 1327 1061 1359 Verona
1089 1330 1122 1359 et
1145 1327 1310 1369 vicentia,
1340 1327 1487 1360 dominus
1509 1329 1668 1371 Ugolinus
1697 1330 1737 1362 de
1762 1330 1858 1364 Sesso

210 1380 355 1413 eiusdem
377 1383 520 1423 potestas
543 1380 575 1412 in
597 1380 742 1421 Verona,
765 1379 998 1422 gastaldionem
1027 1379 1148 1411 antiani
1171 1382 1204 1411 et
1226 1379 1394 1412 consilium
1418 1381 1595 1412 communis
1619 1381 1749 1414 Verone
1772 1383 1858 1415 iura-

208 1436 323 1465 verunt
345 1432 590 1473 subiectionem,
625 1431 842 1464 obedientiam
871 1434 904 1463 et
929 1431 1084 1463 honorem
1113 1430 1230 1473 prefati
1260 1431 1380 1463 domini
1408 1431 1558 1464 Federici
1584 1433 1678 1475 regis.
1728 1433 1771 1466 Et
1800 1446 1859 1477 pro

210 1484 370 1517 communi
394 1486 427 1515 et
448 1482 630 1515 hominibus
652 1482 802 1515 Vicentie
824 1483 970 1515 similiter
992 1483 1186 1515 iuraverunt.
1231 1482 1274 1515 Et
1297 1483 1360 1515 hoc
1383 1494 1480 1526 super
1502 1484 1589 1517 scala
1611 1486 1725 1517 maiori
1748 1486 1861 1527 palatii

210 1536 387 1568 eommunis
402 1535 543 1576 Verone,
566 1534 622 1567 ubi
644 1545 734 1567 more
757 1534 851 1567 solito
875 1537 966 1567 erant
989 1535 1187 1578 congregati.

167 1596 194 1616 ao
318 1586 402 1619 Item
425 1587 609 1619 iuraverunt
637 1586 736 1628 ligam
767 1589 800 1618 et
825 1587 975 1618 unionem
1002 1585 1136 1618 firmiter
1164 1588 1276 1619 tenere
1305 1597 1377 1618 cum
1409 1587 1486 1629 ipsis
1514 1587 1802 1621 ambasciatoribus
1829 1593 1862 1622 et

210 1638 349 1682 syndicis
378 1639 545 1680 presertim
575 1639 617 1670 ad
646 1638 707 1670 hoe
737 1637 966 1680 recipientibus
994 1638 1064 1670 viee
1095 1641 1128 1670 et
1157 1639 1286 1670 nomine
1315 1638 1447 1670 illustris
1470 1639 1528 1670 viri
1557 1639 1678 1672 domini
1700 1640 1861 1683 Leopoldi

210 1691 317 1724 fratris
340 1689 417 1722 dicti
438 1691 524 1732 regis
547 1694 579 1722 et
602 1690 691 1722 ducis
714 1690 843 1722 Austrie
867 1693 900 1722 et
922 1690 1058 1722 aliorum
1082 1689 1215 1722 fratrum
1239 1700 1379 1722 suorum.

318 1741 471 1774 Similiter
494 1745 527 1774 et
548 1742 609 1784 ipsi
631 1741 753 1784 syndici
775 1742 960 1774 iuraverunt
984 1740 1024 1773 de
1045 1741 1282 1773 manutenendo
1307 1745 1340 1773 et
1359 1740 1540 1774 adiuvando
1565 1753 1636 1775 sese
1659 1743 1701 1775 ad
1724 1745 1860 1777 invicem

211 1797 321 1827 contra
345 1804 563 1836 quascumque
586 1804 750 1836 personas.

168 1851 193 1871 ’ὃ
318 1845 361 1878 Et
382 1845 462 1877 illud
485 1845 571 1878 idem
595 1845 741 1878 fecerunt
763 1844 873 1876 vicarii
895 1843 1027 1876 Mantue
1050 1844 1099 1875 his
1123 1843 1246 1875 diebus.

329 1987 417 2023 400.
457 1986 620 2032 Epistola
646 1985 785 2022 Nic-olai
812 1986 945 2021 Auriae
972 1985 1142 2030 quondam
1170 1984 1289 2020 Jacobs·
1315 1986 1364 2020 ad
1388 1996 1498 2030 regem
1524 1986 1738 2031 Araqonum.

950 2049 1038 2095 Apr.
1061 2050 1116 2084 16.

321 2123 480 2165 Oriyinale
502 2123 702 2156 chartaceum
719 2123 794 2166 (or.)
809 2123 845 2155 in
861 2122 1019 2155 tabulario
1041 2123 1125 2164 reyio
1140 2122 1376 2156 Barcinonmm·
1394 2123 1487 2156 GRD
1505 2125 1550 2156 ad
1569 2135 1618 2156 nr.
1632 2126 1726 2157 5614.
1764 2127 1860 2160 Eoetr.

211 2176 300 2217 apud
321 2175 424 2208 Finke
447 2175 540 2208 ‘Acta
562 2175 795 2216 Arayonensia’
818 2175 848 2214 I,
871 2175 935 2207 369
956 2185 1007 2207 nr.
1022 2175 1087 2206 248
1109 2185 1147 2206 ex
1170 2185 1215 2208 or.
1260 2174 1443 2207 Editionem
1464 2176 1642 2217 repetimus.

170 2283 197 2304 ιο
321 2295 328 2302 .
347 2295 353 2303 .
372 2295 378 2303 .
403 2269 553 2314 significo
577 2269 663 2313 quod
686 2269 933 2302 ambassiatores
956 2269 1077 2302 domini
1099 2270 1185 2312 regis
1200 2269 1366 2303 Frederiei
1388 2269 1477 2302 ducis
1501 2270 1542 2303 de
1556 2270 1752 2305 Hostarichn.
1775 2274 1862 2316 regis

213 2320 382 2354 Alamanie
405 2325 562 2354 venerunt
589 2321 631 2354 ad
654 2325 762 2364 partes
784 2320 981 2354 Lombardie
1010 2324 1044 2354 et
1074 2321 1139 2353 iam
1163 2320 1310 2353 dominus
1333 2320 1430 2354 Oanis
1459 2321 1499 2354 de
1531 2322 1564 2354 la
1587 2321 1682 2356 Scala
1708 2324 1785 2356 feeit
1813 2326 1861 2358 eis

213 2371 402 2406 fidelitatem
426 2371 467 2406 de
491 2373 620 2406 civitate
642 2373 773 2406 Verone
796 2375 830 2406 et
851 2373 1010 2405 Vicentie.
1055 2371 1210 2405 Similiter
1233 2372 1380 2405 dominus
1401 2372 1575 2405 Pasarinns
1597 2373 1639 2407 de
1662 2374 1796 2409 Mantua
1818 2376 1860 2410 de

215 2424 343 2456 civitate
363 2423 505 2459 Mantua.
548 2424 674 2457 Dicitur
705 2425 790 2457 enim
818 2424 905 2467 quod
935 2424 976 2456 de
1003 2425 1146 2467 presenti
1174 2424 1345 2457 intendunt
1365 2423 1587 2458 Mediolanum
1616 2437 1691 2459 suos
1720 2427 1860 2470 dirigere

215 2485 342 2518 gressus
374 2485 413 2508 ao
441 2477 540 2509 etiam
571 2487 630 2520 per
661 2475 740 2509 alias
769 2480 878 2519 partes
900 2475 1107 2508 Lombardie.
1153 2475 1276 2509 Tamen
1304 2487 1369 2509 non
1395 2475 1502 2509 audivi
1530 2477 1616 2520 ipsos
1640 2477 1859 2513 Mediolanum

173 2541 198 2561 u
215 2526 332 2559 iterum
355 2525 424 2560 fore
447 2526 632 2559 adiunctos·
656 2552 662 2559 .
680 2553 686 2560 .
702 2552 711 2560 .

323 2585 397 2619 Dat.
420 2586 531 2629 Ianne,
553 2586 606 2620 die
628 2587 719 2622 XVI.
735 2588 878 2632 Aprillis.

319 2779 384 2809 M.
412 2782 437 2816 ¹⁸)
453 2784 574 2810 solemnis
590 2788 616 2811 et
632 2785 672 2812 ecl.

320 2849 387 2878 40⁰.
414 2851 438 2884 ι)
456 2853 492 2878 ita
509 2862 547 2879 or.
