2184 3126
434 195 530 223 ACTA
549 195 662 223 REGM
681 195 864 224 LUDEWICI
883 195 930 224 IV.
949 195 996 224 m·
1015 195 1199 224 FRIDERICI
1217 196 1265 224 111.
1304 196 1379 225 1323.
1415 196 1464 225 Nr.
1476 197 1536 225 805.
1554 198 1615 226 806.
1795 200 1859 231 629

218 311 294 348 805.
328 310 599 349 LUDEWICI
621 311 938 350 MANDATUM
963 311 1024 350 IN
1047 310 1301 349 FAVOREM
1325 310 1639 351 CAPELLANI
1665 312 1826 350 REGII.

872 375 981 413 1323.
1024 375 1104 413 Oct.
1130 376 1187 413 13.

307 460 470 502 Oriqinale
491 461 565 504 (or.)
592 463 629 495 in
655 462 814 495 tabulario
841 462 983 503 ymerali
1013 463 1103 504 reym'
1125 462 1292 496 Bawarici
1314 463 1406 496 KLS
1427 474 1478 496 nr.
1494 465 1568 499 275.
1615 463 1722 506 Siqilli
1744 465 1858 497 secreti

196 511 286 544 rubei
308 513 421 545 coloris
442 514 534 546 dorso
551 514 698 554 impressi
712 515 845 555 vestiyia
859 517 1026 555 affarent.
1064 514 1107 547 In
1129 525 1215 548 verso
1229 515 1384 557 scriptum
1407 519 1468 548 est:
1490 516 1632 558 pertinet
1654 515 1696 549 ad
1712 516 1855 549 loculum

160 581 173 601 ι
193 573 310 606 regum
320 565 340 596 ¹.
365 584 407 589 —
429 565 606 606 Imayinem
621 565 886 607 helioqraphicam
910 566 1210 599 ‘Kaiserurkunden
1226 567 1263 599 in
1278 566 1507 608 Abbildunqem'
1528 568 1608 607 fasc.
1626 567 1682 600 IX
1701 568 1764 600 tab.
1780 568 1855 600 23a

193 615 416 655 adhibuimuae
437 617 480 656 cf.
497 616 596 649 ‘Text’
613 628 648 658 p.
666 617 731 649 330
744 629 790 658 sq.

302 671 447 711 Bdhmer,
470 672 546 714 Req.
563 672 676 706 Ludw.
687 684 723 714 p.
741 674 784 705 37
805 684 855 706 nr.
873 673 946 706 642.

302 757 524 801 Lud(owicus)
547 758 610 792 Dei
632 760 743 802 gracia
765 759 986 792 Romanorum
1009 770 1068 792 rex
1091 769 1222 802 semper
1243 763 1398 802 augustus
1486 760 1663 793 venerabili
1686 761 1854 794 Friderico

193 808 393 852 Augustensi
416 811 570 853 episcopo
594 811 730 853 principi
754 822 812 843 suo
836 811 954 843 dilecto
1041 812 1185 854 graciam
1209 821 1300 844 suam
1324 814 1358 844 et
1381 822 1477 844 omne
1500 812 1630 845 bonum.

151 875 176 895 ιο
303 860 394 894 Scias
417 873 475 894 nos
497 866 572 905 post
594 873 756 896 recessum
779 867 869 895 tuum
893 874 912 895 a
926 862 1072 896 Werdea
1095 864 1181 896 circa
1203 863 1330 895 nobiles
1351 864 1438 895 viros
1457 863 1636 896 Iohannem
1660 867 1694 896 et
1708 865 1854 897 Uli-icum

193 913 329 946 comites
361 913 403 946 de
433 913 659 946 Helfenstein·
687 914 863 947 advocatos
895 915 1110 957 provinciales
1137 918 1264 947 nostros
1296 914 1433 948 dilectos
1461 915 1735 958 inpedimentum,
1766 917 1855 959 quod

190 964 341 1008 ingerere
376 968 593 1007 conceperant
626 975 724 1008 super
757 965 895 998 ecclesia
928 967 960 998 in
991 966 1157 999 Blinthein
1190 965 1331 999 discreto
1362 967 1431 999 viro
1453 966 1620 1000 Friderico
1654 967 1741 999 dicto
1765 967 1855 1000 Glait

192 1016 362 1058 capellano
385 1020 494 1049 nostro
527 1016 660 1058 dilecto,
692 1027 789 1059 quem
818 1017 860 1050 ad
887 1018 991 1060 ipsam
1019 1017 1122 1050 abbas
1144 1017 1389 1061 Cesar(iensis),
1417 1019 1468 1050 cui
1496 1019 1545 1050 ius
1572 1019 1782 1061 presentandi
1811 1030 1854 1052 ex

191 1070 302 1100 nostra
329 1067 507 1101 donacione
540 1069 709 1111 competit,
741 1070 954 1111 presentavit,
989 1070 1118 1112 penitus
1146 1069 1321 1102 sustulisse.
1373 1069 1483 1107 Quare
1512 1071 1732 1104 sinceritatem
1764 1074 1853 1104 tuam

148 1133 173 1154 ιι
191 1119 385 1162 requirimus
417 1119 544 1162 plenius
575 1130 616 1152 ex
648 1120 782 1161 affectu,
816 1121 966 1163 quatinus
1000 1121 1121 1153 dictum
1158 1121 1382 1164 capellanumb
1415 1125 1559 1154 nostrum
1594 1123 1662 1154 sine
1692 1122 1853 1155 dilacione

190 1171 337 1204 ulteriori
371 1171 412 1204 de
447 1171 586 1204 ecclesia
614 1171 790 1204 liberaliter
818 1172 971 1204 investias
1000 1175 1190 1205 memorata.
1244 1173 1283 1205 In
1310 1183 1350 1205 eo
1380 1177 1489 1206 nostre
1517 1173 1699 1206 celsitudini
1725 1178 1852 1217 gratam

191 1223 456 1265 conplacenciam
479 1222 673 1255 exhibendo.

300 1274 374 1307 Dat.
398 1275 430 1306 in
452 1274 607 1316 Werdea‚
631 1275 693 1307 ΙΙΙ.
709 1275 758 1307 Id.
777 1275 919 1317 Octobr„
943 1276 1034 1318 regni
1057 1277 1158 1308 nostri
1181 1287 1265 1309 anno
1288 1287 1384 1310 nono.

418 1460 494 1497 806.
529 1459 871 1498 SYNDICATUS
898 1459 1270 1499 MARGHIONUM
1298 1460 1622 1499 ESTENSIUM.

144 1541 172 1562 ,ο
867 1525 977 1562 1323.
1015 1524 1095 1562 Oct.
1121 1525 1178 1562 14.

301 1610 463 1652 Oriainale
493 1611 570 1655 (or.)
602 1612 638 1643 in
666 1611 825 1644 tabulario
853 1613 937 1653 regio
965 1612 1177 1646 Mutinensi&
1233 1613 1470 1654 Descmspsimus
1497 1624 1564 1647 nos.
1617 1613 1851 1656 Orthoyraphia

185 1665 314 1695 servata
335 1666 389 1696 est.
414 1683 456 1687 —
478 1663 652 1696 Ineditum.

300 1718 349 1758 Of.
373 1729 474 1759 supra
495 1730 546 1751 nr.
564 1721 636 1752 706.

297 1804 334 1836 In
359 1803 478 1837 Christi
500 1806 630 1838 nomine
653 1816 758 1838 amen.

141 1875 168 1896 ς,
235 1847 237 1849 ’
295 1856 390 1888 Anno
415 1856 562 1889 eiusdem
584 1857 760 1889 nativitatis
775 1856 948 1889 millesimo
967 1857 1202 1888 trecente-ximo
1218 1856 1391 1899 vigessimo
1415 1857 1526 1898 tercio,
1548 1856 1723 1890 indictione
1746 1861 1849 1899 sexta,

187 1906 241 1939 die
265 1907 528 1949 quartodeccimo
544 1908 665 1940 mensis
681 1907 844 1949 Octubris,
868 1907 1000 1940 Ferarie
1024 1908 1056 1939 in
1079 1917 1210 1940 camera
1226 1907 1347 1940 domini
1363 1907 1523 1950 Raynaldi
1540 1908 1734 1940 marchionis
1749 1908 1849 1941 infra-

186 1958 308 2001 scripti,
332 1959 535 2001 presentibus
557 1959 719 1991 nobilibus
743 1963 776 1992 et
799 1959 998 2002 sapientibus
1022 1960 1097 1991 viris
1121 1959 1257 1991 dominis
1280 1959 1439 1992 Nicholao
1465 1970 1485 1991 a
1507 1959 1633 1992 Tabula
1655 1961 1849 2003 iurisperito,

185 2010 341 2052 magistro
362 2010 594 2043 Bertholameo
617 2022 636 2043 a
659 2011 782 2043 Palleis
804 2011 930 2043 notario
958 2011 1045 2044 curie
1078 2011 1281 2043 dominorum
1310 2011 1531 2043 marchionum
1562 2014 1596 2043 et
1617 2011 1849 2045 Bertholameo

186 2060 227 2094 de
245 2061 463 2094 Marchoaldis
487 2062 527 2095 de
543 2062 677 2095 Mantua
702 2062 836 2095 testibus
860 2063 983 2094 vocatis
1007 2066 1040 2094 et
1063 2063 1195 2104 rogatis.
1240 2062 1388 2094 Illustres
1411 2066 1445 2094 et
1466 2063 1629 2105 magnifici
1652 2064 1710 2095 viri
1726 2063 1848 2096 domini

141 2131 168 2152 ,ο
184 2112 384 2155 Raynafflus,
409 2114 511 2146 Obizo
536 2117 568 2146 et
583 2113 760 2146 Nicholaus
784 2114 899 2146 fratres
915 2113 987 2156 Dey
1012 2115 1118 2156 gratia
1133 2114 1314 2155 Esten(ses)
1339 2117 1372 2146 et
1386 2114 1632 2155 Anchonitan(i)
1648 2114 1851 2147 marchiones

185 2167 220 2197 et
243 2164 380 2207 quilibet
395 2175 506 2198 eorum
529 2166 562 2198 in
585 2166 723 2198 solidum
747 2166 902 2207 fecerunt,
927 2167 1162 2198 constituerunt
1177 2169 1210 2198 et
1227 2165 1455 2198 ordinaverunt
1473 2166 1647 2199 discretum
1669 2167 1773 2200 virum
1795 2179 1848 2200 ser

184 2215 392 2249 Albertinum
415 2227 435 2249 a
457 2217 568 2249 Bobus
592 2228 704 2250 eorum
726 2219 886 2250 notarium
910 2220 1095 2260 presentem
1118 2221 1150 2250 et
1166 2217 1354 2250 mandatum
1370 2220 1485 2259 sponte
1501 2219 1730 2261 suscipientem
1753 2230 1846 2252 suum

186 2270 220 2299 et
242 2267 413 2300 cuiuslibet
436 2278 548 2300 eorum
570 2279 682 2302 verum
706 2273 740 2301 et
762 2269 942 2312 legitimum
966 2272 1224 2312 procuratorem,
1252 2272 1406 2310 actorem,
1430 2269 1598 2311 factorem,
1625 2274 1789 2313 gestorem
1813 2276 1845 2303 et

185 2319 335 2351 nuncium
359 2321 544 2362 specialem,
569 2321 754 2363 specialiter
777 2322 820 2353 ad
843 2321 1085 2364 conparendum
1103 2325 1137 2353 et
1160 2331 1196 2353 se
1212 2321 1463 2363 presentandum
1479 2323 1700 2363 procuratorio
1715 2324 1845 2355 nomine

139 2388 166 2409 ,ὅ
185 2371 330 2412 ipsorum
352 2374 385 2404 et
408 2371 578 2404 cuiuslibet
594 2379 717 2405 eorum·
731 2376 763 2405 et
786 2383 844 2415 pro
869 2373 916 2405 eis
939 2376 972 2405 et
997 2373 1142 2415 quolibet
1158 2373 1302 2414 ipsorum
1326 2382 1436 2405 coram
1458 2372 1568 2405 inclito
1591 2376 1626 2405 et
1639 2375 1844 2406 serenissimo

185 2422 330 2464 principe
354 2422 484 2455 domino
507 2423 660 2466 Lodoyco
683 2424 757 2466 Dey
779 2425 884 2466 gratia
909 2423 1129 2456 Romanorum
1152 2434 1231 2466 rege
1255 2426 1289 2456 et
1310 2434 1440 2466 semper
1461 2428 1599 2468 augusto
1622 2428 1656 2458 et
1678 2425 1721 2457 ad
1744 2426 1844 2468 supli-

185 2472 334 2514 candum,
354 2473 544 2516 petendum,
570 2474 810 2517 impetrandum
833 2480 866 2508 et
889 2475 1098 2508 obtinendum
1124 2486 1182 2517 pro
1205 2475 1252 2508 eis
1275 2478 1309 2508 et
1331 2486 1443 2508 eorum
1466 2477 1595 2510 nomine
1618 2480 1652 2510 et
1674 2478 1845 2511 cuiuslibet

185 2534 297 2556 eorum
322 2534 341 2556 a
363 2524 450 2557 dicto
473 2525 604 2557 domino
627 2537 717 2568 rege,
739 2526 800 2559 sibi
824 2526 909 2559 dicto
933 2527 1062 2559 nomine
1087 2529 1121 2558 et
1142 2526 1192 2558 his
1215 2537 1352 2568 quorum
1375 2530 1426 2559 est
1446 2532 1637 2570 procurator
1659 2540 1717 2571 per
1739 2530 1843 2572 ipsum

185 2574 351 2607 dominum
374 2586 485 2618 regem
507 2577 598 2619 regia
621 2580 655 2609 et
677 2578 837 2621 imperiali
860 2578 1055 2610 liberalitate
1079 2578 1213 2610 concedi
1241 2582 1275 2611 et
1302 2589 1362 2621 per
1388 2579 1508 2612 donum
1535 2583 1569 2612 et
1591 2581 1843 2614 munificentiam

137 2641 167 2661 «ο
185 2625 351 2658 transferri
375 2630 408 2658 et
431 2626 560 2668 elargiri
582 2628 826 2670 inperpectuum
851 2629 911 2661 sibi
936 2632 969 2661 et
991 2630 1056 2661 suis
1072 2628 1246 2661 heredibus
1269 2639 1309 2662 ea
1329 2641 1392 2674 que
1414 2631 1547 2664 inferius
1562 2634 1658 2664 certis
1680 2633 1844 2665 vocabulis

186 2677 418 2719 exprimuntur.
453 2677 565 2710 silicet
587 2678 762 2722 Rodigium
786 2683 820 2712 et
842 2683 944 2712 totum
968 2681 1037 2712 eius
1061 2681 1250 2713 comitatum
1272 2692 1345 2714 cum
1368 2682 1515 2715 omnibus
1537 2685 1602 2716 suis
1625 2685 1843 2726 pertinenciis,

288 2753 356 2782 805.
383 2755 406 2788 ¹)
425 2755 434 2781 1
451 2764 519 2782 corr.
538 2764 570 2783 ecc
588 2758 602 2782 t*
617 2766 657 2783 or.
745 2756 771 2790 ¹²)
790 2766 804 2783 s
821 2758 922 2784 videtur
939 2767 991 2784 ene
1009 2767 1077 2785 coo-r.
1095 2767 1126 2785 en
1145 2768 1161 2793 p
1179 2768 1217 2786 or.

289 2815 315 2846 1)
335 2813 378 2846 Cf.
397 2822 482 2848 supra
500 2822 542 2842 nr.
558 2817 612 2842 783.
705 2816 733 2851 2)
752 2815 795 2848 Of.
813 2816 909 2844 ‘Neues
927 2817 1041 2844 Aah-'v'
1062 2817 1180 2851 XXIX,
1199 2821 1255 2847 ⁶37.
