2184 3126
355 203 415 232 734
624 195 721 223 ACTA
740 194 853 222 anem
872 192 1055 220 LUDEWIOI
1074 192 1120 219 iv.
1139 191 1185 218 ΕΤ
1203 191 1389 219 rmnnmoi
1408 192 1458 218 111.
1494 192 1570 219 1324.
1606 191 1727 219 Nesos.

354 286 429 316 bata
451 284 575 325 plenius
598 282 787 313 continetur.
836 279 878 311 Et
904 283 940 311 ut
962 281 1157 320 appareretc
1180 277 1346 309 evidenter
1369 278 1572 318 presentibus
1600 280 1634 309 et
1655 278 1786 319 futuris,
1815 279 1962 320 regulam
1985 290 2004 311 a

353 337 450 367 beato
476 334 646 366 Francisco
679 332 798 364 editam
830 335 862 362 et
891 330 931 362 ab
962 329 1100 361 ecclesia
1127 328 1370 360 confirmatam‘¹
1394 338 1464 360 esse
1494 338 1571 360 vere
1598 328 1704 369 illam,
1734 339 1831 371 quam
1859 329 2006 362 Christus

353 385 514 428 apostolos
537 385 645 416 docuit
668 387 701 415 et
722 384 754 414 in
777 393 811 414 se
834 383 904 423 ipso
929 381 1080 422 exemplo
1103 380 1241 411 firmavit
1264 379 1372 421 quoad
1395 380 1478 411 hunc
1501 380 1682 420 articulum,
1705 380 1843 413 eandem
1858 382 2005 424 regulam

353 439 385 469 in
412 448 468 469 suo
499 439 625 468 actore0
647 435 817 466 Francisco
848 433 997 474 dignatus
1025 435 1074 463 est
1100 431 1215 463 Ihesus
1239 431 1384 463 Christus
1414 430 1556 463 bullare‘
1576 432 1781 474 stigmatibus
1810 442 1868 464 sue
1898 443 2006 465 sacra·

354 490 474 520 tissime
498 487 662 529 passionis.
709 484 825 516 &Unde
850 487 883 516 et
906 484 1016 525 paucis
1040 483 1158 524 elapsis
1174 482 1308 514 diebus¹¹
1324 492 1343 513 a
1360 482 1562 514 condicionei
1578 483 1723 515 eiusdem
1738 483 1850 527 regule
1865 484 2004 516 meruit¹¹

353 539 505 581 predictis
528 537 730 579 stigmatibus
745 535 910 577 insigniril,
933 538 970 566 ut
991 545 1054 566 non
1074 537 1277 576 presumeret
1296 533 1393 565 homo
1413 534 1559 565 mortalis
1573 537 1720 566 evertere
1735 534 1825 567 bulla
1840 535 2004 577 plumbea,

353 590 464 631 quod¹¹¹
487 588 675 620 immortalis
701 587 791 618 Deus
818 591 978 628 regnans¹²
1008 587 1039 617 in
1069 585 1139 617 celo
1167 595 1224 616 sue
1251 585 1410 626 passionis
1438 588 1471 617 et
1499 587 1601 617 crucis
1627 587 1818 628 signaculis⁰
1841 587 2003 619 stabilivit.

351 641 393 672 Et
417 651 527 672 omnes
542 639 681 670 Romani
703 638 871 679 pontifices
894 637 1140 679 predecessores
1163 637 1281 678 ipsiusp
1297 638 1331 667 et
1353 635 1446 678 plura
1469 637 1633 678 generalia
1657 638 1792 669 concilia
1815 648 1888 670 cum
1903 639 2005 672 multa

352 693 527 723 devocione
552 694 584 722 et
606 690 792 722 reverencia
814 688 958 730 predicte
983 688 1094 730 regule
1118 688 1375 719 continenciamq
1398 691 1447 719 etr
1469 691 1695 730 paupertatem
1718 689 1918 731 altissimam,
1941 701 2004 732 que

351 748 399 775 est
427 744 456 774 in
485 742 580 773 nichil
604 741 752 772 habendo
776 740 937 772 mundane
962 740 993 771 in
1016 740 1145 781 proprio
1170 739 1238 770 vel⁸
1261 739 1436 780 communi,
1464 740 1698 781 multiplicibus
1725 741 2005 774 roboracionibus‘

351 786 606 825 confirmaruntu.
652 793 714 824 Hic
738 795 846 823 autem
871 796 1061 833 oppressorv
1077 801 1255 832 pauperum
1279 794 1312 823 et
1327 791 1392 822 vite
1409 789 1528 823 Christi
1548 795 1582 823 et
1601 791 1822 833 apostolorum
1837 793 2005 826 inimicus*

350 845 495 886 predicta
519 845 625 875 omnia
648 842 885 885 parvipendens
909 853 945 874 ac
968 842 1079 873 volens
1096 841 1213 873 Christi
1238 845 1464 883 paupertatem
1487 842 1677 874 altissimam
1699 843 1741 875 de
1763 844 1872 888 medio
1889 844 2004 878 tollere

351 900 383 927 et
410 896 469 927 sub
499 897 586 927 miris
614 895 695 926 dolis
723 898 756 926 et
785 894 950 926 fraudibus
979 897 1012 925 et
1039 894 1206 925 venenatis
1236 893 1372 924 fallaciis
1402 894 1507 935 ipsam
1534 893 1679 927 totaliter
1707 895 1909 937 annullare',
1940 896 2004 929 duo

350 947 521 989 nephanda
544 950 673 986 statuta,
696 947 728 977 in
752 945 867 987 quibus
890 945 1095 976 heresiarcha
1125 948 1157 976 et
1186 945 1350 976 hereticus
1377 945 1540 986 perfectus
1572 956 1644 977 cum
1672 946 1743 978 aliis
1770 947 2006 980 assercionibus

351 999 449 1030 alias*
466 999 558 1029 factis
581 998 704 1029 notorie
729 997 946 1038 conprobatur
970 1001 1002 1028 et
1024 998 1056 1027 in
1073 997 1190 1028 Christi
1214 997 1313 1028 vitam
1335 997 1563 1038 plasphemusy
1579 1000 1613 1029 et
1635 998 1734 1029 sacris
1757 997 2004 1043 diffinicionibus

351 1054 532 1081 sanctorum
554 1050 695 1091 priorum
719 1049 905 1090 pontificum
929 1048 1166 1090 predictorum*
1189 1052 1303 1090 aperte
1333 1049 1527 1088 contrarius,
1557 1049 1783 1091 promulgavit.
1832 1050 1904 1087 Quo
1927 1061 2004 1083 con-

352 1102 537 1132 stituciones
564 1101 668 1141 ipsum
697 1101 777 1131 sicut
799 1100 1004 1131 manifestum
1030 1100 1208 1131 hereticum
1239 1103 1273 1131 et
1302 1099 1343 1131 de
1374 1100 1632 1141 composicione·
1655 1100 1791 1133 ecclesie
1818 1102 2004 1143 pree-inumb

350 1152 497 1183 incidisse
521 1153 553 1183 in
576 1152 695 1183 factum
724 1151 931 1193 dampnatum
961 1151 1113 1183 hereseos
1144 1155 1177 1183 et
1208 1162 1266 1193 per
1289 1161 1491 1193 consequens
1517 1151 1559 1183 ab
1590 1153 1677 1183 omni
1700 1155 1785 1184 statu
1811 1153 2004 1194 prelacionis

351 1203 531 1244 depositum
567 1204 756 1234 eieceruntc.
816 1203 926 1234 Prima
964 1203 1153 1234 constitucio
1189 1206 1238 1234 est
1271 1203 1477 1245 promulgata
1507 1214 1567 1245 per
1603 1204 1709 1245 ipsum
1746 1205 1778 1235 in
1813 1204 2003 1245 Aviniomd,

349 1255 420 1287 VI.²
437 1255 513 1286 Idus
536 1255 725 1286 Decembris
734 1254 752 1295 f,
784 1255 955 1286 millesimo
985 1255 1213 1286 trecentesimo
1236 1249 1390 1287 vicesimo
1413 1254 1587 1296 secundm,
1620 1265 1683 1297 que
1706 1255 1819 1297 incipit
1839 1255 1905 1288 ‘Ad
1927 1266 2003 1288 con-

349 1306 535 1338 ditoremh’.
581 1307 618 1337 In
643 1307 731 1337 cuius
755 1307 993 1337 constitucionis
1024 1309 1153 1338 textura
1183 1317 1280 1348 quam
1302 1307 1434 1345 viliteri,
1465 1317 1562 1349 quam
1589 1307 1698 1348 inepte
1734 1309 1769 1338 et
1789 1307 2005 1340 irreverenter

349 1358 390 1389 ad
420 1358 562 1389 dictumk
591 1358 734 1389 ordinem
766 1358 983 1399 professorem
1018 1358 1173 1389 altissime
1203 1359 1405 1400 paupertatis
1436 1361 1469 1390 et
1503 1368 1601 1400 quam
1632 1358 1776 1390 heretice
1804 1358 2005 1391 contradicat

350 1409 585 1441 constitucionil
613 1409 776 1441 katholice
807 1409 910 1441 felicis
938 1409 1173 1441 recordacionis
1202 1409 1323 1441 domini
1350 1409 1515 1452 Nycolaim
1545 1410 1636 1442 tercii
1664 1413 1698 1442 et
1726 1409 2004 1442 declaracionibus

349 1461 563 1502 predictorum
587 1461 783 1502 pontificum,
805 1464 896 1502 patet
918 1461 1045 1493 lucide¹¹
1068 1462 1250 1503 perlegenti
1259 1466 1282 1493 ⁰.
1327 1461 1370 1493 Et
1392 1462 1424 1493 in
1447 1462 1518 1503 ipsa
1541 1462 1772 1494 constitucione
1794 1463 1947 1494 involvit?
1969 1465 2004 1495 et

349 1513 531 1544 confunditq
554 1513 672 1544 multas
702 1514 881 1545 sentencias
911 1513 988 1544 iuris
1012 1517 1044 1545 et
1066 1514 1297 1555 phylosophie'
1321 1517 1353 1546 et
1382 1516 1491 1545 nostre
1517 1514 1594 1545 fidei
1621 1524 1686 1545 non
1713 1517 1777 1546 tam
1802 1513 2002 1546 sermonibus

347 1564 503 1605 imperitis
537 1574 633 1605 quam
668 1564 818 1596 hereticis
852 1567 885 1596 et
916 1565 1062 1596 insanis⁸.
1122 1565 1165 1596 Et
1197 1566 1256 1597 ex‘
1289 1576 1499 1607 personarum
1533 1565 1714 1598 defectibus
1747 1566 1936 1607 insipienter
1968 1569 2003 1598 et

348 1615 489 1646 heretice
514 1616 637 1656 arguitu
655 1618 765 1646 contra
781 1618 899 1647 statum
916 1616 1079 1658 religionis
1091 1616 1251 1648 Minorum
1268 1617 1402 1648 fratrum
1420 1617 1539 1649 Christi
1554 1617 1815 1658 inmitatorium*‚
1840 1617 2003 1658 devotum,

349 1666 545 1697 katholicum
576 1670 607 1697 et
636 1666 816 1698 sublimem.
875 1667 917 1698 Et
948 1668 979 1698 in
1008 1678 1160 1710 magnum
1190 1668 1399 1710 obprobrium
1426 1669 1526 1710 ipsius
1556 1668 1675 1700 ordinis
1709 1671 1743 1700 et
1776 1669 2004 1701 contumeliam

349 1718 463 1748 summi
487 1718 679 1759 legislatoris
696 1718 814 1750 domini
825 1724 844 1737 w
861 1719 959 1750 Ihesu
975 1719 1093 1751 Christi
1117 1730 1176 1761 per
1192 1720 1418 1752 cavillaeiones
1441 1721 1549 1762 legum
1573 1721 1753 1762 principum
1769 1720 2004 1752 mundanorum

348 1769 456 1799 nititur
479 1769 576 1810 ipsius
601 1769 744 1810 perfecta
765 1770 906 1810 consilia,
932 1781 995 1812 que
1019 1771 1118 1802 verbo
1143 1771 1252 1803 docuit
1275 1776 1308 1803 et
1331 1772 1483 1814 exemplo
1505 1772 1654 1812 firmavit,
1677 1775 1844 1814 tamquam
1866 1769 2003 1814 inpossi-

349 1820 425 1851 bilia
449 1821 631 1862 denigrare,
661 1822 759 1853 immo
783 1823 889 1853 verius
920 1826 955 1854 ut
982 1823 1165 1854 hereticus¹
1188 1824 1347 1865 anullare,
1375 1834 1439 1855 non
1466 1823 1652 1864 attendens,
1685 1822 1771 1865 quod
1803 1824 1927 1855 omnis&
1948 1823 2003 1856 lex

348 1871 487 1903 humana
516 1872 633 1904 Christi
663 1874 801 1904 consiliis
833 1877 898 1905 estz
928 1874 1083 1906 subiecta.
1139 1875 1201 1906 Eta
1229 1875 1313 1907 hunc
1343 1879 1462 1907 statum
1493 1876 1533 1907 de
1563 1875 1701 1917 simplici
1730 1885 1790 1906 usu
1819 1874 1897 1906 facti
1925 1885 2002 1917 sepe

348 1924 473 1954 vocavit
508 1927 539 1955 et
568 1928 660 1956 vocat
687 1925 717 1955 in
746 1925 810 1955 suis
838 1926 1093 1957 assercionibusb
1122 1927 1406 1968 mathematicum,
1441 1927 1672 1969 ypocritalem⁰
1702 1929 1736 1958 et
1768 1925 2002 1968 deceptorium,

348 1975 587 2015 inpossibilemd
611 1976 651 2007 ad
682 1977 873 2008 servandum
898 1981 930 2008 et
954 1978 1092 2018 nullum,
1125 1982 1158 2010 et
1180 1978 1324 2011 heretice
1348 1979 1536 2020 affirmavit,
1567 1978 1652 2020 quod
1681 1978 1755 2010 talis
1778 1978 2002 2020 expropriacio

348 2027 377 2056 in
402 2028 570 2067 communi⁷
595 2038 690 2068 quam
709 2027 852 2059 Christus
869 2031 901 2060 et
919 2029 1057 2070 apostoli
1081 2034 1290 2062 servaverunt
1306 2034 1338 2063 et
1354 2030 1471 2062 fratres
1485 2031 1628 2062 Minores
1643 2031 1787 2071 ipsorum
1802 2030 2003 2061 inmitatores

349 2076 534 2118 observant,
570 2089 632 2110 non
664 2082 712 2110 est
741 2079 915 2120 perfectior
943 2084 1027 2111 statu
1055 2081 1190 2112 aliorum
1223 2082 1434 2124 collegiorum
1462 2081 1655 2114 habencium
1682 2081 1715 2113 in
1744 2082 1914 2119 communi,
1948 2081 2003 2123 qui

451 2170 516 2196 909.
546 2172 568 2204 ⁰)
587 2178 693 2206 apparet
711 2174 734 2198 A
747 2174 769 2199 1.
780 2173 803 2199 2.
814 2174 838 2199 3.
849 2174 872 2200 4.
883 2175 907 2200 5.
927 2175 985 2200 132.
1066 2175 1090 2208 d)
1110 2177 1278 2210 approbatam
1298 2177 1322 2201 A
1333 2176 1357 2202 4.
1439 2175 1462 2210 θ)
1481 2181 1584 2203 auctore
1603 2177 1627 2201 A
1638 2175 1663 2202 4.
1673 2176 1697 2202 5.
1778 2175 1798 2208 f)
1815 2177 1924 2202 bullatis
1941 2176 2002 2203 Aa.

349 2213 372 2244 s)
392 2214 490 2245 signum
498 2216 663 2247 paragraphi
674 2216 702 2241 in
714 2217 739 2241 B
747 2215 771 2241 2.
832 2216 857 2248 h)
870 2218 961 2243 diebus
973 2219 1068 2251 elapsis
1079 2219 1104 2243 B
1113 2218 1137 2244 2.
1197 2218 1215 2251 i)
1227 2220 1358 2245 conditore
1371 2220 1396 2252 A
1406 2219 1430 2246 5.
1483 2218 1509 2251 k)
1521 2220 1644 2245 meruerit
1653 2219 1678 2244 A
1688 2219 1712 2245 5.
1764 2218 1784 2251 ¹)
1796 2220 1933 2253 insinguiri
1945 2219 2001 2246 132.

348 2255 380 2286 m)
398 2264 474 2287 quam
494 2258 517 2280 A
528 2256 552 2282 4.
647 2258 673 2289 ¹¹)
692 2268 822 2292 rengnans
840 2261 865 2285 B
876 2259 900 2285 2.
1000 2262 1024 2293 ⁰)
1044 2262 1204 2295 singnaculis
1222 2262 1282 2288 ΒΞ.
1381 2263 1407 2295 P)
1426 2263 1500 2288 istius
1518 2262 1543 2288 A
1557 2262 1583 2289 3.
1592 2262 1618 2288 5.
1717 2262 1742 2294 ι1)
1761 2263 1924 2288 continencia
1942 2261 2002 2288 As.

350 2298 370 2328 ¹¹)
390 2307 434 2330 per
453 2300 475 2323 A
486 2299 510 2324 4.
519 2300 542 2325 5.
629 2302 649 2332 ⁸)
668 2302 694 2326 in
713 2303 774 2328 add.
794 2303 817 2326 A
831 2302 855 2328 4.
868 2303 891 2329 5.
975 2304 994 2335 t)
1014 2306 1156 2331 rationibus
1175 2306 1199 2330 A
1212 2305 1237 2331 4.
1251 2305 1275 2331 5.
1293 2306 1319 2331 B
1330 2305 1355 2331 2.
1438 2307 1464 2337 ἰ)
1481 2307 1700 2331 confirmaverunt
1718 2305 1743 2331 A
1757 2305 1781 2331 4.
1794 2305 1819 2332 5.
1901 2305 1927 2338 v)
1945 2306 2000 2330 low

350 2349 482 2373 oppressor
493 2344 651 2369 —inimicus
670 2345 692 2368 Α
706 2344 738 2369 4:
762 2346 890 2378 predictus
909 2347 1027 2372 dominus
1046 2348 1182 2374 lohannes.
1271 2349 1302 2380 w)
1320 2349 1436 2374 anullare
1456 2349 1480 2374 B
1496 2349 1516 2375 l.
1530 2348 1554 2374 2.
1647 2349 1674 2382 ²)
1692 2349 1751 2374 aliis
1770 2348 1795 2373 A
1807 2347 1832 2374 5-
1850 2347 1912 2374 BJ-
1925 2347 1957 2379 23
1976 2352 2002 2374 θῒ

349 2383 406 2407 aliis
426 2385 448 2407 A
463 2384 485 2409 1.
583 2386 608 2416 y)
627 2387 790 2420 plasphemiis
809 2389 833 2413 A
847 2388 877 2420 2;
897 2390 1037 2416 blasfemus
1055 2391 1079 2415 A
1092 2391 1120 2422 4;
1139 2392 1306 2425 blasphemus
1319 2392 1344 2416 A
1355 2393 1379 2418 5.
1397 2391 1457 2418 132.
1556 2391 1580 2428 ¹)
1600 2392 1669 2418 decet
1686 2392 1710 2417 Δ
1721 2391 1746 2418 4.
1854 2391 1878 2423 ⁵)
1896 2399 2002 2424 ωΥΡΟΥθ

351 2426 373 2449 Α
389 2426 410 2450 1.
423 2426 447 2451 4.
461 2426 484 2452 5.
581 2427 605 2460 b)
625 2431 763 2461 prescisum
782 2432 806 2456 A
820 2431 844 2457 5.
942 2433 964 2465 c)
983 2434 1125 2460 eiesserunt
1144 2435 1167 2459 A
1178 2434 1202 2461 5.
1309 2434 1334 2467 d)
1352 2436 1452 2461 Avione
1471 2436 1495 2460 A
1509 2435 1533 2461 3.
1642 2435 1665 2468 θ)
1683 2439 1756 2461 sexto
1774 2435 1799 2459 Δ
1815 2435 1836 2460 l·
1847 2433 1877 2465 35
1896 2435 1920 2459 V
1937 2434 1963 2459 B
1973 2433 2000 2460 2-

350 2467 368 2498 f)
386 2477 453 2493 anno
471 2471 573 2495 Domini
592 2472 651 2496 add.
672 2473 695 2496 A
709 2473 732 2498 4.
746 2474 770 2499 5.
864 2475 888 2506 Β)
907 2476 1074 2502 MCCCXXII
1093 2478 1117 2502 A
1133 2478 1155 2503 l.
1168 2477 1192 2503 4.
1205 2478 1229 2504 5.
1248 2478 1273 2502 B
1285 2477 1314 2509 ἒς
1337 2479 1401 2504 mill.
1415 2479 1527 2504 CCCXX
1545 2479 1657 2504 secundo
1676 2478 1701 2503 A
1713 2477 1738 2503 3.
1825 2476 1852 2509 1¹)
1871 2485 2000 2503 canonum

350 2511 411 2536 add.
432 2512 455 2535 A
469 2512 493 2537 4.
506 2512 530 2538 5.
625 2513 643 2546 i)
663 2517 769 2542 viriliter
788 2518 811 2541 A
824 2518 848 2543 3.
944 2518 969 2550 k)
989 2524 1132 2545 nostrum
1152 2521 1175 2545 A
1192 2521 1213 2546 1.
1227 2520 1259 2551 2;
1284 2522 1442 2554 praedictum
1462 2522 1486 2547 A
1499 2521 1524 2548 4.
1538 2521 1561 2547 5.
1659 2520 1678 2552 ¹)
1696 2522 1909 2547 constitucionem
1927 2521 1952 2545 A
1965 2519 1998 2550 Ξῖ

349 2554 375 2578 in
394 2563 460 2580 corr.
480 2556 503 2579 A
514 2555 537 2581 3.
638 2558 669 2589 ¹¹¹)
689 2559 805 2584 Nicholai
824 2560 848 2584 A
862 2560 886 2586 4.
897 2561 921 2586 5.
1021 2562 1046 2594 ¹¹)
1066 2563 1180 2588 lucidum
1199 2565 1223 2588 A
1237 2564 1261 2589 4.
1362 2563 1387 2598 ⁰)
1405 2573 1450 2598 per
1468 2565 1551 2598 legem
1570 2565 1595 2590 A
1610 2565 1633 2590 l.
1738 2564 1763 2596 Ρ)
1781 2564 1881 2589 ῙΙΝΟῙΥῘ
1899 2563 1924 2588 A
1937 2562 1962 2590 4·
1974 2562 1999 2589 5·

349 2596 372 2626 ¹³)
392 2598 513 2623 confundi
534 2599 558 2623 A
571 2599 595 2624 4.
609 2600 632 2625 5.
702 2601 723 2632 ¹¹)
742 2603 917 2636 phylosophye
937 2605 959 2628 A
975 2605 1001 2636 13
1020 2606 1179 2639 philosophie
1197 2607 1221 2631 A
1232 2606 1262 2637 2;
1281 2608 1422 2641 prophetye
1436 2608 1460 2632 A
1470 2607 1494 2633 4.
1567 2608 1588 2640 Β)
1607 2609 1634 2633 in
1649 2607 1654 2640 Ι
1670 2608 1745 2633 famis
1757 2607 1782 2632 B
1792 2606 1815 2633 l.
1885 2606 1905 2637 t)
1922 2607 1999 2632 Rfi'oe·

349 2639 418 2664 tibus
439 2642 525 2672 pravis
544 2646 568 2666 et
587 2643 647 2668 add.
667 2644 690 2667 A
704 2643 727 2669 4.
740 2645 763 2669 5.
860 2646 885 2677 u)
904 2651 998 2680 argunt
1017 2649 1042 2672 A
1054 2648 1078 2674 2.
1175 2650 1199 2683 v)
1219 2650 1255 2675 sic
1273 2650 1296 2675 A
1309 2650 1391 2677 1—5.
1411 2651 1436 2676 B
1449 2651 1479 2682 13
1498 2652 1655 2677 imitatorum
1674 2650 1735 2681 B2;
1755 2654 1780 2676 et
1798 2650 1861 2676 add.
1880 2649 1949 2680 B1;
1969 2649 1999 2686 in

350 2682 412 2708 aasz.
431 2683 455 2707 B
468 2684 492 2708 2.
563 2684 592 2716 w)
611 2686 678 2710 deest
691 2687 714 2710 A
726 2687 748 2712 4.
760 2687 784 2713 5
854 2690 879 2721 x)
899 2691 1063 2716 mhemticus
1082 2693 1150 2718 deest
1163 2692 1221 2719 A4.
1292 2693 1317 2725 y)
1336 2694 1404 2719 deest
1417 2693 1475 2719 A4.
1546 2694 1570 2726 2)
1589 2695 1621 2719 sit
1640 2693 1665 2718 A
1677 2693 1699 2720 1.
1709 2692 1734 2719 3.
1813 2693 1838 2725 ⁸)
1856 2693 1926 2718 deut
1938 2691 1998 2718 A3·

351 2724 373 2756 b)
392 2727 550 2752 sermonibus
570 2728 593 2751 A
608 2728 632 2753 5.
721 2730 742 2762 ρ)
760 2733 898 2764 ypocritale
918 2734 940 2757 A
954 2734 974 2759 1.
986 2733 1009 2759 2.
1020 2733 1044 2759 3.
1058 2735 1083 2759 Β
1094 2735 1115 2761 l.
1204 2735 1230 2769 d)
1248 2737 1406 2769 impossibile
1425 2737 1449 2762 A
1461 2737 1484 2763 1.
1498 2736 1523 2763 2.
1533 2736 1556 2763 3.
1567 2737 1592 2762 4.

454 2802 478 2834 1)
499 2810 520 2828 c.
535 2806 550 2829 3
569 2803 680 2830 Entrav.
695 2805 748 2831 ΙοΙι.
764 2806 867 2833 XXII.
888 2812 930 2840 14;
948 2809 964 2835 l.
978 2818 998 2835 c.
1018 2810 1045 2843 V,
1060 2814 1109 2838 233
1128 2819 1168 2837 nr.
1182 2815 1240 2839 486.

2022 755 2049 776 10

2022 1009 2049 1029 15

2017 2306 2046 2326 ⁴0

2016 2734 2041 2754 5⁰
