2190 3172
407 183 504 213 ACTA
522 183 636 211 REGNI
653 182 837 212 LUDEWIOI
855 182 903 211 IV.
922 182 967 210 m·
986 182 1172 211 FRIDERICI
1189 183 1239 210 111.
1276 183 1351 211 1815.
1387 183 1436 211 Nr.
1449 183 1507 212 240.
1525 183 1584 211 241.
1603 183 1662 211 242.
1797 188 1859 218 209

211 271 462 315 promptioribus
491 274 661 314 assurgunt
689 270 804 303 animis
832 273 866 302 et
893 270 926 302 in
953 271 1131 302 constantia
1159 269 1339 303 devotionis
1367 275 1400 303 et
1425 270 1502 303 fidei
1533 272 1666 303 maioris
1695 271 1861 304 ardentius

211 324 425 356 inflamantur.
469 327 543 355 Hinc
565 329 610 356 est
631 327 707 362 quod
729 325 915 362 prudentibus
938 325 1006 353 viris
1028 326 1137 354 civibus
1155 326 1261 354 nostris
1284 328 1314 354 et
1335 327 1447 362 imperii
1470 327 1501 355 in
1516 327 1686 362 nagenowe.
1710 328 1859 355 fidelibus*

212 380 324 408 dilectis
346 381 463 416 propter
489 379 682 414 incorruptam
707 378 772 406 fidei
799 386 849 406 sue
876 377 1084 410 constanciam,
1116 386 1173 412 qus
1199 386 1268 414 erga
1290 387 1341 406 nos
1363 380 1394 406 et
1415 387 1525 406 sacrum
1549 379 1698 414 imperium
1722 379 1859 407 hactenns

213 432 375 460 claruerunt
401 433 431 460 et
457 431 494 459 sd
523 439 639 466 presens
661 430 796 463 clnrent*,
819 429 856 457 sd
877 429 968 456 instas
990 429 1119 457 divorum
1141 429 1345 465 imperatorum
1372 432 1402 459 et
1424 430 1614 459 Romanorum
1641 439 1738 466 regum
1763 431 1859 466 prede-

181 489 193 508 ῦ
211 491 353 512 cessorum
378 484 540 511 nostrornm
569 482 722 510 illustrium
749 481 896 517 ungeltum
923 481 1048 509 civitatis
1076 481 1166 516 ipsius
1199 481 1228 509 in
1261 491 1327 510 usus
1355 482 1480 510 eiusdem
1509 483 1635 510 civitatis
1662 491 1713 518 pro
1739 483 1859 511 arbitrio

210 535 349 563 dictorum
372 534 474 563 civium
490 534 627 562 donamus
650 535 680 562 et
702 533 880 562 concedimus
903 531 1062 570 perpetue
1086 534 1306 561 convertendum
1335 537 1366 562 et
1391 536 1621 569 predecessorum
1646 537 1807 563 nostrorum
1830 535 1859 563 in

210 595 244 616 eo
271 587 362 615 faeta·
383 586 494 622 grania·
517 586 721 614 confirmemus.
764 585 897 614 Preteres.
920 585 1016 612 omnia
1037 581 1107 612 iura
1129 584 1163 612 et
1184 585 1335 621 privilegis,
1357 595 1453 614 eorum
1475 594 1494 613 s
1516 586 1739 622 quibuscumque
1762 587 1859 622 prede-

209 637 369 668 cessoribus
382 637 498 666 --nestris
526 637 596 673 ipsis
622 637 734 665 indulto.
757 645 806 664 sen
829 644 962 665 concessa
984 637 1077 671 quoad
1099 637 1261 670 libertates,
1284 637 1418 670 honores,
1447 638 1558 673 gracias
1587 637 1620 665 et
1642 638 1860 666 consuetudines

209 685 364 718 haetenus
387 684 473 727 apud
495 685 582 727 ipsos
605 685 692 717 cives
714 684 848 716 usitatas
877 686 910 716 et
931 688 1118 724 approbatas,
1146 689 1206 716 sive
1228 684 1452 717 universaliter
1476 684 1624 717 omnibus
1647 690 1728 718 facts
1750 690 1809 717 sint
1831 690 1861 717 in

158 746 193 768 w
209 749 313 777 genere
335 741 394 769 sive
421 736 626 779 singulariter
651 736 823 778 unicuique
850 735 991 778 ipsorum
1019 740 1049 767 in
1069 740 1175 776 specie,
1203 736 1434 778 approbamus,
1462 737 1656 769 ratificamus
1679 742 1712 769 et
1734 751 1769 770 ex
1791 742 1859 770 libe-

210 793 325 822 ralite-te
341 793 420 829 regis.
439 793 643 821 confirmamus.
680 792 724 820 Ad
738 792 791 820 hec
805 792 949 828 premissis
963 792 1067 828 graciis
1089 792 1215 828 graciam
1238 792 1374 820 adicimus
1398 793 1557 828 specialem¹
1579 794 1655 828 quod
1678 803 1729 822 nec
1752 796 1860 821 stnmm

209 853 228 873 a
249 844 384 881 predictis
406 843 514 872 civibus
537 843 701 872 solvendam
723 852 773 871 seu
794 843 944 872 Iudeorum
967 845 1061 871 sturae
1082 843 1154 871 inibi
1169 845 1375 872 comm-antium
1391 845 1476 873 alicui
1499 845 1533 873 de
1557 848 1652 873 cetero
1676 845 1706 873 in
1729 847 1792 874 toto
1814 846 1861 873 vel

209 896 240 925 in
255 898 337 932 parte
351 905 409 924 non
425 895 599 931 obligemus
614 895 708 931 tytulo
731 895 844 923 feodali.
911 895 988 923 Nulli
1011 903 1078 931 ergo
1102 896 1216 923 omnino
1239 895 1385 923 hominum
1408 895 1494 925 liceat
1516 897 1590 925 hunc
1612 898 1747 933 paginam
1762 899 1860 925 nostre

209 948 372 977 donationis
395 949 425 976 et
447 947 668 976 confirmationis
690 946 845 983 infringere
868 947 913 974 vel
937 947 964 975 ei
986 947 1015 974 in
1038 947 1136 982 aliquo
1162 956 1232 975 ausu
1255 947 1407 975 temerario
1423 948 1573 976 contr-sire.
1618 948 1647 976 Si
1677 949 1740 983 quis
1763 951 1860 976 sutem

159 1004 192 1028 ευ
209 1000 264 1028 hoc
285 1001 457 1035 attemptare
485 999 705 1035 presumpserit,
734 998 962 1035 indignationem
988 1001 1116 1027 nostram
1146 999 1343 1034 gravissimam
1367 1008 1396 1027 se
1419 999 1532 1027 noverit
1554 1000 1740 1028 incursurum.
1829 1001 1861 1028 In

210 1051 289 1080 ouius
316 1051 358 1080 rei
384 1051 579 1080 testimonium
602 1052 748 1086 presentes
771 1050 872 1078 exinde
895 1050 1034 1079 conscribi
1057 1052 1086 1078 et
1108 1051 1268 1079 maiestatis
1290 1053 1388 1079 nostre
1411 1051 1506 1086 sigillo
1529 1052 1661 1079 iussimus
1684 1052 1860 1080 communiri.

316 1103 421 1131 Datum
442 1098 533 1131 XVI.
550 1097 687 1130 Kalend.
705 1097 837 1140 Aprilis,
860 1111 935 1130 anno
951 1102 1065 1130 Domini
1088 1102 1238 1130 millesimo
1254 1102 1320 1130 000
1342 1103 1565 1137 quintodecimo,
1587 1104 1669 1139 regni
1686 1113 1752 1132 vero
1768 1104 1860 1132 nostri

211 1163 286 1183 enno
307 1163 407 1191 primo.

624 1238 710 1275 241.
751 1237 973 1284 Privileqium
1000 1238 1156 1274 alterum.
1261 1239 1372 1275 Mart.
1391 1241 1448 1275 17.

167 1328 193 1349 ω
323 1313 421 1354 Copia
437 1314 490 1355 (c.)
506 1313 541 1345 in
556 1313 706 1354 Copiario
719 1312 786 1344 ΑΛ
797 1312 840 1343 99
851 1323 884 1352 p.
897 1313 940 1344 38
955 1311 1110 1344 tabularii
1125 1313 1264 1345 civitatis
1278 1312 1533 1354 Haymowensis.
1551 1331 1590 1337 —
1614 1313 1677 1345 Ed.
1693 1313 1728 1346 J.
1740 1313 1863 1346 Becker

211 1365 446 1406 '‘Mitteilunqen
460 1365 516 1397 der
533 1363 742 1405 Gesellschaft
753 1364 810 1404 fiir
823 1363 1006 1405 Erhaztuny
1017 1364 1271 1405 qeschichtlicher
1285 1364 1477 1397 Denkma'ler
1491 1365 1536 1397 im
1551 1364 1668 1405 Elsafl’
1683 1365 1781 1404 XXI,
1796 1366 1863 1398 378

211 1428 262 1450 nr.
278 1418 308 1449 4.
352 1417 535 1449 Editionem
555 1416 732 1456 repetimus.

217 1476 225 1511 Ι
318 1472 464 1511 Bolum,
487 1472 562 1513 Rey.
578 1471 691 1504 Ludw.
711 1482 744 1512 p.
760 1472 823 1503 331
846 1471 1014 1504 Friedrich
1036 1482 1086 1504 nr.
1101 1473 1175 1504 261.

319 1530 408 1571 Quae
434 1528 623 1561 concordant
656 1539 727 1560 cum
755 1519 881 1568 scripto
909 1527 1071 1560 Ludewici
1102 1538 1201 1568 supra
1234 1539 1282 1560 nr.
1302 1529 1381 1567 216,
1415 1538 1453 1560 ea
1485 1529 1571 1570 typis
1599 1528 1775 1561 minoribus
1803 1539 1859 1561 ezc-

167 1594 193 1615 ss
211 1591 306 1614 cussa
326 1583 412 1613 sunt.

316 1661 501 1694 Friderious
524 1665 577 1693 Dei
598 1665 695 1701 gracia
719 1665 910 1693 Romanorum
937 1674 986 1694 rex
1010 1674 1121 1701 semper
1143 1668 1279 1701 augustus
1367 1666 1507 1694 universis
1530 1662 1612 1694 sacri
1635 1661 1774 1694 Romani
1798 1663 1858 1694 im-

210 1716 292 1759 perii
313 1713 463 1747 fidelibus
485 1720 631 1754 presentes
654 1717 766 1746 litteras
788 1717 958 1753 inspecturis
1044 1718 1170 1754 graciam
1193 1727 1272 1746 susm
1295 1721 1325 1746 et
1347 1727 1430 1746 omne
1452 1719 1567 1746 bonum.

317 1770 553 1812 Promptitudinis
582 1769 721 1798 indefesse
751 1771 849 1805 gratos
882 1769 1018 1804 obsequio
1053 1772 1083 1798 et
1115 1770 1251 1805 probatos
1284 1770 1349 1798 fidei
1382 1771 1509 1806 puritate
1537 1771 1671 1799 convenit
1704 1770 1858 1798 fluctuosis

210 1826 308 1852 nostre
329 1822 521 1851 munificentie
550 1821 694 1850 favoribus
721 1821 873 1857 preveniri.
919 1821 992 1849 Hinc
1015 1823 1059 1849 est
1081 1821 1157 1856 quod
1179 1822 1332 1857 prudentes
1356 1823 1431 1850 viros
1459 1823 1535 1850 cives
1558 1825 1670 1850 nostros
1693 1824 1723 1849 et
1745 1821 1859 1857 imperii

168 1882 194 1903 so
210 1875 242 1903 in
267 1875 440 1911 Hsgenowe,
468 1874 564 1902 fideles
590 1875 703 1902 nostros
730 1873 862 1906 dilectos,
894 1875 1012 1909 propter
1038 1873 1230 1909 incomptam
1260 1874 1326 1902 fidei
1353 1883 1403 1902 sue
1431 1875 1652 1906 constsnciam‘.
1675 1874 1705 1901 in
1728 1874 1856 1901 sublen-

210 1927 318 1956 tionem
333 1926 493 1955 debitorum
509 1934 622 1954 suorum
638 1934 672 1954 ex
688 1927 770 1961 purte
785 1925 897 1960 imperii
913 1926 1144 1953 contractorum·
1167 1921 1240 1953 hinc
1257 1932 1358 1963 usque
1381 1922 1423 1953 ud
1446 1922 1568 1954 instans
1591 1921 1709 1954 festum
1724 1921 1855 1953 Martini

212 1973 355 2017 episcopi
381 1976 414 2006 et
443 1973 561 2006 abinde
589 1986 640 2012 per
667 1977 813 2005 biennium
842 1977 1029 2004 continuum*
1057 1977 1093 2004 sb
1123 1977 1199 2004 omni
1226 1980 1318 2010 stura..
1341 1978 1489 2006 exactione
1513 1987 1562 2006 seu
1585 1978 1715 2013 quolibet
1737 1977 1858 2006 servicio

210 2030 379 2058 dimittimus
406 2031 435 2058 et
463 2038 574 2057 exnunc
600 2029 719 2057 dicimus
747 2031 776 2057 et
803 2029 922 2056 fecimus
949 2029 1053 2057 liberos
1082 2030 1112 2056 et
1140 2029 1257 2057 solutos.
1302 2029 1438 2057 Volumus
1461 2030 1562 2063 etism,
1584 2038 1620 2058 ne
1642 2030 1694 2057 bec
1716 2029 1757 2057 eis
1781 2029 1860 2056 §sets

209 2081 306 2118 grscis.
328 2081 359 2109 in
380 2083 525 2116 posterum
547 2081 578 2108 in
599 2080 778 2116 dispendium
800 2082 991 2112 convertatur.
1014 2089 1049 2108 ne
1073 2082 1139 2115 post
1162 2081 1271 2116 lapsum
1293 2081 1363 2108 dicti
1386 2081 1494 2109 biennii
1509 2091 1559 2117 per
1586 2090 1638 2108 nos
1654 2090 1705 2109 seu
1719 2081 1859 2108 officiatos

167 2139 192 2160 ⁸³
210 2135 331 2167 nostros,
354 2133 404 2168 qui
426 2141 477 2168 pro
500 2134 627 2168 tempore
650 2132 765 2165 fixerint,
788 2132 864 2159 ultr-n¹
887 2134 1052 2160 consuetum
1075 2134 1182 2159 sturnm
1206 2135 1236 2160 et
1258 2133 1344 2160 solita.
1366 2133 1486 2161 servicis.
1509 2132 1722 2168 quomodolibet
1745 2141 1857 2168 pregra-

211 2187 320 2213 ventur.
365 2185 437 2212 Item
460 2185 494 2212 de
517 2184 613 2220 gracia
636 2184 753 2219 speciali
776 2192 810 2212 ex
833 2184 1006 2212 liberalitate
1029 2184 1108 2219 regis·
1130 2184 1265 2219 predictis
1288 2185 1396 2212 civibus
1416 2185 1595 2212 concedimus
1612 2187 1641 2212 et
1657 2184 1858 2220 permittimus,

211 2238 244 2264 ut
272 2235 366 2264 edulio
395 2236 425 2264 in
455 2244 535 2264 sacru
563 2235 671 2263 foresta
700 2235 730 2263 in
753 2237 834 2270 parte
857 2244 909 2263 nos
932 2235 1110 2271 contingenti
1133 2244 1184 2271 per
1206 2235 1364 2271 predictum
1387 2236 1532 2264 biennium
1555 2236 1643 2264 libere
1666 2236 1857 2271 perfruantur.

212 2288 244 2315 In
267 2287 345 2315 cuius
367 2287 409 2315 rei
429 2287 622 2316 testimonium
644 2289 790 2322 presentes
810 2287 911 2316 exinde
931 2287 1069 2315 conscribi
1093 2289 1123 2315 et
1137 2288 1295 2316 maiestati·
1311 2290 1408 2316 nostre
1424 2289 1519 2324 sigillo
1534 2289 1666 2316 iussimus
1681 2288 1859 2316 communiri.

317 2339 422 2367 Datum
437 2334 529 2367 XVI.
541 2333 679 2366 Kalend.
690 2335 804 2377 April„
820 2347 895 2367 anno
907 2339 1021 2367 Domini
1033 2337 1130 2366 MCCC
1145 2340 1365 2374 quintodecimo.
1381 2341 1461 2376 regni
1477 2350 1543 2369 vero
1559 2340 1649 2368 nostri
1665 2348 1740 2367 anno
1756 2340 1857 2375 primo.

167 2516 195 2537 «ο
324 2557 326 2559 ¹
451 2507 536 2544 242.
576 2507 734 2544 Litterae
761 2508 808 2543 ad
833 2508 1000 2544 civitatem
1029 2509 1329 2546 Constantiensem.
1433 2510 1544 2546 Mart.
1563 2512 1622 2546 18.

325 2580 486 2622 Oriys'nale
501 2580 576 2624 (or.)
592 2581 629 2613 in
643 2581 801 2614 tabulario
814 2582 954 2622 ymen-ali
968 2582 1194 2615 Karlsruhano
1210 2582 1317 2615 ‘Select
1331 2583 1387 2615 der
1402 2583 1699 2616 Kaisencrkunden’
1721 2596 1771 2616 nr.
1784 2586 1855 2617 174.

210 2631 448 2673 Descripsimus
476 2643 542 2665 nos.
602 2633 645 2664 In
672 2643 758 2665 verso
781 2632 906 2674 legitur:
944 2634 1030 2666 Viris
1060 2634 1271 2676 prudentibus
1295 2658 1326 2666 ..
1352 2635 1517 2676 magistro,
1541 2660 1547 2667 .
1566 2660 1573 2667 .
1597 2636 1742 2668 ministro
1766 2641 1799 2668 et
1823 2661 1830 2668 .
1849 2661 1856 2668 .

211 2683 393 2716 consulibus
416 2684 554 2717 civitatis
577 2684 798 2717 Constsncien.
821 2684 972 2718 fidelibus
993 2687 1109 2718 nostris
1132 2685 1267 2719 dilectis.
1317 2686 1423 2727 Siqsua·
1445 2687 1537 2718 dorso
1559 2688 1705 2727 impressi
1727 2689 1857 2729 oestn'yo'a

212 2735 340 2768 adsunt.
363 2754 405 2760 --
428 2735 597 2768 Inedieum.

167 2798 194 2820 ὣ
321 2791 370 2831 Cf.
393 2802 442 2823 nr.
458 2791 524 2824 243
544 2794 573 2823 et
596 2791 684 2831 infra
706 2802 755 2824 nr.
771 2792 844 2823 254.

314 2867 352 2886 ιι..
370 2867 582 2886 οοκετιτυτιοκκε
601 2868 625 2887 v.
1617 2863 1650 2889 27
