2190 3172
471 194 567 223 ACTA
586 194 700 222 REGNI
719 194 902 222 LUDEWICI
921 193 969 222 lv.
987 194 1033 221 ET
1053 193 1238 222 FRIDERICI
1256 195 1303 223 111.
1342 196 1417 223 1814.
1454 196 1500 223 Νι.
1516 197 1572 224 152.
1592 198 1650 224 153.
1822 203 1880 232 145

621 326 703 363 152.
744 326 984 372 Auqmentacio
1013 327 1239 371 obliqationis.
1342 327 1424 363 Dec.
1443 330 1504 363 21.

348 400 508 442 Oriyinale
534 403 571 432 ut
599 410 699 440 supra
722 399 813 432 KLS
834 410 884 432 nr.
900 400 952 432 25.
1002 400 1200 432 Contulimus
1221 411 1286 433 nos.
1332 399 1480 440 Siqa'llum
1508 402 1574 440 sere
1603 401 1745 434 illaesum
1768 404 1883 443 pendet

237 451 302 485 loro
324 451 564 485 membranaceo.
589 469 631 476 —
653 451 716 483 Ed.
730 450 954 484 Winkelmann
975 451 1070 483 ‘Acta
1092 451 1218 491 imperii
1240 451 1369 483 inedita'
1392 451 1442 490 II,
1465 452 1528 484 285
1552 463 1603 484 nr.
1618 454 1680 484 451
1705 464 1743 486 esc
1764 464 1830 494 cop.

342 507 465 540 Eadem
486 517 585 539 manu
607 507 761 546 scriptum
782 509 827 538 est
850 517 888 539 ac
909 517 1010 547 supra
1031 517 1080 539 nr.
1098 507 1170 540 141.

0 604 3 611 .
203 575 216 595 b
342 562 490 601 Bo'hmer,
512 562 589 603 Req.
604 562 717 595 Ludw.
737 572 773 604 p.
788 564 810 594 3
831 573 882 596 nr.
898 564 950 594 37.

0 613 7 691 ἒ
346 619 395 659 Cf.
418 629 518 659 supra
539 629 588 651 nr.
607 619 671 650 107
692 621 722 650 et
745 618 816 650 103.

0 686 23 760 ξ.
343 709 411 743 Nos
427 709 618 742 Ludowicus
641 708 704 740 Dei
727 709 832 750 gratia
851 708 1072 740 Romanorum
1095 719 1153 740 rex
1177 719 1304 752 semper
1326 713 1481 751 augustus
1497 712 1754 752 recognoscimus
1777 713 1807 744 in
1823 712 1884 744 hiis

236 762 378 805 scriptis,
407 761 492 804 quod
520 760 695 793 venerabili
726 760 861 802 principi
885 764 918 792 et
940 760 1112 792 secretario
1140 766 1248 792 nostro
1272 760 1441 793 karissimo
1464 760 1563 793 Petro
1586 761 1828 806 archiepiscopo
1852 768 1885 796 et

237 813 374 847 ecclesie
383 813 599 861 Lffogunuine)
611 812 758 854 pecunie,
771 822 829 854 pro
846 822 910 854 qua
921 812 982 843 sibi
998 816 1136 843 castrum
1152 817 1295 844 nostrum
1305 812 1539 855 Vurstemberg
1555 824 1656 855 nuper
1673 813 1884 857 obligavimus

192 880 218 901 ιο
235 865 408 899 sub‘oertis
430 864 535 897 modis
557 869 591 896 et
613 863 864 904 condicionibus,
884 867 980 906 prout
1002 863 1043 895 de
1066 864 1128 895 hoc
1150 868 1274 896 nostras
1298 864 1398 896 habet
1420 864 1543 895 litterae
1566 865 1624 896 sub
1648 866 1752 908 sigillo
1776 873 1884 899 nostro

235 918 407 950 comitatus
434 916 596 959 palat(ini)
624 915 708 948 Beni
735 915 872 948 ducatus
900 915 1049 947 Bawarie
1060 916 1081 956 ¹,
1113 915 1262 947 addimus
1289 916 1350 947 tria
1384 915 1473 948 milia
1501 916 1652 948 librarum
1683 917 1883 951 Hallensium

235 969 390 1012 legalium
412 972 446 1001 et
467 968 639 1009 bonorum,
667 978 747 1010 quas
769 967 856 999 idem
879 967 1141 1009 archiepiscopus
1171 968 1201 998 in
1225 970 1333 999 nostro
1358 971 1391 999 et
1413 968 1539 1010 imperii
1562 969 1696 1000 servicio
1720 970 1883 1011 expendit,

234 1021 400 1054 nobiscum
423 1031 481 1063 pro
504 1020 715 1053 coronacione
739 1025 848 1052 nostra
871 1019 1138 1062 Aquisgran(um)
1162 1019 1369 1061 procedendo
1398 1024 1432 1051 et
1458 1020 1623 1052 nobiscum
1648 1020 1828 1062 redeundo,
1852 1027 1886 1053 et

234 1072 366 1115 triginta
380 1071 479 1104 libras
495 1081 675 1114 grossorum
693 1071 960 1111 Thmonennium,
985 1081 1065 1113 quas
1087 1070 1179 1102 nobis
1202 1071 1235 1102 in
1258 1074 1370 1113 parata
1392 1073 1551 1103 mutuavit
1566 1072 1714 1114 pecunia,
1739 1072 1884 1105 volentes

191 1140 216 1161 a
235 1123 323 1167 quod
345 1123 465 1156 dictum
482 1126 620 1156 castrum
637 1126 780 1155 nostrum
791 1122 1026 1164 Vfirstemberg
1042 1133 1100 1165 pro
1124 1122 1217 1154 dictis
1240 1122 1339 1154 tribus
1362 1122 1490 1155 milibus
1512 1123 1665 1155 librarum
1682 1123 1883 1157 Hallensium

235 1179 269 1211 et
291 1176 423 1219 triginta
443 1174 534 1208 libris
556 1185 738 1217 grossorum
756 1175 1022 1216 Thuronensium,
1046 1175 1127 1206 sicut
1151 1185 1208 1216 pro
1232 1185 1271 1206 ea
1295 1178 1328 1206 et
1351 1184 1421 1206 cum
1447 1185 1486 1206 ea
1509 1185 1566 1216 pro
1590 1185 1653 1217 qua
1677 1176 1779 1218 primo
1803 1176 1884 1208 ohli-

234 1230 347 1271 gatum
369 1230 418 1260 est
439 1227 587 1269 pecunia,
611 1226 789 1268 obligatum
805 1227 846 1258 sit
861 1226 920 1258 sub
937 1226 1059 1258 eisdem
1075 1226 1180 1258 modis
1196 1229 1229 1258 et
1244 1225 1484 1258 condicionibus
1505 1231 1538 1258 et
1554 1230 1664 1259 tenore
1682 1228 1883 1269 presencium

236 1279 428 1323 obligamus.
472 1279 597 1312 Dentes
624 1278 686 1311 sibi
713 1278 772 1310 has
799 1281 925 1310 nostras
947 1278 1072 1310 litteras
1100 1278 1133 1310 in
1155 1278 1383 1320 premissorum
1406 1278 1623 1310 testimonium
1647 1278 1752 1320 sigillo
1776 1284 1884 1311 nostro

19 1366 25 1380 f
235 1332 326 1375 regio
350 1331 570 1363 communitas.

9 1386 26 1431 ’ζ
177 1398 218 1420 -so
342 1386 418 1420 Dat.
442 1387 623 1430 Moguntie,
655 1396 739 1418 anno
762 1386 891 1418 Domini
922 1385 1092 1418 millesimo
1115 1386 1341 1418 trecentesimo
1365 1384 1622 1428 quartodecimo,
1645 1385 1721 1418 XII.
1745 1386 1883 1419 Kalend.

7 1424 36 1585 ἓ
233 1439 374 1479 Ianuar„
397 1439 488 1482 regni
511 1449 587 1472 vero
611 1439 711 1471 nostri
734 1449 817 1471 anno
840 1439 952 1481 primo.

486 1570 569 1606 153.
610 1570 784 1617 Scriptum
805 1582 876 1616 pro
903 1570 1108 1606 Eberhardo
1135 1571 1177 1606 de
1204 1569 1373 1615 Bruberq.
1481 1568 1561 1605 Dec.
1580 1570 1643 1605 23.

346 1645 506 1687 Oriqimk
532 1645 609 1688 (or.)
640 1645 677 1677 in
705 1644 864 1677 tabulario
893 1643 1166 1685 Werniyerodano.
1226 1643 1367 1677 Contulit
1395 1655 1422 1677 v.
1445 1643 1482 1677 cl.
1506 1643 1569 1676 Ed.
1585 1643 1710 1675 Jacobs.
1762 1643 1881 1676 Pendet

234 1697 332 1739 siyilli
349 1697 567 1740 fraqmentum
589 1696 654 1729 loro
676 1697 919 1729 membranaceo.

193 1764 218 1785 ιι
343 1753 490 1792 Bo'hmer,
512 1753 589 1794 Ray.
605 1752 717 1786 Ludw.
738 1763 770 1793 p.
787 1754 808 1784 3
830 1763 879 1784 nr.
896 1752 949 1784 43.

347 1809 435 1850 Quae
455 1808 647 1842 concordant
668 1818 740 1840 cum
762 1808 888 1847 Scripto
909 1818 1010 1847 supra
1030 1818 1079 1839 nr.
1098 1808 1147 1846 59,
1170 1818 1208 1839 ea
1229 1807 1314 1849 typis
1334 1807 1510 1839 minoribus
1531 1818 1664 1839 excussa
1686 1809 1772 1838 sunt.

346 1865 397 1906 Cf.
418 1864 512 1907 infra
533 1865 578 1897 ad
597 1875 628 1897 a.
647 1864 741 1896 1314.
763 1863 840 1897 Dec.
855 1864 908 1896 23.

341 1957 399 1985 Nos
421 1956 609 1984 Ludowicus
632 1955 685 1983 Dei
706 1955 803 1991 gracia
825 1950 1045 1982 Romanorum
1069 1960 1128 1982 rex
1147 1960 1276 1992 semper
1298 1953 1453 1992 augustus
1475 1954 1676 1988 promittimus,
1699 1953 1773 1981 sicut
1794 1953 1883 1981 eciam

235 2008 268 2038 in
281 2008 452 2038 tractatibus
467 2017 530 2037 cum
547 2007 725 2036 venerabili*
740 2006 824 2034 Petro
840 2006 1052 2041 archiepiscopo
1068 2005 1246 2041 Magantino
1267 2014 1318 2041 per
1337 2014 1389 2033 nos
1409 2005 1515 2033 habitis
1536 2006 1588 2033 hoc
1609 2005 1788 2041 promisimus
1808 2005 1883 2032 ante

193 2063 219 2086 no
237 2055 428 2090 electionem
456 2058 616 2095 nostram,
643 2058 753 2086 ¹'nobili
781 2058 842 2086 viro
870 2057 1033 2086 Eberhardo
1056 2058 1090 2085 de
1113 2058 1240 2093 Bruberg
1262 2052 1420 2085 advocato
1444 2056 1552 2085 nostro
1577 2051 1762 2094 provinciali
1785 2065 1883 2092 procu—

236 2112 370 2141 randam
392 2111 606 2142 restitucionem
630 2110 716 2139 castri
738 2109 866 2145 Erpach,
889 2110 965 2144 quod
988 2109 1112 2145 perdidit
1133 2109 1163 2136 in
1186 2109 1305 2137 servicio
1328 2109 1445 2137 ecclesie
1467 2109 1657 2144 Mnguntine,
1685 2110 1715 2136 et
1742 2108 1883 2135 iusticiam

237 2163 292 2192 sibi
314 2163 449 2192 faciemus
473 2166 502 2200 et
524 2163 738 2199 procurabimus
760 2171 845 2198 super
867 2162 972 2197 oppido
994 2161 1145 2189 Mosebach
1168 2163 1198 2189 et
1219 2161 1280 2189 iure
1303 2170 1362 2193 suo,
1385 2161 1461 2196 quod
1483 2160 1587 2188 habere
1610 2160 1695 2188 debet
1717 2160 1747 2187 in
1769 2162 1884 2188 moneta

237 2215 268 2245 in
289 2215 392 2250 Hunis,
420 2215 573 2244 secundum
600 2214 809 2243 continenciam
837 2214 999 2242 litterarum
1020 2222 1149 2246 suarum,
1176 2222 1246 2248 quas
1269 2213 1388 2240 habere
1412 2207 1587 2240 dinoscitur
1608 2221 1692 2247 super
1715 2221 1756 2239 eo.
1851 2212 1883 2238 ln

238 2267 317 2296 cuius
339 2268 381 2296 rei
403 2267 598 2295 testimonium
621 2268 767 2302 presentes
789 2266 901 2293 litteras
925 2265 1024 2300 sigillo
1048 2261 1225 2292 maiestatis
1247 2267 1353 2292 nostre
1375 2260 1524 2292 iussimus
1546 2260 1744 2292 communiri.

194 2325 220 2347 δῦ
344 2317 420 2351 Dat.
435 2318 614 2360 Magnum,
636 2318 677 2350 X.
695 2317 810 2350 Kalen.
827 2317 966 2358 Ianuar„
989 2317 1079 2358 regni
1102 2316 1202 2348 nostri
1224 2324 1307 2348 anno
1330 2316 1445 2358 primo.

464 2467 640 2497 154—164.
676 2462 865 2496 SCRIPTA
887 2461 976 2495 PRO
999 2461 1360 2495 ARCHIEPISCOPO
1384 2459 1662 2493 TREVIRENSI.

891 2525 983 2556 1314.
1016 2523 1096 2556 Deo.
1114 2525 1241 2557 2.-18.

347 2609 403 2643 Ad
423 2610 551 2651 Scripta
573 2621 622 2642 nr.
642 2609 823 2642 154—164
845 2610 965 2642 edenda
988 2610 1029 2652 cf.
1053 2609 1092 2641 R.
1111 2609 1249 2641 Lt'idicke
1271 2608 1343 2641 ‘Die
1363 2606 1680 2648 Sammelprivileqien
1703 2604 1804 2638 Karls
1821 2604 1881 2637 11⁷.

239 2660 295 2702 fiir
317 2662 368 2694 die
389 2661 592 2701 Erxbischiise
612 2672 672 2694 von
696 2661 796 2694 Trier’
819 2661 855 2693 in
878 2661 992 2693 ‘Neues
1014 2661 1141 2693 Archiv’
1164 2660 1336 2699 XXXIII,
1359 2662 1423 2692 346
1433 2671 1497 2700 sqq.
1517 2659 1648 2699 passim.

184 2727 224 2761 ιιι)
351 2717 402 2762 (ΣΥ.
424 2718 521 2751 etiam
542 2717 634 2759 infra
655 2727 705 2750 nr.
723 2719 795 2750 166.

346 2811 372 2845 l)
391 2811 485 2847 Supra
502 2818 543 2838 nr.
557 2814 607 2838 107
624 2812 648 2837 et
667 2814 724 2838 108.
745 2843 747 2846 Α

346 2879 385 2899 u..
397 2879 622 2899 cons-rumosas
635 2879 661 2898 v.
1645 2867 1677 2893 19
