2184 3126
351 195 414 224 79⁴)
543 189 639 217 ACTA
658 187 771 215 REGNI
789 184 977 214 LUDEWICI
995 183 1043 211 IV.
1061 183 1107 210 ET
1127 181 1312 210 FRIDERICI
1331 181 1379 209 111.
1418 181 1493 210 1324.
1528 180 1578 207 Νι.
1591 179 1651 208 947.
1669 178 1728 206 948.
1747 178 1807 206 949.

459 277 520 308 Die
554 275 646 307 XXI.
669 275 786 306 mensis
823 272 896 304 Iulii
928 270 1068 303 Iacobus
1102 269 1143 301 de
1177 269 1304 300 Lorche
1341 271 1374 300 et
1407 267 1545 299 Iacobus
1579 266 1620 298 de
1650 264 1862 297 Mflmmheim
1896 264 2005 296 clerici

350 329 526 370 Maguntin.
551 327 632 358 dioc.
657 326 786 357 fuerunt
812 324 899 355 missi
927 322 969 354 ad
1001 323 1109 363 partes
1131 320 1325 352 Alamannie
1354 330 1428 351 cum
1450 319 1566 350 litteris
1588 317 1774 359 apostolicis
1797 315 2003 358 patentibus²

352 380 482 412 directis
498 377 747 420 archiepiscopis
759 374 980 414 Colonien(si),
997 372 1214 412 Treveren(si)
1232 374 1265 403 et
1276 371 1465 413 Maguntino
1482 373 1515 402 et
1531 369 1647 401 clausis
1662 368 1786 400 eisdem
1795 373 1815 388 ¹·
1825 367 1839 387 ²
1853 377 1896 399 ex
1911 370 2004 410 parte

353 432 472 464 domini
506 430 606 462 nostri
632 439 716 470 pape
748 430 780 459 et
814 427 898 458 dicte
932 425 1040 456 littere
1076 423 1284 455 continebant
1316 433 1485 464 processus
1517 424 1629 453 contra
1653 420 1854 452 Ludovicum
1888 419 2004 451 ducem

352 483 489 515 Bavarie
512 491 608 523 super
630 479 808 522 privatione
831 478 908 509 iuris
931 476 1022 518 regni
1046 478 1079 507 et
1105 474 1242 516 imperii.
1294 474 1336 505 Et
1365 484 1423 516 pro
1453 472 1603 514 expensis
1631 471 1788 504 dictorum
1816 471 2005 503 clericorum
2035 486 2048 506 ι.

353 540 419 566 tam
443 533 546 566 eundo
571 542 667 573 quam
690 529 857 563 redeundo
881 526 1071 560 tradidimus
1094 527 1140 558 eis
1244 526 1342 557 XXX
1365 526 1434 557 flor.
1458 525 1538 557 auri.

459 757 701 802 948—951.
743 752 1074 800 LUDEWICI
1102 750 1383 798 SCRIPTA
1411 748 1542 795 PRO
1572 746 1901 794 DIVERSIS.

974 827 1082 864 1324.
1120 827 1188 863 Iul.
1210 825 1392 862 aza—26.

648 954 734 990 948.
775 954 929 989 Litterae
956 947 1084 989 civitati
1110 951 1298 987 Lubioensi
1323 952 1457 987 missae.
1564 950 1635 986 Iul.
1655 951 1717 986 25.

465 1028 624 1069 Oriyinale
648 1028 722 1070 (or.)
745 1029 780 1060 in
803 1027 962 1059 tabulario
985 1027 1123 1058 civitatis
1146 1025 1342 1058 Lubicensis.
1393 1024 1592 1058 Contulimus
1613 1035 1680 1057 nos.
1729 1023 1850 1056 Pendet
1869 1022 2008 1064 siqilham
2026 1032 2053 1053 ιο

347 1090 468 1119 param
502 1079 620 1111 laesum
654 1079 718 1111 loro
751 1079 992 1111 membranaceo.
1048 1078 1146 1118 Copia
1174 1077 1413 1110 membranacea
1440 1087 1553 1109 coaeva
1579 1077 1673 1109 iuxta
1698 1078 1854 1109 servatur.
1879 1093 1917 1099 —
1945 1074 2010 1107 Ea.

355 1131 470 1163 ‘Codes
492 1131 617 1171 diplom.
634 1131 836 1162 Lubecensis'
851 1131 899 1169 ΙΙ,
914 1131 979 1161 400
1001 1140 1051 1164 nr.
1067 1129 1132 1160 455
1155 1140 1193 1161 ew
1216 1139 1262 1161 or.

467 1191 608 1229 Bijhmer,
632 1191 708 1231 Rey.
724 1191 837 1223 Ludw.
855 1202 891 1231 1²·
907 1190 972 1221 356
994 1200 1045 1222 nr.
1061 1191 1148 1222 3222
1170 1189 1296 1231 (Addit.
1315 1189 1403 1230 ΙΙΙ).

460 1277 653 1309 Ludowicus
675 1277 737 1308 Dei
761 1277 870 1319 gracia
892 1276 1114 1309 Romanorum
1143 1286 1202 1308 rex
1232 1286 1361 1318 semper
1391 1278 1546 1317 augustus
1644 1273 1856 1316 prudentibus
1878 1275 1954 1306 viris
1977 1299 1984 1306 .
2001 1300 2010 1308 .

355 1329 557 1361 consulibus⁸
580 1332 613 1360 et
636 1329 792 1361 universis
816 1329 937 1361 civibus
960 1328 1202 1361 Lubecensibus
1224 1327 1373 1359 fidelibus
1396 1327 1462 1358 suis
1485 1326 1611 1358 dilectis
1698 1326 1841 1368 graciam
1864 1335 1955 1358 suam
1978 1328 2012 1359 et
2030 1336 2056 1356 ιε

356 1391 448 1413 omne
472 1381 602 1413 bonum.

465 1432 545 1465 Cum
561 1433 692 1464 illustris
707 1433 900 1464 Ludowicus
925 1432 1066 1464 marchio
1082 1430 1417 1473 Brandemburgensis
1440 1430 1589 1472 princeps
1606 1432 1639 1462 et
1654 1429 1888 1472 primogenitus
1903 1431 2013 1462 noster

356 1483 541 1515 kam‘ssimus
575 1494 632 1525 pro
663 1494 791 1515 suarum
823 1483 1021 1525 sollempniis
1052 1483 1241 1524 nupciarum
1274 1485 1395 1523 vestes,
1430 1482 1567 1523 varium,
1602 1483 1749 1523 paratam
1777 1481 1948 1522 pecuniam
1979 1483 2013 1513 et

356 1545 513 1576 expensas
543 1538 575 1566 et
609 1539 717 1567 cetera
750 1535 842 1576 plura
871 1535 935 1567 alia
968 1535 1151 1567 necessario
1186 1534 1306 1566 habeat
1339 1537 1512 1576 oportuna,
1546 1533 1738 1566 fidelitatem
1764 1536 1916 1574 vestram,
1948 1543 2011 1576 que

355 1596 482 1628 semper
505 1596 539 1617 se
563 1586 679 1618 nostris
702 1586 913 1628 beneplacitis
937 1586 1159 1626 conformavit,
1182 1585 1376 1617 fiducialiter
1397 1585 1590 1627 requirimus
1613 1587 1646 1617 et
1668 1595 1834 1627 rogamus,
1862 1585 2012 1627 quatinus
2029 1594 2057 1615 n

355 1637 395 1668 de
419 1637 571 1678 predictis
595 1641 628 1668 et
651 1637 856 1679 quibuslibet,
881 1648 1015 1679 quorum
1038 1637 1214 1679 indiguerit
1236 1636 1279 1669 ad
1302 1637 1576 1679 sollempnitatem
1599 1636 1792 1677 huiusmodi,
1816 1636 1924 1669 eidem
1945 1635 2012 1669 filio

356 1692 464 1720 nostro
493 1699 551 1730 per
577 1689 861 1721 exeredenciarum
890 1693 924 1721 et
952 1689 1123 1721 cuiuslibet
1152 1689 1398 1731 conquisicionis
1425 1688 1540 1721 modos
1569 1692 1602 1721 et
1628 1688 1748 1721 formas
1774 1689 1876 1720 nostri
1901 1698 2013 1720 amore

356 1740 525 1781 providere
549 1741 675 1773 curetis.
721 1741 771 1773 De
795 1741 911 1783 quibus
934 1742 1024 1772 iuxta
1048 1744 1219 1782 tractatus,
1249 1741 1496 1782 convencimes,
1525 1740 1757 1782 disposiciones
1781 1743 1814 1772 et
1835 1743 1932 1783 pacta
1954 1749 2014 1782 per

356 1792 566 1833 spectabilem
597 1793 698 1824 virum
722 1792 912 1824 Bertoldum
944 1793 1095 1825 comitem
1126 1793 1166 1824 de
1190 1792 1423 1835 Hennemberg
1450 1792 1659 1824 secretarium
1688 1795 1832 1824 nostrum
1860 1791 2014 1824 dilectum

355 1843 505 1875 habenda
529 1844 706 1885 vobiscum,
739 1845 828 1876 cuius
851 1844 912 1876 sibi
936 1843 1142 1886 presentibus
1166 1845 1296 1886 plenam
1327 1843 1532 1876 concedimus
1561 1846 1772 1886 potestatem,
1801 1842 1894 1875 vobis
1917 1844 2012 1875 certi-
2031 1851 2058 1872 2⁵

357 1895 542 1927 tudinaliter
564 1896 706 1928 satisfiet.
753 1895 911 1928 Volentes
933 1896 1161 1928 nichilominus
1183 1907 1242 1938 pro
1271 1896 1333 1928 hoc
1360 1896 1452 1928 vobis
1479 1896 1638 1938 speciales
1666 1896 1848 1938 graciarum
1875 1894 2014 1927 reddere

355 1956 511 1978 acciones.

463 1998 539 2032 Dat.
562 2000 593 2030 in
616 1999 802 2041 Nappurch,
825 2001 858 2032 in
882 2000 934 2032 die
957 2000 1065 2032 beatib
1089 2000 1199 2032 Iacobi
1223 2000 1372 2042 apostoli,
1396 2000 1488 2041 regni
1509 1999 1609 2031 nostri
1632 2009 1716 2031 anno
1740 1998 1876 2030 decimo.

540 2148 625 2184 949.
667 2148 842 2194 Scriptum
870 2150 917 2184 ad
943 2148 1095 2184 comitem
1123 2149 1164 2184 de
1191 2148 1396 2194 Henneberq
1423 2149 1574 2184 miss-um.
1675 2147 1747 2183 lul.
1766 2147 1830 2183 25.

469 2221 629 2262 Oriyinale
652 2222 725 2264 (or.)
753 2223 789 2254 in
817 2222 977 2254 tabulario
1000 2222 1226 2263 Meininyensi.
1281 2221 1423 2254 Contulit
1452 2221 1501 2254 W.
1517 2220 1677 2253 Εᾱεεῑεὶη.
1729 2220 1849 2253 Pendet
1874 2220 2014 2262 sigillum
2032 2234 2060 2255 ω

351 2282 473 2311 parum
496 2272 613 2305 laesum
636 2273 700 2305 loro
728 2274 971 2306 membranaceo.
1021 2274 1066 2306 In
1087 2274 1179 2306 dorso
1210 2284 1310 2306 mama
1332 2283 1445 2305 coaeva
1467 2273 1621 2313 scr-uptam
1643 2275 1704 2304 est:
1733 2273 1908 2305 auctoritas
1930 2273 2013 2306 reci-

359 2324 468 2365 piendi
491 2325 659 2365 pecuniam
682 2336 701 2357 a
723 2336 800 2368 rege
823 2326 990 2358 Danorum
1014 2326 1065 2358 vel
1089 2325 1167 2358 alibi
1191 2325 1232 2357 ad
1256 2324 1509 2367 conquirendum
1533 2324 1722 2357 exercitum.

470 2384 615 2422 Belmzer,
639 2385 713 2425 Ray.
730 2385 843 2418 Iaaedw.
861 2397 896 2426 p.
913 2388 956 2417 43
976 2396 1026 2418 nr.
1044 2387 1116 2418 732.

468 2474 540 2505 Wir
566 2474 741 2507 Ludowich
768 2486 829 2507 von
858 2476 939 2508 Gots
967 2477 1095 2518 gnaden
1122 2476 1316 2509 Romischer
1346 2475 1483 2508 chunich
1509 2487 1547 2508 ze
1576 2475 1662 2508 allen
1687 2475 1792 2507 zeiten
1819 2485 1926 2507 merer
1955 2474 2014 2507 dez

361 2525 465 2557 riches
492 2526 644 2566 verjehen
672 2537 713 2558 an
745 2527 846 2559 disem
879 2528 997 2570 briefe,
1029 2529 1088 2561 daz
1121 2529 1180 2560 wir
1213 2528 1288 2560 dem
1323 2527 1419 2560 edeln
1447 2538 1564 2560 manne
1596 2526 1775 2559 Bertolden
1807 2526 1920 2569 grafen
1949 2537 2013 2558 von
2031 2534 2059 2556 ⁸³

361 2577 593 2619 Hennemberg
614 2588 742 2609 unserm
764 2579 872 2610 lieben
895 2579 1085 2612 heimlicher
1106 2580 1214 2629 vollen
1244 2579 1364 2622 gewalt
1390 2579 1541 2622 gegeben
1570 2579 1677 2611 haben
1706 2578 1773 2610 und
1801 2578 1922 2621 geben,
1950 2577 2014 2610 den

464 2670 530 2698 947.
558 2672 581 2704 t⁴)
599 2673 692 2698 scilicet
709 2673 817 2699 directis.

465 2730 532 2757 948.
560 2731 583 2765 εἢ)
603 2751 609 2758 .
623 2750 629 2758 .
648 2734 758 2765 sequitur
776 2742 813 2759 or.
900 2734 926 2766 ιἱ)
944 2735 985 2761 die
1003 2736 1071 2760 beati
1089 2735 1116 2760 in
1135 2735 1189 2760 loco
1207 2734 1287 2760 raso?
1305 2743 1343 2761 or.

467 2809 493 2838 1)
512 2807 600 2842 Supra
618 2817 659 2835 nr.
673 2812 727 2836 945.
815 2810 841 2842 2)
860 2810 911 2838 Νν.
926 2814 985 2838 946.
