2190 3172
334 197 396 229 370
572 195 666 223 ACTA
687 195 801 222 REGNI
819 193 1002 221 LUDEWICI
1021 193 1067 219 IV.
1086 192 1132 220 ET
1150 191 1336 220 FRIDERICI
1355 191 1403 220 ΠΙ.
1441 193 1515 220 1317.
1551 193 1599 220 Nr.
1612 193 1672 220 446.
1689 193 1748 220 447.

643 345 741 388 446.
769 344 867 387 447.
909 342 983 388 IN
989 341 1341 390 FEUDATIO
1369 343 1673 389 ABBATIS.

901 419 1008 455 1317.
1050 419 1117 455 lui.
1138 419 1372 466 26.—-Aug.
1394 420 1428 456 5.

445 504 494 543 Of.
518 514 618 543 supra
641 514 690 534 nr.
708 503 780 534 198.
805 502 878 533 199.

698 617 784 653 446.
828 616 1039 653 Mandatum
1065 593 1244 654 Zudewici
1270 620 1371 664 reyis.
1474 618 1542 654 Iul.
1563 620 1624 654 26.

444 690 605 731 Ονίρὶηαῑε
631 691 667 722 in
694 691 853 723 tabulario
880 692 964 732 reqio
986 692 1201 725 Bruxellensi.
1258 692 1495 733 Descrspsimus
1516 703 1582 724 nos.
1637 692 1757 724 Pendet
1778 690 1876 732 sigilli
1897 691 1985 732 fraq-
2015 704 2028 723 s

331 746 470 776 mentum
494 743 558 775 loro
581 743 825 775 membranaceo.
850 761 892 765 —
915 744 976 775 Ed.
1000 743 1200 785 Reiffenbery
1222 745 1258 776 in
1281 754 1370 784 opere
1392 754 1494 784 supra
1515 744 1560 776 ad
1581 754 1631 776 nr.
1649 746 1711 775 131
1735 743 1832 775 citato
1855 742 1984 775 ‘Manu-⁷

333 795 447 828 ments’
470 797 525 826 etc.
557 794 655 833 VIII,
679 795 743 825 490
765 805 804 827 ex
826 805 891 835 cop.

440 855 587 893 Bdhmer,
612 854 688 895 Rey.
706 855 818 887 Ludw.
836 865 871 895 p.
889 855 953 886 271
975 865 1024 887 nr.
1041 856 1127 887 2630
1150 856 1276 896 (Addit.
1293 856 1328 897 I)
1351 856 1407 897 (=
1427 866 1460 896 p.
1478 857 1520 887 16
1542 866 1591 888 nr.
1606 856 1696 897 262).

440 941 633 973 Ludowicus
650 940 713 972 Dei
736 941 842 983 gratia
860 941 1081 973 Romanorum
1104 952 1164 973 rex
1186 952 1315 983 semper
1337 944 1492 983 augustus
1571 941 1734 973 nobilibus
1757 942 1832 973 viris
1847 941 1986 973 Iohanni

332 994 374 1026 de
397 993 622 1033 Barbenchon,
645 992 778 1035 Hugoni
801 992 842 1025 de
859 992 1076 1025 Barbenchon
1099 993 1168 1025 eius
1191 993 1282 1024 fratri
1305 1003 1343 1025 ac
1358 992 1517 1025 Fastredo
1541 992 1671 1025 domino
1695 992 1736 1025 de
1751 993 1854 1025 Linea
1877 992 1986 1025 militi·
2005 1001 2032 1021 ιο

332 1045 401 1086 bus,
426 1045 576 1076 fidelibus
599 1045 665 1075 suis
689 1044 816 1075 dilectis
903 1045 1043 1086 gratiam
1066 1055 1158 1076 suam
1182 1047 1216 1076 et
1238 1055 1333 1077 omne
1356 1044 1486 1076 bonum.

440 1095 598 1128 Volentes
621 1095 799 1127 venerabili
822 1097 889 1128 viro
912 1095 1078 1138 Stephano
1102 1096 1213 1128 abbati
1235 1097 1424 1128 monasterii
1439 1095 1550 1128 Sancti
1566 1095 1684 1138 Gyleni
1705 1097 1738 1127 in
1753 1095 1846 1128 Cella
1868 1095 1987 1128 ordinis

332 1149 433 1180 sancti
456 1147 626 1179 Benedicti
655 1147 864 1179 Cameracen.
889 1148 1052 1189 dyocesis,
1087 1148 1224 1190 principi
1253 1151 1362 1180 nostro
1392 1148 1511 1180 dilecto
1546 1148 1612 1179 suis
1645 1147 1687 1179 ad
1719 1147 1782 1179 hoc
1807 1148 1987 1180 instantivis

332 1199 624 1241 supplicacionibus
647 1199 792 1231 inclinati
815 1199 875 1231 hac
899 1200 968 1231 vice
991 1200 1130 1241 gratiam
1153 1199 1277 1240 facere,
1309 1199 1417 1231 eidem
1445 1199 1543 1231 feoda
1573 1209 1631 1231 sua
1653 1199 1777 1242 regalia
1799 1198 1986 1231 transmitti-

332 1262 402 1282 mus
426 1252 595 1294 ipsumque
619 1251 807 1283 investimus
830 1252 1021 1283 auctoritate
1035 1252 1233 1293 presentium
1258 1250 1298 1283 de
1315 1251 1447 1283 eisdem.
1486 1250 1643 1283 Volentes
1665 1261 1703 1283 ac
1718 1250 1867 1283 fidelitati
1881 1253 1987 1283 vestre
2006 1263 2031 1283 ιε

333 1303 571 1344 conmittentes,
596 1303 746 1344 quatinus
768 1313 825 1334 vos
849 1306 905 1335 aut
927 1303 1010 1335 alter
1031 1306 1184 1343 vestrum,
1209 1303 1263 1345 qui
1286 1313 1383 1344 super
1405 1302 1466 1335 hoc
1489 1303 1661 1345 requisitus
1676 1302 1783 1344 fuerit,
1805 1302 1847 1334 ab
1871 1301 1988 1335 eodem

332 1354 452 1386 abbate
475 1355 642 1396 recipiatis
666 1353 776 1386 debite
799 1354 965 1387 fidelitatis
989 1358 1022 1387 et
1044 1354 1187 1397 homagii
1203 1357 1312 1386 nostro
1328 1355 1456 1387 nomine
1473 1356 1719 1396 sacramentum,
1742 1354 1988 1397 sollempnitati-

332 1405 393 1437 bus
416 1406 570 1438 adhibitis
594 1406 711 1438 debitis
735 1409 768 1437 et
791 1407 961 1439 consuetis.
1050 1406 1088 1438 In
1123 1407 1213 1438 cuius
1243 1407 1291 1438 rei
1318 1406 1537 1439 testimonium
1572 1409 1740 1449 presentes
1768 1405 1926 1438 conscribi
1955 1407 1988 1438 et

333 1461 442 1490 nostro
465 1458 571 1500 sigillo
594 1458 745 1490 iussimus
768 1459 967 1491 communiri.

440 1518 515 1550 Dat.
539 1518 571 1550 in
592 1517 789 1560 Wormatia,
814 1518 889 1550 VII.
911 1518 1049 1551 Kalend.
1075 1518 1230 1561 Augusti,
1263 1528 1346 1550 anno
1375 1517 1506 1550 Domini
1529 1517 1762 1559 MOOOXVH,
1792 1518 1884 1560 regni
1910 1527 1987 1550 vero
2005 1527 2032 1547 ω

334 1571 433 1601 nostri
457 1581 540 1602 anno
564 1570 675 1601 tercio.

529 1702 616 1738 447.
657 1701 929 1738 Instrumentum
954 1714 1058 1748 super
1083 1703 1318 1747 infeudatione
1345 1703 1545 1747 confectum.
1648 1702 1739 1748 Aug).
1759 1702 1794 1736 5.

445 1777 607 1818 Ot·iyinale
629 1777 833 1817 deperditum.
858 1797 900 1800 —
921 1777 984 1809 Ed.
1000 1777 1199 1818 Reiffenbery
1221 1776 1241 1809 l.
1262 1788 1288 1809 c.
1311 1787 1350 1809 ex
1372 1787 1437 1817 cop.
1483 1777 1666 1809 Editionem
1687 1776 1865 1815 repetimus.

441 1873 608 1904 Universis
624 1875 792 1914 presentes
807 1873 932 1904 litteras
947 1871 1138 1913 inspecturis
1196 1871 1372 1904 Fastredus
1386 1871 1534 1903 dominus
1550 1871 1591 1903 de
1603 1870 1684 1902 Line
1697 1870 1790 1902 miles
1849 1870 1987 1902 salutem

334 1926 367 1956 in
389 1924 529 1956 Domino
553 1925 795 1966 sempiternam.
2004 1931 2029 1951 ²⁵

442 1976 601 2008 Noverint
623 1976 778 2016 universi,
810 1987 868 2007 nos
891 1986 974 2007 anno
997 1975 1128 2007 Domini
1150 1975 1386 2016 MCCCXVII,
1420 1975 1502 2007 feria
1532 1977 1626 2007 sexta
1657 1978 1731 2017 post
1759 1974 1876 2006 festum
1900 1973 1988 2006 beati

334 2028 425 2060 Petri
448 2028 490 2059 ad
513 2028 651 2069 vincula,
675 2028 799 2060 litteras
823 2028 1017 2060 serenissimi
1040 2037 1077 2059 ac
1100 2027 1315 2069 potentissimi
1338 2026 1460 2059 domini
1482 2028 1582 2059 nostri
1605 2026 1727 2059 domini
1742 2026 1907 2059 Ludowici
1925 2025 1988 2059 Dei

333 2081 438 2122 gratia
466 2079 688 2111 Romanorum
722 2080 809 2121 regis
840 2089 969 2121 semper
1000 2079 1127 2121 augusti
1154 2078 1291 2120 vidisse,
1326 2079 1466 2111 tenuisse
1493 2079 1546 2110 vel
1580 2078 1719 2110 audiisse
1753 2089 1791 2110 ac
1824 2077 1988 2110 humiliter

336 2132 498 2173 recepisse
522 2142 584 2163 non
602 2131 751 2171 abolitas,
775 2142 840 2162 non
854 2131 986 2163 abrasas
1009 2141 1069 2163 nec
1085 2130 1279 2162 cancellatas
1302 2141 1361 2162 nec
1383 2131 1416 2162 in
1438 2130 1548 2173 aliqua
1572 2141 1630 2162 sua
1652 2133 1745 2172 parte
1767 2130 1906 2170 vitiatas,
1930 2129 1988 2161 sed

334 2184 476 2225 integras
510 2193 548 2214 ac
583 2184 670 2215 omni
698 2194 828 2224 prorsus
858 2183 1039 2225 suspicione
1068 2185 1229 2223 carentes,
1263 2182 1369 2224 sigillo
1402 2183 1534 2224 proprio
1567 2181 1705 2225 predicti
1738 2181 1860 2214 domini
1886 2181 1987 2213 nostri
2005 2192 2031 2211 so

334 2234 555 2266 Romanorum
579 2236 664 2277 regis
688 2235 859 2276 sigillatas,
894 2237 990 2276 prout
1020 2235 1124 2276 prima
1150 2233 1234 2266 facie
1261 2233 1455 2276 apparebat,
1490 2237 1636 2266 tenorem
1666 2234 1719 2276 qui
1743 2234 1887 2276 sequitur
1910 2243 1986 2265 con-

334 2286 489 2321 tinentes:

443 2336 649 2369 ‘Ludowicus
672 2337 735 2370 Dei
759 2339 863 2380 gratia
879 2357 921 2361 —
938 2349 1020 2370 anno
1045 2337 1169 2370 tercio.²
1201 2347 1302 2377 supra
1323 2348 1373 2369 nr.
1390 2339 1464 2369 446.

444 2389 567 2425 Quibus
590 2389 705 2421 litteris
728 2389 901 2431 diligenter
923 2400 942 2421 a
965 2389 1058 2421 nobis
1081 2392 1118 2420 ut
1140 2389 1248 2421 decuit
1267 2382 1406 2431 receptis
1430 2392 1463 2421 et
1477 2390 1639 2431 inspectis,
1662 2399 1720 2421 nos
1743 2389 1823 2426 vice,
1847 2388 1986 2421 auctori·

335 2443 402 2472 tate
437 2444 471 2471 et
503 2442 631 2472 nomine
666 2441 801 2482 predicti
838 2441 959 2473 domini
994 2440 1161 2473 Ludowici
1190 2440 1411 2472 Romanorum
1445 2441 1531 2482 regis
1564 2451 1584 2472 a
1618 2441 1704 2472 dicto
1737 2440 1888 2482 religioso
1918 2441 1986 2472 viro
2005 2450 2030 2468 ³⁵

336 2490 501 2533 Stephano
525 2492 645 2524 abbate
669 2493 856 2524 monasterii
873 2492 983 2524 Sancti
999 2492 1123 2525 Gisleni
1138 2492 1319 2534 recepimus
1342 2492 1450 2524 debite
1473 2492 1638 2524 fidelitatis
1661 2496 1694 2524 et
1715 2492 1859 2534 homagii
1881 2502 1988 2525 sacra-

334 2546 488 2585 mentum,
514 2545 684 2575 commissa
708 2547 741 2575 et
756 2545 910 2576 mandata
927 2545 1122 2576 serenissimi
1144 2554 1182 2576 ac
1198 2545 1411 2586 potentissimi
1431 2544 1552 2576 domini
1567 2544 1668 2576 nostri
1684 2544 1804 2576 domini
1820 2543 1988 2576 Ludowici

334 2594 555 2626 Romanorum
583 2596 670 2637 regis
693 2596 830 2637 predicti
858 2597 1002 2628 totaliter
1025 2596 1241 2638 adimplentes
1273 2596 1444 2638 omniaque
1480 2599 1513 2628 et
1546 2596 1672 2638 singula
1705 2596 1738 2627 in
1772 2595 1837 2627 suis
1871 2595 1987 2628 litteris

334 2646 489 2688 predictis
512 2650 662 2679 contenta
685 2648 828 2680 totaliter
852 2649 1035 2680 executioni
1059 2648 1168 2680 debite
1192 2647 1434 2680 demandantes.
1516 2648 1555 2679 In
1578 2658 1714 2690 quorum
1731 2647 1872 2679 omnium
1895 2647 1986 2679 testi-

334 2699 478 2730 monium
511 2702 544 2729 et
571 2700 733 2731 munimen
761 2700 902 2741 sigillum
925 2704 1067 2732 nostrum
1097 2710 1155 2731 nos
1182 2699 1347 2741 predictus
1369 2700 1544 2732 Fastredus
1571 2699 1776 2742 presentibus
1802 2699 1917 2731 litteris
1945 2709 1987 2730 ex
2005 2709 2033 2728 ιο

335 2753 423 2781 certa
447 2750 581 2782 scientia
605 2750 753 2782 duximus
777 2752 1014 2793 apponendum.

442 2805 560 2837 Datum
586 2817 669 2838 anno
693 2806 823 2838 Domini
843 2807 1075 2850 MOCOXVII,
1107 2808 1186 2840 feria
1209 2811 1303 2840 sexta
1326 2811 1399 2849 post
1421 2808 1538 2840 festum
1562 2808 1648 2840 beati
1670 2807 1761 2840 Petri
1783 2806 1826 2839 ad
1848 2806 1984 2838 vincula.
