2184 3126
446 180 544 209 ACTA
568 179 683 208 REGNI
702 178 886 207 LUDEWICI
904 178 952 207 IV.
970 178 1018 206 ΕΤ
1036 177 1223 206 FRIDERICI
1244 178 1291 205 111.
1330 178 1405 206 1323.
1442 177 1491 206 Nr.
1504 178 1563 205 755.
1583 178 1641 205 756.
1804 181 1863 211 591

210 266 338 308 plenius
360 267 556 308 continetur,
586 266 740 309 predictis
762 265 939 308 magistris,
969 264 1124 307 operariis
1158 267 1192 296 et
1214 263 1400 296 monetariis
1423 264 1615 296 auctoritate
1638 263 1730 296 nobis
1753 263 1872 296 tradita

210 321 244 350 et
271 328 423 351 concessa
452 328 512 360 per
538 317 701 360 prefatum
730 317 894 350 dominum
924 319 1068 349 nostrum
1093 315 1257 348 dominum
1281 315 1483 348 Ludovicnm
1513 326 1625 358 regem
1648 315 1870 348 Romanorum

211 380 341 411 semper
366 373 554 412 augustum,
581 369 682 402 veluti
710 369 808 402 etiam
836 369 869 401 in
895 367 1048 400 mandato
1075 367 1169 400 nobis
1195 378 1254 410 per
1282 377 1357 399 eum
1379 377 1478 410 super
1500 367 1561 399 hoc
1585 367 1662 399 dato
1685 377 1758 399 cum
1782 366 1871 398 bulla

210 421 302 463 regia
327 430 424 452 cerea
441 421 622 453 continetur
630 421 653 461 ¹,
670 421 850 463 predictum
866 420 1071 463 privilegium
1085 429 1143 452 seu
1158 420 1404 451 instrumentum
1421 418 1584 462 quondam
1601 418 1721 451 domini
1738 418 1871 451 Heni-ici

209 471 415 514 imperatoris
435 471 573 514 predicti
595 472 774 514 magistris,
809 471 964 514 operariis
992 473 1025 503 et
1058 470 1244 503 monetariis
1266 469 1420 516 sepefatis
1442 470 1475 502 in
1505 469 1654 502 omnibus
1677 473 1710 501 et
1738 469 1871 511 singulis

209 523 274 555 suis
297 523 445 565 capitulis
468 524 657 555 innovamus
683 533 740 556 seu
773 522 814 555 de
841 533 924 555 novo
951 521 1159 555 concedimus
1189 525 1222 554 et
1248 522 1280 554 in
1303 525 1496 564 perpetuum
1518 521 1692 553 valiturum
1716 531 1758 552 cx
1781 526 1870 553 certa

209 574 344 606 scientia
359 574 594 607 confirmamus.
633 574 731 607 Cuius
754 574 914 616 privilegii
937 584 995 606 seu
1010 574 1214 606 instrumenti
1236 576 1330 606 tenor
1352 576 1401 605 est
1424 583 1482 616 per
1504 573 1612 605 omnia
1635 572 1666 604 in
1690 572 1750 604 hec
1772 572 1871 605 verba

145 636 147 638 ·
208 625 375 658 videlicet:

167 764 193 785 10

168 1023 193 1044 15

166 2237 192 2258 ⁸5

166 2495 194 2515 ⁴0

169 2805 195 2825 ab

316 688 488 722 ‘Henricus
510 689 574 723 Dei
597 691 868 732 gratia—nostri
891 700 975 722 anno
998 686 1113 722 tertio?
1138 699 1240 730 supra
1262 692 1334 721 tom.
1351 687 1414 727 IV,
1431 688 1449 719 1
1472 698 1522 720 nr.
1540 689 1604 720 697
1625 689 1684 721 sub
1699 689 1740 721 A.

317 755 363 787 Ut
384 755 483 797 igitur
504 756 668 798 premissis
690 752 895 787 libertatibus
926 758 960 787 et
982 754 1237 787 immunitatibus
1263 753 1396 786 liberius
1418 752 1550 785 valeant
1573 752 1794 795 congaudere,
1822 753 1870 784 in-

211 805 360 839 hibemus
376 806 524 839 omnibus
540 809 573 839 et
588 807 722 849 singulis
737 808 892 849 personis,
916 807 1146 849 cuiuscumque
1163 805 1355 838 conditionis
1370 809 1427 837 aut
1441 808 1545 837 status
1561 805 1712 846 existant,
1731 805 1870 837 auctori·

210 860 278 891 tate
300 857 393 890 nobis
415 861 622 900 competente
638 858 697 890 sub
719 868 805 900 pena
827 859 1059 901 quinquaginta
1084 857 1238 890 librarum
1254 857 1391 900 argenti,
1415 866 1550 899 quarum
1566 856 1726 889 medietas
1742 866 1870 888 camere

210 910 311 952 regie,
337 909 401 942 alia
423 909 583 942 medietas
606 920 702 952 passo
724 910 776 942 vel
800 911 904 952 passis
926 910 1074 942 iniuriam
1097 909 1220 952 absque
1243 908 1445 941 relaxatione
1468 907 1663 951 applicetur,
1696 919 1736 940 ne
1760 911 1870 940 contra

211 960 392 1004 predictam
414 961 667 1003 innovationem,
695 963 950 1003 concessionem,
979 961 1256 993 confirmationem
1285 963 1319 993 et
1350 959 1555 1003 privilegium
1581 960 1614 991 in
1641 963 1734 1002 parte
1757 959 1809 992 vel
1839 959 1871 991 in

211 1015 280 1045 toto
306 1012 470 1055 predictos
493 1013 682 1055 magistros,
712 1013 877 1055 operarios
905 1016 938 1045 et
964 1013 1161 1045 monetarios
1187 1015 1244 1045 aut
1269 1012 1413 1054 aliquem
1440 1022 1483 1044 ex
1512 1011 1559 1043 eis
1588 1022 1647 1054 per
1673 1021 1709 1043 se
1732 1011 1784 1043 vel
1813 1021 1872 1053 per

209 1064 310 1106 alium
349 1067 487 1108 gravent
526 1064 711 1107 aliqualiter
749 1065 802 1096 vel
838 1065 1020 1097 molestent.
1128 1064 1167 1096 In
1206 1074 1342 1106 quorum
1382 1063 1602 1096 testimonium
1639 1063 1871 1105 premissorum

209 1115 288 1158 ipsis
311 1116 426 1148 damus
448 1127 582 1159 presens
605 1116 809 1158 privilegium
833 1119 942 1149 nostro
965 1116 1072 1158 sigillo
1104 1126 1162 1149 seu
1188 1115 1277 1148 bulla
1303 1125 1400 1148 cerea
1427 1125 1470 1148 ex
1492 1118 1581 1148 certa
1604 1118 1715 1147 nostra
1736 1115 1871 1147 scientia

210 1168 396 1210 sigillatum.

319 1219 440 1252 Datum
469 1222 502 1252 et
524 1223 634 1252 actum
660 1220 693 1251 in
720 1219 907 1252 Mediolano
936 1220 968 1251 in
995 1220 1083 1252 curia
1111 1218 1395 1261 archiepiscopali,
1427 1228 1512 1250 anno
1539 1217 1671 1250 Domini
1698 1217 1870 1250 millesimo

211 1272 437 1304 trecentesimo
460 1271 618 1314 vigesimo
642 1272 750 1312 tertio,
772 1270 947 1303 indictione
971 1274 1074 1313 sexta,
1098 1270 1151 1303 die
1174 1270 1332 1313 vigesimo
1356 1273 1450 1302 sexto
1473 1269 1558 1301 Iulii.

447 1429 533 1465 756.
574 1428 799 1473 Confirmatio
826 1428 927 1473 feudi
948 1440 1017 1474 pro
1045 1428 1179 1465 civitate
1204 1427 1403 1464 Savtmensi.
1509 1426 1580 1463 Oct.
1599 1426 1634 1462 5.

323 1510 485 1552 Oriqinale
508 1511 583 1555 (or.)
607 1511 644 1543 in
666 1511 826 1544 tabulario
849 1511 1024 1544 Savommsi
1046 1511 1248 1552 ‘Pergamene
1269 1520 1380 1551 sparse
1401 1520 1451 1542 nr.
1467 1509 1538 1542 23'.
1581 1509 1782 1543 Contulimus
1802 1521 1870 1544 nos.

210 1562 360 1604 Sigillum
388 1563 601 1602 desideratur,
634 1562 710 1595 linis
738 1563 848 1595 sericis
875 1563 966 1595 rubei
994 1562 1107 1596 coloris
1135 1562 1262 1595 relictis.
1298 1581 1340 1586 —
1374 1561 1438 1594 Ed.
1464 1560 1587 1601 cipolla
1614 1561 1735 1594 ‘Nuove
1755 1563 1872 1597 notizie

210 1614 337 1647 intorno
360 1615 396 1647 ai
418 1614 550 1655 diplomi
570 1614 731 1655 imperiali
753 1615 928 1647 conservati
949 1614 1025 1647 nell’
1038 1614 1189 1647 Archivio
1211 1613 1374 1646 commate
1396 1613 1431 1646 di
1454 1613 1598 1646 Savona’
1621 1613 1678 1653 (=
1699 1613 1782 1645 ‘Atti
1800 1613 1871 1646 dell‘

211 1666 240 1699 I.
257 1665 298 1699 R.
315 1666 507 1699 Accademia
530 1666 565 1698 di
586 1666 724 1705 Sciem,
747 1667 872 1699 Lettere
892 1667 932 1699 ed
953 1667 1031 1699 Aru·
1053 1666 1135 1707 deyli
1156 1666 1271 1708 Ayiati
1292 1666 1328 1698 in
1350 1665 1501 1698 Rovereto
1523 1664 1614 1697 serie
1628 1664 1708 1697 III'
1738 1665 1803 1698 Vol.
1824 1665 1875 1698 VI

210 1717 340 1760 (1900))
358 1728 392 1758 p.
410 1717 453 1750 17
474 1728 524 1750 nr.
541 1719 563 1749 3
585 1728 624 1750 ex
646 1729 693 1750 or.

319 1812 492 1845 Bertoldus
508 1823 618 1845 comes
641 1812 683 1844 de
699 1812 877 1845 Marsteten
893 1811 997 1844 dictus
1021 1812 1062 1844 de
1078 1812 1207 1854 Nyffen,
1230 1811 1426 1844 serenissimi
1448 1811 1601 1853 principis
1623 1810 1745 1843 domini
1760 1810 1870 1843 Lude-

210 1864 282 1896 wici
297 1863 518 1897 Romanorum
534 1865 620 1907 regis
636 1875 765 1906 semper
785 1865 914 1906 augusti
938 1865 970 1895 in
986 1863 1131 1906 partibus
1147 1863 1241 1896 Italie
1257 1863 1395 1895 vicarius
1410 1863 1572 1905 generalis
1659 1862 1871 1904 prudentibus

210 1915 285 1947 viris
309 1940 317 1948 .
341 1940 348 1948 .
371 1916 541 1958 potestati,
575 1941 581 1948 .
603 1940 611 1948 .
635 1916 791 1956 ancianis,
819 1940 827 1948 .
853 1941 859 1948 .
884 1915 1016 1947 consilio
1047 1919 1079 1948 et
1106 1916 1235 1947 comuni
1266 1916 1405 1947 civitatis
1431 1914 1538 1947 Saone
1630 1913 1768 1958 salutem
1797 1924 1870 1946 cum

210 1967 411 2009 plenitudine
435 1968 538 2000 omnis
560 1967 646 1999 boni.

317 2019 459 2061 Dignum
483 2022 516 2052 et
538 2020 659 2051 racioni
683 2029 857 2051 consonum
881 2018 1069 2059 iudicamus,
1092 2022 1128 2050 ut
1150 2018 1196 2050 hii
1219 2019 1251 2050 in
1266 2018 1497 2050 beneficiorum
1520 2017 1724 2050 exhibicione
1747 2020 1872 2049 ceteros

211 2070 422 2112 antecellant,
453 2081 534 2113 quos
557 2070 650 2103 labor
671 2070 827 2113 prolixior
850 2074 882 2103 et
906 2070 1067 2112 stipendia
1094 2070 1230 2102 meliora
1253 2070 1388 2102 fecerint
1411 2069 1544 2101 anteire.
1589 2068 1671 2101 Cum
1694 2069 1792 2111 igitur
1814 2078 1873 2110 per

210 2122 367 2155 discretos
389 2123 475 2155 viros
490 2122 625 2155 Petrum
642 2123 824 2164 Argentum
848 2126 882 2154 ct
902 2122 1094 2154 Pontzinum
1110 2122 1338 2154 Constancium
1361 2120 1612 2153 ambassiatores
1634 2123 1758 2152 vestros
1780 2120 1872 2152 nobis

211 2183 253 2206 ex
275 2176 368 2216 parte
391 2177 498 2206 vestra
528 2174 626 2206 fuerit
652 2174 859 2216 suplicatum,
890 2176 927 2205 ut
956 2174 1148 2205 auctoritate
1178 2173 1271 2205 nobis
1299 2176 1505 2215 competente
1528 2183 1548 2204 a
1570 2171 1717 2214 predicto
1741 2171 1871 2204 domino

211 2229 320 2258 nostro
348 2236 426 2268 rege
457 2228 598 2258 castrum
627 2225 715 2269 quod
743 2229 877 2258 vocatur
899 2225 1033 2268 Signum
1061 2235 1134 2257 cum
1164 2225 1362 2266 castellanis,
1394 2223 1577 2256 hominibus
1604 2227 1638 2256 et
1666 2223 1873 2265 pertinenciis

211 2277 311 2319 ipsius
338 2277 430 2309 vobis
461 2280 494 2309 et
517 2278 639 2310 civitati
662 2281 769 2310 vestre
791 2277 957 2320 applicare
982 2281 1015 2309 et
1037 2277 1215 2309 concedere
1239 2276 1461 2319 dignaremur,
1492 2274 1580 2318 quod
1603 2285 1660 2307 vos
1682 2275 1816 2307 evicisse
1840 2279 1873 2307 et

212 2327 388 2361 obtinuisse
411 2331 523 2361 contra
546 2339 682 2361 comune
706 2333 739 2362 et
762 2329 909 2361 homines
923 2329 1032 2368 Naufi,
1055 2328 1184 2371 quando
1208 2329 1240 2360 in
1263 2329 1345 2360 sacri
1367 2327 1495 2370 imperii
1508 2330 1668 2359 steterunt
1683 2325 1871 2366 rebellione,

211 2383 360 2412 asserunt
381 2383 416 2412 et
437 2383 630 2422 proponunt,
652 2381 859 2413 attendentes
881 2381 991 2423 itaque
1015 2384 1154 2413 vestram
1178 2379 1369 2412 fidelitatem
1395 2383 1429 2412 et
1450 2379 1581 2419 merita,
1612 2377 1654 2410 de
1677 2377 1792 2420 quibus
1815 2388 1871 2409 vos

211 2430 359 2463 volumus
380 2441 444 2463 non
466 2432 616 2464 inmerito
639 2433 765 2474 premia
780 2435 957 2474 reportare,
979 2435 1015 2463 ut
1037 2432 1093 2463 alii
1109 2436 1216 2464 vestro
1233 2431 1386 2474 exemplo
1401 2430 1558 2463 laudabili
1579 2429 1621 2462 ad
1645 2429 1728 2462 bene
1745 2440 1871 2462 meren-

212 2481 289 2514 dum
312 2481 430 2515 foi-cius
451 2483 642 2523 animentur,
665 2483 758 2516 vobis
780 2483 961 2526 predictum
985 2486 1123 2515 castrum
1147 2493 1219 2515 cum
1236 2483 1432 2524 castellania,
1455 2482 1638 2515 hominibus
1660 2484 1693 2514 et
1709 2482 1871 2524 pertinen-

214 2534 271 2565 ciis
293 2528 392 2575 ipsius
414 2535 606 2567 auctoritate
629 2535 722 2567 nobis
747 2546 900 2568 concessa
923 2535 1118 2567 comittimus
1141 2538 1175 2567 et
1191 2533 1421 2567 comendamus
1445 2545 1547 2577 usque
1569 2533 1612 2566 ad
1628 2532 1749 2566 domini
1772 2533 1871 2565 nostri

213 2585 300 2627 regis
322 2585 451 2627 prefati,
474 2589 618 2618 nostrum
641 2586 693 2619 vel
707 2588 836 2629 imperii
852 2586 1090 2629 beneplacitum
1105 2586 1361 2629 gubernandum.
1406 2586 1620 2619 Comittentes
1639 2585 1731 2616 vobis
1747 2595 1871 2616 merum

213 2639 246 2667 et
269 2636 406 2668 mixtum
429 2636 600 2679 imperium
617 2638 650 2670 in
672 2638 757 2671 dicto
781 2642 897 2679 castro,
921 2637 1117 2678 castellania,
1141 2637 1323 2670 hominibus
1345 2642 1378 2670 et
1394 2638 1599 2680 pertinenciis
1622 2638 1721 2679 ipsius
1745 2644 1778 2668 et
1802 2647 1870 2667 om-

214 2688 267 2719 nia
290 2687 354 2719 alia
377 2688 446 2720 iura
469 2689 657 2730 exercendi,
685 2700 748 2732 que
772 2690 870 2732 ipsius
893 2690 995 2732 exigit
1018 2690 1176 2731 regimen,
1204 2694 1499 2732 quantumcumque
1527 2688 1715 2721 mandatum
1739 2689 1870 2729 exigant

319 2798 346 2831 1)
365 2798 456 2833 Supra
473 2806 516 2826 nr.
532 2802 587 2827 729.
