2190 3172
359 197 419 228 192
590 195 687 222 ACTA
707 194 820 222 REGNI
838 194 1021 222 LUDEWICI
1040 194 1087 221 IV.
1106 194 1152 221 ΕΤ
1171 193 1355 221 FRIDERICI
1374 194 1422 220 ΙΙῘ.
1459 194 1534 220 1315.
1570 193 1618 221 Nr.
1631 194 1690 221 216.
1709 193 1768 220 217.

784 319 869 355 216.
909 319 1131 364 Privileyium
1157 319 1310 355 alterum.
1416 317 1526 353 Mart.
1545 319 1580 353 4.

469 392 628 433 Oriqinale
658 393 731 434 (or.)
760 393 796 424 in
822 393 980 425 tabulario
1008 393 1148 434 generali
1175 393 1264 434 reyni
1290 392 1456 424 Bawarici
1487 391 1686 424 ‘Habelsches
1709 392 1828 424 Archiv
1855 392 1934 432 fasc.
1955 393 2001 426 9'.

358 444 479 476 Pendet
499 444 639 484 siqillum
661 444 779 476 laesum
802 445 866 476 loro
888 445 1129 477 membranaceo.
1153 464 1194 468 ——-
1217 445 1289 477 Iam
1312 444 1469 476 edidimus
1491 443 1605 475 ‘Neues
1628 443 1761 475 Archiv'
1783 443 1922 483 XXIII,
1939 445 2003 476 677

356 506 406 527 nr.
423 497 443 526 8
465 506 503 527 ex
526 506 571 527 or.
616 495 677 527 Ed.
701 496 735 528 J.
751 496 873 528 Becher
894 496 1127 536 ‘Mitteilunyen
1153 496 1209 528 der
1238 495 1442 535 Gesellschaft
1471 496 1529 534 fiir
1551 494 1731 536 Erhultunq
1751 495 2003 536 yeschichtlicher

357 547 548 579 Denkmdler
570 547 614 578 im
635 546 761 578 Elsass’
783 547 882 586 XXI,
905 550 970 579 377
990 558 1039 579 nr.
1056 549 1077 578 3
1099 558 1137 579 ex
1159 558 1204 580 or.
2031 554 2044 574 ³

462 629 655 660 Ludewicus
682 629 746 660 Dei
772 629 881 670 gracia
909 629 1128 661 Romanorum
1161 640 1219 661 rex
1248 639 1377 670 semper
1405 632 1559 671 augustus
1652 629 1807 661 universis
1834 633 2002 671 presentes

358 680 483 711 litteras
506 681 695 721 inspecturis
782 681 924 721 graciam
948 691 1039 712 suam
1062 684 1095 712 et
1118 691 1212 712 omne
1235 680 1364 711 bonum.

465 731 733 772 Promptitudinis
755 731 918 764 indefesse
941 736 1051 774 gratos
1074 732 1229 774 obsequio
1254 736 1287 764 et
1308 732 1462 774 probatos
1485 732 1562 764 fidei
1585 733 1725 774 puritate
1749 734 1897 765 convenit
1916 733 2001 766 fruc-

356 783 456 814 tuosis
486 786 593 814 nostre
621 783 839 815 munificentie
867 783 1029 815 favoribus
1057 785 1226 825 preveniri.
1271 784 1356 815 Hinc
1391 787 1441 816 est
1474 784 1559 825 quod
1589 784 1765 826 prudentes
1798 786 1883 816 viros
1916 786 2002 818 cives

355 838 480 865 nostros
504 837 537 866 et
558 835 683 876 imperii
711 835 742 866 in
766 834 969 876 Hagenowe,
999 835 1113 867 fideles
1135 839 1260 867 nostros
1284 835 1418 867 dilectos
1445 839 1578 878 propter
1604 837 1821 878 incorruptam
1844 836 1920 868 fidei
1943 848 2000 870 sue
2019 847 2045 867 ιο

357 887 582 927 constanciam,
608 896 670 928 qua
694 897 772 928 erga
794 897 852 917 nos
876 890 909 918 et
924 897 1048 918 sacrum
1065 888 1236 929 imperium
1251 891 1384 919 actenus
1402 887 1585 919 claruerunt
1607 891 1641 919 et
1663 887 1703 919 ad
1727 899 1860 930 presens
1879 888 2002 921 clarent

357 941 403 977 et,
431 940 467 968 ut
493 948 675 979 speramus,
702 938 832 969 inantea
861 938 1109 980 conplacebunt,
1138 939 1171 970 in
1200 938 1455 970 sublevationem
1485 938 1668 970 debitorum
1691 950 1820 971 suorum
1844 950 1886 971 ex
1908 943 2000 982 parte

356 989 483 1030 imperii
511 992 745 1021 contractorum
779 993 812 1021 et
837 1000 1068 1031 reconpensam
1097 989 1308 1031 dampnorum
1335 990 1413 1031 ipsis
1442 990 1605 1022 illatorum
1632 1001 1691 1032 per
1714 990 1876 1023 biennium
1899 992 2001 1023 conti-

357 1050 455 1071 nuum
483 1051 502 1072 a
532 1040 607 1072 data
637 1041 833 1082 presentium
857 1041 898 1072 ab
922 1041 1008 1072 omni
1031 1041 1128 1080 stdra,
1152 1041 1321 1074 exactione
1344 1051 1403 1072 seu
1431 1041 1577 1082 quolibet
1599 1042 1733 1074 servicio
1757 1042 1946 1074 dimittimus
1969 1046 2002 1075 et

357 1102 482 1123 exnunc
506 1092 640 1124 dicimus
664 1096 697 1124 et
719 1092 853 1124 facimus
875 1092 994 1124 liberos
1018 1095 1051 1124 et
1073 1092 1203 1123 solutos.
1250 1092 1406 1124 Volumus
1430 1093 1544 1134 etiam,
1572 1104 1612 1124 ne
1635 1093 1696 1125 hec
1720 1094 1766 1125 eis
1783 1094 1869 1126 iacta
1891 1095 2002 1136 gracia
2019 1104 2044 1124 υ

357 1143 390 1174 in
423 1147 587 1184 posterum
621 1144 652 1175 in
688 1144 890 1185 dispendium
924 1146 1142 1182 convertatur,
1176 1153 1216 1174 ne
1250 1146 1324 1185 post
1357 1143 1483 1185 lapsum
1519 1143 1596 1175 dicti
1623 1144 1744 1176 biennii
1771 1155 1830 1186 per
1858 1156 1916 1176 nos
1944 1155 2003 1177 seu

359 1195 516 1227 officiatos
546 1199 684 1236 nostros,
714 1197 768 1238 qui
798 1207 855 1237 pro
884 1199 1030 1237 tempore
1063 1195 1197 1233 fuerint,
1226 1195 1310 1226 ultra
1341 1199 1527 1227 consuetum
1551 1196 1672 1227 seuram
1696 1199 1729 1228 et
1751 1196 1845 1228 solita
1868 1197 2003 1228 servicia

358 1247 601 1288 quomodolibet
623 1251 866 1289 pregraventur.
917 1247 1000 1278 Item
1034 1246 1075 1278 de
1109 1247 1218 1288 gracia
1252 1246 1384 1288 speciali
1419 1257 1460 1278 ex
1494 1246 1687 1279 liberalitate
1722 1249 1814 1289 regia
1850 1247 2003 1289 predictis

357 1299 479 1330 civibus
502 1298 707 1330 concedimus
731 1303 764 1330 et
786 1299 1011 1341 permittimus,
1034 1302 1069 1329 ut
1093 1298 1200 1329 edulio
1224 1298 1255 1329 in
1280 1308 1371 1329 sacra
1393 1298 1514 1330 foresta
1544 1299 1576 1329 in
1604 1302 1696 1340 parte
1727 1310 1784 1331 nos
1807 1299 2004 1341 contingenti

356 1361 415 1392 per
437 1350 616 1392 predictum
640 1350 803 1382 biennium
827 1350 930 1382 libere
953 1350 1166 1392 perfruantur.
1233 1350 1271 1381 In
1287 1350 1376 1381 cuius
1391 1350 1439 1382 rei
1456 1351 1673 1382 testimonium
1695 1354 1862 1393 presentes
1885 1351 2003 1383 exinde
2021 1361 2048 1381 so

357 1402 513 1434 conscribi
537 1405 570 1433 et
592 1403 770 1434 maiestatis
793 1406 900 1434 nostre
924 1402 1030 1444 sigillo
1053 1402 1202 1433 iussimus
1225 1402 1424 1434 communiri.

462 1453 538 1485 Dat.
562 1455 594 1485 in
618 1455 728 1485 castris
751 1464 852 1496 prope
876 1453 1012 1495 Spiram,
1036 1464 1119 1485 anno
1143 1453 1273 1485 Domini
1299 1453 1470 1486 millesimo
1501 1454 1729 1486 trecentesimo
1753 1454 2003 1496 quintodecimo,

356 1505 435 1536 1111.
459 1505 541 1537 Non.
565 1505 687 1546 Marcii,
711 1506 802 1548 regni
824 1516 900 1537 vero
923 1506 1023 1537 nostri
1046 1516 1129 1537 anno
1153 1506 1268 1547 primo.
1461 1510 1463 1513 “

447 1725 542 1769 217.
571 1723 666 1769 218.
709 1722 1466 1833 TRANSMIffOAgIllssTFiIgUDI
1492 1723 1581 1768 AB
1612 1723 1905 1770 IMPERIO

1029 1865 1137 1900 1315.
1178 1864 1284 1900 Mart.
1305 1864 1340 1900 6.

776 1967 862 2003 217.
902 1967 1092 2003 Promissio
1121 1967 1321 2011 feudatarii.
1427 1966 1539 2002 Mart.
1558 1968 1590 2002 6.

470 2042 629 2083 Oriqinale
645 2041 719 2084 (or.)
739 2042 775 2073 in
789 2041 947 2073 tabulario
966 2041 1162 2082 Coburyensi.
1204 2042 1400 2074 Contulimus
1414 2051 1480 2074 nos,
1519 2041 1699 2082 Supersunt
1713 2042 1810 2073 trium
1825 2041 2001 2083 siyillorum

359 2094 427 2126 lora
454 2094 703 2132 membranacea;
731 2093 847 2133 pendet
880 2093 1018 2134 siqillum
1050 2094 1222 2125 secundum
1253 2093 1382 2125 laesum.
1448 2093 1711 2133 orthographiam
1740 2095 1865 2125 omnino
1897 2104 2001 2125 servae

359 2146 469 2177 vimus,
494 2163 536 2168 —
558 2145 620 2176 Ed.
637 2144 810 2186 (Schultes)
833 2144 896 2176 loco
918 2155 1018 2184 supra
1039 2145 1084 2176 ad
1104 2155 1152 2176 nr.
1169 2146 1212 2176 84
1234 2146 1328 2177 citato
1351 2145 1378 2183 I,
1405 2145 1467 2176 181
1489 2155 1539 2176 nr.
1557 2147 1599 2176 17
1621 2155 1658 2176 ex
1681 2155 1740 2182 or.,
1763 2148 1800 2177 ut
1821 2145 1954 2177 videtur.
2017 2160 2043 2180 ³0

469 2205 518 2245 Cf.
540 2206 693 2245 scriptum
715 2205 851 2237 eiusdem
869 2204 1053 2246 feudatarii
1074 2206 1176 2237 eodem
1199 2206 1249 2237 die
1271 2206 1382 2237 datum
1404 2205 1423 2238 l.
1440 2216 1466 2238 c.
1490 2205 1517 2243 I,
1542 2205 1605 2236 182
1627 2215 1676 2237 nr.
1694 2206 1745 2237 18.

466 2291 524 2323 Ich
546 2291 708 2323 Eberhart
731 2302 793 2322 von
816 2290 1066 2333 Schowemberg
1089 2291 1237 2323 bekenne
1261 2291 1431 2323 offenliche
1455 2302 1496 2323 an
1519 2291 1619 2323 disem
1649 2291 1730 2323 brife
1753 2291 1839 2323 allen
1861 2291 1925 2324 den
1948 2292 2001 2325 die

361 2343 504 2384 gesehen
531 2343 611 2374 oder
632 2343 733 2374 horen
759 2343 864 2383 lesen,
894 2342 953 2374 daz
975 2343 1027 2374 ich
1050 2344 1146 2375 mime
1175 2344 1261 2375 liben
1293 2344 1408 2375 herren
1431 2354 1551 2386 greven
1574 2343 1727 2375 Bertolde
1750 2354 1813 2375 von
1835 2343 2001 2376 Hennem-

360 2394 442 2436 berg
470 2394 554 2426 unde
583 2395 672 2426 sinen
700 2394 799 2426 erben
831 2398 994 2426 entruwen
1021 2395 1153 2436 gelobet
1179 2395 1242 2426 han
1271 2395 1356 2427 unde
1384 2395 1566 2437 Heinr(ich)
1589 2395 1655 2426 min
1678 2406 1736 2426 sun
1758 2395 1817 2426 mit
1839 2396 1918 2436 mie,
1943 2395 2002 2428 daz

360 2446 417 2476 wir
441 2445 499 2476 daz
521 2445 592 2476 huis
615 2445 654 2476 zfi
677 2445 925 2487 Schowemberg
947 2446 1032 2477 unde
1056 2446 1149 2478 alleiz
1172 2447 1230 2478 daz
1253 2446 1312 2478 daz
1335 2446 1374 2478 zfi
1391 2447 1485 2478 deme
1501 2447 1572 2478 huis
1588 2447 1734 2488 gehoret,
1751 2446 1810 2478 daz
1824 2457 1888 2478 von
1903 2446 1999 2479 deme
2018 2461 2044 2481 ³5

359 2497 465 2528 ricche
495 2496 533 2528 zfi
559 2497 675 2528 lehene
705 2502 775 2538 get,
802 2497 840 2528 uf
864 2497 969 2539 geben
996 2498 1081 2530 unde
1108 2499 1146 2530 uf
1165 2498 1285 2530 senden
1316 2499 1418 2531 sullen
1446 2499 1540 2531 deme
1563 2499 1670 2531 ricche
1692 2499 1758 2530 und
1781 2499 1884 2530 sullen
1907 2499 2001 2531 einen

360 2549 478 2580 kunich
501 2549 600 2588 biten‚
624 2548 683 2580 daz
706 2549 764 2580 her
786 2549 861 2580 dem
883 2553 1102 2591 vorgenanten
1125 2550 1241 2582 herren
1263 2561 1384 2592 greven
1408 2550 1562 2582 Bertolde
1585 2551 1670 2582 unde
1698 2552 1787 2582 sinen
1811 2550 1910 2583 erben
1934 2550 2000 2582 lihe

360 2600 399 2631 zu
423 2601 505 2631 eime
528 2600 665 2632 recchen
688 2600 803 2632 lehene
828 2600 885 2632 daz
908 2601 979 2632 huis
1004 2601 1088 2634 unde
1112 2612 1195 2633 swaz
1217 2603 1276 2633 wir
1298 2602 1356 2633 dar
1379 2602 1418 2634 zfi
1439 2602 1503 2634 han
1526 2613 1589 2634 von
1605 2603 1680 2634 dem
1696 2602 1802 2635 ricche
1820 2601 1859 2634 zfi
1874 2601 1999 2634 lehene.

361 2651 497 2683 Swenne
520 2652 560 2683 he
584 2652 662 2683 oder
684 2653 751 2684 sine
775 2651 874 2683 erben
890 2652 941 2683 die
959 2652 1158 2684 lehenschaft
1174 2664 1280 2685 umme
1297 2655 1392 2686 einen
1411 2654 1530 2685 kunich
1547 2654 1595 2685 dir
1611 2655 1727 2686 kobirn
1743 2654 1813 2687 odir
1835 2654 1885 2685 dir
1906 2654 2001 2686 kobir

363 2702 490 2745 mugen,
507 2714 541 2734 so
559 2704 606 2734 sal
623 2703 679 2735 der
695 2707 891 2745 vorgenante
908 2704 1000 2736 herre
1021 2705 1106 2737 unde
1126 2707 1194 2737 sine
1219 2706 1317 2737 erben
1338 2717 1397 2738 uns
1417 2707 1501 2738 unde
1517 2717 1617 2738 unsen
1634 2707 1733 2738 erben
1754 2707 1812 2738 daz
1827 2706 1900 2738 huis
1915 2705 2000 2738 unde
2017 2722 2046 2741 ω

363 2754 455 2786 alleiz
479 2754 537 2786 daz
561 2755 618 2786 daz
643 2754 701 2786 dar
722 2755 761 2786 zfi
784 2755 919 2797 gehoret
941 2756 979 2787 zfi
1003 2757 1086 2788 eime
1110 2757 1246 2789 recchen
1269 2757 1383 2790 lehene
1406 2758 1507 2790 wider
1529 2758 1626 2790 lihen.
1670 2758 1733 2791 Die
1756 2758 1829 2790 wile
1853 2757 1921 2789 abir
1944 2757 2002 2789 der

363 2809 559 2848 vorgenante
587 2807 679 2838 herre
703 2807 785 2838 noch
809 2808 875 2839 sine
901 2808 999 2840 erben
1023 2808 1074 2840 die
1097 2809 1299 2841 lehenschaft
1321 2820 1428 2841 umme
1453 2810 1504 2841 ein
1526 2810 1633 2842 ricche
1656 2810 1726 2842 niht
1747 2810 1775 2841 ir
1797 2809 1905 2842 kobirt
1927 2809 2000 2850 han,
