2124 3132
225 2320 246 2335 c.
258 2316 290 2337 12.

301 161 341 190 52
744 156 963 185 TRACTATUS
982 157 1030 183 DE
1047 156 1264 185 ELECTIONE.
1302 157 1377 185 1314.
1413 157 1463 185 Nr.
1475 157 1517 185 57.

412 247 442 276 4.
473 249 565 276 Item*
580 248 726 276 dominum
742 270 748 276 .
765 269 772 275 .
789 248 1041 283 archiepiscopum,
1058 269 1064 276 .
1081 269 1087 276 .
1104 257 1279 276 successores
1295 257 1360 276 suos
1380 250 1410 276 et
1425 249 1574 276 ecclesiam
1588 248 1787 283 Moguntinam
1802 248 1959 283 predictam

302 309 354 335 pro
378 302 440 328 toto
464 309 548 335 posse
570 302 669 327 nostro
697 300 758 327 sine
785 300 925 327 dilacione
949 299 1146 327 adiuvabimus
1169 309 1233 327 cum
1256 300 1370 333 effectu,
1403 300 1493 328 eciam
1515 300 1719 335 personaliter,
1749 300 1774 327 si
1795 300 1882 328 fuerit
1903 300 1958 328 hoc

300 361 424 385 necesse,
449 353 549 379 contra
570 351 713 385 quoslibet
728 351 919 384 iniuriatores,
942 351 1110 378 temerarios
1133 351 1294 384 offensores,
1317 352 1480 379 turbatores
1503 352 1650 386 ipsorum*
1673 351 1709 378 ad
1726 351 1869 379 iusticiam
1884 351 1958 379 obti-

302 404 425 430 nendam
449 403 485 430 ab
508 403 577 438 ipsis
601 404 631 430 et
653 402 787 429 iniuriam
810 402 968 436 quamlibet
990 403 1213 437 propellendam,
1237 403 1350 437 quando
1374 405 1404 431 et
1426 403 1561 437 quociens
1584 409 1643 440 per
1669 398 1801 440 ipsum*
1823 402 1959 430 fuerimus

301 455 443 489 requisiti.

412 505 440 533 5.
465 507 537 533 Item
564 515 663 533 causas
691 505 897 532 ecclesiasticas
924 505 1004 532 nullo
1031 505 1115 532 modo
1146 505 1215 532 alibi
1245 505 1300 532 nisi
1328 514 1421 532 coram
1452 505 1510 532 suis
1533 526 1539 532 .
1562 526 1568 533 .
1594 505 1734 532 iudicibus
1760 505 1959 539 permittemus

302 557 422 584 tractari
446 566 495 584 seu
518 557 617 584 decidi.
655 557 794 584 Personas
817 557 906 584 eciam
930 556 1137 584 ecclesiasticas
1158 565 1209 591 pro
1230 565 1398 591 quacunque
1415 565 1500 584 causa
1514 566 1572 584 non
1589 557 1658 583 alibi
1673 556 1729 583 nisi
1744 565 1839 584 coram
1855 556 1913 583 suis
1929 577 1935 584 .
1953 577 1958 583 .

305 609 446 635 iudicibus
469 608 667 643 permittemus
691 609 742 635 aut
764 608 966 635 sustinebimus
990 607 1136 635 conveniri
1159 617 1208 635 seu
1230 608 1319 635 eciam
1342 608 1470 635 iudicari.

413 658 443 687 6.
467 661 541 687 Item
564 660 729 687 theloneum
757 659 787 686 in
811 659 977 692 Lonstein,
1006 659 1083 693 quod
1111 661 1230 694 propter
1258 668 1357 686 causas
1384 661 1485 692 certas,
1515 668 1595 687 veras
1623 661 1653 686 et
1679 659 1770 686 iustas
1796 659 1961 686 institutum

302 711 464 738 dinoscitur
493 713 522 738 et
550 711 688 738 traditum
715 710 832 738 ecclesie
855 710 1023 746 Mogontine
1051 719 1102 746 per
1124 710 1189 738 dive
1217 711 1352 738 memorie
1375 720 1456 746 reges
1479 711 1681 743 Romanorum,
1713 706 1959 738 confirmacione

300 758 388 790 sedis
415 759 595 800 apostolice
625 758 667 789 ad
698 758 759 789 hoc
785 757 991 799 postmodum
1020 757 1207 799 subsecuta,
1236 762 1385 789 laudamus
1413 771 1447 789 ex
1475 764 1553 790 certa
1581 762 1703 789 sciencia
1733 761 1782 795 [et]
1806 770 1840 790 ex
1863 771 1958 797 super-

304 814 486 841 habundanti
509 814 736 841 confirmabimus
759 815 789 841 et
811 814 1010 841 innovabimus
1033 814 1133 841 eidem.

413 864 442 893 7.
467 867 540 893 Item
563 866 698 901 oppidum
716 863 924 900 Seylg‘enstad
947 867 977 893 et
999 866 1166 893 comitatum
1183 866 1352 893 Bachowie
1375 867 1492 900 propter
1516 865 1667 892 veritatem
1687 865 1822 900 opinione
1842 865 1960 892 cedente

301 919 467 952 conpertam
491 919 521 944 et
543 917 686 944 iusticiam
710 917 871 951 expeditam
899 917 974 944 clare
1002 917 1121 944 dicimus
1149 918 1180 944 et
1205 917 1318 952 publice
1347 917 1553 944 declarabimus
1580 917 1617 944 ad
1643 917 1784 952 prefatam
1811 916 1959 944 ecclesiam

301 969 501 1004 Moguntinam
525 969 585 996 sine
608 969 693 996 dubio
721 969 872 1004 pertinere.

415 1018 443 1048 8.
469 1021 541 1048 Item
573 1021 724 1055 specialem
756 1020 980 1055 prerogativam,
1014 1029 1100 1054 quam
1129 1020 1217 1047 habet
1246 1022 1276 1047 et
1305 1019 1410 1047 habere
1442 1020 1528 1047 debet
1556 1028 1640 1054 super
1667 1019 1901 1047 ministerialibus
1933 1021 1963 1047 et

304 1072 499 1100 castrensibus
517 1072 635 1099 ecclesie
650 1072 818 1106 Moguntine
834 1081 892 1099 non
914 1072 1062 1099 trahendis
1078 1072 1107 1098 in
1123 1071 1167 1098 ius
1184 1080 1278 1098 coram
1294 1071 1390 1105 aliquo
1407 1071 1527 1099 seculari
1541 1071 1643 1104 iudice,
1663 1071 1719 1098 nisi
1734 1071 1813 1106 prius
1829 1079 1923 1098 coram
1936 1092 1943 1098 .
1957 1092 1963 1098 .

304 1124 519 1159 archiepiscopo
548 1124 717 1158 Moguntino
749 1123 865 1151 domino
900 1132 950 1151 suo
986 1123 1192 1151 conveniantur
1225 1125 1254 1150 et
1286 1123 1327 1149 ibi
1362 1123 1406 1150 ius
1437 1123 1564 1156 deficiat,
1596 1131 1648 1158 pro
1677 1131 1846 1157 quacunque
1876 1131 1962 1150 causa

304 1175 536 1202 conservabimus
559 1175 766 1202 inviolabiliter
788 1176 817 1202 et
840 1175 876 1201 ab
900 1175 963 1202 aliis
987 1175 1122 1202 faciemus
1146 1170 1299 1202 similiter*²
1323 1174 1484 1202 observari.

416 1224 445 1254 9.
470 1228 543 1254 Item
573 1226 804 1254 conservabimus
833 1228 862 1253 et
888 1226 1136 1254 manutenebimus
1162 1235 1226 1253 eum
1254 1227 1283 1253 et
1310 1225 1458 1253 ecclesiam
1488 1234 1568 1253 suam
1598 1226 1754 1261 predictam
1782 1225 1813 1252 in
1843 1225 1960 1258 iuribus,

299 1278 468 1310 honoribus,
498 1278 708 1313 *dignitatibus
736 1279 766 1305 et
788 1278 963 1305 utilitatibus
986 1278 1126 1305 universis
1153 1277 1403 1305 archicancellarie
1425 1277 1499 1304 sacri
1520 1277 1635 1312 imperii
1656 1286 1708 1312 per
1730 1277 1912 1304 Germaniam
1934 1278 1965 1305 et

299 1330 462 1364 specialiter
496 1330 526 1356 in
556 1329 742 1361 cancellario,
774 1330 994 1364 prothonotario
1026 1331 1056 1357 et
1084 1329 1204 1357 notariis
1232 1329 1416 1356 instituendis
1446 1330 1476 1356 et
1503 1329 1692 1356 destituendis
1724 1329 1755 1356 in
1788 1329 1856 1356 aula
1883 1328 1963 1365 regia

299 1390 351 1416 per
375 1381 503 1414 eundem,
529 1381 579 1415 qui
602 1381 656 1407 sibi
679 1381 742 1408 loco
766 1382 796 1408 et
817 1381 878 1408 vice
899 1381 990 1408 nostri
1006 1389 1058 1415 pro
1074 1380 1240 1408 obediencia
1248 1381 1268 1413 ε,
1291 1379 1455 1407 reverencia
1470 1382 1501 1407 et
1519 1380 1658 1408 fidelitate
1673 1379 1772 1407 debita
1787 1380 1964 1408 observanda

305 1432 414 1460 facient
429 1433 629 1459 iuramentum.
662 1432 700 1459 Et
713 1433 743 1459 in
759 1433 869 1460 decima
885 1432 939 1459 sibi
955 1434 985 1459 et
1000 1432 1118 1460 ecclesie
1131 1441 1180 1460 sue
1193 1432 1291 1459 debita
1302 1432 1336 1459 de
1349 1429 1443 1464 stfiris,
1459 1431 1656 1459 exactionibus
1669 1431 1729 1460 sive
1742 1431 1963 1460 obvencionibus

300 1484 452 1511 Iudeorum
476 1493 509 1511 ac
532 1484 605 1516 aliis,
629 1493 683 1518 que
707 1484 741 1511 de
765 1484 843 1511 curia
865 1484 945 1519 regia
969 1484 1067 1511 cedere
1091 1483 1146 1510 sibi
1162 1484 1267 1511 debent
1282 1483 1391 1511 intuitu
1406 1483 1654 1511 archicancellarie
1675 1484 1812 1518 predicte.
1848 1483 1963 1511 Nullum

302 1535 392 1562 eciam
414 1535 444 1562 in
467 1535 523 1562 hiis
546 1536 590 1563 vel
613 1536 710 1570 aliquo
733 1536 937 1570 premissorum
960 1545 1010 1563 seu
1032 1536 1097 1563 aliis
1121 1535 1179 1563 suis
1201 1535 1309 1562 iuribus
1332 1535 1559 1570 inpedimentum
1583 1535 1799 1570 quomodolibet
1826 1535 1963 1563 faciemus

297 1596 349 1622 per
378 1596 429 1614 nos
459 1588 510 1614 aut
539 1587 611 1614 alios
641 1588 714 1614 clam
739 1588 783 1615 vel
806 1588 917 1623 palam,
950 1583 1073 1614 directe
1095 1582 1148 1614 vel
1177 1582 1354 1623 indirecte,
1387 1587 1443 1614 vel
1470 1587 1530 1614 fieri
1558 1587 1594 1614 ab
1622 1587 1719 1621 aliquo
1743 1587 1788 1615 vel
1818 1587 1962 1622 aliquibus

298 1639 496 1673 permittemus
504 1639 540 1666 **.

419 1689 466 1717 10.
503 1691 574 1718 Item
599 1690 660 1717 sine
678 1690 848 1717 difficultate
865 1690 995 1724 qualibet
1010 1690 1187 1717 dimittemus
1210 1690 1277 1717 sibi
1302 1690 1465 1717 theloneum
1481 1690 1557 1725 apud
1572 1692 1695 1717 castrum
1712 1694 1804 1717 suum
1818 1689 1962 1723 Erenvels,

300 1743 390 1770 donec
412 1742 447 1769 de
470 1742 532 1776 ipso
555 1751 571 1769 a
595 1744 722 1777 tempore
746 1742 901 1770 creacionis
924 1744 1020 1769 nostre
1044 1741 1165 1776 recipiat
1185 1742 1367 1777 integraliter
1392 1743 1422 1769 et
1444 1742 1584 1776 conplete,
1610 1737 1768 1779 quidquid
1791 1736 1897 1768 adhuc
1920 1736 1962 1769 de

301 1789 430 1821 residuo
456 1789 519 1820 sibi
543 1789 661 1829 deficit,
686 1789 773 1831 quod
797 1800 853 1821 sue
871 1790 1072 1821 estimacioni
1089 1789 1309 1830 relinquimus,
1334 1789 1365 1820 in
1388 1788 1450 1820 hiis
1474 1799 1537 1830 que
1554 1788 1627 1820 dive
1644 1789 1801 1820 memorie
1818 1788 1966 1820 dominus

300 1841 474 1872 Heinricus
497 1840 717 1872 Romanorum
742 1842 906 1882 inperator
928 1841 960 1872 in
985 1841 1091 1882 prima
1115 1841 1284 1872 creacione
1313 1851 1372 1872 sua
1398 1841 1430 1871 in
1454 1839 1636 1872 Romanum
1658 1850 1788 1882 regem,
1816 1843 1883 1872 tam
1905 1850 1964 1882 pro

301 1892 363 1923 hiis
393 1903 456 1934 que
488 1892 651 1934 quondam
674 1892 830 1924 Albertus
857 1902 916 1924 rex
939 1891 1160 1924 Romanorum
1189 1903 1286 1934 quam
1320 1902 1379 1934 pro
1409 1891 1470 1923 hiis
1501 1902 1564 1934 que
1592 1892 1733 1933 ipsemet
1760 1891 1908 1924 dominus
1931 1916 1938 1923 .
1956 1917 1963 1923 .

300 1944 478 1985 imperator
502 1943 564 1974 sibi
589 1943 798 1985 tenebantur,
828 1944 860 1975 in
888 1944 1004 1976 eodem
1029 1944 1182 1976 theloneo
1212 1943 1272 1975 sibi
1296 1943 1526 1985 deputaverat,
1555 1946 1588 1975 et
1614 1953 1781 1985 quousque
1804 1943 1966 1985 receperit

301 1995 362 2026 tria
390 1995 479 2026 milia
507 2005 702 2035 marcarum,
733 2006 813 2037 quas
844 1999 941 2037 prout
969 1995 1063 2027 nobis
1091 1999 1217 2027 constat
1246 1995 1404 2037 expendit
1431 1996 1464 2026 in
1493 1995 1629 2027 servicio
1659 1995 1788 2036 inperii,
1819 2005 1892 2027 cum
1909 1995 1964 2026 ‚ad

302 2046 485 2088 predictum
522 2047 685 2078 dominum
722 2048 952 2089 imperatorem
986 2048 1175 2090 arripuisset
1207 2048 1270 2079 iter
1303 2046 1345 2078 ad
1378 2050 1489 2089 partes
1522 2047 1776 2079 ultramontanas
1803 2047 1965 2087 veniendi,

304 2101 338 2129 et
362 2109 528 2140 quousque
553 2101 736 2141 perceperit
759 2110 934 2141 expensas,
970 2110 1051 2141 quas
1085 2101 1117 2131 in
1145 2099 1280 2131 servicio
1310 2098 1387 2130 dicti
1417 2098 1538 2131 domini
1566 2099 1758 2141 inperatoris
1791 2101 1826 2130 et
1850 2099 1966 2140 inperii

306 2150 385 2182 fecit
416 2151 624 2192 procedendo
659 2153 690 2183 in
725 2152 928 2184 Bohemiam.
985 2158 1018 2184 In
1047 2157 1125 2184 cuius
1158 2152 1304 2194 predicte
1334 2155 1454 2191 pecunie
1486 2154 1684 2190 percepcione
1717 2163 1807 2189 usque
1836 2155 1872 2182 ad
1903 2163 1965 2190 per-

307 2207 411 2233 fectam
439 2209 469 2234 et
491 2204 672 2242 conpletamd
696 2208 756 2235 eius
780 2209 953 2236 solucionem
980 2204 1142 2246 prefatum
1171 2203 1337 2235 dominum
1361 2227 1369 2234 .
1385 2227 1392 2234 .
1417 2202 1695 2244 archiepiscopum
1719 2215 1768 2234 sue
1791 2206 1966 2234 consciencie

305 2258 504 2292 relinquemus.
557 2286 562 2291 ,

417 2309 426 2336 1
440 2308 466 2337 l.
504 2311 623 2345 Insuper
638 2311 693 2346 ipsi
709 2312 824 2339 domino
840 2312 924 2340 Petro
944 2308 1189 2349 archiepiscopo
1210 2306 1357 2349 predicto
1374 2311 1472 2338 efficax
1497 2311 1527 2337 et
1545 2309 1626 2337 fidele
1642 2309 1815 2336 adiutorium
1830 2309 1966 2338 faciemus

307 2362 407 2388 contra
430 2362 554 2389 nobilem
579 2362 670 2389 virum
693 2357 872 2391 Rudolfum
896 2364 1028 2391 comitem
1052 2364 1086 2391 de
1109 2363 1278 2391 Monteforti
1301 2362 1408 2390 dictum
1431 2362 1466 2389 de
1490 2361 1575 2388 Sant
1596 2361 1686 2388 Gans
1709 2363 1740 2388 et
1761 2370 1827 2389 suos
1850 2382 1856 2389 .
1870 2382 1877 2389 .
1900 2370 1964 2389 con-

304 2412 407 2447 plices,
436 2413 485 2447 qui
509 2422 573 2440 eum
598 2423 650 2448 per
672 2414 805 2442 iniuriam
829 2415 1000 2450 captivavit,
1032 2414 1226 2442 exactionavit
1253 2415 1284 2441 et
1305 2412 1519 2448 dampnificavit
1545 2412 1582 2439 ad
1609 2414 1674 2440 octo
1702 2412 1783 2439 milia
1806 2421 1965 2440 marcarum

303 2465 431 2499 argenti,
459 2466 489 2492 et
515 2465 708 2492 laborabimus
736 2475 799 2493 cum
827 2467 956 2499 effectu*‚
985 2468 1018 2493 ut
1046 2466 1166 2493 emenda
1193 2467 1222 2493 et
1245 2464 1404 2492 satisfactio
1431 2464 1529 2492 debita
1556 2463 1591 2491 de
1614 2463 1718 2491 comite
1741 2464 1872 2498 prefato
1894 2464 1964 2491 suis-

305 2525 360 2550 que
384 2536 390 2543 .
408 2537 414 2543 .
438 2517 622 2551 complicibus
646 2517 700 2544 sibi
723 2518 781 2545 fiat.

418 2564 465 2595 12.
502 2569 574 2595 Item
591 2569 752 2596 cavebimus
775 2571 824 2597 et*
846 2570 1029 2597 defendemus
1046 2569 1174 2602 eundem,
1197 2578 1234 2596 ne
1250 2569 1353 2603 aliquis
1369 2569 1462 2604 ipsum
1479 2568 1524 2595 vel
1539 2567 1690 2595 ecclesiam
1705 2576 1786 2594 suam
1800 2567 1964 2602 prefatam

302 2619 468 2654 inpignoret
491 2620 537 2647 vel
559 2621 693 2648 molestet
715 2630 766 2655 pro
790 2622 894 2649 debitis
917 2631 935 2649 a
957 2621 1204 2656 predecessoribus
1236 2621 1294 2648 suis
1321 2620 1475 2648 contractis
1503 2621 1554 2647 aut
1576 2619 1753 2654 quibuslibet
1776 2619 1869 2646 causis
1891 2619 1964 2652 aliis,

303 2671 360 2698 nisi
383 2671 461 2706 prius
481 2679 576 2698 coram
599 2681 650 2700 suo
673 2673 765 2701 iudice
788 2669 819 2700 in
843 2670 912 2701 iure
936 2669 1177 2701 racionabiliter
1199 2673 1238 2700 sit
1257 2673 1403 2700 convictus
1426 2672 1554 2707 desuper.

408 2769 456 2797 57.
486 2770 510 2803 b)
529 2780 610 2804 supra
630 2773 725 2798 lineam
744 2773 805 2798 add.
825 2778 857 2799 ιν.
947 2773 969 2806 0)
988 2773 1101 2806 sequitur
1119 2778 1145 2798 et
1162 2773 1236 2798 delet.
1254 2777 1286 2798 tr.
1374 2770 1400 2804 ⁶)
1418 2772 1566 2805 conplatam
1584 2775 1616 2796 tr.
