2184 3126
419 285 516 314 ACTA
535 285 647 321 REGNI
667 284 850 313 LUDEWICI
870 284 916 312 IV.
935 284 980 312 ET
1000 284 1182 312 FRIDERICI
1203 284 1250 312 111.
1288 284 1363 312 1324.
1401 284 1447 312 Nr.
1461 285 1519 313 968.
1538 285 1598 312 969.
1774 288 1836 318 ⁹305

377 418 464 455 968.
504 418 660 454 Litterae
686 418 733 453 acl
761 418 863 454 duces
890 418 1055 454 Austriae
1083 421 1114 453 et
1141 417 1362 453 Karinthiae.
1470 417 1560 462 Any.
1580 419 1642 454 21.

293 491 392 532 Οιῃήα
407 493 462 534 (c.)
478 492 592 525 ibidem
608 491 627 525 l.
641 502 666 524 c.
690 491 744 531 fol.
759 493 809 524 73¹
829 502 880 524 nr.
892 492 966 525 895.
1006 491 1205 525 Contulimue
1223 501 1291 523 nos.
1308 509 1350 515 —-
1366 490 1429 524 Ed.
1445 490 1465 522 l.
1479 501 1504 523 c.
1528 491 1556 529 1,
1569 492 1610 522 71
1634 502 1682 523 ην.
1695 492 1736 523 41
1758 502 1796 523 ex
1811 501 1838 523 c.

289 551 444 591 Bfflmer,
472 551 548 593 Rey.
573 551 685 584 Ludw.
702 562 735 592 p.
757 553 822 583 307
849 551 964 584 deste
997 562 1046 583 nr.
1068 551 1134 583 227
1161 551 1288 592 (Addit.
1312 551 1378 592 I.);
1403 550 1495 591 Lanq
1526 551 1618 583 ‘Acta
1652 550 1839 591 Salzburqo-

180 603 412 644 Aquilejensia’
436 604 463 641 I,
478 605 520 635 81
543 614 592 636 nr.
611 605 652 636 66
674 614 714 636 ez
736 614 763 636 c.

150 671 162 692 s
292 663 342 702 Cf.
358 673 459 704 supra
482 673 531 695 nr.
548 664 612 695 930
634 666 663 695 et
684 663 775 703 infra
797 674 846 695 nr.
864 663 1045 696 993—995.
1100 657 1102 659 ¹

290 748 399 781 Nobili
421 749 488 782 viro
512 749 650 791 Lipoldo
675 748 747 781 duci
770 749 899 781 Austrie
923 752 956 781 et
979 749 1096 791 Styrie.

288 800 492 832 Venerabilis
515 800 622 832 fratris
644 801 743 832 nostri
758 799 925 832 Frederici
947 800 1180 842 archiepiscopi
1197 799 1460 843 Salzeburgensis
1483 811 1587 842 nuper
1608 801 1841 832 insinuatione¹

181 853 402 894 percepimus,
437 851 524 894 quod
554 851 678 883 nobiles
707 852 766 883 viri
793 851 977 884 Ludovicus
1003 851 1143 884 Bavarie
1177 851 1244 883 dux
1275 852 1410 894 eiusque
1445 853 1551 894 patrui
1581 856 1692 884 contra
1720 852 1841 884 dictum

182 903 461 946 archiepiscopum
490 908 549 935 ea·
572 904 742 935 occasione
769 904 860 946 gravi
889 913 1022 935 rancore
1050 906 1222 946 concepto,
1251 903 1338 946 quod
1367 904 1437 945 ipse
1466 906 1620 946 tanquam
1649 903 1733 935 filius
1763 902 1841 935 obe-

139 963 164 984 1⁰
182 955 303 988 dientie
338 956 429 987 iuxta
462 955 642 987 litterarum
673 955 922 997 apostolicarum
952 954 1012 987 sibi
1040 954 1234 987 directarum
1262 956 1491 987 continentiam
1521 966 1690 998 processus
1717 959 1843 987 nostros

183 1006 305 1039 dudum
334 1007 488 1039 adversus
516 1006 632 1039 ducem
660 1006 798 1039 eundem
827 1007 893 1038 suis
922 1005 1088 1039 demeritis
1117 1006 1322 1048 exigentibus
1350 1006 1477 1039 habitos
1501 1007 1675 1049 publicavit
1698 1006 1744 1049 [et
1767 1006 1843 1039 fecit

183 1058 406 1101 sollempniter
433 1057 612 1101 publicari],
641 1058 781 1090 eundem
808 1058 1086 1100 archiepiscopum
1117 1061 1150 1090 et
1177 1058 1347 1090 ecclesiam
1374 1069 1465 1091 suam
1489 1058 1664 1090 crudeliter
1687 1062 1719 1090 et
1742 1058 1842 1090 hosti-

182 1109 257 1142 liter
278 1113 498 1153 persecuntur.
522 1104 525 1108 *
548 1109 616 1142 Nos
639 1113 748 1142 autem
772 1109 895 1142 eisdem
917 1109 1162 1152 archiepiscopo
1186 1114 1220 1142 et
1242 1109 1379 1142 ecclesie
1402 1110 1517 1142 adesse
1541 1120 1639 1152 super
1661 1109 1723 1141 hiis
1746 1120 1842 1151 opor-

182 1162 267 1194 tunis
283 1162 432 1204 presidiis
451 1163 625 1203 cupientes,
650 1161 853 1193 nobilitatem
870 1165 968 1202 tuam,
993 1161 1033 1194 de
1050 1172 1113 1204 qua
1129 1161 1304 1204 specialem
1319 1162 1351 1193 in
1367 1161 1508 1194 Domino
1524 1162 1667 1204 gerimus
1682 1161 1843 1199 fiduciam,

140 1222 165 1243 ιο
183 1213 376 1256 requirimus
405 1217 439 1246 et
465 1223 631 1255 rogamus,
659 1213 809 1255 quatinus
842 1212 1086 1255 archiepiscopo
1110 1216 1144 1245 et
1172 1213 1309 1245 ecclesie
1336 1214 1535 1254 memoratis,
1561 1224 1642 1255 quos
1665 1217 1718 1245 tue
1742 1212 1842 1244 bene-

184 1265 325 1298 volentie
353 1265 537 1307 specialiter
565 1264 843 1306 commendamus,
877 1265 1007 1296 assistas
1039 1275 1096 1307 pro
1131 1267 1239 1296 nostra
1270 1268 1304 1297 et
1337 1265 1514 1306 apostolice
1546 1265 1632 1297 sedis
1661 1265 1843 1296 reverentia

184 1317 334 1358 consiliis,
357 1316 484 1348 auxiliis
507 1319 540 1348 et
563 1316 725 1348 favoribus
748 1317 923 1358 oportunis.

293 1377 389 1409 Item
412 1378 448 1408 in
472 1377 631 1409 eundem
655 1376 802 1408 modum
826 1376 881 1408 dil.
905 1376 947 1408 fil.
970 1376 1069 1409 nobili
1092 1377 1160 1408 viro
1184 1375 1306 1409 Othoni
1329 1376 1402 1409 duci
1426 1377 1557 1409 Austrie
1580 1380 1613 1409 et
1636 1376 1752 1418 Styrie.

293 1437 390 1469 Item
414 1438 449 1469 in
473 1436 633 1468 eundem
657 1436 807 1468 modum
830 1435 930 1468 nobili
952 1437 1020 1468 viro
1043 1436 1187 1468 Henrico
1210 1435 1285 1468 duci
1308 1435 1484 1469 Carinthie.

141 1510 168 1532 20
293 1496 415 1530 Datum
438 1497 636 1539 Avinion(e)‚
660 1496 736 1529 XII.
753 1496 826 1529 Kal.
851 1496 1045 1539 Septembr.,
1069 1507 1152 1529 auno
1176 1499 1301 1529 octavo.

333 1655 420 1691 969.
461 1654 614 1691 Litterae
641 1655 688 1690 ad
714 1654 1014 1700 archiepiscopum
1040 1653 1382 1700 Maqdelmryensem.
1487 1654 1510 1697 (
1510 1654 1602 1700 Auy.
1622 1656 1671 1689 21
1673 1656 1705 1698 ).

298 1729 398 1769 Copia
426 1729 483 1771 (c.)
513 1729 627 1761 ibidem
655 1728 674 1760 l.
689 1739 714 1760 c.
737 1727 792 1767 fol.
809 1729 860 1760 73¹
883 1738 933 1760 nr.
950 1728 1024 1761 898.
1073 1728 1272 1761 Contulimus
1300 1739 1366 1761 nos.
1390 1747 1431 1751 -
1453 1727 1517 1761 Ed.
1533 1727 1553 1759 I.
1569 1738 1595 1762 e.
1619 1728 1648 1766 Ι,
1666 1729 1707 1760 72
1730 1739 1777 1761 ην.
1803 1730 1845 1760 44

187 1791 225 1813 ex
248 1791 292 1820 c.,·
315 1780 455 1824 Schmidt
477 1779 667 1821 ‘Pdpstliche
695 1779 877 1813 Urkunden'
899 1780 929 1819 I,
946 1780 1010 1812 147
1030 1791 1080 1813 nr.
1100 1781 1160 1812 156
1182 1791 1221 1813 ex
1243 1790 1270 1813 c.

295 1841 372 1882 Req.
388 1840 492 1873 Liiher
513 1839 577 1873 loco
599 1850 701 1881 supra
722 1839 767 1872 ad
788 1849 840 1872 nr.
854 1840 920 1872 289
942 1840 1038 1872 citato
1056 1841 1173 1880 1225?
1195 1851 1243 1872 nr.
1259 1842 1333 1872 220.

141 1934 166 1955 π
293 1926 481 1959 Venerabili
504 1926 594 1959 fratri
617 1925 804 1959 Borchardo
828 1925 1075 1968 archiepiscopo
1098 1926 1416 1969 Magdeburgen(si).

293 1978 434 2010 Litteras
462 1978 671 2011 fraternitatis
699 1981 753 2010 tue
788 1977 884 2009 solita
915 1977 1115 2020 benignitate
1143 1978 1339 2020 recepimus,
1371 1988 1506 2020 quarum
1538 1982 1649 2010 tenore
1677 1978 1850 2020 diligenter

184 2030 330 2072 inspecto
353 2030 572 2062 sinceritatem
595 2029 777 2062 devotionis
801 2029 927 2062 illesam
958 2033 992 2062 et
1014 2029 1302 2072 promptitudinem
1328 2030 1514 2062 obedientie
1539 2030 1685 2072 vigilem,
1713 2041 1793 2072 quas
1817 2031 1849 2062 in

185 2082 378 2114 executione
401 2085 582 2114 nostrorum
600 2091 814 2124 processuum
833 2081 1018 2114 habitorum
1034 2081 1192 2114 hactenus
1209 2083 1362 2124 exigente
1378 2081 1473 2123 culpe
1489 2091 1545 2113 sue
1562 2081 1720 2113 demerito
1738 2088 1849 2114 contra

184 2134 287 2166 virum
310 2133 516 2176 magnificum
532 2133 733 2165 Ludovicum
758 2132 877 2165 ducem
901 2133 1040 2165 Bavarie
1064 2133 1256 2165 discorditer
1278 2134 1309 2164 in
1332 2133 1551 2165 Romanorum
1575 2143 1686 2175 regem
1710 2134 1849 2166 electum

142 2195 168 2215 ω
186 2185 361 2219 exhibuisti
395 2188 592 2227 prestanter,
627 2185 732 2227 dignis
765 2184 930 2227 profecto,
969 2186 1045 2227 quia
1083 2185 1216 2227 dignum
1255 2185 1417 2225 ducimus,
1456 2185 1488 2216 in
1521 2184 1662 2217 Domino
1700 2185 1850 2218 laudibus

186 2236 458 2269 commendamus.
497 2236 583 2268 Sane
599 2236 687 2268 velut
710 2236 742 2267 in
767 2238 864 2278 parte
888 2235 1002 2269 offensi
1018 2247 1081 2268 non
1105 2237 1233 2269 modica
1256 2236 1393 2268 moleste
1417 2236 1558 2268 ferentes
1574 2239 1646 2268 tuas
1663 2241 1695 2269 et
1711 2237 1848 2270 ecclesie

187 2289 243 2319 tue
266 2298 445 2330 pressuras,
478 2298 554 2320 ecce
582 2287 635 2319 dil.
659 2287 702 2319 fil.
738 2287 860 2320 civibus
890 2287 1256 2331 Magdeburgen(sibus)
1290 2291 1323 2320 et
1353 2287 1607 2329 Hallen(sibus),
1641 2288 1682 2321 de
1713 2300 1848 2331 quorum

188 2339 396 2381 oppressione
420 2340 636 2383 conquereris,
661 2339 813 2372 efficaces
836 2340 1004 2383 dirigimus
1033 2341 1182 2372 litteras²
1206 2339 1293 2382 apud
1317 2350 1387 2378 eos,
1417 2341 1443 2371 si
1467 2343 1653 2372 reverenter
1676 2344 1709 2372 et
1731 2340 1848 2374 devote

187 2393 223 2422 ut
245 2389 404 2423 credimus
426 2392 547 2434 scripta
569 2394 678 2424 nostra
701 2393 922 2434 susceperint,
954 2391 1064 2424 divina
1088 2395 1244 2434 operante
1272 2392 1377 2433 gratia
1400 2391 1610 2433 profecturas.
1655 2392 1848 2426 Confortare

144 2451 170 2470 aa
188 2441 295 2483 igitur,
317 2441 427 2484 frater,
450 2445 484 2475 et
505 2442 640 2476 firmiter
662 2444 693 2475 in
717 2443 789 2475 Deo
814 2443 940 2475 confide
969 2444 1001 2475 in
1033 2444 1088 2475 illo
1112 2453 1261 2485 sperans,
1290 2444 1344 2485 qui
1373 2442 1510 2475 consulit
1539 2445 1674 2486 pauperi
1702 2449 1735 2477 et
1761 2446 1849 2477 novit

190 2492 267 2535 quid
290 2492 406 2526 offerat
420 2493 610 2527 lacrimanti.
648 2494 847 2527 Persevera·
863 2495 1089 2527 nichilominus
1109 2499 1145 2526 ut
1161 2495 1275 2537 cepisti
1291 2505 1369 2537 erga
1384 2505 1444 2527 nos
1459 2498 1492 2527 et
1507 2485 1651 2528 sanctain
1667 2495 1849 2529 Romanam

191 2542 362 2576 ecclesiam
386 2548 523 2577 matrem
546 2549 634 2578 tuam
658 2545 794 2578 devotus
818 2550 850 2579 et
874 2550 1034 2587 constans,
1059 2557 1101 2579 ex
1118 2546 1235 2588 quibus
1251 2546 1428 2588 apostolice
1444 2546 1530 2579 sedis
1553 2546 1644 2579 favor
1666 2548 1698 2579 in
1722 2548 1850 2580 casibus

189 2594 247 2627 tibi
269 2605 328 2637 pro
351 2599 438 2628 certo
462 2607 526 2629 non
552 2596 657 2629 deerit
685 2600 718 2629 et
740 2597 879 2640 denique
913 2608 1038 2630 merces
1068 2602 1121 2630 tua
1154 2608 1264 2630 versus
1291 2597 1508 2639 Altissimum‚
1539 2599 1629 2631 cuius
1655 2604 1743 2631 certa
1772 2604 1847 2632 sunt

191 2656 334 2687 munera,
358 2657 421 2679 non
444 2647 571 2689 peribit.

147 2765 174 2785 ιο
292 2757 358 2784 968.
385 2758 410 2789 ⁸)
428 2766 458 2785 so
476 2767 497 2784 ο.

291 2825 359 2854 989.
386 2826 410 2859 ⁸)
429 2835 566 2861 pcrcevsra
585 2837 604 2854 c.

294 2905 319 2934 1)
337 2903 429 2939 Supra
448 2913 490 2932 nr.
503 2908 560 2932 930.
648 2906 675 2938 2)
695 2905 736 2940 Cf.
750 2905 865 2933 Schmidt
885 2906 900 2933 Ι.
914 2915 936 2934 c.
947 2914 974 2940 p.
990 2911 1036 2934 14⁸
1055 2914 1098 2934 nr.
1111 2910 1163 2934 157.
