2190 3172
7 589 9 592 ,
0 430 9 582 ur-zs—v-x--u

0 701 14 1215 --—-----—-—.,m2-w-va
9 647 10 650 „

17 1210 30 1249 ‘'⁴’ss
26 1167 34 1175 ,.
19 1069 33 1158 υπωηῐρψ·
20 863 35 1061 Ἶε-ῗτίματῑψ-κψῆ
23 839 27 857 μ
26 799 27 802 Α

415 186 511 215 ACTA
531 186 645 215 REGNI
662 186 845 215 LUDEJWICI
863 186 910 215 IV.
929 187 975 214 ΕΤ
993 187 1178 216 FRlDERlCI
1196 188 1245 217 111.
1282 189 1357 217 1815.
1393 189 1441 217 Nr.
1457 190 1514 218 198.
1534 191 1591 218 199.
1609 191 1668 220 200.
1804 196 1857 226 181

320 271 516 306 Ludowicus
539 273 602 307 Dei
625 273 729 315 gratia
748 273 995 315 Rom(anorum)
1018 285 1077 306 rex
1099 285 1229 317 semper
1250 280 1406 318 augustus
1493 277 1662 318 spectabili
1687 279 1754 310 viro
1770 278 1861 311 Guil-

214 323 349 368 h(elmo)
373 323 483 358 comiti
506 325 546 358 de
569 325 754 366 Hollandia,
778 325 866 357 fideli
889 336 946 357 suo
971 325 1088 358 dilecto
1177 328 1312 369 gratiam
1338 338 1427 359 suam
1452 331 1485 360 et
1508 338 1604 360 omne
1629 329 1757 361 bonum.

322 377 505 409 Instantivis
528 376 720 409 venerabilis
743 377 803 409 viri
825 376 954 409 Martini
977 377 1104 410 abbatis
1127 379 1311 411 monasterii
1335 379 1444 411 Sancti
1467 379 1594 412 Guilh.·
1618 380 1737 412 ordinis
1760 382 1862 413 sancti

213 428 382 461 Benedicti
398 427 613 461 cameracen.
638 428 719 460 dioc.
743 428 1036 471 supplicacinnibus
1066 428 1288 462 favorabiliter
1314 434 1492 462 annuentes
1519 435 1552 463 et
1579 442 1748 473 personam
1773 436 1860 464 tuam

174 486 192 512 ‘s
213 478 371 512 honorare
401 483 434 512 et
464 489 523 522 per
553 479 709 512 honorem
743 480 803 512 tibi
826 479 1015 512 exhibitum
1044 481 1191 513 volentes
1221 482 1327 514 eidem
1361 483 1499 524 gratiam
1534 482 1640 515 facere
1675 483 1860 525 specialem,

212 531 360 564 fidelitati
390 534 444 564 tue
473 531 701 564 committimus
731 542 790 574 per
819 531 878 563 hec
905 532 1041 574 scripta,
1074 534 1223 575 quatinus
1254 533 1361 566 eidem
1391 533 1488 566 feuda
1511 534 1633 576 regalia
1663 545 1683 566 a
1713 535 1804 567 nobis
1827 539 1861 567 et

212 583 347 642 imperio
371 583 546 615 dirivancia
570 583 630 614 sibi
655 586 688 615 et
711 583 848 615 ecclesie
875 594 932 615 sue
943 585 1179 626 competencia
1202 589 1310 617 nostro
1339 588 1372 616 et
1399 585 1525 627 imperii
1548 587 1677 618 nomine
1701 586 1859 619 concedas

212 637 247 667 et
267 632 402 666 racione
418 634 601 666 huiusmodi
616 634 793 666 fidelitatis
796 635 1012 672 iuramentum
1028 637 1156 667 nomine
1180 647 1243 678 quo
1265 648 1361 679 supra
1381 637 1518 679 recipias
1540 637 1582 669 ab
1606 638 1732 678 eodem,
1756 639 1859 702 ipsum

211 685 410 718 investiendo
434 685 475 718 de
499 686 662 728 predictis,
686 686 978 729 sollempnitatibus
1000 686 1152 719 adhibitis
1175 687 1293 721 debitis
1317 692 1350 721 et
1371 689 1541 721 consuetis.

167 747 194 771 is
319 737 394 770 Dat.
408 737 623 780 oppenheim,
637 738 728 770 VIII.
742 738 791 770 Id.
804 739 883 781 Ian„
900 749 983 770 anno
996 738 1126 770 Domini
1139 739 1331 781 MOCGXV,
1349 741 1437 782 regni
1452 751 1526 772 vero
1539 741 1637 773 nostri
1650 751 1733 779 anno
1746 742 1858 783 primo,

403 849 485 885 199.
526 849 796 885 Instrumentum
822 861 925 895 super
950 849 1185 894 infeudatione
1211 850 1409 894 confectum.
1514 851 1591 886 Ian.
1611 853 1671 886 26.

320 899 481 960 Oripinale
503 919 625 951 ibidem.
662 919 900 960 Descripsimus
920 930 987 952 nos.
1007 919 1145 952 ·Pendet
1167 919 1306 961 siqillum
1325 919 1445 952 laesum
1466 920 1531 952 loro
1552 921 1793 953 naembranaoeo.
1819 939 1860 944 —

209 970 272 1004 Ed.
289 971 487 1012 Reiffenberq
509 971 528 1003 l.
545 982 570 1003 c.
595 971 690 1010 VIII,
710 971 777 1003 ,488
790 982 839 1004 ἐω
860 981 924 1012 cop.
1000 983 1001 986 ¹
1133 995 1135 997 -

316 1045 480 1078 Universis
503 1048 669 1087 presentes
691 1045 816 1077 litteras
840 1045 1031 1087 inspecturis
1113 1044 1309 1076 Guillermus
1331 1044 1395 1076 Dei
1418 1046 1523 1087 gratia
1545 1055 1653 1077 comes
1674 1045 1858 1081 Hollandie,

166 1107 191 1127 is
209 1095 363 1135 Zelandie
387 1100 421 1129 et
443 1095 592 1133 Hanonie
617 1096 827 1138 dominusque
851 1096 892 1135 de
916 1096 1021 1128 Frizia
1049 1134 1053 1140 Α
1108 1096 1245 1138 salutem
1269 1097 1300 1127 in
1323 1096 1462 1128 Domino
1486 1098 1724 1143 sempiternam.

212 1153 233 1186 ⁴>
276 1180 281 1182 ,
315 1147 436 1185 Notum
465 1147 599 1184 facimus
629 1149 785 1185 universis
814 1152 880 1187 tam
908 1148 1111 1191 presentibus
1141 1158 1237 1190 quam
1268 1149 1400 1189 futuris,
1431 1148 1518 1190 quod
1540 1159 1598 1180 nos
1620 1159 1703 1180 anno
1728 1148 1857 1181 Domini

167 1199 171 1206 '
207 1198 326 1233 MOOG
350 1199 610 1243 quartodecimo,
631 1196 802 1232 Dominica
825 1200 929 1243 prima
952 1203 1025 1242 post
1048 1200 1165 1232 festum
1194 1199 1409 1232 conversionis
1437 1199 1524 1231 beati
1548 1199 1640 1232 Pauli
1664 1201 1802 1242 apostoli
1825 1201 1856 1232 in

207 1252 370 1294 presentia
391 1252 521 1284 te'stium
544 1251 794 1294 subscriptorum
819 1252 860 1284 ad
876 1252 1062 1284 mandatum
1079 1252 1220 1294 speciale
1237 1253 1431 1294 serenissimi
1455 1262 1492 1284 ae
1509 1253 1720 1294 potentissimi
1737 1252 1855 1284 domini

207 1305 307 1336 nostri
323 1303 444 1336 domini
459 1303 616 1336 Ludovici
632 1303 694 1336 Dei
710 1305 815 1346 gratia
831 1304 1050 1336 Romanorum
1067 1305 1152 1347 regis
1168 1314 1296 1346 semper
1312 1304 1438 1346 augusti
1455 1304 1722 1346 auctoritateque,
1739 1305 1807 1335 vice
1825 1309 1856 1335 et

163 1365 190 1386 so
207 1356 336 1388 nomine
360 1355 516 1396 eiusdem,
539 1358 636 1398 prout
658 1356 690 1387 in
713 1356 778 1387 suis
801 1356 986 1398 patentibus
1009 1356 1125 1388 litteris
1148 1357 1375 1388 commissoriis
1404 1357 1584 1399 super-hoc
1607 1357 1701 1389 nobis
1721 1358 1763 1389 ab
1787 1359 1856 1390 eius

206 1407 381 1444 maiestate,
395 1407 526 1439 ditectis
542 1407 709 1442 evidenter
724 1407 905 1450 apparebat
915 1409 935 1448 ¹,
960 1419 979 1439 a
1001 1408 1152 1450 religioso
1170 1409 1236 1440 viro
1258 1408 1398 1450 dompno
1414 1408 1596 1451 Phfilippo)
1615 1409 1702 1441 dicto
1718 1410 1855 1442 Mai-tino

165 1478 169 1488 .
207 1458 327 1495 abbate
346 1458 469 1494 ⁴Sancti
499 1458 617 1492 Gisseni
636 1459 685 1490 ‘in
720 1458 812 1491 Cella
847 1459 967 1491 ordinis
1001 1460 1102 1499 sancti
1136 1459 1306 1499 Benedicti
1337 1460 1545 1493 Cameracen.
1570 1460 1651 1504 dioc,
1673 1462 1856 1503 recepimus

207 1510 317 1543 debite
340 1511 505 1543 fidelitatis
529 1514 563 1542 et
584 1510 728 1553 homagii
752 1515 1007 1550 sacramentum,
1031 1512 1201 1543 commissa
1231 1515 1264 1542 et
1287 1511 1442 1553 mandata
1462 1513 1655 1544 serenissimi
1679 1503 1717 1544 ac
1741 1516 1853 1554 poten-

207 1563 319 1595 tissimi
349 1562 470 1595 domini
497 1563 597 1594 nostri
629 1562 750 1594 domini
778 1562 934 1594 Ludovici
962 1562 1025 1594 Dei
1055 1563 1160 1604 gratia
1187 1563 1406 1595 Romanorum
1434 1564 1520 1606 regis
1547 1564 1684 1606 predicti
1711 1565 1856 1596 totaliter

165 1622 189 1643 π
206 1613 423 1657 adimplentes
457 1615 628 1656 omniaque
666 1617 699 1646 et
735 1613 861 1656 singula
897 1614 1080 1646 huiusmodi
1115 1615 1280 1656 negotium
1320 1616 1485 1656 tangentia
1523 1616 1705 1647 executioni
1744 1615 1854 1648 debite

207 1665 450 1700 demandantes.
538 1666 575 1698 In
604 1676 739 1708 quorum
768 1666 910 1698 omnium
943 1668 976 1697 et
1003 1666 1202 1707 singulorum
1233 1667 1449 1698 testimonium
1474 1670 1507 1698 et
1529 1668 1692 1699 munimen
1714 1667 1854 1710 sigillum

164 1738 168 1745 -
205 1721 349 1751 nostrum
373 1718 575 1760 presentibus
597 1717 715 1750 litteris
737 1727 778 1750 ex
801 1720 890 1749 certa
907 1718 1046 1749 seientia
1070 1717 1220 1749 duximus
1243 1718 1480 1759 apponendum.

306 1770 390 1802 Acta
402 1772 476 1801 sunt
490 1769 573 1802 hec
565 1780 597 1800 ln
609 1769 772 1811 presentia
785 1769 896 1801 dilecti
912 1769 1018 1801 fratris
1033 1770 1133 1801 nostri
1147 1769 1268 1803 domini
1280 1769 1432 1801 Iohannis
1449 1769 1568 1802 domini
1586 1770 1626 1801 de
1640 1748 1854 1810 Bellonionte‚

206 1820 327 1856 domini
347 1820 484 1854 Germ-di
508 1821 628 1853 domini
651 1821 692 1853 de
709 1821 846 1861 Vornes,
867 1821 989 1853 domini
1003 1821 1164 1862 Arnulphi
1187 1821 1306 1853 domini
1330 1820 1370 1853 de
1386 1821 1531 1860 Prainus,
1556 1821 1676 1853 domini
1696 1821 1854 1863 Amulphi

161 1880 188 1901 ³0
206 1872 252 1906 de‘
270 1873 427 1913 Boulans,
450 1873 603 1911 Iohannis
625 1873 772 1905 Biernier
794 1873 924 1905 baillivi
939 1873 1039 1905 nostri
1062 1873 1102 1904 de
1124 1872 1292 1914 Hauonia,
1322 1873 1475 1905 Iohannis
1498 1873 1574 1904 dicti
1598 1873 1797 1905 Caufechere
1822 1878 1854 1905 et

206 1923 349 1957 sewardi
366 1925 407 1957 de
424 1924 514 1957 Saint
525 1925 622 1957 Piere
639 1925 803 1957 hominum
815 1928 1001 1961 ¹nostrorum
1017 1924 1192 1958 feodalium
1209 1935 1247 1956 ac
1264 1925 1408 1966 magistri
1422 1924 1548 1956 Nicolai
1564 1925 1665 1956 curati
1681 1924 1722 1956 de
1735 1924 1853 1957 Sancto

161 1991 166 2004 ι
206 1974 333 2008 Gilleno
357 1979 390 2008 et
411 1976 502 2008 Petri
525 1976 601 2008 dicti
622 1977 767 2009 Mainnet
789 1977 954 2008 hominum
977 1975 1152 2008 feudalium
1175 1975 1301 2008 abbatis
1323 1977 1492 2008 memorati
1516 1980 1548 2008 et
1564 1976 1701 2018 plurium
1718 1976 1852 2008 aliorum

205 2027 248 2060 ad
270 2027 331 2061 hoc
357 2028 541 2071 specialiter
563 2032 764 2070 vocatorum,
793 2039 876 2061 anno
901 2032 934 2060 et
956 2029 1009 2060 die
1033 2027 1199 2071 predictis,
1223 2028 1255 2059 in
1279 2031 1383 2069 castro
1406 2032 1515 2059 nostro
1538 2027 1623 2070 apud
1647 2027 1852 2064 Quercetum.

258 2220 341 2261 200.
357 2249 358 2252 η
375 2220 667 2259 OBLIGATIO
692 2220 976 2259 CIVITATIS
994 2219 1202 2259 IMPERII
1225 2221 1272 2258 A
1285 2218 1582 2257 FRIDERICO
1606 2218 1793 2268 FACTA.

161 2296 187 2317 ³³
889 2290 998 2326 1315.
1039 2289 1118 2325 Ian.
1137 2290 1173 2326 6.

316 2380 476 2422 Oriyinale
492 2381 565 2422 (or.)
590 2381 626 2412 in
637 2380 804 2414 'tabulario
816 2381 956 2422 generali
971 2380 1198 2419 Karlsruhano
1208 2380 1323 2414 '‘Select
1337 2380 1392 2421 der
1404 2379 1700 2412 Kaiserurlmnden'
1715 2388 1765 2411 nr.
1781 2379 1851 2408 173.

162 2444 171 2460 ··
207 2431 411 2471 Contulimus,
426 2442 502 2465 noes
519 2441 521 2443 ·
538 2432 686 2473 Siyillum
707 2433 799 2472 deest,
821 2433 1038 2473 foraminibus,
1055 2432 1183 2465 relictis.
1205 2445 1217 2474 g

315 2488 458 2526 Bo'hmer,
484 2488 557 2529 Rey.
575 2488 686 2521 Ludw.
707 2499 740 2529 p.
759 2490 820 2520 165
843 2488 1013 2521 Friedrich
1035 2499 1085 2520 nr.
1102 2490 1131 2520 6.

285 2566 288 2570 ’
313 2556 386 2593 Wir
407 2544 554 2594 firidrieh
577 2571 638 2594 von
653 2547 763 2594 ‘Getes
785 2562 913 2605 gnaden
936 2561 1127 2594 Romischer
1151 2562 1251 2604 kunig
1273 2561 1381 2593 allezit
1405 2561 1456 2592 ein
1478 2569 1584 2591 meret
1607 2558 1666 2590 des
1687 2558 1772 2590 rihes
1796 2557 1849 2589 tfln

160 2627 189 2647 ιο
205 2612 418 2649 ΒὴωιίτζαΙῙθῐι»
435 2613 499 2647 den
519 2613 554 2649 ,di
573 2613 669 2646 ‘disen
694 2614 781 2646 brief
798 2614 956 2646 ansehent
978 2614 1058 2646 oder
1081 2614 1196 2645 horent
1218 2613 1317 2653 lesen,
1342 2612 1401 2644 daz
1426 2612 1482 2643 wir
1509 2611 1572 2643 deu
1596 2610 1691 2642 edeln
1714 2620 1850 2641 mannen

206 2664 644 2708 margraven„Frid(richen)
667 2665 736 2698 und
753 2674 954 2708 ,margraven
981 2665 1171 2706 Rud(olfen)
1190 2675 1266 2703 >von?
1290 2664 1403 2703 Baden
1432 2673 1547 2695 uusern
1577 2662 1663 2694 liben
1685 2666 1850 2704 getrewen

309 2749 374 2777 198.
401 2750 425 2783 ΙΙ)
443 2751 479 2776 sic
493 2759 545 2784 pro
563 2752 660 2778 Gisleni
679 2760 717 2777 or.

311 2809 336 2843 1)
356 2808 446 2844 Supra
463 2817 506 2837 nr.
521 2813 575 2837 198.
