2184 3126
343 184 403 215 792
616 179 713 207 ACTA
731 178 845 206 REGNI
864 175 1047 207 LUDEWICI
1067 175 1113 203 1v.
1132 175 1179 202 ET
1198 173 1384 202 FRIDERICI
1403 173 1452 201 111.
1489 172 1564 200 1324.
1601 171 1649 198 Nr.
1661 171 1721 198 952.

361 349 459 392 952.
487 347 584 391 953.
626 342 1030 391 CONVENTIO
1061 339 1398 386 LIUPOLDI.
1416 337 1610 384 DUCIS
1638 336 1982 384 AUSTRIAE

805 411 945 458 CUM
971 409 1142 456 REGE
1169 407 1527 454 FRANGIAE.

1023 486 1131 522 1324.
1167 485 1235 521 Iul.
1257 484 1317 520 27.

824 606 911 643 952.
947 607 1122 651 Scriptum
1150 606 1258 641 ducis.
1365 603 1434 639 Iul.
1454 604 1516 639 27.

453 682 614 723 Oriyinale
637 682 711 722 (or.)
738 682 774 712 in
804 680 962 713 tabulario
985 680 1137 711 Parisino
1164 678 1297 711 ‘Carton
1319 677 1353 709 J.
1374 677 1451 708 418’
1478 687 1528 709 nr.
1554 680 1583 709 1.
1629 677 1702 710 Iam
1731 677 1804 710 olim
1833 678 1998 719 descripsit
2027 690 2040 710 ε

346 734 386 767 G.
416 734 536 772 Waitz;
568 733 669 765 denuo
698 732 890 764 contulimus
918 742 985 764 nos.
1037 731 1157 762 Pendet
1186 729 1326 771 siyillum
1353 729 1473 761 laesum
1500 728 1565 761 loro
1595 729 1836 762 membranaceo.
1888 729 1998 763 Manu

345 785 472 817 Gallica
500 785 654 824 scripmm
682 787 737 816 est.
783 784 825 816 In
851 794 938 815 verso
965 783 1096 824 leyitur:
1126 781 1417 814 Confederationes
1445 780 1547 813 inhite
1577 781 1662 813 inter
1691 781 1855 813 dominum
1885 792 1998 825 regem

343 836 508 878 Franc(ie)
525 840 558 868 et
574 836 718 868 Navarre
735 838 767 867 et
782 835 987 877 Luppoldum
1005 834 1118 866 ducem
1131 833 1263 865 Austrie
1280 835 1313 864 et
1329 832 1435 865 Stirie.
1456 850 1499 855 —
1521 831 1584 864 Ed.
1597 831 1788 865 Mossmann
1803 833 1998 866 ‘Oai-tulaire

343 889 379 919 de
401 887 584 919 Mulhouse’
607 887 636 926 1,
661 887 724 918 128
745 897 795 919 nr.
813 887 875 918 161
899 897 938 918 ex
961 897 1005 918 or.

449 948 595 986 Bohmer,
619 947 694 988 Rey.
711 947 823 978 Ludw.
845 957 876 986 p.
892 947 956 977 314
979 944 1211 978 Reichssacken
1231 955 1280 976 nr.
1298 944 1361 975 395
1384 944 1512 984 (Addit.
1529 943 1574 985 I).
2014 957 2042 978 ιο

451 1034 491 1074 (Ι)
516 1033 681 1075 Lupoldus
697 1033 759 1065 Dei
783 1033 887 1075 gratia
911 1033 976 1064 dux
992 1033 1122 1063 Austrie
1147 1035 1180 1063 et
1200 1030 1307 1063 Stirie.
1352 1030 1473 1062 Notum
1497 1030 1632 1062 facimus
1655 1031 1811 1063 universis
1833 1034 1900 1063 tam
1922 1042 1998 1074 pre-

344 1085 488 1116 sentibus
511 1095 606 1126 quam
630 1085 753 1125 futuris,
778 1084 864 1126 quod
887 1085 970 1115 inter
987 1083 1292 1115 excellentissimum
1308 1082 1485 1124 principem
1503 1082 1666 1114 dominum
1682 1082 1866 1123 K(arolum)
1882 1082 2000 1115 eadem

344 1137 447 1178 gratia
470 1147 580 1178 regem
604 1135 766 1177 Franc(ie)
791 1140 823 1168 et
845 1136 990 1167 Navarre
1014 1146 1055 1167 ex
1078 1138 1170 1177 parte
1194 1145 1257 1166 una
1285 1137 1317 1166 et
1345 1145 1403 1166 nos
1431 1144 1472 1165 ex
1502 1133 1605 1166 altera
1627 1137 1795 1176 presentes
1818 1137 1852 1167 et
1874 1134 1915 1166 ad
1937 1134 2018 1175 hoo,

345 1198 496 1229 expresse
520 1188 756 1220 consentientes
780 1187 863 1219 facte
887 1188 1016 1219 fuerunt
1039 1186 1319 1219 confederationes
1342 1196 1405 1228 que
1428 1189 1592 1217 secuntur:

454 1242 479 1270 1.
515 1239 553 1270 In
576 1239 686 1280 primis
707 1239 912 1280 promisimus
936 1239 1022 1270 dicto
1046 1239 1124 1280 regi,
1149 1237 1236 1280 quod
1260 1248 1318 1269 nos
1334 1237 1418 1269 bona
1433 1237 1497 1269 fide
1520 1248 1578 1279 pro
1601 1240 1671 1270 toto
1694 1248 1790 1279 posse
1812 1240 1922 1270 nostro
1940 1248 2000 1280 per
2018 1250 2044 1271 u

344 1301 415 1331 nos,
446 1291 565 1322 amicos
593 1294 625 1322 et
655 1290 806 1322 valitores
837 1293 962 1322 nostros
996 1290 1251 1332 procurabimus,
1284 1289 1370 1331 quod
1400 1288 1504 1320 dictus
1530 1299 1589 1321 rex
1614 1289 1648 1320 in
1681 1289 1812 1321 instanti
1840 1289 1999 1322 electione

344 1341 492 1373 facienda
515 1342 555 1373 de
579 1352 656 1384 rege
679 1342 899 1374 Romanorum
915 1343 948 1373 in
963 1343 1191 1384 imperatorem
1207 1340 1438 1383 promovendo,
1462 1340 1675 1381 vacantfibus)
1691 1341 1734 1372 ad
1749 1351 1882 1383 presens
1899 1352 2000 1384 regno

346 1398 378 1425 et
399 1394 534 1435 imperio
558 1393 709 1435 predictis
732 1397 797 1425 tam
815 1404 873 1435 per
888 1398 1025 1425 mortem
1042 1394 1125 1425 bone
1142 1394 1298 1425 memorie
1316 1392 1436 1424 domini
1451 1391 1585 1425 Henriei
1601 1402 1697 1434 quam
1713 1402 1773 1434 per
1787 1393 2000 1434 privationem

344 1446 420 1476 iuris
447 1445 623 1477 electorum
651 1446 681 1476 in
712 1445 885 1483 discordia,
918 1446 1057 1488 eligetur
1083 1446 1115 1476 in
1143 1455 1254 1487 regem
1278 1445 1497 1476 Romanorum
1526 1455 1584 1486 per
1610 1444 1772 1486 principes
1799 1447 1833 1477 et
1857 1445 2002 1487 prelatos

344 1497 577 1537 Alemannfie),
601 1497 641 1528 ad
665 1507 745 1538 quos
769 1496 885 1528 electio
909 1498 1059 1539 pertinet,
1083 1500 1116 1528 et
1139 1497 1246 1528 eidem
1270 1497 1339 1538 regi
1362 1495 1404 1528 ad
1427 1495 1688 1538 consequendam
1712 1496 1905 1529 electionem
1926 1507 2000 1539 pre·
2019 1507 2047 1528 πο

345 1548 463 1580 dictam
487 1552 519 1580 et
543 1559 581 1580 ea
613 1559 674 1590 que
704 1548 746 1580 ad
774 1549 877 1590 ipsam
905 1549 1097 1580 electionem
1128 1548 1247 1580 fuerint
1273 1548 1454 1580 necessaria
1482 1551 1516 1579 et
1542 1547 1584 1579 ad
1610 1547 1714 1590 ipsam
1741 1548 2000 1590 prosequendam

344 1600 446 1631 fidelis
469 1601 586 1631 erimus
609 1604 642 1631 et
664 1600 791 1632 adiutor
814 1611 871 1642 pro
894 1611 988 1642 posse
1013 1604 1120 1632 nostro
1143 1604 1179 1632 ut
1202 1599 1323 1632 dictum
1347 1603 1396 1631 est
1419 1599 1504 1631 bona
1526 1599 1601 1632 fide.

453 1653 481 1682 2.
519 1651 602 1683 Item
626 1652 711 1693 quod
735 1653 761 1683 si
784 1652 996 1694 Lud(ovicus)
1020 1652 1085 1684 dux
1108 1652 1262 1691 Baverie,
1293 1652 1347 1694 qui
1373 1651 1434 1683 fuit
1459 1661 1542 1683 unus
1569 1661 1611 1683 ex
1638 1651 1733 1683 dictis
1757 1651 1868 1683 electis
1891 1655 1924 1684 et
1947 1653 2002 1694 qui

345 1703 486 1744 privatus
511 1707 558 1734 est
580 1704 705 1735 noviter
732 1714 790 1744 per
813 1703 924 1735 sedem
948 1705 1159 1746 apostolicam
1183 1714 1203 1735 a
1226 1705 1309 1744 iure,
1341 1703 1428 1745 quod
1455 1703 1516 1735 sibi
1544 1702 1752 1745 competebat
1777 1714 1819 1735 ex
1842 1703 2001 1736 electione

347 1754 386 1785 de
410 1765 444 1786 se
467 1756 498 1786 in
522 1755 680 1786 discordia
704 1755 880 1795 celebrata,
912 1759 998 1787 esset
1019 1755 1151 1787 rebellis
1174 1755 1226 1787 vel
1254 1756 1376 1787 faceret
1399 1765 1433 1787 se
1457 1754 1676 1787 adversarium
1699 1756 1732 1786 in
1754 1757 1890 1798 negocio
1914 1755 2001 1788 dicte
2019 1764 2046 1786 a

347 1806 511 1838 electionis
534 1806 680 1838 faciende
704 1807 754 1837 vel
778 1807 967 1848 provisionis
990 1818 1048 1849 per
1070 1807 1182 1839 sedem
1206 1807 1417 1848 apostolicam
1442 1807 1589 1839 faciende
1605 1806 1647 1839 de
1665 1807 1734 1849 ipso
1751 1817 1829 1849 rege
1845 1808 1897 1840 vel
1913 1811 2002 1849 post-

347 1867 440 1898 quam
465 1857 550 1889 facta
573 1861 667 1898 esset,
691 1859 751 1899 ipsi
774 1859 854 1900 regi,
877 1869 935 1890 nos
959 1869 1103 1890 essemus
1127 1858 1255 1890 adiutor
1270 1858 1355 1890 bona
1378 1858 1442 1890 fide
1466 1858 1572 1890 eidem
1596 1859 1666 1900 regi
1683 1862 1716 1890 et
1738 1858 1918 1891 fautoribus
1933 1860 2002 1892 eius

346 1910 377 1939 in
400 1909 530 1950 negotio
554 1909 638 1940 dicte
663 1909 827 1941 electionis
851 1921 907 1942 seu
931 1910 1120 1952 provisionis
1148 1914 1180 1941 et
1207 1909 1440 1951 prosecutionis
1469 1910 1569 1952 ipsius
1598 1913 1710 1942 contra.
1737 1909 1858 1942 dictum
1887 1911 2003 1944 ducem

346 1960 569 1999 Lud(ovicum)
595 1964 627 1992 et
650 1962 717 1992 cius
740 1962 882 1994 fautores
905 1962 1052 1994 faciendo
1077 1963 1124 1994 eis
1147 1972 1297 2004 guerram
1321 1965 1354 1994 et
1378 1963 1592 1994 resistentiam
1615 1972 1675 2004 per
1697 1963 1761 1994 vim
1784 1973 1946 1995 armorum
1969 1964 2002 1995 in

346 2012 489 2054 partibus
505 2013 721 2052 Alemannfie)
739 2024 796 2054 pro
813 2024 908 2055 posse
924 2017 1032 2046 nostro
1050 2014 1134 2046 bona
1158 2014 1232 2045 fide.
1265 2013 1425 2055 Preeipue
1449 2013 1491 2045 ad
1511 2013 1725 2045 resistendum
1749 2014 1810 2045 sibi
1825 2025 1884 2056 pro
1906 2025 2002 2056 posse
2021 2023 2049 2043 ³⁰

347 2065 378 2094 in
401 2065 555 2105 passagiis
579 2064 620 2096 ad
642 2068 751 2106 partes
774 2065 882 2097 Ytalie
907 2065 949 2096 ad
972 2066 1047 2106 hoc,
1080 2066 1166 2108 quod
1190 2067 1258 2107 ipse
1283 2066 1349 2097 dux
1372 2065 1423 2097 vel
1453 2065 1522 2097 eius
1551 2065 1694 2097 fautores
1724 2065 1766 2097 ad
1795 2069 1904 2107 partes
1930 2067 2003 2099 illas

348 2115 480 2146 transire
504 2126 565 2147 non
581 2119 713 2157 possent
727 2127 785 2158 pro
803 2117 1027 2158 prosequendo
1052 2117 1092 2148 de
1110 2117 1195 2149 facto
1219 2118 1287 2148 iura
1306 2116 1474 2148 electionis
1490 2117 1530 2148 de
1554 2126 1588 2148 se
1604 2117 1636 2148 in
1652 2116 1812 2148 discordia
1828 2118 2002 2160 celebrate,

348 2166 460 2207 quibus
482 2171 517 2198 ut
538 2167 714 2208 predicitur
737 2171 785 2199 est
808 2169 960 2209 privatus⁷
984 2168 1035 2200 vel
1059 2168 1101 2199 ad
1124 2168 1364 2210 impediendum
1389 2167 1510 2199 dictum
1533 2178 1645 2210 regem
1667 2167 1829 2208 Franofie)
1854 2169 1905 2201 vel
1928 2181 2003 2202 suos

348 2217 379 2248 in
403 2219 624 2258 prosecutione
648 2219 814 2250 electionis
837 2220 878 2252 de
902 2231 936 2251 se
961 2219 1109 2251 faciende
1133 2220 1184 2252 vel
1208 2230 1280 2252 cum
1304 2219 1390 2251 facta
1414 2220 1475 2251 erit
1497 2219 1549 2251 vel
1571 2219 1762 2261 provisionis
1784 2220 1940 2262 predicte.

457 2271 485 2300 3.
520 2269 604 2300 Item
628 2270 713 2311 quod
736 2271 762 2302 si
785 2270 888 2303 dictus
911 2281 970 2302 rex
992 2271 1154 2311 Franc(ie)
1179 2282 1236 2313 pro
1260 2271 1487 2313 prosecutione
1510 2271 1633 2313 negotii
1662 2271 1830 2303 electionis
1853 2272 1906 2304 vel
1928 2283 2002 2315 pro-
2022 2281 2049 2301 ³⁵

352 2320 478 2351 visionis
508 2321 653 2353 faciende
681 2323 732 2353 vel
762 2333 833 2354 cum
864 2323 949 2354 facta
977 2323 1038 2355 erit
1068 2324 1248 2365 requireret
1278 2334 1336 2355 nos
1368 2323 1408 2355 de
1435 2322 1596 2354 adiutorio
1632 2323 1777 2365 equitum
1806 2327 2004 2357 armatorum

351 2374 441 2403 extra
464 2382 596 2414 regnum
620 2377 653 2404 et
676 2377 783 2414 partes
806 2374 1035 2415 Alemann(ie)‚
1059 2385 1117 2407 nos
1139 2375 1322 2406 iuvaremus
1350 2385 1423 2406 eum
1451 2374 1492 2406 de
1515 2377 1564 2406 tot
1588 2374 1748 2417 equitibus
1771 2376 1903 2408 armatis
1926 2379 2006 2419 quot

351 2423 410 2454 sibi
433 2433 598 2464 possemus
625 2428 767 2465 prestare
797 2426 885 2457 salva
909 2426 1018 2458 debita
1048 2429 1081 2458 et
1105 2429 1262 2468 oportuna
1286 2426 1465 2458 municione
1494 2429 1579 2458 terre
1608 2429 1641 2458 et
1668 2427 1826 2469 locorum,
1855 2438 1919 2470 que
1946 2438 2005 2460 nos

352 2478 497 2505 tenemus
514 2474 554 2505 ad
571 2485 710 2516 presens.
750 2476 791 2507 Et
806 2477 866 2508 hoc
883 2477 1063 2509 faceremus
1079 2478 1121 2509 ad
1138 2478 1299 2519 stipendia
1316 2481 1349 2509 et
1364 2477 1406 2509 ad
1422 2477 1548 2509 soldum
1565 2478 1664 2519 ipsius
1680 2478 1766 2521 regis
1782 2479 1870 2520 talia,
1895 2479 2004 2521 qualis¹

353 2529 585 2557 consueverunt
606 2527 637 2557 in
660 2537 758 2568 regno
783 2529 943 2569 Francfie)
967 2531 1113 2571 prestari.
2021 2543 2051 2563 io

460 2580 489 2608 4.
524 2577 608 2608 Item
629 2579 714 2619 quod
730 2590 787 2610 nos
803 2580 963 2621 predictas
979 2582 1206 2613 conventiones
1223 2585 1255 2614 et
1271 2581 1551 2614 confederationes
1567 2582 1670 2614 factas
1686 2585 1720 2614 et
1741 2582 1907 2614 faciendas
1929 2593 2004 2615 cum

354 2629 438 2659 dicto
462 2639 538 2670 rege
561 2630 741 2661 curabimus
768 2634 800 2662 et
828 2633 1070 2673 procurabimus
1096 2633 1180 2665 bona
1206 2634 1270 2665 fide
1294 2644 1352 2675 pro
1375 2644 1470 2675 posse
1493 2636 1620 2675 nostro,
1652 2633 1739 2676 quod
1762 2633 1878 2666 fratres
1904 2635 2004 2666 nostri

354 2684 419 2711 tam
443 2679 508 2711 dux
532 2681 660 2712 Austrie
683 2682 885 2722 Fredericus,
916 2685 970 2725 qui
993 2684 1035 2716 ad
1058 2695 1191 2727 presens
1217 2689 1266 2717 est
1288 2686 1321 2716 in
1345 2695 1473 2718 carcere
1503 2685 1579 2717 dicti
1601 2685 1799 2726 Lud(ovici)‚
1829 2695 1927 2727 quam
1949 2682 2006 2718 alii

354 2731 493 2762 iuniores
516 2734 601 2762 ratas
625 2736 657 2763 et
679 2737 786 2774 gratas
809 2735 974 2767 habebunt
998 2741 1030 2767 et
1056 2736 1143 2778 ipsas
1170 2736 1387 2768 observabunt
1413 2740 1445 2768 et
1472 2737 1514 2768 ad
1543 2747 1599 2769 eas
1623 2736 1842 2769 observandas
1864 2747 1899 2769 se
1923 2736 2004 2769 obli-

355 2782 475 2823 gabunt
499 2793 556 2823 per
578 2783 700 2815 litteras
724 2787 755 2816 et
778 2786 955 2817 iuramenta
980 2791 1012 2818 et
1036 2789 1122 2819 omni
1149 2799 1188 2820 eo
1216 2788 1313 2820 modo
1343 2799 1406 2830 quo
1434 2799 1492 2820 nos
1522 2788 1703 2830 obligamus
1730 2791 1762 2820 et
1786 2788 1873 2831 quod
1900 2788 2005 2821 dictus
2021 2801 2051 2821 ιι
