2190 3172
457 183 554 211 ACTA
572 182 686 210 REGNI
705 181 888 210 LUDEWICI
907 181 953 209 1v.
972 182 1018 209 ΕΤ
1038 181 1222 209 anmuct
1244 181 1291 208 111.
1328 181 1402 209 1314.
1439 180 1487 208 Nr.
1501 181 1557 208 164
1579 181 1635 208 165.
1808 186 1865 214 157

217 271 392 304 Ludowico
418 270 638 303 Romanorum
666 269 767 311 rege¹
797 268 924 311 plenius
951 269 1167 310 continentur,
1197 268 1256 300 sub
1284 269 1375 311 penis
1404 268 1436 300 in
1464 267 1588 299 eisdem
1612 267 1726 300 litteris
1749 267 1867 300 additis

218 326 252 356 et
278 322 448 365 expressis.
536 321 574 353 In
601 322 691 354 cuius
720 321 766 353 rei
796 321 1014 352 testimonium
1042 321 1100 352 has
1128 320 1252 352 litteras
1279 321 1406 363 prefato
1435 319 1565 352 domino
1596 325 1704 351 nostro
1737 319 1867 351 domino

216 373 415 416 Bald(uyno)
449 373 661 405 Treverensib
693 372 935 414 archiepiscopo
970 372 1114 414 predicto
1149 372 1339 404 tradidimus
1377 375 1410 403 et
1443 371 1598 404 tradimus
1635 371 1740 413 sigillo
1779 371 1867 413 opidi

217 425 428 458 Wesaliensis
450 424 588 467 predicti
610 423 767 466 sigillatas
789 424 912 465 pariter
934 426 968 455 et
989 424 1137 455 munitas.

179 489 198 508 ,ι
325 476 446 509 Datum
463 475 618 517 Wesalie,
642 475 694 508 die
716 475 843 507 XVIII.
859 475 977 507 mensis
1001 474 1172 507 Decembr.
1189 486 1272 507 anno
1290 475 1421 507 Domini
1443 475 1615 507 millesimo
1640 474 1866 507 trecentesimo

214 528 470 572 quartodecimo.

583 667 652 698 165.
680 666 749 697 166.
785 663 974 697 SCRIPTA
997 663 1086 697 PRO
1110 664 1230 696 REGE
1253 664 1497 697 BOHEMIAE.

861 731 953 762 1314.
999 729 1078 762 Dec.
1096 731 1222 762 4.-17,

392 814 395 815 ⁷
603 836 686 874 165.
727 836 948 881 Confirmatio
969 835 1245 882 privileyiorum.
1351 836 1432 871 Dec.
1452 836 1486 871 4.

167 925 199 946 νιο
328 911 488 953 originale
511 910 588 954 (or.)
611 912 646 943 in
670 910 829 943 tabulario
851 911 934 951 reyio
960 909 1190 949 Confluentino.
1226 909 1461 950 Descripsimus
1482 920 1548 941 nos.
1587 909 1707 941 Pendet
1729 908 1866 950 siyillum

209 974 329 1005 parum
359 963 480 996 laesum
504 962 571 1004 filis
591 963 702 995 sericis
723 962 814 994 rubei
834 962 971 1002 flavique
993 960 1112 994 coloris.
1206 961 1305 1003 Copia
1327 962 1363 993 in
1388 961 1537 1002 Copiario
1559 961 1742 993 Baldewini
1763 960 1868 992 archi-

215 1015 352 1058 cpiscopi
385 1015 442 1056 qui
473 1017 519 1047 cst
552 1015 699 1047 comitum
729 1014 767 1046 de
794 1013 992 1046 Kesselstadt
1014 1023 1090 1054 pay.
1112 1013 1183 1046 515.
1280 1013 1525 1045 Transsumtum
1554 1012 1735 1045 Baldewini
1760 1012 1866 1044 archi—

215 1067 354 1110 episcopi
386 1077 417 1099 a.
439 1067 533 1100 1335.
557 1067 640 1107 Any.
664 1066 705 1098 18
736 1065 925 1107 confectum,
960 1065 1053 1098 cuius
1083 1065 1301 1106 autographon
1332 1065 1369 1097 in
1397 1064 1556 1097 tabulario
1583 1075 1727 1097 caesareo
1750 1064 1866 1096 Vindo-

215 1118 344 1151 bonensi
365 1121 523 1158 servatur,
553 1118 605 1150 hic
626 1117 832 1159 neyleximu35
856 1117 911 1149 sed
932 1117 973 1156 cs.
997 1117 1089 1156 infra
1110 1127 1168 1149 suo
1190 1116 1271 1155 loco;
1303 1127 1364 1157 quo
1387 1127 1486 1157 usque
1507 1116 1568 1148 huc
1589 1116 1741 1148 editiones
1763 1126 1867 1148 onmes

167 1183 197 1203 es
214 1170 368 1203 redibant.

322 1227 468 1266 Bo'hmcr,
492 1226 567 1268 Req.
584 1226 696 1259 Ludw.
714 1237 750 1267 p.
765 1225 788 1256 2
808 1236 858 1258 nr.
874 1226 926 1258 26.

325 1288 412 1329 Quae
434 1287 626 1319 concordant
648 1297 718 1319 cum
742 1286 1010 1319 Promissionibus
1031 1296 1133 1326 supra
1154 1297 1204 1318 nr.
1218 1287 1269 1324 67,
1292 1296 1330 1318 ca
1345 1286 1429 1327 typis
1443 1285 1618 1318 minoribus
1633 1295 1766 1317 excussa
1781 1286 1864 1316 sunt.

323 1382 517 1416 Ludowicus
547 1381 610 1415 Dei
641 1382 747 1425 gratia
773 1381 993 1414 Romanorum
1022 1392 1081 1413 rex
1109 1391 1238 1423 semper
1265 1385 1419 1423 augustus
1517 1381 1673 1412 universis
1699 1382 1867 1422 presentes

213 1434 339 1467 litteras
361 1434 552 1477 inspecturis
639 1434 777 1476 gratiam
800 1444 890 1466 suam
915 1436 948 1465 et
973 1443 1067 1465 omne
1091 1433 1221 1465 bonum.

165 1491 198 1512 Ἄ)
325 1489 351 1518 1.
381 1486 432 1518 Ad
447 1486 663 1518 universitatis
678 1489 785 1518 vestre
800 1486 948 1517 notitiam
963 1485 1110 1517 volumus
1133 1485 1312 1527 pervenire,
1330 1485 1416 1526 quod
1431 1495 1489 1516 nos
1505 1483 1709 1516 attendentes
1725 1486 1818 1525 grata
1834 1486 1868 1514 et

215 1538 377 1571 fructuosa
401 1538 568 1580 obsequia,
592 1548 655 1580 que
678 1537 771 1569 nobis
794 1541 828 1570 et
849 1537 986 1579 imperio
1009 1537 1140 1569 illustris
1162 1537 1324 1568 Iohannes
1339 1537 1474 1568 Boemie
1491 1539 1525 1568 et
1539 1535 1675 1567 Polonie
1699 1545 1756 1567 rex
1779 1535 1865 1576 prin-

215 1601 292 1633 ceps
315 1593 424 1622 noster
447 1589 583 1622 dilectus
605 1590 669 1621 iam
695 1589 816 1621 dudum
840 1589 986 1622 exhibuit
1009 1593 1042 1621 et
1064 1588 1222 1631 impendit
1245 1599 1282 1620 ac
1305 1587 1494 1630 impendere
1516 1588 1637 1630 poterit
1660 1587 1691 1618 in
1715 1586 1866 1626 futurum,

214 1652 338 1674 necnon
361 1652 478 1684 graves
501 1652 662 1684 expensas
687 1645 720 1673 et
741 1641 870 1673 labores
891 1641 1008 1682 varios,
1032 1652 1112 1683 quos
1134 1641 1283 1672 sustinuit
1306 1641 1389 1672 circa
1412 1643 1554 1672 nostram
1577 1639 1814 1681 promotionem
1836 1642 1866 1669 in

215 1707 311 1735 regem
339 1698 543 1731 Romanorum,
574 1694 790 1736 promittimus
818 1692 924 1726 eidem
951 1692 1038 1725 bona
1060 1693 1124 1724 fide
1148 1696 1261 1724 tenore
1284 1692 1497 1734 presentium,
1520 1696 1596 1730 quod
1618 1701 1676 1722 nos
1698 1696 1760 1722 toto
1784 1703 1866 1730 posse

166 1753 197 1774 '2⁸
217 1751 312 1777 nostro
336 1751 434 1777 contra
457 1757 551 1777 omnes
572 1749 698 1776 homines
723 1748 884 1776 assistemus
907 1748 935 1775 in
958 1748 1015 1775 suis
1033 1749 1137 1783 regnis,
1157 1747 1314 1779 “dominiis
1332 1747 1396 1774 aliis
1414 1747 1564 1774 honoribus
1582 1748 1611 1774 et
1630 1746 1736 1773 iuribus
1754 1745 1866 1780 quibus-

216 1810 324 1837 cunque
351 1801 465 1837 habitin*
482 1810 515 1828 ac
539 1800 611 1829 iuste
636 1807 665 1828 et
688 1801 895 1829 rationabiliter
913 1800 1049 1828 habendis
1068 1801 1144 1828 ultra
1163 1800 1269 1828 Renum
1287 1801 1317 1827 et
1335 1799 1418 1830 citra.
1437 1798 1659 1833 quandocunque
1678 1800 1707 1825 et
1725 1797 1866 1832 quotiens-

216 1862 324 1888 cunque
349 1852 435 1880 fuerit
457 1861 581 1885 necesse,
606 1853 759 1880 retinendis
781 1854 811 1880 et
833 1853 919 1881 etiam
943 1853 998 1880 hiis
1016 1853 1212 1887 recuperandis
1231 1854 1261 1880 et
1279 1851 1479 1886 adipiscendis,
1502 1859 1556 1885 que
1575 1851 1611 1878 sd
1630 1850 1721 1885 ipsum
1741 1852 1770 1877 et
1787 1850 1866 1877 dieta

215 1913 302 1941 regna
319 1913 357 1932 ac
375 1904 500 1932 dominis.
518 1904 622 1932 debent
640 1906 670 1932 et
689 1906 892 1932 consueverunt
910 1904 1059 1939 pertinere.
1096 1904 1132 1931 Et
1149 1903 1311 1938 specialiter
1329 1903 1424 1930 omnia
1442 1905 1542 1932 castra.
1562 1904 1658 1930 terres.
1671 1901 1864 1937 possessiones.

215 1955 340 1984 dominis.
357 1958 386 1984 et
405 1955 474 1988 iura,
492 1964 546 1990 que
565 1964 697 1990 umquem
715 1955 840 1990 possedit
859 1955 923 1983 dive
942 1955 1074 1982 memorie
1093 1964 1141 1982 rex
1156 1955 1321 1982 Wenzelaus
1339 1963 1416 1982 socer
1427 1963 1493 1981 suus
1505 1954 1664 1988 ubicunque
1676 1953 1781 1981 fuerint
1799 1953 1864 1980 dum

166 2012 200 2033 ‘¹⁰
217 2009 290 2037 vixit
311 2005 344 2036 in
366 2004 511 2047 partibus
536 2008 661 2041 Polouie,
685 2008 852 2040 Grachovie,
876 2008 1011 2036 Missen.⁸
1034 2010 1064 2035 et
1086 2008 1163 2040 alibi,
1187 2016 1220 2035 ac
1242 2007 1457 2042 promittimus
1481 2009 1510 2035 et
1532 2007 1685 2034 efficiemus
1708 2014 1759 2041 pro
1782 2014 1865 2041 posse

214 2062 317 2091 nostro.
336 2059 410 2095 quod
428 2059 502 2087 idem
520 2068 568 2086 rex
587 2058 719 2086 Boemieb
738 2058 841 2086 eisdem
859 2058 976 2094 pacifice
995 2059 1118 2094 gaudere
1138 2058 1232 2085 valeat
1250 2061 1279 2086 et
1297 2067 1360 2086 eum
1379 2058 1407 2085 iu
1425 2058 1529 2085 eisdem
1548 2057 1689 2084 tuebimur
1707 2065 1740 2084 ac
1759 2065 1793 2084 ea
1810 2055 1864 2083 sibi

216 2112 395 2140 concedemus
413 2111 442 2138 in
461 2111 572 2139 feudum
591 2112 620 2139 et
638 2111 823 2139 defendemus.

322 2162 351 2192 2.
386 2160 522 2202 Insuper
545 2164 640 2192 omnia
663 2163 814 2199 privilegia
845 2163 899 2190 sibi
922 2165 951 2190 et
975 2163 1032 2190 suis
1055 2163 1300 2198 predecessoribus
1330 2162 1359 2190 in
1387 2162 1482 2197 regnis
1505 2163 1534 2189 et
1556 2161 1689 2189 dominiis
1712 2161 1865 2188 antedictis

216 2214 386 2243 coniunctim
408 2217 458 2243 aut
481 2215 593 2242 divisim
619 2223 750 2242 concesse.
773 2216 823 2242 aut
847 2214 971 2246 indulte..
997 2222 1092 2241 omnes
1110 2213 1230 2248 gratius,
1253 2213 1417 2240 donationes
1441 2214 1469 2240 et
1487 2212 1634 2239 libertates
1652 2220 1669 2239 a
1687 2211 1800 2247 regibus
1817 2220 1865 2238 seu

167 2270 198 2291 ³⁵
216 2266 405 2296 Romanorum
428 2267 647 2303 imperatoribus
670 2267 760 2295 factas
783 2267 968 2295 innovamus
991 2268 1021 2294 et
1043 2262 1247 2304 presentibus
1269 2265 1500 2294 confirmamus.

323 2317 352 2347 3.
386 2319 598 2348 *promittimus
622 2315 731 2355 etiam,
759 2319 784 2347 si
813 2319 971 2354 contingat
993 2339 1000 2346 .
1019 2337 1027 2346 .
1051 2318 1149 2346 ducem
1177 2317 1336 2354 Lotringie,
1370 2316 1526 2344 Brubancie
1553 2318 1583 2344 et
1610 2315 1778 2351 Lymburgie
1801 2324 1864 2343 cou-

216 2371 401 2407 sanguineum
427 2371 497 2399 dicti
528 2371 623 2407 *regis
646 2366 781 2398 Boemie
804 2370 938 2398 decedere
961 2370 1058 2398 liberis
1080 2370 1187 2405 proprii
1210 2370 1336 2405 corporis
1359 2378 1415 2397 uon
1442 2368 1562 2401 relictis,
1589 2367 1665 2402 quod
1691 2376 1743 2394 nos
1774 2367 1864 2395 eidem

215 2421 277 2458 regi
294 2422 407 2450 Boemie
426 2421 454 2449 in
473 2421 622 2449 ducatibus
640 2421 791 2450 antedictis
809 2430 872 2449 cum
890 2430 984 2449 eorum
1003 2421 1110 2448 iuribus
1129 2422 1158 2448 et
1176 2420 1357 2456 pertinentiis
1374 2418 1563 2454 adipiscendis
1581 2421 1610 2446 et
1628 2418 1779 2446 retinendis
1792 2418 1865 2445 sicut

215 2473 376 2509 proximiori
398 2473 462 2501 duci
487 2476 548 2501 toto
572 2482 652 2509 posse
676 2475 769 2501 nostro
794 2475 891 2501 contra
909 2482 1004 2500 omnes
1024 2472 1150 2500 homiues
1169 2473 1328 2500 assistemus
1347 2474 1375 2499 et
1394 2472 1422 2499 iu
1442 2471 1516 2499 omni
1534 2471 1592 2498 alio
1611 2469 1742 2501 dominio,
1761 2469 1789 2496 in
1808 2479 1863 2503 quo

166 2529 200 2550 40
216 2533 355 2554 successor
377 2534 441 2552 suus
465 2524 609 2561 legitimus
633 2525 748 2553 deberet
769 2525 928 2557 succedere,
947 2526 976 2552 et
998 2525 1032 2552 de
1055 2524 1179 2552 eisdem·
1198 2522 1303 2563 ipsum
1322 2532 1415 2559 regem
1434 2522 1641 2551 infeudabimus
1658 2529 1695 2550 ac
1714 2531 1794 2548 omne
1813 2521 1863 2551 ius.

216 2577 290 2612 quod
313 2586 362 2605 nos
385 2577 494 2604 ratione
517 2577 629 2612 imperii
652 2586 794 2612 possemus
814 2579 910 2612 petere
935 2577 964 2604 in
988 2577 1066 2604 dicta
1087 2576 1271 2609 successione,
1294 2576 1383 2603 eidem
1406 2575 1466 2610 regi
1493 2574 1603 2602 Boemie
1619 2570 1796 2602 liberaliter
1822 2582 1861 2600 re·

215 2627 367 2656 mittemus.

319 2697 383 2726 104.
412 2697 438 2732 b)
455 2699 569 2732 sequ-‘mr
588 2718 594 2725 .
607 2717 614 2725 .
634 2708 672 2726 or.

319 2758 385 2786 166.
412 2757 437 2793 ⁸)
454 2767 495 2785 en.
513 2759 541 2785 ὄπ
559 2760 613 2785 loco
632 2767 694 2785 raso
713 2767 766 2791 or.,·
783 2758 820 2791 cf.
837 2766 920 2792 supra
935 2766 1000 2792 paq.
1014 2761 1047 2785 66
1064 2753 1120 2786 adt.
1132 2766 1156 2785 a.
1245 2758 1270 2791 b)
1288 2760 1309 2784 B
1327 2767 1394 2784 corr.
1414 2767 1444 2783 ex
1462 2759 1483 2783 R
1502 2767 1540 2784 or.

166 2817 200 2839 ⁴⁸
321 2819 348 2852 1)
365 2818 458 2853 Supra
475 2826 517 2844 m·-
531 2820 586 2845 163.
