<?xml version="1.0" encoding="UTF-8"?>
<!DOCTYPE html PUBLIC "-//W3C//DTD XHTML 1.0 Transitional//EN"
    "http://www.w3.org/TR/xhtml1/DTD/xhtml1-transitional.dtd">
<html xmlns="http://www.w3.org/1999/xhtml" xml:lang="en" lang="en">
 <head>
  <title>
</title>
<meta http-equiv="Content-Type" content="text/html;charset=utf-8" />
  <meta name='ocr-system' content='tesseract 3.04.00' />
  <meta name='ocr-capabilities' content='ocr_page ocr_carea ocr_par ocr_line ocrx_word'/>
</head>
<body>
  <div class='ocr_page' id='page_1' title='image "./monumentagerma05geseuoft_0281.png"; bbox 0 0 2190 3172; ppageno 0'>
   <div class='ocr_carea' id='block_1_1' title="bbox 448 179 1854 219">
    <p class='ocr_par' dir='ltr' id='par_1_1' title="bbox 448 179 1854 219">
     <span class='ocr_line' id='line_1_1' title="bbox 448 179 1854 219; baseline -0.003 -9"><span class='ocrx_word' id='word_1_1' title='bbox 448 182 546 210; x_wconf 76' lang='lat' dir='ltr'>ACTA</span> <span class='ocrx_word' id='word_1_2' title='bbox 563 181 681 219; x_wconf 66' lang='lat' dir='ltr'>REGNI</span> <span class='ocrx_word' id='word_1_3' title='bbox 700 180 883 209; x_wconf 76' lang='lat' dir='ltr'>LUDEWIOI</span> <span class='ocrx_word' id='word_1_4' title='bbox 901 179 948 208; x_wconf 84' lang='lat' dir='ltr'><strong>lv.</strong></span> <span class='ocrx_word' id='word_1_5' title='bbox 966 179 1012 207; x_wconf 80' lang='lat' dir='ltr'><strong>ET</strong></span> <span class='ocrx_word' id='word_1_6' title='bbox 1032 179 1216 208; x_wconf 80' lang='lat' dir='ltr'><strong>FBIDERICI</strong></span> <span class='ocrx_word' id='word_1_7' title='bbox 1235 180 1283 207; x_wconf 90' lang='lat'>111.</span> <span class='ocrx_word' id='word_1_8' title='bbox 1321 179 1395 208; x_wconf 82' lang='lat'><strong>1315.</strong></span> <span class='ocrx_word' id='word_1_9' title='bbox 1431 180 1480 208; x_wconf 85' lang='lat' dir='ltr'><strong>Nr.</strong></span> <span class='ocrx_word' id='word_1_10' title='bbox 1493 181 1552 209; x_wconf 83' lang='lat'><strong>280.</strong></span> <span class='ocrx_word' id='word_1_11' title='bbox 1571 181 1630 209; x_wconf 79' lang='lat'>281.</span> <span class='ocrx_word' id='word_1_12' title='bbox 1797 185 1854 216; x_wconf 77' lang='lat'><strong>241</strong></span> 
     </span>
    </p>
   </div>
   <div class='ocr_carea' id='block_1_2' title="bbox 168 265 1963 982">
    <p class='ocr_par' dir='ltr' id='par_1_2' title="bbox 168 265 1963 982">
     <span class='ocr_line' id='line_1_2' title="bbox 213 265 1859 313; baseline -0.001 -11"><span class='ocrx_word' id='word_1_13' title='bbox 213 268 374 312; x_wconf 80' lang='lat' dir='ltr'><strong>recepisse</strong></span> <span class='ocrx_word' id='word_1_14' title='bbox 384 269 407 310; x_wconf 86' lang='lat'><strong>²,</strong></span> <span class='ocrx_word' id='word_1_15' title='bbox 429 278 488 311; x_wconf 86' lang='lat' dir='ltr'><strong>per</strong></span> <span class='ocrx_word' id='word_1_16' title='bbox 511 278 590 311; x_wconf 90' lang='lat' dir='ltr'><strong>quas</strong></span> <span class='ocrx_word' id='word_1_17' title='bbox 612 268 705 300; x_wconf 86' lang='lat' dir='ltr'><strong>nobis</strong></span> <span class='ocrx_word' id='word_1_18' title='bbox 727 268 769 301; x_wconf 86' lang='lat' dir='ltr'><strong>ad</strong></span> <span class='ocrx_word' id='word_1_19' title='bbox 792 267 947 310; x_wconf 81' lang='lat' dir='ltr'><strong>gaudium</strong></span> <span class='ocrx_word' id='word_1_20' title='bbox 962 267 1124 299; x_wconf 74' lang='lat' dir='ltr'><strong>nunciavit</strong></span> <span class='ocrx_word' id='word_1_21' title='bbox 1147 277 1182 298; x_wconf 87' lang='lat' dir='ltr'><strong>se</strong></span> <span class='ocrx_word' id='word_1_22' title='bbox 1205 265 1302 310; x_wconf 86' lang='lat' dir='ltr'><strong>[esse]</strong></span> <span class='ocrx_word' id='word_1_23' title='bbox 1319 267 1485 299; x_wconf 87' lang='lat' dir='ltr'><strong>voluntate</strong></span> <span class='ocrx_word' id='word_1_24' title='bbox 1502 267 1610 300; x_wconf 86' lang='lat' dir='ltr'><strong>divina</strong></span> <span class='ocrx_word' id='word_1_25' title='bbox 1634 267 1676 310; x_wconf 93' lang='lat' dir='ltr'><strong>[in</strong></span> <span class='ocrx_word' id='word_1_26' title='bbox 1694 269 1859 313; x_wconf 77' lang='lat' dir='ltr'><strong>negocio]-</strong></span> 
     </span>
     <span class='ocr_line' id='line_1_3' title="bbox 211 318 1859 363; baseline 0 -10"><span class='ocrx_word' id='word_1_27' title='bbox 211 321 366 363; x_wconf 88' lang='lat' dir='ltr'><strong>assumpti</strong></span> <span class='ocrx_word' id='word_1_28' title='bbox 394 321 559 362; x_wconf 87' lang='lat' dir='ltr'><strong>regiminis</strong></span> <span class='ocrx_word' id='word_1_29' title='bbox 587 320 726 352; x_wconf 77' lang='lat' dir='ltr'><strong>feliciter</strong></span> <span class='ocrx_word' id='word_1_30' title='bbox 751 324 975 363; x_wconf 86' lang='lat' dir='ltr'><strong>prosperatum</strong></span> <span class='ocrx_word' id='word_1_31' title='bbox 1009 322 1043 351; x_wconf 87' lang='lat' dir='ltr'><strong>et</strong></span> <span class='ocrx_word' id='word_1_32' title='bbox 1076 319 1243 351; x_wconf 85' lang='lat' dir='ltr'><strong>continuos</strong></span> <span class='ocrx_word' id='word_1_33' title='bbox 1270 318 1382 351; x_wconf 84' lang='lat' dir='ltr'><strong>felices</strong></span> <span class='ocrx_word' id='word_1_34' title='bbox 1410 318 1431 362; x_wconf 72' lang='grc' dir='ltr'><strong>ί.</strong></span> <span class='ocrx_word' id='word_1_35' title='bbox 1449 344 1456 351; x_wconf 92' lang='grc'><strong>.</strong></span> <span class='ocrx_word' id='word_1_36' title='bbox 1475 318 1517 363; x_wconf 78' lang='lat'>.]¹’</span> <span class='ocrx_word' id='word_1_37' title='bbox 1545 319 1667 352; x_wconf 85' lang='lat' dir='ltr'><strong>habere</strong></span> <span class='ocrx_word' id='word_1_38' title='bbox 1695 331 1859 353; x_wconf 85' lang='lat' dir='ltr'><strong>successus</strong></span> 
     </span>
     <span class='ocr_line' id='line_1_4' title="bbox 209 370 1858 415; baseline 0.001 -11"><span class='ocrx_word' id='word_1_39' title='bbox 209 381 333 405; x_wconf 87' lang='lat' dir='ltr'><strong>necnon</strong></span> <span class='ocrx_word' id='word_1_40' title='bbox 367 376 400 405; x_wconf 91' lang='lat' dir='ltr'><strong>et</strong></span> <span class='ocrx_word' id='word_1_41' title='bbox 433 372 520 415; x_wconf 91' lang='lat' dir='ltr'><strong>quod</strong></span> <span class='ocrx_word' id='word_1_42' title='bbox 546 372 766 404; x_wconf 87' lang='lat' dir='ltr'><strong>ccronacionis</strong></span> <span class='ocrx_word' id='word_1_43' title='bbox 788 374 894 404; x_wconf 86' lang='lat' dir='ltr'><strong>vestre</strong></span> <span class='ocrx_word' id='word_1_44' title='bbox 928 371 1018 413; x_wconf 86' lang='lat' dir='ltr'><strong>regie</strong></span> <span class='ocrx_word' id='word_1_45' title='bbox 1051 381 1090 403; x_wconf 86' lang='lat' dir='ltr'><strong>ac</strong></span> <span class='ocrx_word' id='word_1_46' title='bbox 1123 371 1207 403; x_wconf 86' lang='lat' dir='ltr'><strong>inter</strong></span> <span class='ocrx_word' id='word_1_47' title='bbox 1236 370 1387 403; x_wconf 86' lang='lat' dir='ltr'><strong>eumdem</strong></span> <span class='ocrx_word' id='word_1_48' title='bbox 1416 382 1526 413; x_wconf 83' lang='lat' dir='ltr'><strong>regem</strong></span> <span class='ocrx_word' id='word_1_49' title='bbox 1562 377 1595 404; x_wconf 88' lang='lat' dir='ltr'><strong>et</strong></span> <span class='ocrx_word' id='word_1_50' title='bbox 1616 382 1674 403; x_wconf 81' lang='lat' dir='ltr'><strong>vos</strong></span> <span class='ocrx_word' id='word_1_51' title='bbox 1702 383 1740 404; x_wconf 89' lang='lat' dir='ltr'><strong>ac</strong></span> <span class='ocrx_word' id='word_1_52' title='bbox 1775 374 1858 405; x_wconf 89' lang='lat' dir='ltr'><strong>inter</strong></span> 
     </span>
     <span class='ocr_line' id='line_1_5' title="bbox 210 422 1856 466; baseline 0.001 -10"><span class='ocrx_word' id='word_1_53' title='bbox 210 423 368 456; x_wconf 71' lang='lat' dir='ltr'>illustrem</span> <span class='ocrx_word' id='word_1_54' title='bbox 396 423 579 466; x_wconf 90' lang='lat' dir='ltr'><strong>Lupoldum</strong></span> <span class='ocrx_word' id='word_1_55' title='bbox 609 423 742 456; x_wconf 85' lang='lat' dir='ltr'><strong>fratrem</strong></span> <span class='ocrx_word' id='word_1_56' title='bbox 775 434 867 456; x_wconf 89' lang='lat' dir='ltr'><strong>suum</strong></span> <span class='ocrx_word' id='word_1_57' title='bbox 901 426 934 455; x_wconf 91' lang='lat' dir='ltr'><strong>et</strong></span> <span class='ocrx_word' id='word_1_58' title='bbox 967 433 1118 465; x_wconf 78' lang='lat' dir='ltr'><strong>sponsam</strong></span> <span class='ocrx_word' id='word_1_59' title='bbox 1152 433 1242 455; x_wconf 88' lang='lat' dir='ltr'><strong>suam</strong></span> <span class='ocrx_word' id='word_1_60' title='bbox 1269 422 1387 454; x_wconf 90' lang='lat' dir='ltr'><strong>nobilis</strong></span> <span class='ocrx_word' id='word_1_61' title='bbox 1414 424 1540 455; x_wconf 86' lang='lat' dir='ltr'><strong>comitis</strong></span> <span class='ocrx_word' id='word_1_62' title='bbox 1568 423 1731 457; x_wconf 79' lang='lat' dir='ltr'><strong>Sabaudie</strong></span> <span class='ocrx_word' id='word_1_63' title='bbox 1759 425 1856 457; x_wconf 85' lang='lat' dir='ltr'><strong>filiam</strong></span> 
     </span>
     <span class='ocr_line' id='line_1_6' title="bbox 180 474 1963 518; baseline 0 -12"><span class='ocrx_word' id='word_1_64' title='bbox 180 486 192 506; x_wconf 74' lang='lat' dir='ltr'><strong>s</strong></span> <span class='ocrx_word' id='word_1_65' title='bbox 210 476 397 518; x_wconf 76' lang='lat' dir='ltr'><strong>nupciarum</strong></span> <span class='ocrx_word' id='word_1_66' title='bbox 413 475 604 518; x_wconf 69' lang='lat' dir='ltr'><strong>sollempnia</strong></span> <span class='ocrx_word' id='word_1_67' title='bbox 619 475 705 517; x_wconf 88' lang='lat' dir='ltr'><strong>apud</strong></span> <span class='ocrx_word' id='word_1_68' title='bbox 721 475 884 507; x_wconf 85' lang='lat' dir='ltr'><strong>civitatem</strong></span> <span class='ocrx_word' id='word_1_69' title='bbox 900 474 1112 507; x_wconf 81' lang='lat' dir='ltr'><strong>Basiliensem</strong></span> <span class='ocrx_word' id='word_1_70' title='bbox 1132 475 1165 506; x_wconf 90' lang='lat' dir='ltr'><strong>in</strong></span> <span class='ocrx_word' id='word_1_71' title='bbox 1185 475 1315 506; x_wconf 86' lang='lat' dir='ltr'><strong>instanti</strong></span> <span class='ocrx_word' id='word_1_72' title='bbox 1330 478 1404 507; x_wconf 89' lang='lat' dir='ltr'><strong>tunc</strong></span> <span class='ocrx_word' id='word_1_73' title='bbox 1423 474 1506 507; x_wconf 84' lang='lat' dir='ltr'><strong>festo</strong></span> <span class='ocrx_word' id='word_1_74' title='bbox 1522 476 1755 509; x_wconf 85' lang='lat' dir='ltr'><strong>Pentechostes</strong></span> <span class='ocrx_word' id='word_1_75' title='bbox 1774 487 1857 509; x_wconf 88' lang='lat' dir='ltr'><strong>nunc</strong></span> <span class='ocrx_word' id='word_1_76' title='bbox 1871 486 1920 507; x_wconf 72' lang='lat' dir='ltr'><strong>m</strong></span> <span class='ocrx_word' id='word_1_77' title='bbox 1933 489 1963 507; x_wconf 84' lang='grc' dir='ltr'><strong>ιι.</strong></span> 
     </span>
     <span class='ocr_line' id='line_1_7' title="bbox 215 526 1856 571; baseline 0.001 -12"><span class='ocrx_word' id='word_1_78' title='bbox 215 527 371 570; x_wconf 88' lang='lat' dir='ltr'><strong>preterito</strong></span> <span class='ocrx_word' id='word_1_79' title='bbox 394 526 513 559; x_wconf 86' lang='lat' dir='ltr'><strong>indicta</strong></span> <span class='ocrx_word' id='word_1_80' title='bbox 538 526 675 559; x_wconf 81' lang='lat' dir='ltr'><strong>fuerunt.</strong></span> <span class='ocrx_word' id='word_1_81' title='bbox 718 526 756 559; x_wconf 91' lang='lat' dir='ltr'><strong>In</strong></span> <span class='ocrx_word' id='word_1_82' title='bbox 777 527 941 569; x_wconf 84' lang='lat' dir='ltr'><strong>premissis</strong></span> <span class='ocrx_word' id='word_1_83' title='bbox 969 529 1079 559; x_wconf 87' lang='lat' dir='ltr'><strong>autem</strong></span> <span class='ocrx_word' id='word_1_84' title='bbox 1110 526 1296 568; x_wconf 80' lang='lat' dir='ltr'><strong>significatis</strong></span> <span class='ocrx_word' id='word_1_85' title='bbox 1325 526 1418 559; x_wconf 90' lang='lat' dir='ltr'><strong>nobis</strong></span> <span class='ocrx_word' id='word_1_86' title='bbox 1445 527 1682 560; x_wconf 80' lang='lat' dir='ltr'><strong>delectabiliter</strong></span> <span class='ocrx_word' id='word_1_87' title='bbox 1705 530 1856 571; x_wconf 89' lang='lat' dir='ltr'><strong>conquie-</strong></span> 
     </span>
     <span class='ocr_line' id='line_1_8' title="bbox 211 577 1856 622; baseline 0.002 -12"><span class='ocrx_word' id='word_1_88' title='bbox 211 580 313 611; x_wconf 89' lang='lat' dir='ltr'><strong>vimus</strong></span> <span class='ocrx_word' id='word_1_89' title='bbox 336 582 369 612; x_wconf 87' lang='lat' dir='ltr'><strong>et</strong></span> <span class='ocrx_word' id='word_1_90' title='bbox 391 589 432 612; x_wconf 91' lang='lat' dir='ltr'><strong>ex</strong></span> <span class='ocrx_word' id='word_1_91' title='bbox 458 578 520 611; x_wconf 88' lang='lat' dir='ltr'><strong>hiis</strong></span> <span class='ocrx_word' id='word_1_92' title='bbox 543 578 835 611; x_wconf 78' lang='lat' dir='ltr'><strong>novisrumoribus</strong></span> <span class='ocrx_word' id='word_1_93' title='bbox 856 588 1014 610; x_wconf 88' lang='lat' dir='ltr'><strong>novorum</strong></span> <span class='ocrx_word' id='word_1_94' title='bbox 1035 579 1265 620; x_wconf 77' lang='lat' dir='ltr'><strong>assumpsimus</strong></span> <span class='ocrx_word' id='word_1_95' title='bbox 1287 577 1475 611; x_wconf 84' lang='lat' dir='ltr'><strong>affluentem</strong></span> <span class='ocrx_word' id='word_1_96' title='bbox 1498 579 1633 612; x_wconf 87' lang='lat' dir='ltr'><strong>letitiam</strong></span> <span class='ocrx_word' id='word_1_97' title='bbox 1656 580 1856 622; x_wconf 81' lang='lat' dir='ltr'><strong>gaudiorum.</strong></span> 
     </span>
     <span class='ocr_line' id='line_1_9' title="bbox 210 629 1857 672; baseline 0.002 -10"><span class='ocrx_word' id='word_1_98' title='bbox 210 630 377 672; x_wconf 82' lang='lat' dir='ltr'><strong>Rogantes</strong></span> <span class='ocrx_word' id='word_1_99' title='bbox 399 630 590 663; x_wconf 88' lang='lat' dir='ltr'><strong>filiacionem</strong></span> <span class='ocrx_word' id='word_1_100' title='bbox 613 633 769 671; x_wconf 90' lang='lat' dir='ltr'><strong>vestram,</strong></span> <span class='ocrx_word' id='word_1_101' title='bbox 802 633 959 672; x_wconf 87' lang='lat' dir='ltr'><strong>quatenus</strong></span> <span class='ocrx_word' id='word_1_102' title='bbox 987 629 1029 662; x_wconf 88' lang='lat' dir='ltr'><strong>de</strong></span> <span class='ocrx_word' id='word_1_103' title='bbox 1052 630 1266 672; x_wconf 76' lang='lat' dir='ltr'><strong>prosperitate</strong></span> <span class='ocrx_word' id='word_1_104' title='bbox 1297 633 1400 662; x_wconf 79' lang='lat' dir='ltr'><strong>status</strong></span> <span class='ocrx_word' id='word_1_105' title='bbox 1427 635 1461 663; x_wconf 87' lang='lat' dir='ltr'><strong>et</strong></span> <span class='ocrx_word' id='word_1_106' title='bbox 1484 641 1690 664; x_wconf 83' lang='lat' dir='ltr'><strong>successuum</strong></span> <span class='ocrx_word' id='word_1_107' title='bbox 1715 632 1857 665; x_wconf 83' lang='lat' dir='ltr'><strong>felicium</strong></span> 
     </span>
     <span class='ocr_line' id='line_1_10' title="bbox 215 681 1857 726; baseline 0.002 -12"><span class='ocrx_word' id='word_1_108' title='bbox 215 682 367 724; x_wconf 82' lang='lat' dir='ltr'><strong>prelibati</strong></span> <span class='ocrx_word' id='word_1_109' title='bbox 389 683 475 724; x_wconf 86' lang='lat' dir='ltr'><strong>regis</strong></span> <span class='ocrx_word' id='word_1_110' title='bbox 498 685 531 714; x_wconf 90' lang='lat' dir='ltr'><strong>et</strong></span> <span class='ocrx_word' id='word_1_111' title='bbox 552 682 661 722; x_wconf 85' lang='lat' dir='ltr'><strong>vestri,</strong></span> <span class='ocrx_word' id='word_1_112' title='bbox 685 692 765 724; x_wconf 88' lang='lat' dir='ltr'><strong>quos</strong></span> <span class='ocrx_word' id='word_1_113' title='bbox 779 682 964 714; x_wconf 86' lang='lat' dir='ltr'><strong>Altissimus</strong></span> <span class='ocrx_word' id='word_1_114' title='bbox 987 681 1028 714; x_wconf 90' lang='lat' dir='ltr'><strong>de</strong></span> <span class='ocrx_word' id='word_1_115' title='bbox 1051 681 1135 714; x_wconf 89' lang='lat' dir='ltr'><strong>bono</strong></span> <span class='ocrx_word' id='word_1_116' title='bbox 1158 682 1190 714; x_wconf 92' lang='lat' dir='ltr'><strong>in</strong></span> <span class='ocrx_word' id='word_1_117' title='bbox 1213 682 1328 714; x_wconf 88' lang='lat' dir='ltr'><strong>melius</strong></span> <span class='ocrx_word' id='word_1_118' title='bbox 1350 682 1434 715; x_wconf 90' lang='lat' dir='ltr'><strong>letos</strong></span> <span class='ocrx_word' id='word_1_119' title='bbox 1457 686 1491 715; x_wconf 87' lang='lat' dir='ltr'><strong>et</strong></span> <span class='ocrx_word' id='word_1_120' title='bbox 1512 693 1682 726; x_wconf 85' lang='lat' dir='ltr'><strong>prosperos</strong></span> <span class='ocrx_word' id='word_1_121' title='bbox 1698 684 1797 716; x_wconf 81' lang='lat' dir='ltr'><strong>faciat</strong></span> <span class='ocrx_word' id='word_1_122' title='bbox 1818 695 1857 717; x_wconf 84' lang='lat' dir='ltr'><strong>ac</strong></span> 
     </span>
     <span class='ocr_line' id='line_1_11' title="bbox 168 733 1856 779; baseline 0.002 -14"><span class='ocrx_word' id='word_1_123' title='bbox 168 742 194 762; x_wconf 81' lang='grc' dir='ltr'><strong>ιο</strong></span> <span class='ocrx_word' id='word_1_124' title='bbox 212 736 390 775; x_wconf 85' lang='lat' dir='ltr'><strong>conservet,</strong></span> <span class='ocrx_word' id='word_1_125' title='bbox 414 744 472 766; x_wconf 92' lang='lat' dir='ltr'><strong>nos</strong></span> <span class='ocrx_word' id='word_1_126' title='bbox 494 733 698 776; x_wconf 81' lang='lat' dir='ltr'><strong>frequencius</strong></span> <span class='ocrx_word' id='word_1_127' title='bbox 720 736 756 765; x_wconf 92' lang='lat' dir='ltr'><strong>ut</strong></span> <span class='ocrx_word' id='word_1_128' title='bbox 775 733 922 775; x_wconf 88' lang='lat' dir='ltr'><strong>poteritis</strong></span> <span class='ocrx_word' id='word_1_129' title='bbox 937 733 1124 766; x_wconf 87' lang='lat' dir='ltr'><strong>informetis.</strong></span> <span class='ocrx_word' id='word_1_130' title='bbox 1163 733 1248 765; x_wconf 81' lang='lat' dir='ltr'><strong>Sane</strong></span> <span class='ocrx_word' id='word_1_131' title='bbox 1272 734 1410 766; x_wconf 86' lang='lat' dir='ltr'><strong>scientes</strong></span> <span class='ocrx_word' id='word_1_132' title='bbox 1427 745 1483 766; x_wconf 92' lang='lat' dir='ltr'><strong>vos</strong></span> <span class='ocrx_word' id='word_1_133' title='bbox 1505 736 1628 767; x_wconf 87' lang='lat' dir='ltr'><strong>tociens</strong></span> <span class='ocrx_word' id='word_1_134' title='bbox 1651 737 1724 768; x_wconf 85' lang='lat' dir='ltr'><strong>novi</strong></span> <span class='ocrx_word' id='word_1_135' title='bbox 1747 736 1856 779; x_wconf 85' lang='lat' dir='ltr'><strong>gaudii</strong></span> 
     </span>
     <span class='ocr_line' id='line_1_12' title="bbox 210 784 1857 830; baseline 0.002 -13"><span class='ocrx_word' id='word_1_136' title='bbox 210 785 380 818; x_wconf 82' lang='lat' dir='ltr'><strong>materiam</strong></span> <span class='ocrx_word' id='word_1_137' title='bbox 407 786 550 826; x_wconf 87' lang='lat' dir='ltr'><strong>sumere,</strong></span> <span class='ocrx_word' id='word_1_138' title='bbox 584 785 736 827; x_wconf 90' lang='lat' dir='ltr'><strong>quociens</strong></span> <span class='ocrx_word' id='word_1_139' title='bbox 763 784 805 816; x_wconf 88' lang='lat' dir='ltr'><strong>de</strong></span> <span class='ocrx_word' id='word_1_140' title='bbox 835 788 944 817; x_wconf 87' lang='lat' dir='ltr'><strong>nostra</strong></span> <span class='ocrx_word' id='word_1_141' title='bbox 973 785 1059 817; x_wconf 83' lang='lat' dir='ltr'><strong>felici</strong></span> <span class='ocrx_word' id='word_1_142' title='bbox 1088 785 1290 818; x_wconf 82' lang='lat' dir='ltr'><strong>continencia</strong></span> <span class='ocrx_word' id='word_1_143' title='bbox 1316 796 1462 819; x_wconf 86' lang='lat' dir='ltr'><strong>rumores</strong></span> <span class='ocrx_word' id='word_1_144' title='bbox 1488 787 1570 819; x_wconf 86' lang='lat' dir='ltr'><strong>letos</strong></span> <span class='ocrx_word' id='word_1_145' title='bbox 1597 789 1771 830; x_wconf 84' lang='lat' dir='ltr'><strong>suscipitis,</strong></span> <span class='ocrx_word' id='word_1_146' title='bbox 1800 799 1857 821; x_wconf 87' lang='lat' dir='ltr'><strong>vos</strong></span> 
     </span>
     <span class='ocr_line' id='line_1_13' title="bbox 210 835 1857 881; baseline 0.002 -13"><span class='ocrx_word' id='word_1_147' title='bbox 210 839 384 878; x_wconf 88' lang='lat' dir='ltr'><strong>propterea</strong></span> <span class='ocrx_word' id='word_1_148' title='bbox 406 836 609 878; x_wconf 85' lang='lat' dir='ltr'><strong>presentibus</strong></span> <span class='ocrx_word' id='word_1_149' title='bbox 631 836 850 878; x_wconf 86' lang='lat' dir='ltr'><strong>informamus,</strong></span> <span class='ocrx_word' id='word_1_150' title='bbox 874 835 960 878; x_wconf 92' lang='lat' dir='ltr'><strong>quod</strong></span> <span class='ocrx_word' id='word_1_151' title='bbox 983 840 1092 869; x_wconf 89' lang='lat' dir='ltr'><strong>actore</strong></span> <span class='ocrx_word' id='word_1_152' title='bbox 1115 837 1181 877; x_wconf 92' lang='lat' dir='ltr'><strong>illo,</strong></span> <span class='ocrx_word' id='word_1_153' title='bbox 1204 848 1223 869; x_wconf 91' lang='lat' dir='ltr'><strong>a</strong></span> <span class='ocrx_word' id='word_1_154' title='bbox 1247 847 1310 879; x_wconf 93' lang='lat' dir='ltr'><strong>quo</strong></span> <span class='ocrx_word' id='word_1_155' title='bbox 1335 848 1462 880; x_wconf 87' lang='lat' dir='ltr'><strong>queque</strong></span> <span class='ocrx_word' id='word_1_156' title='bbox 1487 839 1571 870; x_wconf 87' lang='lat' dir='ltr'><strong>bona</strong></span> <span class='ocrx_word' id='word_1_157' title='bbox 1587 839 1776 881; x_wconf 88' lang='lat' dir='ltr'><strong>procedunt,</strong></span> <span class='ocrx_word' id='word_1_158' title='bbox 1799 851 1857 872; x_wconf 89' lang='lat' dir='ltr'><strong>nos</strong></span> 
     </span>
     <span class='ocr_line' id='line_1_14' title="bbox 209 887 1766 934; baseline 0.003 -15"><span class='ocrx_word' id='word_1_159' title='bbox 209 898 274 920; x_wconf 89' lang='lat' dir='ltr'><strong>una</strong></span> <span class='ocrx_word' id='word_1_160' title='bbox 296 898 368 920; x_wconf 89' lang='lat' dir='ltr'><strong>cum</strong></span> <span class='ocrx_word' id='word_1_161' title='bbox 391 887 508 920; x_wconf 86' lang='lat' dir='ltr'><strong>inclitis</strong></span> <span class='ocrx_word' id='word_1_162' title='bbox 530 888 704 920; x_wconf 79' lang='lat' dir='ltr'><strong>infantibus</strong></span> <span class='ocrx_word' id='word_1_163' title='bbox 726 888 842 920; x_wconf 83' lang='lat' dir='ltr'><strong>nostris</strong></span> <span class='ocrx_word' id='word_1_164' title='bbox 864 887 937 920; x_wconf 84' lang='lat' dir='ltr'><strong>filiis</strong></span> <span class='ocrx_word' id='word_1_165' title='bbox 959 889 1074 920; x_wconf 86' lang='lat' dir='ltr'><strong>vestris</strong></span> <span class='ocrx_word' id='word_1_166' title='bbox 1098 889 1249 921; x_wconf 79' lang='lat' dir='ltr'><strong>fratribus</strong></span> <span class='ocrx_word' id='word_1_167' title='bbox 1271 900 1428 932; x_wconf 90' lang='lat' dir='ltr'><strong>corporea</strong></span> <span class='ocrx_word' id='word_1_168' title='bbox 1451 891 1588 923; x_wconf 84' lang='lat' dir='ltr'><strong>sanitate</strong></span> <span class='ocrx_word' id='word_1_169' title='bbox 1612 892 1766 934; x_wconf 83' lang='lat' dir='ltr'><strong>vigemus.</strong></span> 
     </span>
     <span class='ocr_line' id='line_1_15' title="bbox 271 939 1813 982; baseline 0.003 -11"><span class='ocrx_word' id='word_1_170' title='bbox 271 967 273 969; x_wconf 90' lang='lat'>.</span> <span class='ocrx_word' id='word_1_171' title='bbox 317 939 438 972; x_wconf 85' lang='lat' dir='ltr'><strong>Datum</strong></span> <span class='ocrx_word' id='word_1_172' title='bbox 461 942 498 971; x_wconf 88' lang='lat' dir='ltr'><strong>ut</strong></span> <span class='ocrx_word' id='word_1_173' title='bbox 519 949 626 982; x_wconf 88' lang='lat' dir='ltr'><strong>supra.</strong></span> <span class='ocrx_word' id='word_1_174' title='bbox 1710 943 1813 976; x_wconf 89' lang='lat' dir='ltr'><strong>Idem.</strong></span> 
     </span>
    </p>
   </div>
   <div class='ocr_carea' id='block_1_3' title="bbox 168 1127 1702 1236">
    <p class='ocr_par' dir='ltr' id='par_1_3' title="bbox 168 1127 1702 1236">
     <span class='ocr_line' id='line_1_16' title="bbox 168 1127 1702 1170; baseline 0.005 -7"><span class='ocrx_word' id='word_1_175' title='bbox 168 1131 193 1152; x_wconf 79' lang='lat'><strong>¹⁵</strong></span> <span class='ocrx_word' id='word_1_176' title='bbox 370 1128 444 1164; x_wconf 86' lang='lat'>281.</span> <span class='ocrx_word' id='word_1_177' title='bbox 479 1127 747 1166; x_wconf 84' lang='lat' dir='ltr'>LITTERAE</span> <span class='ocrx_word' id='word_1_178' title='bbox 775 1128 1058 1168; x_wconf 84' lang='lat' dir='ltr'><strong>FRIDERICI</strong></span> <span class='ocrx_word' id='word_1_179' title='bbox 1080 1130 1156 1166; x_wconf 92' lang='lat' dir='ltr'><strong>AD</strong></span> <span class='ocrx_word' id='word_1_180' title='bbox 1180 1129 1362 1167; x_wconf 79' lang='lat' dir='ltr'><strong>REGEM</strong></span> <span class='ocrx_word' id='word_1_181' title='bbox 1384 1131 1702 1170; x_wconf 82' lang='lat' dir='ltr'>ARAGONU&#39;M.</span> 
     </span>
     <span class='ocr_line' id='line_1_17' title="bbox 882 1198 1194 1236; baseline 0.003 -2"><span class='ocrx_word' id='word_1_182' title='bbox 882 1198 990 1235; x_wconf 86' lang='lat'><strong>1315.</strong></span> <span class='ocrx_word' id='word_1_183' title='bbox 1030 1198 1113 1235; x_wconf 84' lang='lat' dir='ltr'><strong>Mai.</strong></span> <span class='ocrx_word' id='word_1_184' title='bbox 1139 1199 1194 1236; x_wconf 87' lang='lat'><strong>13.</strong></span> 
     </span>
    </p>
   </div>
   <div class='ocr_carea' id='block_1_4' title="bbox 211 1295 1860 1390">
    <p class='ocr_par' dir='ltr' id='par_1_4' title="bbox 211 1295 1860 1390">
     <span class='ocr_line' id='line_1_18' title="bbox 323 1295 1860 1342; baseline 0.004 -14"><span class='ocrx_word' id='word_1_185' title='bbox 323 1295 483 1337; x_wconf 72' lang='lat' dir='ltr'><strong>Oriqinale</strong></span> <span class='ocrx_word' id='word_1_186' title='bbox 510 1296 585 1339; x_wconf 90' lang='lat' dir='ltr'><strong>(or.)</strong></span> <span class='ocrx_word' id='word_1_187' title='bbox 615 1297 651 1329; x_wconf 79' lang='lat' dir='ltr'><strong>in</strong></span> <span class='ocrx_word' id='word_1_188' title='bbox 681 1297 840 1330; x_wconf 59' lang='lat' dir='ltr'><strong>tabulam-io</strong></span> <span class='ocrx_word' id='word_1_189' title='bbox 872 1298 954 1339; x_wconf 76' lang='lat' dir='ltr'><strong>reyio</strong></span> <span class='ocrx_word' id='word_1_190' title='bbox 982 1298 1228 1331; x_wconf 78' lang='lat' dir='ltr'><strong>Barcinonensi.</strong></span> <span class='ocrx_word' id='word_1_191' title='bbox 1262 1317 1301 1323; x_wconf 94' lang='lat'><em>—</em></span> <span class='ocrx_word' id='word_1_192' title='bbox 1337 1299 1398 1332; x_wconf 87' lang='lat' dir='ltr'><strong>Ed.</strong></span> <span class='ocrx_word' id='word_1_193' title='bbox 1423 1300 1584 1342; x_wconf 78' lang='lat' dir='ltr'><strong>Zeissbery</strong></span> <span class='ocrx_word' id='word_1_194' title='bbox 1610 1300 1629 1332; x_wconf 84' lang='lat' dir='ltr'><strong>l.</strong></span> <span class='ocrx_word' id='word_1_195' title='bbox 1646 1312 1671 1333; x_wconf 88' lang='lat' dir='ltr'><strong>c.</strong></span> <span class='ocrx_word' id='word_1_196' title='bbox 1696 1312 1728 1342; x_wconf 79' lang='lat' dir='ltr'><strong>p.</strong></span> <span class='ocrx_word' id='word_1_197' title='bbox 1747 1301 1790 1333; x_wconf 83' lang='lat'><strong>32</strong></span> <span class='ocrx_word' id='word_1_198' title='bbox 1815 1302 1860 1334; x_wconf 85' lang='lat' dir='ltr'><strong>ad</strong></span> 
     </span>
     <span class='ocr_line' id='line_1_19' title="bbox 211 1348 875 1390; baseline 0.002 -9"><span class='ocrx_word' id='word_1_199' title='bbox 211 1359 262 1381; x_wconf 81' lang='lat' dir='ltr'><strong>nr.</strong></span> <span class='ocrx_word' id='word_1_200' title='bbox 277 1348 320 1380; x_wconf 82' lang='lat'><strong>25</strong></span> <span class='ocrx_word' id='word_1_201' title='bbox 342 1358 381 1380; x_wconf 77' lang='lat' dir='ltr'><strong>ex</strong></span> <span class='ocrx_word' id='word_1_202' title='bbox 403 1359 448 1380; x_wconf 88' lang='lat' dir='ltr'><strong>or.</strong></span> <span class='ocrx_word' id='word_1_203' title='bbox 493 1348 675 1381; x_wconf 79' lang='lat' dir='ltr'><strong>Editionem</strong></span> <span class='ocrx_word' id='word_1_204' title='bbox 697 1350 875 1390; x_wconf 78' lang='lat' dir='ltr'><strong>repetimus,</strong></span> 
     </span>
    </p>
   </div>
   <div class='ocr_carea' id='block_1_5' title="bbox 319 1403 1191 1447">
    <p class='ocr_par' dir='ltr' id='par_1_5' title="bbox 319 1403 1191 1447">
     <span class='ocr_line' id='line_1_20' title="bbox 319 1403 1191 1447; baseline 0.002 -11"><span class='ocrx_word' id='word_1_205' title='bbox 319 1403 563 1446; x_wconf 65' lang='lat' dir='ltr'><strong>,Re-sponsionem</strong></span> <span class='ocrx_word' id='word_1_206' title='bbox 584 1405 666 1446; x_wconf 64' lang='lat' dir='ltr'><strong>regis</strong></span> <span class='ocrx_word' id='word_1_207' title='bbox 687 1405 874 1446; x_wconf 73' lang='lat' dir='ltr'><strong>Araqonum</strong></span> <span class='ocrx_word' id='word_1_208' title='bbox 895 1416 922 1438; x_wconf 86' lang='lat' dir='ltr'><strong>v.</strong></span> <span class='ocrx_word' id='word_1_209' title='bbox 939 1406 1030 1447; x_wconf 78' lang='lat' dir='ltr'><strong>infra</strong></span> <span class='ocrx_word' id='word_1_210' title='bbox 1051 1417 1101 1438; x_wconf 79' lang='lat' dir='ltr'><strong>nr.</strong></span> <span class='ocrx_word' id='word_1_211' title='bbox 1117 1407 1191 1439; x_wconf 88' lang='grc'><strong><em>311.</em></strong></span> 
     </span>
    </p>
   </div>
   <div class='ocr_carea' id='block_1_6' title="bbox 169 1481 1965 2667">
    <p class='ocr_par' dir='ltr' id='par_1_6' title="bbox 169 1481 1965 2667">
     <span class='ocr_line' id='line_1_21' title="bbox 169 1481 1857 1527; baseline 0.004 -14"><span class='ocrx_word' id='word_1_212' title='bbox 169 1491 196 1513; x_wconf 71' lang='lat' dir='ltr'><strong>ao</strong></span> <span class='ocrx_word' id='word_1_213' title='bbox 320 1481 490 1524; x_wconf 81' lang='lat' dir='ltr'><strong>Magnifico</strong></span> <span class='ocrx_word' id='word_1_214' title='bbox 514 1483 649 1525; x_wconf 88' lang='lat' dir='ltr'><strong>principi</strong></span> <span class='ocrx_word' id='word_1_215' title='bbox 673 1482 802 1516; x_wconf 88' lang='lat' dir='ltr'><strong>domino</strong></span> <span class='ocrx_word' id='word_1_216' title='bbox 825 1483 944 1516; x_wconf 89' lang='lat' dir='ltr'><strong>Iacobo</strong></span> <span class='ocrx_word' id='word_1_217' title='bbox 968 1485 1036 1527; x_wconf 84' lang='lat' dir='ltr'><strong>regi</strong></span> <span class='ocrx_word' id='word_1_218' title='bbox 1059 1485 1262 1526; x_wconf 81' lang='lat' dir='ltr'><strong>Aragonum,</strong></span> <span class='ocrx_word' id='word_1_219' title='bbox 1287 1484 1459 1527; x_wconf 88' lang='lat' dir='ltr'><strong>Valencie,</strong></span> <span class='ocrx_word' id='word_1_220' title='bbox 1489 1485 1636 1519; x_wconf 83' lang='lat' dir='ltr'><strong>Sardinia</strong></span> <span class='ocrx_word' id='word_1_221' title='bbox 1667 1498 1704 1519; x_wconf 88' lang='lat' dir='ltr'><strong>ac</strong></span> <span class='ocrx_word' id='word_1_222' title='bbox 1727 1487 1857 1520; x_wconf 89' lang='lat' dir='ltr'><strong>Corsice</strong></span> 
     </span>
     <span class='ocr_line' id='line_1_22' title="bbox 213 1533 1857 1579; baseline 0.005 -15"><span class='ocrx_word' id='word_1_223' title='bbox 213 1533 385 1576; x_wconf 82' lang='lat' dir='ltr'><strong>comitique</strong></span> <span class='ocrx_word' id='word_1_224' title='bbox 412 1533 615 1566; x_wconf 86' lang='lat' dir='ltr'><strong>Barchinone</strong></span> <span class='ocrx_word' id='word_1_225' title='bbox 643 1534 727 1576; x_wconf 89' lang='lat' dir='ltr'><strong>patri</strong></span> <span class='ocrx_word' id='word_1_226' title='bbox 754 1545 811 1567; x_wconf 89' lang='lat' dir='ltr'><strong>suo</strong></span> <span class='ocrx_word' id='word_1_227' title='bbox 841 1535 1009 1567; x_wconf 84' lang='lat' dir='ltr'><strong>karissimo</strong></span> <span class='ocrx_word' id='word_1_228' title='bbox 1106 1535 1289 1568; x_wconf 81' lang='lat' dir='ltr'><strong>Fridericus</strong></span> <span class='ocrx_word' id='word_1_229' title='bbox 1315 1537 1378 1568; x_wconf 88' lang='lat' dir='ltr'><strong>Dei</strong></span> <span class='ocrx_word' id='word_1_230' title='bbox 1410 1538 1519 1579; x_wconf 85' lang='lat' dir='ltr'><strong>gracia</strong></span> <span class='ocrx_word' id='word_1_231' title='bbox 1546 1538 1764 1571; x_wconf 85' lang='lat' dir='ltr'><strong>Romanorum</strong></span> <span class='ocrx_word' id='word_1_232' title='bbox 1800 1550 1857 1572; x_wconf 87' lang='lat' dir='ltr'><strong>rex</strong></span> 
     </span>
     <span class='ocr_line' id='line_1_23' title="bbox 213 1585 1590 1629; baseline 0.004 -13"><span class='ocrx_word' id='word_1_233' title='bbox 213 1594 341 1627; x_wconf 83' lang='lat' dir='ltr'><strong>semper</strong></span> <span class='ocrx_word' id='word_1_234' title='bbox 363 1587 517 1627; x_wconf 82' lang='lat' dir='ltr'><strong>augustus</strong></span> <span class='ocrx_word' id='word_1_235' title='bbox 604 1585 710 1617; x_wconf 87' lang='lat' dir='ltr'><strong>filialis</strong></span> <span class='ocrx_word' id='word_1_236' title='bbox 733 1586 916 1619; x_wconf 86' lang='lat' dir='ltr'><strong>dileccionis</strong></span> <span class='ocrx_word' id='word_1_237' title='bbox 940 1590 1148 1629; x_wconf 82' lang='lat' dir='ltr'><strong>augmentum</strong></span> <span class='ocrx_word' id='word_1_238' title='bbox 1173 1589 1357 1620; x_wconf 84' lang='lat' dir='ltr'><strong>continuum</strong></span> <span class='ocrx_word' id='word_1_239' title='bbox 1381 1599 1453 1621; x_wconf 89' lang='lat' dir='ltr'><strong>cum</strong></span> <span class='ocrx_word' id='word_1_240' title='bbox 1476 1590 1590 1622; x_wconf 86' lang='lat' dir='ltr'><strong>salute.</strong></span> 
     </span>
     <span class='ocr_line' id='line_1_24' title="bbox 319 1637 1857 1685; baseline 0.005 -17"><span class='ocrx_word' id='word_1_241' title='bbox 319 1637 365 1677; x_wconf 89' lang='lat'><strong>(1)</strong></span> <span class='ocrx_word' id='word_1_242' title='bbox 390 1637 536 1674; x_wconf 81' lang='lat' dir='ltr'><strong>Qualiter</strong></span> <span class='ocrx_word' id='word_1_243' title='bbox 559 1637 598 1669; x_wconf 91' lang='lat' dir='ltr'><strong>de</strong></span> <span class='ocrx_word' id='word_1_244' title='bbox 622 1637 852 1671; x_wconf 90' lang='lat' dir='ltr'><strong>sublimacione</strong></span> <span class='ocrx_word' id='word_1_245' title='bbox 877 1643 978 1671; x_wconf 86' lang='lat' dir='ltr'><strong>status</strong></span> <span class='ocrx_word' id='word_1_246' title='bbox 1000 1641 1099 1672; x_wconf 87' lang='lat' dir='ltr'><strong>nostri</strong></span> <span class='ocrx_word' id='word_1_247' title='bbox 1123 1640 1164 1672; x_wconf 88' lang='lat' dir='ltr'><strong>ad</strong></span> <span class='ocrx_word' id='word_1_248' title='bbox 1187 1641 1313 1682; x_wconf 82' lang='lat' dir='ltr'><strong>apicem</strong></span> <span class='ocrx_word' id='word_1_249' title='bbox 1336 1642 1455 1683; x_wconf 85' lang='lat' dir='ltr'><strong>regalis</strong></span> <span class='ocrx_word' id='word_1_250' title='bbox 1478 1641 1673 1681; x_wconf 83' lang='lat' dir='ltr'><strong>dileccionis,</strong></span> <span class='ocrx_word' id='word_1_251' title='bbox 1696 1642 1738 1674; x_wconf 85' lang='lat' dir='ltr'><strong>ad</strong></span> <span class='ocrx_word' id='word_1_252' title='bbox 1759 1653 1857 1685; x_wconf 87' lang='lat' dir='ltr'><strong>quam</strong></span> 
     </span>
     <span class='ocr_line' id='line_1_25' title="bbox 212 1689 1856 1736; baseline 0.004 -16"><span class='ocrx_word' id='word_1_253' title='bbox 212 1698 325 1721; x_wconf 87' lang='lat' dir='ltr'><strong>manus</strong></span> <span class='ocrx_word' id='word_1_254' title='bbox 347 1689 505 1721; x_wconf 86' lang='lat' dir='ltr'><strong>Altissimi</strong></span> <span class='ocrx_word' id='word_1_255' title='bbox 528 1700 585 1721; x_wconf 89' lang='lat' dir='ltr'><strong>nos</strong></span> <span class='ocrx_word' id='word_1_256' title='bbox 608 1691 770 1732; x_wconf 79' lang='lat' dir='ltr'><strong>provexit,</strong></span> <span class='ocrx_word' id='word_1_257' title='bbox 800 1691 918 1723; x_wconf 85' lang='lat' dir='ltr'><strong>letatus</strong></span> <span class='ocrx_word' id='word_1_258' title='bbox 945 1692 986 1723; x_wconf 87' lang='lat' dir='ltr'><strong>sit</strong></span> <span class='ocrx_word' id='word_1_259' title='bbox 1007 1695 1114 1724; x_wconf 89' lang='lat' dir='ltr'><strong>vester</strong></span> <span class='ocrx_word' id='word_1_260' title='bbox 1136 1693 1262 1724; x_wconf 90' lang='lat' dir='ltr'><strong>animus</strong></span> <span class='ocrx_word' id='word_1_261' title='bbox 1290 1696 1323 1724; x_wconf 87' lang='lat' dir='ltr'><strong>et</strong></span> <span class='ocrx_word' id='word_1_262' title='bbox 1345 1694 1458 1736; x_wconf 86' lang='lat' dir='ltr'><strong>grandi</strong></span> <span class='ocrx_word' id='word_1_263' title='bbox 1482 1694 1694 1726; x_wconf 85' lang='lat' dir='ltr'><strong>exultacionis</strong></span> <span class='ocrx_word' id='word_1_264' title='bbox 1717 1694 1856 1736; x_wconf 91' lang='lat' dir='ltr'><strong>tripudio</strong></span> 
     </span>
     <span class='ocr_line' id='line_1_26' title="bbox 172 1739 1856 1788; baseline 0.002 -14"><span class='ocrx_word' id='word_1_265' title='bbox 172 1754 197 1774; x_wconf 72' lang='lat' dir='ltr'><strong>as</strong></span> <span class='ocrx_word' id='word_1_266' title='bbox 216 1739 418 1782; x_wconf 89' lang='lat' dir='ltr'><strong>dulcoratur,</strong></span> <span class='ocrx_word' id='word_1_267' title='bbox 441 1744 534 1773; x_wconf 86' lang='lat' dir='ltr'><strong>tenor</strong></span> <span class='ocrx_word' id='word_1_268' title='bbox 555 1741 735 1774; x_wconf 86' lang='lat' dir='ltr'><strong>litterarum</strong></span> <span class='ocrx_word' id='word_1_269' title='bbox 757 1742 956 1774; x_wconf 79' lang='lat' dir='ltr'><strong>vestrarum²</strong></span> <span class='ocrx_word' id='word_1_270' title='bbox 978 1743 1070 1775; x_wconf 88' lang='lat' dir='ltr'><strong>nobis</strong></span> <span class='ocrx_word' id='word_1_271' title='bbox 1093 1744 1220 1785; x_wconf 88' lang='lat' dir='ltr'><strong>aperuit</strong></span> <span class='ocrx_word' id='word_1_272' title='bbox 1243 1744 1419 1777; x_wconf 86' lang='lat' dir='ltr'><strong>evidenter.</strong></span> <span class='ocrx_word' id='word_1_273' title='bbox 1458 1746 1503 1778; x_wconf 90' lang='lat' dir='ltr'><strong>Ut</strong></span> <span class='ocrx_word' id='word_1_274' title='bbox 1525 1750 1634 1777; x_wconf 81' lang='lat' dir='ltr'><strong>autem</strong></span> <span class='ocrx_word' id='word_1_275' title='bbox 1657 1750 1856 1788; x_wconf 84' lang='lat' dir='ltr'><strong>assumptum</strong></span> 
     </span>
     <span class='ocr_line' id='line_1_27' title="bbox 215 1791 1856 1838; baseline 0.004 -15"><span class='ocrx_word' id='word_1_276' title='bbox 215 1791 368 1834; x_wconf 86' lang='lat' dir='ltr'><strong>gaudium</strong></span> <span class='ocrx_word' id='word_1_277' title='bbox 391 1794 571 1835; x_wconf 78' lang='lat' dir='ltr'><strong>germinata</strong></span> <span class='ocrx_word' id='word_1_278' title='bbox 594 1793 684 1825; x_wconf 89' lang='lat' dir='ltr'><strong>vobis</strong></span> <span class='ocrx_word' id='word_1_279' title='bbox 713 1794 821 1826; x_wconf 87' lang='lat' dir='ltr'><strong>leticia</strong></span> <span class='ocrx_word' id='word_1_280' title='bbox 842 1795 1020 1835; x_wconf 86' lang='lat' dir='ltr'><strong>innovetur,</strong></span> <span class='ocrx_word' id='word_1_281' title='bbox 1049 1795 1290 1837; x_wconf 82' lang='lat' dir='ltr'><strong>magnificencie</strong></span> <span class='ocrx_word' id='word_1_282' title='bbox 1313 1800 1419 1829; x_wconf 86' lang='lat' dir='ltr'><strong>vestre</strong></span> <span class='ocrx_word' id='word_1_283' title='bbox 1444 1797 1593 1829; x_wconf 86' lang='lat' dir='ltr'><strong>duximus</strong></span> <span class='ocrx_word' id='word_1_284' title='bbox 1617 1797 1856 1838; x_wconf 86' lang='lat' dir='ltr'><strong>declarandum,</strong></span> 
     </span>
     <span class='ocr_line' id='line_1_28' title="bbox 215 1843 1858 1890; baseline 0.003 -14"><span class='ocrx_word' id='word_1_285' title='bbox 215 1843 302 1886; x_wconf 84' lang='lat' dir='ltr'><strong>quod</strong></span> <span class='ocrx_word' id='word_1_286' title='bbox 324 1844 501 1886; x_wconf 82' lang='lat' dir='ltr'><strong>subiugatis</strong></span> <span class='ocrx_word' id='word_1_287' title='bbox 524 1848 557 1877; x_wconf 87' lang='lat' dir='ltr'><strong>et</strong></span> <span class='ocrx_word' id='word_1_288' title='bbox 579 1845 732 1877; x_wconf 76' lang='lat' dir='ltr'><strong>adn-actis</strong></span> <span class='ocrx_word' id='word_1_289' title='bbox 754 1847 902 1888; x_wconf 86' lang='lat' dir='ltr'><strong>potencie</strong></span> <span class='ocrx_word' id='word_1_290' title='bbox 919 1851 1026 1878; x_wconf 88' lang='lat' dir='ltr'><strong>nostre</strong></span> <span class='ocrx_word' id='word_1_291' title='bbox 1042 1847 1198 1878; x_wconf 86' lang='lat' dir='ltr'><strong>universis</strong></span> <span class='ocrx_word' id='word_1_292' title='bbox 1221 1848 1413 1889; x_wconf 83' lang='lat' dir='ltr'><strong>civitatibus,</strong></span> <span class='ocrx_word' id='word_1_293' title='bbox 1435 1849 1674 1890; x_wconf 86' lang='lat' dir='ltr'><strong>munitionibus,</strong></span> <span class='ocrx_word' id='word_1_294' title='bbox 1698 1849 1858 1881; x_wconf 88' lang='lat' dir='ltr'><strong>nobilibus</strong></span> 
     </span>
     <span class='ocr_line' id='line_1_29' title="bbox 216 1895 1857 1943; baseline 0.004 -16"><span class='ocrx_word' id='word_1_295' title='bbox 216 1899 249 1928; x_wconf 90' lang='lat' dir='ltr'><strong>et</strong></span> <span class='ocrx_word' id='word_1_296' title='bbox 269 1895 382 1928; x_wconf 92' lang='lat' dir='ltr'><strong>incolis</strong></span> <span class='ocrx_word' id='word_1_297' title='bbox 404 1899 560 1929; x_wconf 86' lang='lat' dir='ltr'><strong>terrarum</strong></span> <span class='ocrx_word' id='word_1_298' title='bbox 584 1895 701 1929; x_wconf 82' lang='lat' dir='ltr'><strong>Suevie</strong></span> <span class='ocrx_word' id='word_1_299' title='bbox 725 1901 759 1929; x_wconf 91' lang='lat' dir='ltr'><strong>et</strong></span> <span class='ocrx_word' id='word_1_300' title='bbox 782 1898 924 1938; x_wconf 82' lang='lat' dir='ltr'><strong>Alsacie,</strong></span> <span class='ocrx_word' id='word_1_301' title='bbox 953 1898 1039 1941; x_wconf 89' lang='lat' dir='ltr'><strong>quod</strong></span> <span class='ocrx_word' id='word_1_302' title='bbox 1067 1902 1192 1940; x_wconf 86' lang='lat' dir='ltr'><strong>partem</strong></span> <span class='ocrx_word' id='word_1_303' title='bbox 1214 1900 1378 1942; x_wconf 87' lang='lat' dir='ltr'><strong>pociorem</strong></span> <span class='ocrx_word' id='word_1_304' title='bbox 1402 1905 1435 1933; x_wconf 87' lang='lat' dir='ltr'><strong>et</strong></span> <span class='ocrx_word' id='word_1_305' title='bbox 1458 1911 1513 1932; x_wconf 88' lang='lat' dir='ltr'><strong>cor</strong></span> <span class='ocrx_word' id='word_1_306' title='bbox 1535 1900 1703 1932; x_wconf 86' lang='lat' dir='ltr'><strong>Alemanie</strong></span> <span class='ocrx_word' id='word_1_307' title='bbox 1727 1905 1857 1943; x_wconf 90' lang='lat' dir='ltr'><strong>reputa-</strong></span> 
     </span>
     <span class='ocr_line' id='line_1_30' title="bbox 214 1948 1856 1993; baseline 0.004 -14"><span class='ocrx_word' id='word_1_308' title='bbox 214 1957 299 1988; x_wconf 88' lang='lat' dir='ltr'><strong>mus,</strong></span> <span class='ocrx_word' id='word_1_309' title='bbox 328 1948 564 1980; x_wconf 85' lang='lat' dir='ltr'><strong>serenissimam</strong></span> <span class='ocrx_word' id='word_1_310' title='bbox 596 1948 775 1991; x_wconf 83' lang='lat' dir='ltr'><strong>Elyzabeth</strong></span> <span class='ocrx_word' id='word_1_311' title='bbox 797 1949 1016 1982; x_wconf 84' lang='lat' dir='ltr'><strong>Romanorum</strong></span> <span class='ocrx_word' id='word_1_312' title='bbox 1046 1951 1190 1993; x_wconf 83' lang='lat' dir='ltr'><strong>reginam</strong></span> <span class='ocrx_word' id='word_1_313' title='bbox 1221 1951 1440 1984; x_wconf 86' lang='lat' dir='ltr'><strong>conthoralem</strong></span> <span class='ocrx_word' id='word_1_314' title='bbox 1470 1957 1610 1984; x_wconf 90' lang='lat' dir='ltr'><strong>nostram</strong></span> <span class='ocrx_word' id='word_1_315' title='bbox 1641 1953 1856 1985; x_wconf 85' lang='lat' dir='ltr'><strong>dulcissimam</strong></span> 
     </span>
     <span class='ocr_line' id='line_1_31' title="bbox 171 1999 1858 2046; baseline 0.003 -15"><span class='ocrx_word' id='word_1_316' title='bbox 171 2012 198 2032; x_wconf 70' lang='lat' dir='ltr'><strong>so</strong></span> <span class='ocrx_word' id='word_1_317' title='bbox 214 2002 354 2031; x_wconf 83' lang='lat' dir='ltr'><strong>vestram</strong></span> <span class='ocrx_word' id='word_1_318' title='bbox 380 2003 486 2032; x_wconf 85' lang='lat' dir='ltr'><strong>natam</strong></span> <span class='ocrx_word' id='word_1_319' title='bbox 516 1999 557 2032; x_wconf 90' lang='lat' dir='ltr'><strong>de</strong></span> <span class='ocrx_word' id='word_1_320' title='bbox 587 2000 732 2042; x_wconf 86' lang='lat' dir='ltr'><strong>partibus</strong></span> <span class='ocrx_word' id='word_1_321' title='bbox 755 2002 885 2033; x_wconf 75' lang='lat' dir='ltr'><strong>Austris</strong></span> <span class='ocrx_word' id='word_1_322' title='bbox 913 2001 953 2034; x_wconf 88' lang='lat' dir='ltr'><strong>ad</strong></span> <span class='ocrx_word' id='word_1_323' title='bbox 982 2012 1039 2034; x_wconf 92' lang='lat' dir='ltr'><strong>nos</strong></span> <span class='ocrx_word' id='word_1_324' title='bbox 1068 2003 1270 2034; x_wconf 83' lang='lat' dir='ltr'><strong>evocavimus</strong></span> <span class='ocrx_word' id='word_1_325' title='bbox 1301 2007 1334 2035; x_wconf 89' lang='lat' dir='ltr'><strong>et</strong></span> <span class='ocrx_word' id='word_1_326' title='bbox 1363 2004 1394 2035; x_wconf 89' lang='lat' dir='ltr'><strong>in</strong></span> <span class='ocrx_word' id='word_1_327' title='bbox 1419 2004 1547 2036; x_wconf 90' lang='lat' dir='ltr'><strong>civitate</strong></span> <span class='ocrx_word' id='word_1_328' title='bbox 1571 2003 1802 2046; x_wconf 81' lang='lat' dir='ltr'><strong>Ravensburgo</strong></span> <span class='ocrx_word' id='word_1_329' title='bbox 1826 2006 1858 2036; x_wconf 91' lang='lat' dir='ltr'><strong>in</strong></span> 
     </span>
     <span class='ocr_line' id='line_1_32' title="bbox 215 2049 1857 2096; baseline 0.002 -13"><span class='ocrx_word' id='word_1_330' title='bbox 215 2049 332 2083; x_wconf 81' lang='lat' dir='ltr'><strong>Suevia</strong></span> <span class='ocrx_word' id='word_1_331' title='bbox 354 2052 542 2093; x_wconf 80' lang='lat' dir='ltr'><strong>nupciarum</strong></span> <span class='ocrx_word' id='word_1_332' title='bbox 565 2052 771 2094; x_wconf 84' lang='lat' dir='ltr'><strong>sollempnia,</strong></span> <span class='ocrx_word' id='word_1_333' title='bbox 800 2053 908 2085; x_wconf 90' lang='lat' dir='ltr'><strong>multis</strong></span> <span class='ocrx_word' id='word_1_334' title='bbox 931 2054 1128 2096; x_wconf 90' lang='lat' dir='ltr'><strong>principibus</strong></span> <span class='ocrx_word' id='word_1_335' title='bbox 1151 2054 1376 2086; x_wconf 88' lang='lat' dir='ltr'><strong>ecclesiasticis</strong></span> <span class='ocrx_word' id='word_1_336' title='bbox 1400 2059 1433 2087; x_wconf 90' lang='lat' dir='ltr'><strong>et</strong></span> <span class='ocrx_word' id='word_1_337' title='bbox 1455 2055 1623 2087; x_wconf 87' lang='lat' dir='ltr'><strong>mundanis</strong></span> <span class='ocrx_word' id='word_1_338' title='bbox 1646 2055 1857 2088; x_wconf 81' lang='lat' dir='ltr'><strong>existentibus</strong></span> 
     </span>
     <span class='ocr_line' id='line_1_33' title="bbox 213 2102 1965 2149; baseline 0.003 -15"><span class='ocrx_word' id='word_1_339' title='bbox 213 2102 345 2144; x_wconf 89' lang='lat' dir='ltr'><strong>ibidem,</strong></span> <span class='ocrx_word' id='word_1_340' title='bbox 369 2104 625 2136; x_wconf 87' lang='lat' dir='ltr'><strong>consumavimus</strong></span> <span class='ocrx_word' id='word_1_341' title='bbox 640 2104 719 2136; x_wconf 82' lang='lat'>1111.</span> <span class='ocrx_word' id='word_1_342' title='bbox 736 2104 901 2137; x_wconf 83' lang='lat' dir='ltr'><strong>Kalendas</strong></span> <span class='ocrx_word' id='word_1_343' title='bbox 916 2105 994 2137; x_wconf 80' lang='lat' dir='ltr'><strong>Maii</strong></span> <span class='ocrx_word' id='word_1_344' title='bbox 1017 2106 1199 2147; x_wconf 89' lang='lat' dir='ltr'><strong>celebriter,</strong></span> <span class='ocrx_word' id='word_1_345' title='bbox 1221 2110 1256 2138; x_wconf 90' lang='lat' dir='ltr'><strong>ut</strong></span> <span class='ocrx_word' id='word_1_346' title='bbox 1279 2107 1396 2148; x_wconf 86' lang='lat' dir='ltr'><strong>decuit,</strong></span> <span class='ocrx_word' id='word_1_347' title='bbox 1421 2118 1494 2139; x_wconf 89' lang='lat' dir='ltr'><strong>cum</strong></span> <span class='ocrx_word' id='word_1_348' title='bbox 1510 2107 1625 2140; x_wconf 87' lang='lat' dir='ltr'><strong>eadem</strong></span> <span class='ocrx_word' id='word_1_349' title='bbox 1644 2107 1854 2149; x_wconf 84' lang='lat' dir='ltr'><strong>procedentes</strong></span> <span class='ocrx_word' id='word_1_350' title='bbox 1868 2120 1919 2145; x_wconf 75' lang='lat' dir='ltr'><strong>Apr.</strong></span> <span class='ocrx_word' id='word_1_351' title='bbox 1932 2120 1965 2140; x_wconf 63' lang='grc' dir='ltr'><strong>τε.</strong></span> 
     </span>
     <span class='ocr_line' id='line_1_34' title="bbox 215 2154 1857 2202; baseline 0.003 -16"><span class='ocrx_word' id='word_1_352' title='bbox 215 2154 331 2187; x_wconf 88' lang='lat' dir='ltr'><strong>abinde</strong></span> <span class='ocrx_word' id='word_1_353' title='bbox 358 2155 390 2186; x_wconf 91' lang='lat' dir='ltr'><strong>in</strong></span> <span class='ocrx_word' id='word_1_354' title='bbox 418 2155 580 2187; x_wconf 87' lang='lat' dir='ltr'><strong>Alsaciam</strong></span> <span class='ocrx_word' id='word_1_355' title='bbox 608 2167 646 2188; x_wconf 85' lang='lat' dir='ltr'><strong>ac</strong></span> <span class='ocrx_word' id='word_1_356' title='bbox 674 2157 836 2188; x_wconf 87' lang='lat' dir='ltr'><strong>civitatem</strong></span> <span class='ocrx_word' id='word_1_357' title='bbox 865 2157 1090 2198; x_wconf 85' lang='lat' dir='ltr'><strong>Basiliensem,</strong></span> <span class='ocrx_word' id='word_1_358' title='bbox 1125 2157 1179 2189; x_wconf 91' lang='lat' dir='ltr'><strong>ubi</strong></span> <span class='ocrx_word' id='word_1_359' title='bbox 1213 2159 1333 2190; x_wconf 89' lang='lat' dir='ltr'><strong>curiam</strong></span> <span class='ocrx_word' id='word_1_360' title='bbox 1367 2170 1425 2201; x_wconf 94' lang='lat' dir='ltr'><strong>pro</strong></span> <span class='ocrx_word' id='word_1_361' title='bbox 1459 2160 1584 2201; x_wconf 90' lang='lat' dir='ltr'><strong>imperii</strong></span> <span class='ocrx_word' id='word_1_362' title='bbox 1620 2163 1653 2191; x_wconf 84' lang='lat' dir='ltr'><strong>et</strong></span> <span class='ocrx_word' id='word_1_363' title='bbox 1682 2160 1857 2202; x_wconf 87' lang='lat' dir='ltr'><strong>reipublice</strong></span> 
     </span>
     <span class='ocr_line' id='line_1_35' title="bbox 214 2202 1856 2250; baseline 0.003 -12"><span class='ocrx_word' id='word_1_364' title='bbox 214 2202 353 2238; x_wconf 85' lang='lat' dir='ltr'><strong>utilitate</strong></span> <span class='ocrx_word' id='word_1_365' title='bbox 370 2207 571 2248; x_wconf 86' lang='lat' dir='ltr'><strong>procuranda</strong></span> <span class='ocrx_word' id='word_1_366' title='bbox 588 2207 802 2240; x_wconf 84' lang='lat' dir='ltr'><strong>edixeramus.</strong></span> <span class='ocrx_word' id='word_1_367' title='bbox 839 2207 881 2240; x_wconf 83' lang='lat' dir='ltr'><strong>Et</strong></span> <span class='ocrx_word' id='word_1_368' title='bbox 895 2208 1055 2250; x_wconf 83' lang='lat' dir='ltr'><strong>prefatam</strong></span> <span class='ocrx_word' id='word_1_369' title='bbox 1070 2209 1289 2249; x_wconf 82' lang='lat' dir='ltr'><strong>conthoralem</strong></span> <span class='ocrx_word' id='word_1_370' title='bbox 1305 2214 1447 2242; x_wconf 89' lang='lat' dir='ltr'><strong>nostram</strong></span> <span class='ocrx_word' id='word_1_371' title='bbox 1470 2211 1590 2243; x_wconf 84' lang='lat' dir='ltr'><strong>ibidem</strong></span> <span class='ocrx_word' id='word_1_372' title='bbox 1615 2212 1646 2242; x_wconf 94' lang='lat' dir='ltr'><strong>in</strong></span> <span class='ocrx_word' id='word_1_373' title='bbox 1671 2211 1723 2243; x_wconf 86' lang='lat' dir='ltr'><strong>die</strong></span> <span class='ocrx_word' id='word_1_374' title='bbox 1747 2216 1856 2243; x_wconf 87' lang='lat' dir='ltr'><strong>sancto</strong></span> 
     </span>
     <span class='ocr_line' id='line_1_36' title="bbox 172 2256 1963 2305; baseline 0.003 -16"><span class='ocrx_word' id='word_1_375' title='bbox 172 2269 196 2289; x_wconf 75' lang='lat'><strong>³⁵</strong></span> <span class='ocrx_word' id='word_1_376' title='bbox 214 2256 409 2290; x_wconf 81' lang='lat' dir='ltr'><strong>Pentecoste</strong></span> <span class='ocrx_word' id='word_1_377' title='bbox 446 2269 504 2301; x_wconf 89' lang='lat' dir='ltr'><strong>per</strong></span> <span class='ocrx_word' id='word_1_378' title='bbox 537 2269 650 2291; x_wconf 87' lang='lat' dir='ltr'><strong>manus</strong></span> <span class='ocrx_word' id='word_1_379' title='bbox 683 2260 876 2292; x_wconf 85' lang='lat' dir='ltr'><strong>venerabilis</strong></span> <span class='ocrx_word' id='word_1_380' title='bbox 909 2260 1041 2293; x_wconf 88' lang='lat' dir='ltr'><strong>Henrici</strong></span> <span class='ocrx_word' id='word_1_381' title='bbox 1075 2265 1185 2294; x_wconf 87' lang='lat' dir='ltr'><strong>sancte</strong></span> <span class='ocrx_word' id='word_1_382' title='bbox 1222 2261 1421 2294; x_wconf 85' lang='lat' dir='ltr'><strong>Coloniensis</strong></span> <span class='ocrx_word' id='word_1_383' title='bbox 1454 2263 1588 2295; x_wconf 85' lang='lat' dir='ltr'><strong>ecclesie</strong></span> <span class='ocrx_word' id='word_1_384' title='bbox 1622 2263 1963 2305; x_wconf 55' lang='lat' dir='ltr'><strong>archiepiscopis-211.</strong></span> 
     </span>
     <span class='ocr_line' id='line_1_37' title="bbox 214 2309 1858 2357; baseline 0.003 -16"><span class='ocrx_word' id='word_1_385' title='bbox 214 2309 366 2352; x_wconf 83' lang='lat' dir='ltr'><strong>principis</strong></span> <span class='ocrx_word' id='word_1_386' title='bbox 379 2310 480 2342; x_wconf 88' lang='lat' dir='ltr'><strong>nostri</strong></span> <span class='ocrx_word' id='word_1_387' title='bbox 496 2309 615 2352; x_wconf 89' lang='lat' dir='ltr'><strong>dilecti,</strong></span> <span class='ocrx_word' id='word_1_388' title='bbox 639 2311 690 2343; x_wconf 89' lang='lat' dir='ltr'><strong>cui</strong></span> <span class='ocrx_word' id='word_1_389' title='bbox 712 2312 772 2343; x_wconf 91' lang='lat' dir='ltr'><strong>soli</strong></span> <span class='ocrx_word' id='word_1_390' title='bbox 795 2312 856 2344; x_wconf 90' lang='lat' dir='ltr'><strong>hoc</strong></span> <span class='ocrx_word' id='word_1_391' title='bbox 880 2311 920 2344; x_wconf 91' lang='lat' dir='ltr'><strong>de</strong></span> <span class='ocrx_word' id='word_1_392' title='bbox 937 2313 1006 2344; x_wconf 87' lang='lat' dir='ltr'><strong>iure</strong></span> <span class='ocrx_word' id='word_1_393' title='bbox 1022 2314 1187 2355; x_wconf 89' lang='lat' dir='ltr'><strong>competit,</strong></span> <span class='ocrx_word' id='word_1_394' title='bbox 1210 2315 1450 2356; x_wconf 77' lang='lat' dir='ltr'><strong>procuravimus</strong></span> <span class='ocrx_word' id='word_1_395' title='bbox 1473 2325 1544 2346; x_wconf 89' lang='lat' dir='ltr'><strong>cum</strong></span> <span class='ocrx_word' id='word_1_396' title='bbox 1567 2314 1858 2357; x_wconf 83' lang='lat' dir='ltr'><strong>sollempnitatibus</strong></span> 
     </span>
     <span class='ocr_line' id='line_1_38' title="bbox 215 2361 1858 2407; baseline 0.003 -14"><span class='ocrx_word' id='word_1_397' title='bbox 215 2362 375 2394; x_wconf 90' lang='lat' dir='ltr'><strong>consuetis</strong></span> <span class='ocrx_word' id='word_1_398' title='bbox 398 2365 431 2394; x_wconf 90' lang='lat' dir='ltr'><strong>et</strong></span> <span class='ocrx_word' id='word_1_399' title='bbox 453 2361 571 2395; x_wconf 89' lang='lat' dir='ltr'><strong>debitis</strong></span> <span class='ocrx_word' id='word_1_400' title='bbox 594 2365 749 2395; x_wconf 88' lang='lat' dir='ltr'><strong>coronari.</strong></span> <span class='ocrx_word' id='word_1_401' title='bbox 794 2364 832 2396; x_wconf 93' lang='lat' dir='ltr'><strong>In</strong></span> <span class='ocrx_word' id='word_1_402' title='bbox 860 2366 1027 2397; x_wconf 81' lang='lat' dir='ltr'><strong>occasione</strong></span> <span class='ocrx_word' id='word_1_403' title='bbox 1051 2365 1208 2407; x_wconf 89' lang='lat' dir='ltr'><strong>siquidem</strong></span> <span class='ocrx_word' id='word_1_404' title='bbox 1233 2365 1375 2398; x_wconf 88' lang='lat' dir='ltr'><strong>eiusdem</strong></span> <span class='ocrx_word' id='word_1_405' title='bbox 1400 2366 1474 2398; x_wconf 86' lang='lat' dir='ltr'><strong>festi</strong></span> <span class='ocrx_word' id='word_1_406' title='bbox 1497 2367 1579 2399; x_wconf 92' lang='lat' dir='ltr'><strong>inter</strong></span> <span class='ocrx_word' id='word_1_407' title='bbox 1602 2367 1757 2398; x_wconf 86' lang='lat' dir='ltr'><strong>illustrem</strong></span> <span class='ocrx_word' id='word_1_408' title='bbox 1781 2367 1858 2398; x_wconf 91' lang='lat' dir='ltr'><strong>Liu-</strong></span> 
     </span>
     <span class='ocr_line' id='line_1_39' title="bbox 215 2412 1858 2460; baseline 0.003 -15"><span class='ocrx_word' id='word_1_409' title='bbox 215 2412 356 2454; x_wconf 84' lang='lat' dir='ltr'><strong>pullum·</strong></span> <span class='ocrx_word' id='word_1_410' title='bbox 379 2412 493 2446; x_wconf 91' lang='lat' dir='ltr'><strong>ducem</strong></span> <span class='ocrx_word' id='word_1_411' title='bbox 509 2414 639 2447; x_wconf 87' lang='lat' dir='ltr'><strong>Austrie</strong></span> <span class='ocrx_word' id='word_1_412' title='bbox 663 2415 795 2448; x_wconf 84' lang='lat' dir='ltr'><strong>fratrem</strong></span> <span class='ocrx_word' id='word_1_413' title='bbox 818 2419 960 2448; x_wconf 80' lang='lat' dir='ltr'><strong>nostrum</strong></span> <span class='ocrx_word' id='word_1_414' title='bbox 983 2420 1016 2448; x_wconf 90' lang='lat' dir='ltr'><strong>et</strong></span> <span class='ocrx_word' id='word_1_415' title='bbox 1032 2417 1209 2458; x_wconf 84' lang='lat' dir='ltr'><strong>preclaram</strong></span> <span class='ocrx_word' id='word_1_416' title='bbox 1226 2417 1414 2450; x_wconf 83' lang='lat' dir='ltr'><strong>Katerinam</strong></span> <span class='ocrx_word' id='word_1_417' title='bbox 1439 2418 1625 2460; x_wconf 83' lang='lat' dir='ltr'><strong>spectabilis</strong></span> <span class='ocrx_word' id='word_1_418' title='bbox 1648 2419 1704 2450; x_wconf 87' lang='lat' dir='ltr'><strong>viri</strong></span> <span class='ocrx_word' id='word_1_419' title='bbox 1723 2418 1858 2450; x_wconf 79' lang='lat' dir='ltr'><strong>Amcdei</strong></span> 
     </span>
     <span class='ocr_line' id='line_1_40' title="bbox 215 2464 1857 2511; baseline 0.002 -15"><span class='ocrx_word' id='word_1_420' title='bbox 215 2465 340 2497; x_wconf 88' lang='lat' dir='ltr'><strong>comitis</strong></span> <span class='ocrx_word' id='word_1_421' title='bbox 355 2464 516 2498; x_wconf 84' lang='lat' dir='ltr'><strong>Sabaudie</strong></span> <span class='ocrx_word' id='word_1_422' title='bbox 539 2466 637 2499; x_wconf 88' lang='lat' dir='ltr'><strong>filiam</strong></span> <span class='ocrx_word' id='word_1_423' title='bbox 661 2468 792 2509; x_wconf 86' lang='lat' dir='ltr'><strong>nupcias</strong></span> <span class='ocrx_word' id='word_1_424' title='bbox 816 2468 949 2500; x_wconf 80' lang='lat' dir='ltr'><strong>fecimus</strong></span> <span class='ocrx_word' id='word_1_425' title='bbox 971 2468 1137 2501; x_wconf 87' lang='lat' dir='ltr'><strong>celebrari.</strong></span> <span class='ocrx_word' id='word_1_426' title='bbox 1178 2469 1239 2505; x_wconf 82' lang='lat' dir='ltr'><strong>Qui</strong></span> <span class='ocrx_word' id='word_1_427' title='bbox 1255 2469 1385 2511; x_wconf 89' lang='lat' dir='ltr'><strong>quidem</strong></span> <span class='ocrx_word' id='word_1_428' title='bbox 1402 2480 1511 2502; x_wconf 87' lang='lat' dir='ltr'><strong>comes</strong></span> <span class='ocrx_word' id='word_1_429' title='bbox 1527 2470 1666 2502; x_wconf 86' lang='lat' dir='ltr'><strong>consiliis</strong></span> <span class='ocrx_word' id='word_1_430' title='bbox 1683 2473 1715 2501; x_wconf 89' lang='lat' dir='ltr'><strong>et</strong></span> <span class='ocrx_word' id='word_1_431' title='bbox 1730 2470 1857 2501; x_wconf 76' lang='lat' dir='ltr'><strong>auxiliis</strong></span> 
     </span>
     <span class='ocr_line' id='line_1_41' title="bbox 171 2516 1855 2564; baseline 0.004 -17"><span class='ocrx_word' id='word_1_432' title='bbox 171 2527 198 2547; x_wconf 65' lang='grc' dir='ltr'><strong>ιο</strong></span> <span class='ocrx_word' id='word_1_433' title='bbox 215 2516 280 2548; x_wconf 84' lang='lat' dir='ltr'><strong>suis</strong></span> <span class='ocrx_word' id='word_1_434' title='bbox 308 2516 399 2548; x_wconf 89' lang='lat' dir='ltr'><strong>nobis</strong></span> <span class='ocrx_word' id='word_1_435' title='bbox 422 2517 579 2550; x_wconf 87' lang='lat' dir='ltr'><strong>adherere</strong></span> <span class='ocrx_word' id='word_1_436' title='bbox 608 2517 746 2551; x_wconf 79' lang='lat' dir='ltr'><strong>fideliter</strong></span> <span class='ocrx_word' id='word_1_437' title='bbox 773 2529 807 2551; x_wconf 90' lang='lat' dir='ltr'><strong>se</strong></span> <span class='ocrx_word' id='word_1_438' title='bbox 834 2520 997 2561; x_wconf 74' lang='lat' dir='ltr'><strong>astrinxit,</strong></span> <span class='ocrx_word' id='word_1_439' title='bbox 1029 2520 1138 2552; x_wconf 90' lang='lat' dir='ltr'><strong>volens</strong></span> <span class='ocrx_word' id='word_1_440' title='bbox 1169 2521 1276 2553; x_wconf 85' lang='lat' dir='ltr'><strong>statim</strong></span> <span class='ocrx_word' id='word_1_441' title='bbox 1300 2525 1409 2553; x_wconf 82' lang='lat' dir='ltr'><strong>creato</strong></span> <span class='ocrx_word' id='word_1_442' title='bbox 1433 2532 1518 2564; x_wconf 88' lang='lat' dir='ltr'><strong>papa</strong></span> <span class='ocrx_word' id='word_1_443' title='bbox 1542 2522 1648 2553; x_wconf 82' lang='lat' dir='ltr'><strong>futuro</strong></span> <span class='ocrx_word' id='word_1_444' title='bbox 1671 2521 1711 2553; x_wconf 89' lang='lat' dir='ltr'><strong>ad</strong></span> <span class='ocrx_word' id='word_1_445' title='bbox 1736 2522 1855 2553; x_wconf 81' lang='lat' dir='ltr'><strong>curiam</strong></span> 
     </span>
     <span class='ocr_line' id='line_1_42' title="bbox 213 2567 1856 2616; baseline 0.003 -17"><span class='ocrx_word' id='word_1_446' title='bbox 213 2567 392 2600; x_wconf 89' lang='lat' dir='ltr'><strong>Romanam</strong></span> <span class='ocrx_word' id='word_1_447' title='bbox 415 2578 479 2601; x_wconf 85' lang='lat' dir='ltr'><strong>uua</strong></span> <span class='ocrx_word' id='word_1_448' title='bbox 501 2579 572 2601; x_wconf 90' lang='lat' dir='ltr'><strong>cum</strong></span> <span class='ocrx_word' id='word_1_449' title='bbox 589 2570 660 2602; x_wconf 89' lang='lat' dir='ltr'><strong>aliis</strong></span> <span class='ocrx_word' id='word_1_450' title='bbox 675 2570 906 2613; x_wconf 87' lang='lat' dir='ltr'><strong>sollempnibus</strong></span> <span class='ocrx_word' id='word_1_451' title='bbox 922 2572 1118 2614; x_wconf 89' lang='lat' dir='ltr'><strong>principibus</strong></span> <span class='ocrx_word' id='word_1_452' title='bbox 1134 2576 1167 2605; x_wconf 88' lang='lat' dir='ltr'><strong>et</strong></span> <span class='ocrx_word' id='word_1_453' title='bbox 1186 2573 1357 2613; x_wconf 91' lang='lat' dir='ltr'><strong>nobilibus,</strong></span> <span class='ocrx_word' id='word_1_454' title='bbox 1381 2584 1460 2615; x_wconf 91' lang='lat' dir='ltr'><strong>quos</strong></span> <span class='ocrx_word' id='word_1_455' title='bbox 1476 2573 1536 2606; x_wconf 90' lang='lat' dir='ltr'><strong>sibi</strong></span> <span class='ocrx_word' id='word_1_456' title='bbox 1553 2573 1775 2616; x_wconf 75' lang='lat' dir='ltr'><strong>adiungcmuS,</strong></span> <span class='ocrx_word' id='word_1_457' title='bbox 1798 2584 1856 2615; x_wconf 89' lang='lat' dir='ltr'><strong>pro</strong></span> 
     </span>
     <span class='ocr_line' id='line_1_43' title="bbox 214 2620 1855 2667; baseline 0.003 -16"><span class='ocrx_word' id='word_1_458' title='bbox 214 2620 329 2652; x_wconf 90' lang='lat' dir='ltr'><strong>nostris</strong></span> <span class='ocrx_word' id='word_1_459' title='bbox 344 2621 485 2663; x_wconf 85' lang='lat' dir='ltr'><strong>negociis</strong></span> <span class='ocrx_word' id='word_1_460' title='bbox 500 2621 638 2654; x_wconf 88' lang='lat' dir='ltr'><strong>fideliter</strong></span> <span class='ocrx_word' id='word_1_461' title='bbox 661 2626 694 2654; x_wconf 90' lang='lat' dir='ltr'><strong>et</strong></span> <span class='ocrx_word' id='word_1_462' title='bbox 708 2622 830 2655; x_wconf 85' lang='lat' dir='ltr'><strong>utiliter</strong></span> <span class='ocrx_word' id='word_1_463' title='bbox 844 2623 1002 2655; x_wconf 86' lang='lat' dir='ltr'><strong>laborare.</strong></span> <span class='ocrx_word' id='word_1_464' title='bbox 1084 2625 1131 2666; x_wconf 71' lang='lat'><strong>(2)</strong></span> <span class='ocrx_word' id='word_1_465' title='bbox 1155 2624 1275 2656; x_wconf 90' lang='lat' dir='ltr'><strong>Verum</strong></span> <span class='ocrx_word' id='word_1_466' title='bbox 1292 2625 1377 2667; x_wconf 89' lang='lat' dir='ltr'><strong>quia,</strong></span> <span class='ocrx_word' id='word_1_467' title='bbox 1399 2626 1480 2656; x_wconf 84' lang='lat' dir='ltr'><strong>sicut</strong></span> <span class='ocrx_word' id='word_1_468' title='bbox 1494 2626 1606 2657; x_wconf 82' lang='lat' dir='ltr'><strong>vestris</strong></span> <span class='ocrx_word' id='word_1_469' title='bbox 1630 2629 1662 2656; x_wconf 89' lang='lat' dir='ltr'><strong>ct</strong></span> <span class='ocrx_word' id='word_1_470' title='bbox 1678 2625 1855 2667; x_wconf 82' lang='lat' dir='ltr'><strong>aliquorum</strong></span> 
     </span>
    </p>
   </div>
   <div class='ocr_carea' id='block_1_7' title="bbox 317 2684 1065 2781">
    <p class='ocr_par' dir='ltr' id='par_1_7' title="bbox 317 2684 1065 2781">
     <span class='ocr_line' id='line_1_44' title="bbox 317 2684 1065 2733; baseline 0.004 -9"><span class='ocrx_word' id='word_1_471' title='bbox 317 2684 385 2725; x_wconf 58' lang='grc'><strong>280.</strong></span> <span class='ocrx_word' id='word_1_472' title='bbox 413 2697 438 2730; x_wconf 76' lang='lat'><strong>⁸)</strong></span> <span class='ocrx_word' id='word_1_473' title='bbox 455 2698 546 2724; x_wconf 72' lang='lat' dir='ltr'><strong>domne</strong></span> <span class='ocrx_word' id='word_1_474' title='bbox 563 2701 648 2726; x_wconf 83' lang='lat'><strong><em>8—10</em></strong></span> <span class='ocrx_word' id='word_1_475' title='bbox 660 2700 759 2726; x_wconf 69' lang='lat' dir='ltr'><strong>litterae</strong></span> <span class='ocrx_word' id='word_1_476' title='bbox 776 2709 797 2727; x_wconf 83' lang='lat' dir='ltr'><strong>c.</strong></span> <span class='ocrx_word' id='word_1_477' title='bbox 885 2700 911 2733; x_wconf 79' lang='lat' dir='ltr'><strong>b)</strong></span> <span class='ocrx_word' id='word_1_478' title='bbox 931 2704 947 2727; x_wconf 80' lang='lat'><strong><em>6</em></strong></span> <span class='ocrx_word' id='word_1_479' title='bbox 959 2702 1065 2727; x_wconf 72' lang='lat' dir='ltr'><strong>litterae.</strong></span> 
     </span>
     <span class='ocr_line' id='line_1_45' title="bbox 318 2747 546 2781; baseline 0.004 -6"><span class='ocrx_word' id='word_1_480' title='bbox 318 2747 385 2776; x_wconf 78' lang='lat'>281.</span> <span class='ocrx_word' id='word_1_481' title='bbox 412 2749 435 2781; x_wconf 76' lang='lat'><strong>⁸)</strong></span> <span class='ocrx_word' id='word_1_482' title='bbox 454 2750 489 2775; x_wconf 73' lang='lat' dir='ltr'><strong>nic</strong></span> <span class='ocrx_word' id='word_1_483' title='bbox 506 2750 546 2776; x_wconf 81' lang='lat' dir='ltr'><strong>ecl.</strong></span> 
     </span>
    </p>
   </div>
   <div class='ocr_carea' id='block_1_8' title="bbox 172 2808 1647 2891">
    <p class='ocr_par' dir='ltr' id='par_1_8' title="bbox 172 2808 1647 2891">
     <span class='ocr_line' id='line_1_46' title="bbox 172 2808 972 2845; baseline 0.006 -10"><span class='ocrx_word' id='word_1_484' title='bbox 172 2820 199 2841; x_wconf 69' lang='lat'><strong>4³</strong></span> <span class='ocrx_word' id='word_1_485' title='bbox 320 2809 345 2842; x_wconf 85' lang='lat'><strong>1)</strong></span> <span class='ocrx_word' id='word_1_486' title='bbox 365 2808 406 2843; x_wconf 76' lang='lat' dir='ltr'><strong>Of.</strong></span> <span class='ocrx_word' id='word_1_487' title='bbox 420 2817 449 2843; x_wconf 78' lang='lat' dir='ltr'><strong>p.</strong></span> <span class='ocrx_word' id='word_1_488' title='bbox 462 2812 510 2836; x_wconf 82' lang='lat'><strong>238</strong></span> <span class='ocrx_word' id='word_1_489' title='bbox 527 2812 580 2837; x_wconf 74' lang='lat' dir='ltr'><strong>not.</strong></span> <span class='ocrx_word' id='word_1_490' title='bbox 594 2815 615 2837; x_wconf 88' lang='lat'><strong>1.</strong></span> <span class='ocrx_word' id='word_1_491' title='bbox 701 2810 730 2845; x_wconf 79' lang='lat'><strong>2)</strong></span> <span class='ocrx_word' id='word_1_492' title='bbox 749 2810 843 2845; x_wconf 77' lang='lat' dir='ltr'><strong>Supra</strong></span> <span class='ocrx_word' id='word_1_493' title='bbox 859 2819 901 2839; x_wconf 71' lang='lat' dir='ltr'><strong>ar.</strong></span> <span class='ocrx_word' id='word_1_494' title='bbox 914 2815 972 2840; x_wconf 74' lang='lat'><strong>223.</strong></span> 
     </span>
     <span class='ocr_line' id='line_1_47' title="bbox 318 2864 1647 2891; baseline 0.003 -4"><span class='ocrx_word' id='word_1_495' title='bbox 318 2868 357 2888; x_wconf 80' lang='lat' dir='ltr'><strong>m..</strong></span> <span class='ocrx_word' id='word_1_496' title='bbox 370 2868 595 2888; x_wconf 66' lang='lat' dir='ltr'><strong>couenmloxzs</strong></span> <span class='ocrx_word' id='word_1_497' title='bbox 607 2870 632 2888; x_wconf 85' lang='lat' dir='ltr'><strong>v.</strong></span> <span class='ocrx_word' id='word_1_498' title='bbox 1616 2864 1647 2891; x_wconf 88' lang='grc'><strong>31</strong></span> 
     </span>
    </p>
   </div>
  </div>
 </body>
</html>
