2184 3126
211 1154 244 1168 nr.
255 1150 312 1169 1011.

321 201 383 232 846
495 195 592 223 ACTA
611 193 725 221 REGNI
743 190 926 219 LUDEWICI
946 190 992 217 IV.
1010 189 1057 216 ΕΤ
1077 187 1262 215 FRIDERICI
1281 187 1330 213 ΙΙΙ.
1362 171 1442 213 '1324
1478 184 1528 211 Nr.
1541 184 1616 213 1018.
1635 183 1713 211 1019.
1732 183 1808 212 1020.

323 284 363 315 de
379 281 522 314 remedio
538 279 730 312 intendimus
746 280 913 319 oportuno.
960 275 1038 307 Illas
1053 277 1162 306 autem
1186 273 1226 305 de
1247 271 1457 314 petitionibus
1479 271 1551 312 tuis,
1575 281 1656 312 quas
1671 270 1848 303 secundum
1863 270 1973 305 Deum

322 333 493 376 potuimus,
517 331 558 363 ad
582 329 795 362 exauditionis
818 328 955 369 gratiam
979 326 1128 357 duximus
1151 323 1374 356 favorabiliter
1396 321 1625 355 admittendas.

430 383 549 415 Datum
572 381 766 420 Avinion(e)‚
789 379 847 411 XI.
863 378 936 409 Kal.
961 376 1144 416 Decembr„
1169 385 1252 407 anno
1275 385 1370 406 nono.

505 546 611 581 1019.
651 544 807 580 Litterae
834 543 881 577 ad
907 541 1088 586 reliyiosos
1119 539 1336 576 Trevirenses
1363 540 1520 575 iteratae.
1623 540 1712 576 Nov.
1732 541 1796 576 24.

431 620 479 659 Cf.
495 629 594 659 supra
615 628 664 650 nr.
682 617 774 648 1011.
798 617 893 648 1012.
2004 629 2022 649 ι

434 679 547 718 Copiae
561 678 644 710 inter
659 688 691 709 se
702 676 773 718 fere
786 676 912 708 omnino
924 674 1145 707 concordantes
1163 676 1177 704 1
1196 673 1310 705 ibidem
1324 672 1378 712 fol.
1391 673 1446 704 431
1467 683 1518 706 nr.
1530 674 1612 714 345;
1635 677 1654 706 2
1674 674 1735 717 fol.
1749 675 1823 707 154¹
1837 686 1888 708 nr.
1900 676 1975 709 958.

321 731 555 770 Descripsimus
576 729 622 761 vel
643 728 833 761 contulimus
853 737 919 759 nos.
952 745 990 749 —
1023 725 1085 758 Ed.
1103 724 1285 758 Sauerland
1308 724 1498 757 ‘Urkunden
1519 725 1589 758 und
1610 725 1776 767 Reqesten’
1799 727 1833 767 Ι,
1853 729 1918 760 331
1929 738 1974 769 sq.

323 793 371 814 nr.
389 783 451 813 700
473 781 532 823 (ad
554 782 588 822 2)
611 783 640 812 et
655 782 718 812 701
741 779 955 820 (decurtatum
977 777 1021 808 ad
1045 777 1087 818 1).

430 842 483 874 Ea
504 851 585 881 quae
606 840 796 872 concordant
818 849 887 870 owm
910 837 1044 869 [fitteris
1065 846 1164 876 supra
1186 846 1236 868 nr.
1255 836 1349 875 1011,
1373 837 1457 878 typis
1478 836 1655 870 minoribus
1676 849 1809 872 excussa
1830 843 1916 874 sunt.

431 902 506 942 Rey.
523 901 625 933 Lo'her
647 900 666 932 l.
680 911 704 932 o.
722 910 757 940 p.
773 899 838 931 259
859 909 908 930 nr.
924 899 1007 936 244,·
1031 896 1337 937 Preqer-Reinkens
1355 907 1388 936 p.
1404 897 1469 928 281
1491 907 1541 929 nr.
1559 897 1624 930 193
1645 898 1705 940 (ad
1718 900 1764 941 2).
1994 916 2023 937 1⁰

431 987 567 1019 Dilectis
605 987 678 1018 filiis
711 1010 718 1017 .
743 1011 749 1018 .
785 985 893 1017 Sancti
926 984 1115 1016 Maximiani
1153 987 1186 1015 et
1220 983 1328 1015 Sancti
1365 983 1488 1016 Mathie
1527 987 1620 1017 extra
1657 995 1767 1018 muros
1802 986 1984 1022 Treveren(

324 1040 589 1072 monasteriorum
612 1037 783 1070 abbatibus
806 1047 844 1068 ac
868 1036 1030 1077 preposito
1054 1045 1178 1066 necnon
1201 1034 1337 1066 Iohanni
1361 1035 1537 1067 Bertaudi·
1559 1037 1712 1070 canonico
1736 1038 1874 1071 ecclesie
1897 1039 1978 1073 Τέθ-

325 1091 475 1123 verensis

436 1145 462 1174 1.
485 1146 620 1174 Veientes
636 1145 711 1179 quod
726 1152 873 1179 processus
889 1143 994 1170 dudum
1016 1151 1067 1177 per
1088 1151 1140 1170 nos
1164 1144 1264 1170 contra
1279 1143 1452 1171 Ludovicum
1475 1143 1575 1171 ducem
1590 1145 1711 1182 Bavarie
1734 1146 1792 1174 suis
1815 1147 1978 1176 enormibus

328 1198 486 1226 excessibus
509 1199 538 1225 et
561 1197 650 1232 culpis
672 1196 806 1232 gravibus
823 1194 1003 1230 exigentibus
1026 1195 1060 1222 de
1083 1195 1203 1222 fratrum
1226 1196 1389 1222 nostrorum
1412 1195 1531 1223 consilio
1554 1195 1648 1224 habiti
1670 1197 1842 1232 privationis
1865 1200 1976 1228 senten-
1996 1209 2037 1236 ιι,

325 1251 396 1277 tiam
419 1259 435 1277 a
456 1250 525 1283 iure,
549 1249 572 1276 si
595 1249 662 1283 quid
686 1243 788 1275 eidem
811 1243 883 1274 duci
906 1256 940 1274 ex
964 1246 1111 1279 electione,
1135 1255 1190 1281 que
1212 1247 1247 1274 de
1270 1247 1332 1281 ipso
1355 1246 1385 1273 in
1408 1255 1503 1282 regem
1518 1247 1732 1281 Romanorum)
1753 1251 1978 1285 promovendum

326 1302 356 1328 in
377 1302 576 1336 imperatorem
599 1300 741 1327 celebrata
763 1299 850 1326 fuisse
873 1298 995 1326 dicitur
1017 1298 1047 1325 in
1070 1298 1223 1331 discordia,
1247 1298 1463 1332 quomodolibet
1485 1299 1679 1334 competebat,
1701 1300 1779 1329 inter
1798 1303 1894 1330 cetera
1914 1311 1979 1331 con·

327 1353 450 1381 tinentes
472 1353 502 1380 in
518 1352 634 1380 civitate
654 1360 687 1379 ac
701 1351 806 1379 diocesi
822 1352 852 1378 et
867 1350 1014 1385 provincia
1029 1350 1218 1382 Treveren(si)
1235 1350 1391 1377 solenniter
1406 1350 1595 1385 publicentur,
1617 1352 1827 1380 venerabilibus
1843 1354 1980 1382 fratribus

327 1405 431 1432 nostris
449 1425 454 1431 .
473 1425 478 1431 .
499 1404 710 1438 archiepiscopo
726 1391 893 1430 Treverensi
909 1402 1025 1436 eiusque
1041 1401 1226 1437 suffraganeis
1249 1410 1300 1436 per
1315 1402 1386 1429 alias
1403 1403 1516 1429 nostras
1534 1402 1646 1430 litteras
1655 1399 1675 1437 ²,
1698 1403 1729 1431 in
1752 1404 1855 1439 quibus
1879 1414 1979 1434 eorun-

328 1457 390 1484 dem
406 1465 585 1491 processuum
608 1455 642 1482 de
666 1455 750 1482 verbo
773 1454 809 1481 ad
833 1453 949 1481 verbum
972 1454 1058 1481 series
1081 1455 1125 1481 est
1147 1454 1264 1486 inserta,
1287 1453 1387 1480 damus
1410 1453 1568 1482 districtius
1590 1455 1622 1482 in
1643 1456 1795 1489 mandatis,
1819 1459 1854 1484 ut
1875 1466 1928 1493 per
1949 1466 1979 1486 se
1997 1467 2029 1487 no

329 1517 361 1535 ae
383 1508 462 1541 alios,
485 1508 519 1535 de
535 1507 636 1542 quibus
660 1506 782 1534 viderint
798 1506 940 1541 expedire,
964 1505 995 1532 in
1018 1505 1144 1533 ecclesiis
1168 1507 1198 1533 et
1220 1505 1290 1533 locis
1314 1514 1429 1532 suarum
1445 1505 1594 1533 civitatum
1617 1508 1648 1534 et
1662 1506 1814 1542 dioc(esis)‚
1831 1508 1862 1536 in
1877 1508 1980 1544 quibus

330 1559 480 1594 expediens
503 1559 596 1591 fuerit,
619 1567 766 1593 processus
789 1558 902 1585 eosdem
927 1556 959 1584 et
983 1556 1133 1584 contenta
1157 1554 1189 1584 in
1213 1553 1259 1584 eis
1283 1557 1441 1584 solenniter
1462 1557 1609 1592 publicare
1631 1561 1794 1594 procurent.

436 1609 464 1638 2.
489 1606 647 1643 Quocirca
662 1610 826 1637 discretioni
849 1611 942 1636 vestre
966 1618 1016 1643 per
1032 1609 1190 1644 apostolica
1213 1609 1320 1644 scripta
1335 1605 1567 1637 committimus
1591 1608 1623 1638 et
1645 1611 1821 1645 mandamus,
1845 1611 1981 1647 quatinus

330 1671 379 1689 vos
402 1663 446 1690 vel
469 1662 523 1689 duo
546 1664 596 1689 aut
618 1668 698 1688 unus
722 1663 846 1688 vestrum
874 1670 925 1696 per
947 1670 996 1688 vos
1020 1661 1065 1688 vel
1094 1661 1182 1688 alium
1212 1669 1261 1688 seu
1289 1661 1361 1688 alios
1391 1661 1534 1696 predictas
1561 1661 1687 1696 litteras,
1710 1671 1781 1697 quas
1805 1663 1885 1691 vobis
1908 1669 1982 1692 oum

330 1709 531 1751 presentibus
553 1713 704 1745 mittimus,
733 1713 824 1740 eidem
847 1712 1060 1747 archiepiscopo
1090 1714 1284 1747 presentare*.
1315 1709 1341 1739 si
1365 1708 1536 1740 commode
1560 1710 1724 1751 poteritis,
1753 1715 1902 1743 studeatis.
1946 1711 1982 1744 Si
1999 1723 2030 1744 ss

330 1772 406 1792 vero
422 1761 693 1802 presentationem
709 1760 891 1792 huiusmodi
907 1760 1014 1792 facere
1038 1770 1101 1791 non
1117 1760 1253 1802 possetis
1275 1760 1327 1791 vel
1342 1760 1435 1792 vobis
1452 1762 1725 1802 presentationem
1748 1762 1852 1804 ipsam
1875 1762 1984 1796 eidem

332 1823 394 1844 non
421 1813 528 1843 facere
557 1813 658 1844 visum
683 1812 778 1843 fuerit
801 1811 970 1853 expedire,
1000 1822 1056 1843 vos
1083 1822 1153 1853 eas,
1183 1812 1250 1843 acsi
1277 1811 1370 1843 vobis
1399 1811 1522 1844 directe
1552 1812 1701 1855 fuissent,
1730 1813 1763 1846 in
1791 1814 1922 1847 civitate
1949 1817 1984 1847 et

333 1864 451 1895 diocesi
475 1864 664 1895 Treverensi
693 1864 898 1905 exequamini
929 1866 961 1895 et
990 1863 1199 1905 exequendas
1227 1863 1346 1905 prefati
1375 1863 1610 1906 archiepiscopi
1640 1865 1852 1908 suffraganeis
1879 1869 1983 1898 trans-

332 1916 474 1946 mittatis.
520 1914 622 1956 Super
645 1915 759 1956 quibus
782 1915 872 1946 vobis
897 1918 929 1946 et
952 1918 1093 1947 vestrum
1117 1914 1250 1957 singulis
1272 1914 1403 1957 plenam
1419 1915 1626 1948 concedimus
1642 1917 1834 1950 auctoritate
1849 1927 1983 1960 presen-

333 1968 411 1998 tium
427 1967 622 1998 facultatem.
666 1967 734 1998 Nos
750 1966 904 1998 reddituri
928 1967 968 1998 de
991 1967 1062 2007 hiis,
1086 1977 1149 2009 que
1173 1977 1270 2008 super
1292 1966 1446 2008 predictis
1469 1967 1621 2006 feceritis,
1645 1978 1704 2010 per
1719 1971 1843 2001 vestras
1857 1969 1982 2002 litteras
2001 1979 2034 2000 nc

333 2018 385 2048 vcl
406 2019 616 2049 instrumenta
637 2018 766 2059 publica
790 2019 952 2050 certiores.

441 2069 561 2101 Datum
583 2070 778 2111 Avinion(e)‚
801 2069 893 2101 VIII.
911 2069 983 2102 Kal.
1008 2070 1209 2111 Decembris,
1232 2081 1315 2102 anno
1339 2081 1434 2102 nono.

546 2200 653 2237 1020.
693 2201 849 2237 Litterae
876 2202 922 2237 ad
947 2202 1138 2237 Iohannem
1165 2212 1275 2247 reqern
1302 2202 1502 2238 Bohemiae.
1607 2202 1694 2238 Nov.
1714 2204 1777 2238 26.

447 2274 544 2313 Copia
560 2273 614 2316 (c.)
631 2275 743 2306 ibidem
757 2275 811 2314 fol.
824 2276 866 2306 44
881 2285 929 2308 nr.
942 2278 1014 2308 346.
1058 2276 1257 2308 Oontulimus
1272 2286 1337 2308 nos.
1355 2296 1394 2300 —
1418 2276 1481 2309 Ed.
1498 2275 1622 2309 Rieeler
1645 2276 1664 2308 l.
1677 2287 1702 2310 c.
1721 2287 1756 2317 p.
1774 2277 1837 2308 199
1858 2287 1909 2310 nr.
1920 2278 1986 2310 423
2036 2319 2038 2321 ι

338 2335 375 2356 ex
397 2335 423 2356 c.
447 2325 689 2366 (decurtatum)‚·
711 2326 890 2359 Sauerland
911 2327 930 2360 l.
947 2339 972 2359 c.
996 2328 1024 2367 I,
1040 2330 1104 2360 333
1125 2339 1175 2360 nr,
1192 2330 1255 2360 704
1277 2339 1316 2360 ex
1339 2338 1365 2360 c.
1389 2328 1629 2370 (decurtatum).
2002 2344 2036 2364 ιι.

446 2384 520 2425 Rey.
538 2385 648 2417 Dudik
670 2386 747 2418 ‘Iter
768 2386 956 2420 Romanum’
980 2388 1030 2427 II,
1047 2389 1089 2420 93
1110 2399 1160 2422 nr.
1177 2390 1229 2421 83.

445 2470 528 2512 Regi
551 2471 683 2503 Boemie
706 2472 829 2503 illustri.

445 2521 496 2553 Ex
527 2522 640 2554 litteris
673 2526 726 2554 tue
766 2523 960 2556 celsitudinis
994 2536 1052 2567 per
1084 2526 1236 2559 dilectum
1269 2528 1370 2559 filium
1398 2528 1576 2560 Iohannem
1604 2527 1763 2560 Bertaudi
1796 2527 1985 2560 canonicum

341 2572 570 2604 Treverensem
592 2575 740 2605 nuncium
762 2577 850 2606 tuum
873 2576 966 2607 nobis
989 2577 1139 2609 exhibitis
1159 2579 1285 2610 noviter
1303 2580 1507 2622 percepimus
1529 2580 1596 2613 leta
1619 2581 1728 2612 mente
1744 2580 1868 2611 sincere
1885 2579 1984 2612 devo·-

340 2624 434 2655 tionis
457 2627 489 2655 et
512 2624 687 2656 affectionis
710 2628 1007 2669 promptitudinem,
1032 2630 1147 2671 quibus
1177 2641 1254 2672 erga
1282 2642 1340 2663 nos
1368 2635 1401 2664 et
1431 2635 1574 2664 sanctam
1601 2632 1783 2664 Romanam
1813 2631 1986 2664 ecclesiam
2004 2644 2040 2664 nv

340 2678 476 2707 matrem
499 2678 585 2707 tuam
610 2677 689 2708 sicut
711 2677 792 2709 filius
814 2678 1047 2712 benedictionis
1071 2685 1103 2713 et
1125 2683 1228 2724 gratie
1252 2683 1374 2716 clarere
1390 2685 1585 2715 monstraris.
1632 2682 1737 2725 Super
1760 2693 1824 2725 quo
1840 2683 1987 2726 regalem

443 2751 526 2779 1019.
553 2754 576 2785 ι>
595 2754 648 2779 loco
667 2755 774 2780 Iohanni
792 2757 913 2782 Bertaudi
931 2757 960 2783 2:
978 2759 1189 2786 Parzshuallo
1208 2762 1243 2787 de
1261 2762 1323 2788 Elz.

444 2811 470 2842 1)
490 2810 530 2845 Cf.
543 2819 625 2845 supra
642 2821 684 2839 nr.
699 2816 752 2840 945.
