2184 3126
316 149 379 178 676
548 143 646 171 ACTA
664 142 777 169 REGNI
797 139 980 167 LUDEWICI
999 138 1047 167 IV.
1066 138 1112 166 ΕΤ
1133 137 1321 164 FRIDERICI
1339 138 1389 165 111.
1426 137 1502 164 1324.
1539 136 1587 163 Nr.
1599 136 1660 164 855.
1678 136 1737 163 856.

423 230 498 271 Rey.
522 241 567 270 ep.
595 229 756 262 Constant.
785 237 835 258 nr.
857 227 958 264 3985;
995 225 1113 257 Mollat
1141 224 1273 256 ‘Lettres
1303 223 1493 255 communes’
1519 233 1570 255 nr.
1589 222 1712 254 20427.
1773 223 1823 262 Of.
1851 222 1972 256 Rieder

316 282 491 314 ‘Remische
516 280 657 322 Quellen'
682 290 718 320 p.
737 279 799 310 174
821 280 883 309 not.
907 277 952 308 ad
972 287 1021 308 nr.
1037 277 1110 307 640.

429 337 477 377 Cf.
500 337 591 375 infra
614 336 657 367 ad
679 345 708 366 a.
727 334 819 365 1324.
844 332 929 364 Mai.
946 332 1040 371 5sqq.

424 404 608 446 Rfid(olfus)
646 403 708 434 Dei
746 402 850 443 gratia
889 399 1147 432 Oonstanciensis
1185 399 1356 440 episcopus
1394 401 1427 429 et
1469 398 1606 430 ecclesie
1644 398 1808 430 Curiensis
1848 398 1968 441 guber-

315 461 408 488 nator
454 476 459 479 »
509 456 633 486 dilectis
666 455 698 485 in
734 453 859 484 Christo
891 476 898 483 .
921 475 928 483 .
962 451 1146 491 abbatibus,
1180 450 1350 491 prioribus,
1386 450 1568 491 prepositis,
1603 449 1744 489 decanis,
1778 450 1968 491 rectoribus,
2000 464 2012 482 ι

315 508 504 549 presulibus,
528 504 780 547 vicepresulibus
804 507 837 536 et
859 504 931 535 aliis
954 502 1164 535 ecclesiarum
1186 502 1332 543 personis
1355 511 1414 542 per
1437 500 1722 533 Oonstanciensem
1745 501 1908 534 civitatem
1931 512 1970 534 ac

314 559 477 600 dyocesim
500 558 680 590 constitutis
704 560 736 587 et
759 555 942 597 specialiter
958 579 965 586 .
983 579 990 585 .
1007 553 1179 586 abbatibus
1201 553 1234 584 in
1251 552 1463 594 campidona,
1485 553 1518 583 in
1533 552 1716 595 Brigancia,
1738 553 1771 584 in
1787 552 1969 595 Wingarto,
1994 567 1999 572 ·

313 610 344 641 in
376 610 484 640 Isnina
513 608 778 640 monasteriorum
814 606 932 638 ordinis
962 606 1063 637 sancti
1093 604 1261 636 Benedicti
1289 603 1542 646 Constan(cien.)
1572 603 1663 646 dyoc.
1770 603 1914 645 salutem.
1937 608 1971 637 et

313 662 470 692 sinceram
493 661 526 691 in
548 659 687 691 Domino
712 659 888 690 caritatem.

420 711 583 743 Noveritis
606 721 664 742 nos
687 710 812 741 litteras
836 709 1025 741 sanctissimi
1053 708 1153 750 patris
1182 718 1220 739 ac
1249 707 1371 738 domini
1398 706 1520 738 domini
1541 706 1695 739 Iohannis
1722 707 1831 739 divina
1862 708 1969 749 provi·
1990 720 2016 740 ιο

314 763 427 794 dencia
450 766 652 794 sacrosancte
675 762 823 794 Romane
846 771 884 792 ac
907 759 1098 792 universalis
1126 759 1263 791 ecclesie
1287 758 1403 790 summi
1425 758 1584 800 pontificis
1606 769 1671 790 non
1692 758 1888 791 cancellatas
1910 769 1970 792 nec

313 815 345 845 in
377 815 485 856 aliqua
516 814 564 845 sui
592 817 683 855 parte
715 814 851 845 viciosas
880 813 1040 854 recepisse
1072 811 1130 843 sub
1158 821 1235 842 vera
1263 811 1362 853 ipsius
1391 809 1481 842 bulla
1509 809 1664 852 plumbea
1697 811 1730 842 in
1755 811 1811 843 filo
1839 812 1970 853 canapis

313 865 484 907 pendente,
509 868 654 897 tenorem
679 865 733 907 qui
757 865 901 906 sequitur
924 864 1139 895 continentes:

420 925 593 957 ‘Iohannes
617 926 787 966 episcopus
810 935 920 956 servus
938 942 975 946 —
993 923 1091 954 nostri
1116 933 1199 954 anno
1223 920 1380 954 octav0.'¹

421 986 572 1018 Ceterum
596 996 668 1017 cum
691 996 749 1016 nos
771 985 861 1016 iuxta
883 983 1070 1016 mandatum
1094 982 1306 1025 apostolicum
1329 981 1422 1014 nobis
1444 982 1477 1013 iu
1499 982 1614 1014 litteris
1636 982 1790 1025 predictis
1812 983 1971 1016 directum
1990 996 2015 1015 ιι

316 1037 447 1069 easdem
471 1037 595 1068 litteras
619 1037 705 1068 clero
730 1039 762 1068 et
786 1036 905 1077 populo
929 1036 961 1066 in
984 1035 1113 1067 civitate
1137 1034 1379 1066 Constanciensi
1402 1034 1586 1066 convocatis
1608 1034 1858 1077 publicavimus,
1880 1034 1971 1067 vobis

315 1088 373 1120 sub
396 1099 480 1130 pena
503 1089 720 1130 suspensionis
744 1088 784 1119 ab
810 1088 916 1119 officio
940 1091 1046 1119 vestro
1064 1086 1243 1118 divinorum
1267 1089 1300 1118 et
1319 1086 1661 1118 excommunicationis
1682 1086 1749 1118 late
1765 1086 1923 1119 sententie
1938 1088 1971 1119 in

313 1150 380 1180 VOS,
405 1140 430 1170 si
454 1150 587 1181 presens
603 1139 788 1171 mandatum
814 1139 990 1171 efficaciter
1012 1149 1076 1170 non
1100 1138 1224 1170 fueritis
1248 1138 1386 1179 executi,
1410 1137 1553 1169 districte
1575 1139 1772 1180 precipimus
1793 1138 1971 1170 monitione

312 1191 407 1222 trium
439 1190 563 1222 dierum
592 1191 717 1232 previa,
754 1191 903 1232 quatinus
937 1190 1122 1222 convocatis
1149 1190 1235 1221 clero
1270 1192 1304 1221 et
1332 1189 1452 1231 populo
1483 1188 1654 1231 opidorum
1681 1200 1739 1222 seu
1766 1189 1910 1222 locorum
1938 1190 1971 1222 in

314 1242 538 1283 Campoduno,
561 1242 593 1272 in
608 1242 822 1283 Ravenspurg
839 1246 871 1274 et
894 1243 925 1273 in
941 1242 1123 1284 Lindaugia
1141 1251 1179 1273 ac
1196 1241 1342 1286 aliorum,
1359 1244 1455 1283 prout
1477 1240 1561 1272 lator
1583 1241 1786 1283 presencium
1808 1241 1970 1283 petiverit,
1989 1251 2016 1272 ὀ

311 1293 435 1325 litteras
458 1293 593 1334 papales
616 1293 777 1334 predictas
794 1294 1015 1335 sollempniter
1030 1293 1121 1325 iuxta
1137 1297 1283 1325 tenorem
1299 1296 1332 1325 et
1348 1293 1582 1325 continenciam
1598 1292 1773 1324 earundem
1789 1292 1971 1325 litterarum

313 1347 346 1376 et
368 1344 513 1376 mandati
536 1345 568 1376 in
593 1345 715 1376 eisdem
739 1345 855 1377 litteris
884 1345 976 1377 nobis
1004 1345 1081 1376 facti
1109 1344 1282 1387 publicetis
1312 1348 1346 1376 et
1373 1345 1553 1386 exponatis,
1583 1344 1692 1376 taliter
1721 1344 1808 1387 quod
1831 1345 1970 1377 intencio

313 1396 488 1428 earundem
512 1396 691 1428 litterarum
716 1397 819 1428 eciam
834 1397 924 1428 laicis
941 1397 1121 1438 detegatur.
1166 1396 1209 1428 Et
1231 1397 1264 1428 in
1286 1397 1413 1439 signum
1430 1397 1559 1428 executi
1583 1395 1727 1428 mandati
1743 1396 1849 1438 sigilla
1863 1399 1971 1428 vestra

312 1447 513 1488 presentibus
535 1448 737 1490 appendatis,
761 1448 992 1480 subscribendo
1009 1448 1235 1480 nichilominus
1257 1449 1373 1480 litteris
1395 1447 1609 1490 presentibus,
1631 1447 1688 1480 ubi
1711 1450 1744 1480 et
1759 1447 1889 1490 quando
1911 1458 1971 1490 per

311 1509 367 1530 vos
402 1499 444 1530 ad
480 1500 704 1531 executionem
727 1501 930 1542 presencium
961 1501 1000 1532 sit
1028 1511 1230 1543 processum,
1264 1500 1421 1543 nobisque
1451 1510 1510 1542 per
1541 1502 1665 1532 vestros
1698 1502 1804 1532 certos
1836 1499 1970 1531 nuncios
1987 1511 2016 1532 π

311 1554 477 1591 presentes
499 1551 622 1583 litteras
646 1553 827 1584 remittatis.

418 1602 537 1634 Datum
555 1603 756 1645 Constancie,
774 1614 857 1636 anno
874 1603 1005 1636 Domini
1016 1603 1134 1636 MOGC
1150 1605 1303 1636 vicesimo
1320 1607 1446 1646 quarto,
1462 1603 1506 1635 Π.
1518 1603 1602 1636 Non.
1615 1603 1722 1644 Febr„
1738 1602 1804 1635 ind.
1820 1602 1968 1644 septima.

496 1786 743 1833 856—870.
786 1787 1118 1835 LUDEWICI
1154 1788 1445 1835 SCRIPTA
1472 1787 1786 1834 DIVERSA.

859 1865 968 1902 1324.
1005 1866 1114 1903 Febr.
1135 1866 1345 1903 5.—Mart.
1366 1864 1427 1902 22.

601 1958 690 1995 856.
731 1959 934 1996 Gommissio
959 1960 1184 2005 protectionis
1209 1960 1418 1996 monasterii.
1531 1959 1634 1995 Febr.
1653 1960 1686 1995 5.
1993 1975 2020 1995 ao

423 2021 586 2062 Oriyinale
609 2023 684 2066 (or.)
707 2025 743 2056 in
771 2025 929 2058 tabulario
957 2025 1098 2066 yenerali
1124 2026 1214 2067 reyni
1235 2026 1403 2058 Bawam‘ci
1427 2024 1522 2058 KLS
1544 2035 1594 2057 nr.
1609 2025 1684 2058 281.
1739 2025 1975 2066 DeseripSimus

314 2083 379 2104 nos.
426 2073 530 2113 Siyilli
552 2076 662 2107 secreti
685 2087 774 2108 cerae
796 2078 911 2109 rubeae
934 2078 1025 2110 dorso
1048 2078 1194 2118 impressi
1214 2078 1346 2118 vestiyia
1367 2079 1533 2117 apparent.
1557 2096 1598 2101 —
1621 2077 1792 2109 Ineditum.

421 2146 613 2179 Ludowicus
635 2148 698 2180 Dei
722 2150 831 2190 gracia
853 2150 1074 2182 Romanorum
1098 2160 1158 2182 rex
1181 2160 1310 2192 semper
1332 2153 1488 2192 augustus
1575 2149 1676 2182 nobili
1699 2150 1767 2182 viro
1783 2148 1975 2182 Eberhardo

315 2197 501 2279 comitibde
529 2198 782 2241 Wirttenberch,
814 2201 972 2234 advocato
1004 2213 1061 2234 suo
1096 2202 1285 2243 provinciali
1314 2201 1403 2233 fideli
1432 2201 1551 2233 dilecto
1646 2202 1791 2243 graciam
1820 2212 1911 2233 suam
1942 2205 1975 2233 et

316 2258 408 2279 omne
456 2259 560 2281 onum.
1990 2259 2016 2279 ⁸⁵

425 2299 593 2332 Nobilitati
617 2305 670 2334 tue
696 2305 924 2336 committimus
947 2305 1173 2338 nichilominus
1201 2306 1258 2337 tibi
1282 2306 1416 2337 firmiter
1438 2303 1689 2348 iniu[n]gentes⁸
1711 2315 1749 2337 ac
1773 2304 1975 2346 mandantes,

318 2350 467 2391 quatinus
490 2351 622 2384 devotos
645 2358 770 2387 nostros
786 2356 921 2388 dilectos
938 2357 1097 2389 decanum
1114 2362 1147 2390 et
1163 2357 1341 2400 capitulum
1365 2358 1590 2389 canonicorum
1608 2357 1745 2389 ecclesie
1761 2357 1794 2388 in
1808 2356 1974 2398 Mosbach,

318 2411 399 2441 quos
422 2412 493 2433 cum
517 2403 620 2445 rebus,
645 2407 789 2446 personis
806 2410 838 2438 et
853 2407 1038 2440 hominibus
1054 2409 1119 2440 suis
1134 2410 1166 2440 in
1181 2412 1325 2441 nostram
1341 2409 1575 2450 protectionem
1592 2409 1774 2450 recepimus
1789 2408 1975 2450 specialem,

317 2452 491 2484 secundum
522 2457 666 2487 tenorem
695 2459 933 2500 privilegiorum
961 2459 1160 2492 indultorum
1184 2463 1217 2492 et
1240 2461 1492 2502 concessionum,
1522 2470 1584 2502 que
1607 2470 1628 2491 a
1649 2459 1742 2491 nobis
1765 2460 1817 2491 vel
1839 2459 1881 2492 ab
1904 2459 1976 2491 aliis

320 2503 539 2536 Romanorum
578 2508 823 2549 imperatoribus
862 2515 894 2543 et
932 2512 1063 2554 regibus
1100 2511 1384 2554 predecessoribus
1427 2512 1543 2543 nostris
1580 2511 1704 2544 habent
1744 2514 1777 2543 et
1818 2511 1975 2543 hactenus
1992 2525 2020 2544 ω

318 2554 508 2596 habuerunt,
531 2557 650 2600 foveas,
671 2565 879 2595 manuteneas
895 2567 928 2594 et
951 2573 1133 2605 conserves,
1156 2574 1220 2595 non
1242 2564 1433 2606 permittens
1456 2574 1513 2595 eos
1536 2567 1648 2595 contra
1670 2563 1848 2603 libertates,
1873 2562 1975 2595 bonas

318 2607 573 2639 conswetudines
597 2613 629 2640 ct
653 2613 842 2645 emunitates
871 2625 945 2646 suas
968 2625 1091 2647 necnon
1122 2616 1357 2656 concessiones,
1388 2615 1559 2657 privilegia
1589 2618 1623 2647 et
1648 2615 1774 2647 indulta
1800 2614 1927 2657 prefata
1954 2625 1973 2646 a

421 2691 487 2719 856.
515 2693 538 2726 ³⁴)
557 2695 701 2728 iniugentes
720 2707 772 2727 or.,·
790 2700 824 2731 ef.
843 2709 884 2725 nr.
897 2703 946 2726 860
964 2706 1015 2727 not.
1028 2710 1052 2727 a.

423 2751 448 2783 1)
466 2751 556 2785 Squa
575 2761 616 2779 m:
632 2757 678 2780 795
698 2756 734 2782 ad
754 2757 775 2783 1.
