2190 3172
247 785 304 805 Nov.
315 787 346 806 11.

363 232 426 262 216
599 228 695 256 ACTA
715 228 827 255 REGNI
846 225 1029 253 LUDEWICI
1047 225 1094 252 IV.
1114 224 1159 251 ΕΤ
1177 222 1363 250 FRIDERICI
1382 206 1431 249 111'.
1467 222 1542 249 1315.
1578 221 1627 248 Nr.
1639 221 1698 249 251.
1717 221 1776 248 252.

471 316 539 347 Nos
565 315 746 347 Fridericus
772 314 835 345 Dei
863 314 966 354 gratia
996 311 1216 343 Romanorum
1247 321 1306 342 rex
1333 319 1462 351 semper
1489 313 1644 351 augustus
1671 312 1784 341 tenore
1810 307 2009 350 presentium

364 367 491 408 publice
526 367 727 408 profitemur,
759 365 844 407 quod
879 375 951 395 cum
985 366 1113 394 nostra²
1147 365 1180 394 et
1211 362 1339 403 imperii
1375 361 1487 392 civitas
1515 359 1819 401 Constant(iensis)⁸
1852 370 1894 392 ex
1926 359 2010 402 ignis

363 419 510 450 incendio
535 429 591 450 seu
607 419 759 459 voragine
784 416 866 447 adeo
891 414 1036 447 desolata
1060 417 1093 445 et
1119 413 1306 446 devastatab
1323 413 1452 452 existat,
1470 411 1555 454 quod
1577 412 1638 444 nisi
1657 412 1757 454 ipsius
1771 411 2010 443 reedificacioni

365 474 398 502 et
418 470 643 501 reformacioni
665 470 822 510 gratiose⁰
845 470 953 498 nostra
976 465 1123 497 intendat
1146 466 1312 505 serenitas,
1335 474 1508 506 numquam
1533 467 1652 495 statum
1674 459 1880 505 recuperabit
1901 463 2010 505 pristi-

363 532 438 553 num
473 524 506 552 et
535 521 696 559 debitum,
731 522 781 551 set
814 517 957 550 manebit
989 520 1147 558 perpetuo
1179 515 1356 555 desolata⁶‚
1391 526 1448 546 nos
1484 515 1629 547 eiusdem
1657 515 1824 557 cupientes
1855 515 2010 546 civitatis⁶

364 573 506 605 comodis
540 573 705 604 consulere
741 574 774 602 et
805 568 1020 612 quibuslibetr
1052 567 1203 610 periculis
1237 567 1385 608 obviare,
1425 567 1602 609 prudentes
1635 567 1722 599 viros
1750 592 1756 598 .
1782 591 1789 598 .
1819 566 2009 608 ministrum,

364 650 370 656 .
390 650 396 656 .
421 625 607 665 magistrum
631 623 776 662 civiumss,
801 646 807 653 .
826 645 832 652 .
857 620 1002 652 consules
1026 623 1059 651 et
1080 620 1245 651 universos
1269 619 1413 661 predicte
1431 618 1710 660 Oonst(antiensis)
1734 618 1888 651 civitatis¹¹
1913 619 2010 659 cives,

362 675 474 707 fideles
497 678 622 706 nostros
645 674 790 712 dilectos,
814 676 849 703 ut
872 683 910 704 eo
934 672 1087 703 attentius
1111 671 1195 703 dicte
1218 671 1455 703 reedificacioni
1484 671 1641 702 civitatis⁹
1667 670 1836 702 intendere
1865 670 2010 702 valeant¹

363 726 485 768 utque¹¹
512 726 553 757 ad
581 730 690 757 nostra
715 728 747 756 et
769 724 895 766 imperii
918 723 1048 754 servitia
1071 723 1251 754 efficiantur
1276 723 1476 764 inposterum
1500 723 1663 765 apciores‚
1694 733 1819 754 exnunc
1841 733 1944 764 usque
1967 721 2010 754 ad

364 778 480 809 festum
504 778 591 808 beati
614 777 743 808 Martini
765 779 935 807 venturum
958 775 1105 816 proxime
1130 778 1163 806 et
1186 774 1226 806 ab
1251 774 1366 806 eodem
1390 774 1472 805 festo
1495 784 1555 816 per
1578 775 1718 817 quinque
1742 785 1842 806 annos
1858 774 2010 806 continue

363 829 594 871 subsequentes
628 828 669 860 ab
704 827 790 859 omni
823 826 933 867 stura),
969 826 1139 858 exactione
1169 836 1226 858 seu
1254 826 1443 858 collectione
1477 826 1570 858 nobis
1602 829 1635 858 et
1667 827 1804 868 imperio
1837 836 1896 868 per
1923 826 2011 868 ipsos

363 881 518 912 solvenda
541 890 582 911 ex
609 890 699 911 mera
722 878 923 910 liberalitatis
946 878 1035 920 regie
1066 878 1170 919 gratia
1194 878 1383 910 dimittimus
1407 878 1527 910 liberos
1554 882 1587 910 et
1610 878 1740 910 solutos.
1786 878 1910 910 Dautes
1932 878 2012 920 ipsis

362 935 530 974 presentes
552 932 701 963 litteras¹¹¹
724 930 902 962 maiestatis
925 933 1033 961 nost-re
1056 929 1162 971 sigillo
1185 930 1327 971 signatas
1349 929 1382 960 in
1406 930 1624 961 testimonium
1647 940 1746 971 super
1768 940 1816 961 eo.

470 993 566 1024 Dat.¹¹
588 993 619 1023 in
642 992 765 1033 Baden,
789 991 846 1023 VI.
864 991 941 1022 Idus
964 991 1101 1032 Aprilis,
1125 1001 1208 1021 anno
1235 989 1366 1021 Domini
1397 988 1514 1022 Mccc
1538 989 1792 1031 quintodecimo,
1819 990 1910 1031 regni
1932 977 2009 1021 vero

363 1045 461 1076 nostri
484 1055 567 1076 anno
590 1045 703 1086 primo.

632 1193 717 1229 252.
759 1193 931 1237 Scriptum
954 1204 1023 1238 pro
1051 1192 1184 1228 civitate
1211 1191 1475 1227 Gonstantiensi.
1581 1191 1670 1237 Apr.
1690 1193 1746 1226 11.

474 1267 634 1309 Oriyinale
652 1268 726 1310 (or.)
742 1268 777 1299 in
792 1267 951 1299 tabulario
964 1267 1105 1308 yenerali
1119 1267 1347 1299 Karlsruhano
1363 1266 1470 1299 ‘Select
1485 1266 1540 1298 der
1556 1265 1859 1298 Kaiserurkunden’
1873 1276 1923 1299 nr.
1936 1266 2011 1299 179.

363 1319 596 1360 Descripsimus
622 1329 688 1351 nos.
745 1319 864 1351 Pendet
889 1319 1027 1359 sigillum
1057 1319 1177 1351 laesum
1207 1318 1273 1359 filis
1300 1319 1410 1350 sericis
1436 1318 1551 1350 viridis
1579 1318 1701 1351 coloris.
1761 1317 1883 1350 Eadem
1911 1328 2011 1350 manu

361 1372 513 1412 scriptum
536 1374 580 1403 est
603 1382 641 1402 ac
662 1381 762 1411 supra
784 1381 833 1402 nr.
850 1372 913 1403 251
936 1371 994 1403 sub
1021 1374 1048 1403 1.
1073 1389 1114 1394 -
1136 1371 1308 1403 Ineditum.

469 1432 615 1470 Bb'hmer,
639 1431 714 1472 Rey.
731 1431 844 1463 Ludw.
862 1442 896 1471 p.
913 1431 978 1462 382
1000 1431 1169 1463 Friedrich
1190 1442 1240 1464 nr.
1257 1433 1321 1462 306
1344 1431 1472 1471 (Addit.
1490 1430 1573 1470 111).

475 1492 524 1534 Cf.
548 1495 650 1524 cetera
665 1492 837 1532 privileyia
859 1492 962 1525 eodem
985 1492 1035 1523 die
1055 1502 1199 1524 concessa
1222 1491 1418 1530 ‘Zeitschrist
1432 1492 1489 1530 [ἄν
1507 1491 1617 1523 Gesch.
1634 1491 1688 1523 des
1706 1491 1900 1525 Oberrheins.
1923 1491 2014 1524 Neue

362 1544 472 1585 Folye’
495 1544 524 1582 I,
547 1545 589 1575 86
610 1543 667 1575 sub
689 1554 739 1575 nr.
756 1546 828 1575 177.
853 1545 925 1575 178.
950 1545 1012 1574 180
1033 1543 1196 1584 hucusque
1218 1543 1349 1576 inedita.

470 1639 654 1670 Fridericus
676 1638 739 1670 Dei
761 1638 866 1680 gratia
888 1638 1108 1670 Romanorum
1132 1648 1191 1670 rex
1213 1649 1342 1680 semper
1364 1641 1519 1680 augustus
1590 1638 1745 1670 universis
1768 1639 1849 1670 sacri
1871 1637 2010 1682 Romani

362 1691 488 1733 imperii
510 1691 658 1722 fidelibus
745 1690 882 1732 gratiam
905 1700 994 1721 suam
1019 1694 1053 1722 et
1076 1701 1170 1723 omne
1195 1691 1324 1723 bonum.

471 1742 627 1774 Gratiosis
650 1742 819 1774 affectibus
842 1742 958 1773 civium
975 1742 1294 1783 Constantfiensium)
1311 1745 1565 1784 prosequentes·
1581 1741 1752 1773 comodum
1769 1744 1801 1773 et
1818 1741 2008 1783 profectum,

363 1797 495 1836 propter
527 1805 584 1826 sua
617 1798 709 1836 grata
744 1805 805 1836 que
835 1794 991 1826 hactenus
1022 1794 1113 1826 nobis
1142 1798 1175 1826 et
1201 1794 1337 1836 imperio
1364 1793 1591 1835 impenderunt
1615 1793 1770 1835 obsequia
1798 1797 1831 1825 et
1854 1793 2010 1825 exhibere

362 1847 558 1887 inposterum
582 1850 732 1888 poterunt
754 1847 895 1888 gratiora
917 1845 999 1877 hanc
1021 1846 1100 1888 ipsis
1123 1846 1245 1878 civibus
1267 1845 1425 1878 universis
1449 1850 1482 1878 et
1504 1845 1637 1887 singulis
1652 1845 1856 1888 prerogative
1872 1845 2009 1887 gratiam

364 1898 513 1929 duximus
543 1898 720 1929 liberaliter
743 1897 933 1929 auctoritate
963 1898 1054 1939 regia
1083 1897 1340 1938 concedendum,
1369 1901 1405 1929 ut
1428 1908 1447 1929 a
1471 1897 1558 1929 nullo
1582 1907 1642 1929 nec
1665 1907 1722 1940 pro
1747 1897 1899 1939 episcopo
1924 1896 2010 1928 Con-

363 1950 556 1992 stantien(si)
580 1949 632 1981 vel
655 1950 718 1981 alio
742 1949 886 1991 quolibet
907 1949 1104 1991 inpignorari
1128 1949 1279 1988 debeant,
1303 1949 1363 1980 nisi
1385 1949 1512 1981 iusticia
1535 1949 1632 1981 fuerit
1654 1949 1756 1980 actori
1773 1947 1825 1980 vel
1847 1948 2010 1979 actoribus

364 2001 404 2032 ab
434 2001 609 2032 eorundem
637 2001 752 2032 civium
781 1996 887 2032 iudice
916 2000 1087 2042 denegata.
1136 1994 1138 1996 ’
1175 2000 1214 2032 In
1248 2001 1337 2032 cuius
1371 2001 1419 2032 rei
1449 2001 1666 2032 testimonium
1695 2003 1862 2042 presentes
1892 1999 2010 2032 exinde

364 2052 518 2084 conscribi
541 2052 665 2084 litteras
689 2056 721 2084 et
743 2052 839 2094 sigilli
861 2053 960 2084 nostri
984 2052 1158 2083 munimine
1182 2046 1316 2084 fecimus
1339 2052 1538 2083 communiri.

469 2113 563 2144 Dat.b
587 2113 782 2149 Constantio,
806 2112 866 2144 ΙΙΙ.
883 2112 960 2144 Idus
983 2113 1114 2154 Aprilis,
1138 2123 1220 2144 anno
1243 2113 1373 2144 Domini
1400 2111 1519 2145 MCOG
1543 2112 1796 2154 quintodecimo,
1820 2113 1911 2154 regni
1934 2123 2011 2144 vero

364 2165 462 2196 nostri
485 2175 567 2196 anno
592 2165 724 2206 primob.

467 2490 532 2518 251.
560 2491 583 2522 ¹¹)
603 2492 656 2516 loco
682 2490 1045 2525 nostra—constanstiensis)
1064 2491 1092 2517 2:
1120 2493 1247 2525 opidum
1266 2492 1379 2517 Sancti
1398 2491 1483 2516 Galli
1509 2492 1601 2516 nobis
1623 2497 1654 2517 et
1678 2493 1810 2525 imperio
1833 2493 2011 2525 pertinens.

365 2533 390 2566 b)
409 2535 556 2559 desolatum
574 2539 599 2559 et
616 2535 677 2559 adeo
696 2535 863 2560 devastatum
881 2534 906 2560 2.
977 2535 1000 2567 c)
1019 2535 1181 2560 ferventer
1199 2534 1223 2560 2.
1294 2533 1319 2567 ἅ)
1338 2534 1488 2559 desolatum
1507 2533 1530 2559 2.
1601 2534 1624 2566 0)
1643 2535 1728 2566 opidi
1747 2534 1771 2561 2.
1841 2533 1862 2568 f)
1880 2536 2010 2568 quibu·-

365 2577 447 2602 libet
465 2578 532 2602 deest
549 2577 572 2602 2.
669 2577 694 2609 Β)
714 2597 719 2602 .
734 2596 739 2602 .
759 2579 950 2610 magistrum
970 2578 1090 2603 civium
1109 2578 1177 2603 dcent
1194 2577 1217 2603 2.
1314 2576 1340 2609 h)
1361 2577 1441 2602 dicti
1460 2578 1545 2610 opidi
1565 2578 1671 2603 Sancti
1691 2578 1776 2603 Galli
1794 2577 1817 2603 2.
1844 2587 1846 2589 “
1915 2577 1933 2610 i)
1953 2579 2008 2604 loeo

366 2621 496 2645 intendere
514 2621 617 2645 valeant
634 2620 664 2645 2:
682 2621 859 2646 intendant.
891 2650 893 2652 Ι
917 2647 919 2650 ⁴
941 2619 966 2652 k)
985 2629 1108 2646 necnon
1126 2620 1150 2646 Ξ.
1232 2619 1252 2652 ¹)
1270 2624 1342 2646 stura
1360 2619 1384 2646 2.
1468 2622 1500 2653 ¹¹¹)
1518 2625 1618 2646 nostras
1636 2621 1698 2648 add.
1717 2621 1740 2646 2.
1824 2621 1851 2653 ιι)
1871 2622 1966 2647 Datum
1985 2621 2011 2647 2.

468 2708 533 2735 252.
561 2710 584 2742 ²²)
603 2715 641 2736 tes
659 2712 685 2736 in
704 2713 757 2736 loco
776 2720 836 2736 raso
860 2712 949 2737 eadem
970 2720 1050 2737 manu
1069 2716 1211 2743 atramento
1228 2711 1337 2745 sueciam*
1354 2711 1438 2737 artius
1456 2711 1591 2744 scriptum?
1617 2719 1772 2744 prosequens
1791 2712 1869 2744 prius
1886 2712 2010 2744 scriptum

366 2757 422 2778 erat
440 2762 477 2784 or.
564 2752 590 2785 b)
610 2755 677 2779 linea
696 2755 750 2779 dati
767 2755 855 2779 eadem
873 2763 952 2779 manu
970 2759 1113 2780 atramento
1130 2754 1239 2788 fasciari
1257 2758 1366 2779 aaran:
1383 2758 1419 2779 ent
1437 2762 1488 2782 or.,·
1509 2754 1543 2786 cf.
1562 2758 1613 2779 not.
1627 2763 1649 2780 a.

2028 788 2055 808 m

2027 1057 2055 1077 15

2027 1750 2055 1771 25

2028 2539 2059 2560 85
