2158 3138
651 180 869 209 TRACTATUS
887 181 935 208 DE
954 180 1166 209 ELECTlONE.
1205 182 1277 209 1:314.
1315 181 1362 208 Nr.
1375 182 1414 208 67⁴
1816 187 1860 215 67

205 266 248 300 ad
270 267 331 299 hoc
354 267 516 309 inducere,
540 270 576 299 ut
598 267 700 300 dictas
723 266 860 311 terra[s],
883 271 1021 300 castrum
1053 272 1086 300 et
1110 269 1230 311 oppida
1260 279 1331 300 cum
1357 279 1467 300 eorum
1498 269 1654 299 universis
1677 269 1858 300 attinenciis

206 318 312 351 eidem
337 319 407 361 regi
430 319 579 351 restituat
601 319 764 351 mediante
788 330 913 351 summa
936 321 1082 362 pecunie,
1106 323 1141 351 ut
1165 323 1302 352 tenetur.

312 371 345 403 9.‘
377 370 460 402 Item
490 371 715 412 promittimus,
750 371 836 413 quod
871 366 1011 403 summas
1041 372 1247 414 pecuniarum
1278 372 1451 413 promissas
1485 375 1517 402 et
1546 371 1651 402 adhuc
1686 370 1858 402 solvendas

205 421 366 453 nobilibus
395 422 470 453 viris
498 421 644 454 Gen-ardo
679 423 787 455 comiti
822 423 995 455 Iuliacensi
1025 426 1057 454 et
1087 422 1237 464 Adolpho
1265 423 1373 454 comiti
1402 422 1443 454 de
1472 423 1582 454 Monte
1612 433 1649 453 ac
1678 422 1787 453 Ottoni
1816 422 1857 453 de

173 485 185 505 s
205 473 281 506 Kuk
311 483 330 505 a
361 472 447 505 dicto
474 483 552 515 rege
582 473 740 506 Bohemie
767 475 936 505 occasione
967 484 1023 506 sue
1052 474 1266 516 promocionis
1290 475 1320 505 in
1345 485 1455 516 regem
1481 473 1717 513 Romanorum,
1741 474 1766 504 si
1790 484 1857 505 ner-

205 525 293 557 viciis
310 524 428 556 domini
445 525 678 567 archiepiscopi
695 525 901 557 Treverensis
917 526 948 557 in
964 526 1171 567 promocione
1189 530 1296 557 nostra
1314 527 1343 557 in
1362 536 1472 568 regem
1490 525 1707 557 Romanorum
1733 526 1856 556 instite-

205 577 283 617 rint,
315 575 437 608 eisdem
466 576 687 618 persolvemus
716 577 806 609 iuxta
829 588 958 609 suarum
979 578 1216 609 vcontinenciam
1241 577 1419 609 litterarum
1444 588 1463 609 a
1487 577 1572 609 dicto
1598 588 1673 619 rege
1696 577 1855 608 Bobemie

205 629 281 670 ipsis
309 638 543 660 concessarum.
587 627 630 660 Et
663 629 724 670 ipsi
751 629 818 671 regi
853 629 1010 661 Bohemie
1037 629 1140 661 dictas
1163 629 1287 661 litteras
1315 640 1388 660 suas
1411 629 1620 670 obligatorias
1644 639 1741 670 super
1764 628 1864 659 dictis

205 680 412 722 pecuniarum
435 680 567 720 summis
590 680 682 712 datas
706 680 825 712 liberas
847 681 972 712 restitui
996 681 1239 723 procurabimus
1262 685 1295 712 et
1318 681 1483 712 faciemus.

162 746 187 766 ιο
297 733 362 764 ⁷10.
381 725 482 763 ‘Item
513 732 743 773 promittimus,
772 732 859 774 quod
891 743 949 775 pro
980 732 1094 764 decem
1124 732 1252 764 milibus
1283 743 1461 764 marcarum
1486 733 1612 774 argenti
1640 731 1861 772 obligabimus

205 782 264 814 sibi
292 785 411 814 terram
434 782 611 825 Egrensem
644 787 677 815 et
704 787 810 816 castra
832 783 911 815 Vlos
935 788 969 816 et
991 784 1205 816 Barkenstein
1234 794 1304 815 cum
1330 784 1477 815 omnibus
1500 783 1673 825 regalibus,
1698 783 1858 822 dominiis,

205 844 294 866 mero
319 838 351 866 et
374 835 475 866 mixto
499 835 651 876 imperio,
674 835 845 877 fructibus,
870 835 1064 876 redditibus,
1087 836 1209 867 iuribus
1240 839 1273 867 et
1296 836 1368 867 aliis
1391 837 1633 877 quibuscunque
1658 835 1864 876 pertinentiis-

205 896 263 927 pro
294 886 444 928 expensis
471 886 565 918 factis
595 887 763 918 occasione
787 888 998 929 promotionis
1021 891 1148 926 nostre,
1173 898 1338 929 quousque
1369 887 1429 918 sibi
1453 891 1510 918 aut
1532 888 1596 918 suis
1621 886 1794 917 heredibus
1817 885 1863 917 de

207 935 292 969 dicta
322 948 447 970 summa
476 938 602 979 integre
631 937 728 970 fuerit
758 938 977 979 satisfactum,
1008 939 1223 981 percipiendis
1253 939 1312 970 sibi
1338 942 1371 971 et
1393 938 1568 971 heredibus
1591 938 1655 969 suis
1684 938 1713 969 in
1738 941 1857 967 sortem

162 1002 187 1023 is
205 989 336 1022 minime
360 990 594 1032 computandis.

316 1043 363 1073 11.
398 1041 481 1074 Item
505 1042 732 1084 promittimus,
757 1041 843 1084 quod
867 1043 893 1073 si
916 1041 998 1074 i'nfra
1014 1053 1157 1074 mensem
1175 1053 1194 1074 a
1211 1046 1356 1084 tempore
1381 1042 1575 1084 receptionis
1598 1051 1716 1072 corone
1741 1038 1859 1080 regalis

174 1102 177 1106 ·
205 1091 373 1125 Coloniam
398 1094 592 1134 venerimus,
618 1093 704 1136 quod
727 1093 769 1125 ab
793 1093 910 1125 eodem
933 1094 1005 1126 loco
1029 1105 1092 1125 non
1116 1093 1323 1131 recedemus,
1353 1104 1518 1136 quousque
1542 1093 1664 1134 absque
1688 1091 1801 1123 fraude
1826 1094 1861 1122 et

206 1143 281 1177 dolo
305 1144 466 1187 predictas
489 1146 738 1188 assignaciones,
761 1146 990 1187 promissiones
1013 1150 1046 1178 et
1069 1147 1177 1177 omnia
1200 1145 1347 1187 predicta
1364 1146 1634 1187 compleverimus
1658 1143 1860 1185 integraliter

205 1199 239 1228 et
260 1207 358 1238 super
379 1197 544 1239 premissis
566 1197 713 1229 omnibus
741 1201 775 1229 et
802 1197 934 1239 singulis
962 1197 1104 1239 singulas
1129 1197 1236 1229 eidem
1259 1198 1330 1239 regi
1353 1197 1482 1239 regales
1504 1197 1629 1228 litteras
1653 1193 1862 1237 duplica[ta]s

161 1259 186 1280 20
204 1249 473 1290 concesserimus,
506 1252 602 1290 prout
631 1258 690 1291 per
717 1249 918 1291 iurisperitus
946 1249 1061 1281 melius
1085 1248 1216 1280 formari
1238 1252 1390 1290 poterunt
1412 1252 1445 1280 et
1469 1248 1599 1285 dietari,
1624 1254 1656 1278 et
1680 1258 1735 1278 eas
1759 1246 1858 1277 ratifi-

149 1294 152 1296 Ὗ
205 1300 269 1332 cari
295 1303 329 1332 et
350 1300 533 1342 approbari,
557 1301 583 1332 si
608 1301 778 1333 commode
803 1301 876 1332 fieri
897 1301 1029 1342 poterit,
1055 1311 1114 1342 per
1129 1311 1241 1332 omnes
1258 1305 1291 1332 et
1307 1301 1450 1342 singulos
1473 1300 1634 1342 principes
1658 1298 1858 1330 coelectores

204 1351 331 1394 imperii
358 1362 417 1394 per
445 1362 557 1385 eorum
583 1352 708 1384 litteras
735 1356 769 1384 et
798 1352 905 1394 sigilla
933 1352 1105 1384 fecerimus
1132 1362 1189 1384 seu
1219 1353 1507 1394 procuraret-imus.
1558 1351 1598 1382 Et
1628 1351 1653 1381 si
1690 1361 1747 1381 nos
1775 1349 1860 1380 infra

205 1402 326 1435 dictum
348 1413 493 1435 mensem
517 1403 685 1436 Coloniam
708 1414 772 1436 non
794 1404 904 1435 venire
929 1405 1145 1445 contingeret,
1168 1407 1204 1435 ut
1227 1403 1348 1435 dictum
1372 1407 1435 1443 est,
1467 1403 1553 1445 quod
1586 1402 1668 1434 infra
1692 1406 1764 1433 octo
1790 1401 1860 1432 dies

205 1464 225 1486 a
247 1458 393 1497 tempore
417 1454 494 1487 dicti
514 1456 609 1497 primi
631 1457 750 1487 mensis
772 1456 855 1498 lapsi
870 1455 1072 1497 Moguntiam
1096 1455 1205 1486 venire
1228 1455 1420 1495 tenebimur,
1444 1455 1486 1486 ab
1510 1453 1626 1486 eadem
1650 1453 1736 1484 nullo
1761 1452 1859 1484 modo

162 1519 188 1541 ss
207 1507 380 1548 recessuri,
410 1517 578 1549 quousque
606 1507 768 1550 predictas
795 1508 1033 1549 assignaeiones
1061 1510 1094 1538 et
1117 1507 1346 1548 promissiones
1372 1510 1408 1538 ut
1431 1506 1550 1538 dictum
1581 1510 1630 1537 est
1660 1503 1863 1546 integraliter

206 1558 485 1600 compleverimus.

317 1612 365 1642 12.
397 1610 482 1642 Item
506 1611 732 1653 promittimus,
756 1610 841 1653 quod
866 1611 892 1642 si
915 1612 948 1642 in
971 1611 1101 1642 instanti
1125 1610 1283 1642 electione
1307 1610 1404 1641 futuri
1432 1611 1518 1651 regis
1546 1609 1763 1640 Romanorum
1795 1617 1860 1638 una

206 1671 278 1693 cum
301 1661 400 1694 fratre
422 1665 531 1694 nostro
555 1661 724 1703 Rud(olfo)
748 1662 829 1694 duce
853 1662 1001 1694 Bawarie
1025 1661 1201 1693 concordes
1222 1661 1386 1701 fuerimus,
1409 1671 1467 1692 nos
1490 1662 1558 1692 sine
1575 1660 1734 1691 dilacione
1751 1662 1859 1689 custo-

207 1713 258 1746 die
281 1713 438 1746 Everardi
461 1713 538 1746 dicti
560 1714 726 1746 Brennere
749 1725 832 1746 nunc
856 1714 1023 1745 castellani
1046 1714 1142 1745 castri
1164 1714 1195 1744 in
1221 1712 1326 1754 Cfibe,
1351 1713 1391 1744 de
1416 1723 1479 1755 quo
1502 1723 1560 1743 nos
1584 1722 1654 1743 cum
1679 1710 1857 1742 reverendo

162 1775 187 1797 ιο
205 1767 297 1807 patre
321 1763 451 1797 domino
474 1765 693 1808 Bald(ewino)
720 1765 964 1807 archiepiscopo
995 1765 1187 1797 Treverensi
1212 1765 1356 1806 predicto
1380 1765 1603 1803 convenimus,
1627 1763 1679 1794 vel
1703 1761 1858 1794 Richardi

204 1817 245 1849 de
269 1816 540 1850 Schonenbourch
568 1817 694 1857 militis,
722 1818 749 1849 si
780 1817 883 1849 dictus
911 1817 1094 1849 Everardus
1121 1816 1255 1848 haberir
1275 1827 1338 1848 non
1361 1817 1477 1859 possit,
1509 1816 1628 1847 dictum
1653 1818 1792 1846 castrum
1816 1813 1860 1845 de

203 1867 316 1901 Cfibes
337 1879 411 1901 cum
433 1869 502 1901 eius
525 1869 645 1911 oppido
669 1872 703 1902 et
724 1870 901 1901 attinentiis
924 1869 1080 1901 universis
1100 1869 1347 1901 committemus.
1385 1868 1459 1900 Hiis
1480 1868 1583 1910 pactis
1606 1872 1638 1899 et
1661 1866 1858 1898 condicioni-

203 1921 278 1963 bus,
307 1920 394 1963 quod
426 1922 452 1952 si
478 1932 536 1954 nos
563 1922 595 1953 in
625 1921 756 1954 defectu
786 1932 930 1954 essemus
960 1920 1105 1963 predicto
1129 1922 1198 1962 regi
1222 1920 1420 1962 adimplendi
1449 1924 1483 1952 et
1511 1918 1703 1951 observandi
1726 1916 1854 1959 singula

202 1973 359 2015 premissa
382 1972 433 2005 vel
455 1973 566 2016 aliqua
588 1974 832 2015 premissorum,
855 1977 892 2005 ut
914 1974 1061 2014 superius
1089 1976 1138 2004 est
1161 1975 1368 2013 conventum,
1399 1971 1486 2004 idem
1510 1976 1649 2003 castrum
1673 1969 1859 2001 custodiens

159 2035 184 2055 ss
202 2025 307 2066 ipsum
330 2024 434 2056 libere
457 2024 500 2056 ad
522 2035 636 2057 manus
659 2025 736 2056 dicti
759 2025 996 2066 archiepiscopi
1018 2035 1075 2056 seu
1099 2024 1232 2055 alterius
1255 2024 1296 2056 de
1319 2035 1376 2055 suo
1394 2027 1482 2055 certo
1500 2027 1533 2055 et
1554 2022 1687 2065 speciali
1705 2021 1859 2052 mandato

203 2086 263 2119 per
296 2079 370 2108 eum
404 2075 446 2108 ad
481 2075 542 2108 hoc
577 2076 754 2119 deputandi
788 2077 881 2109 titulo
916 2077 1060 2118 pignoris
1089 2087 1147 2108 seu
1177 2076 1337 2118 ypothece
1368 2075 1542 2107 tenendum
1571 2078 1604 2106 et
1628 2072 1857 2116 possidendum

203 2127 380 2170 assignabit
404 2138 478 2160 eum
504 2128 651 2160 omnibus
681 2133 715 2160 et
745 2129 879 2171 singulis
902 2129 1025 2160 iuribus
1049 2132 1082 2160 et
1104 2127 1327 2170 pertinenciis,
1352 2138 1518 2169 quousque
1543 2127 1650 2157 omnia
1672 2130 1706 2156 et
1730 2123 1856 2165 singula

203 2180 348 2222 superius
370 2182 522 2212 contenta
544 2181 711 2212 extiterint
733 2181 933 2223 integraliter
955 2180 1132 2222 adiupleta,
1155 2179 1372 2222 percipiendis
1396 2180 1426 2210 in
1451 2184 1571 2210 sortem
1596 2178 1727 2209 minime
1752 2175 1855 2207 defal—

203 2230 322 2262 caudis.

157 2291 184 2313 ω
312 2285 361 2316 13.
395 2281 500 2325 Super
525 2283 640 2325 quibus
663 2283 783 2315 ultimis
808 2283 909 2315 tribus
933 2284 1076 2315 articulis
1099 2283 1276 2315 inmediate
1303 2282 1553 2325 precedentibus
1582 2286 1615 2312 et
1644 2281 1802 2311 contentis
1825 2279 1858 2310 in

201 2336 247 2366 eis
273 2334 407 2367 firmiter
436 2334 645 2367 observandis
673 2339 706 2367 et
734 2335 952 2377 adimplendis
986 2335 1208 2367 constituimus
1241 2334 1446 2366 fideiussores
1476 2338 1508 2364 et
1537 2332 1714 2374 quemlibet
1744 2342 1856 2363 eorum

199 2386 409 2426 insolidum,
438 2387 590 2418 videlicet
623 2387 725 2419 tales
755 2390 795 2418 ut
823 2387 970 2429 supra².
1017 2386 1090 2418 Hiis
1119 2387 1220 2427 pactis
1250 2390 1283 2417 et
1312 2385 1551 2417 conditionibus
1584 2385 1613 2415 in
1645 2384 1714 2425 ipsa
1737 2384 1855 2414 consti-

200 2438 327 2470 tuo-ione
349 2437 573 2470 fideiussorum
596 2438 731 2470 adiectis
754 2438 795 2471 de
819 2449 976 2470 consensu
999 2438 1102 2470 libero
1125 2442 1159 2470 et
1183 2448 1336 2479 expresso
1355 2438 1495 2479 ipsorum
1519 2436 1752 2469 fideiussorum.
1769 2434 1854 2476 quod

201 2490 227 2520 si
251 2487 350 2532 [nos]¹·
373 2490 405 2520 in
428 2500 519 2522 mora
542 2493 598 2522 aut
621 2490 750 2522 defectu
773 2489 960 2532 adinplendi
984 2490 1141 2532 premissa
1164 2500 1222 2521 seu
1245 2488 1375 2530 aliquod
1394 2490 1534 2530 ipsorum
1553 2499 1623 2519 esse
1645 2488 1858 2527 contingeret,

158 2552 184 2572 40
203 2540 245 2572 ad
260 2541 468 2572 monitionem
485 2540 562 2572 dicti
579 2541 700 2573 domini
723 2540 853 2585 [regisP'
877 2541 928 2573 vel
952 2542 1021 2573 eius
1038 2541 1231 2572 successoris
1254 2545 1310 2572 aut
1333 2540 1464 2571 alterius
1488 2549 1599 2570 eornm
1622 2539 1749 2569 nomine
1775 2538 1856 2568 infra

203 2601 356 2632 mensem,
381 2596 552 2634 postquam
577 2593 690 2624 moniti
713 2593 847 2633 fuerint,
871 2594 900 2624 iu
925 2593 1063 2634 propriis
1090 2592 1235 2634 personis
1258 2591 1344 2633 apud
1368 2591 1606 2623 Confluenciam
1633 2590 1740 2620 venire
1766 2595 1855 2619 tene-

203 2641 333 2675 buntur*
353 2647 386 2675 et
418 2642 538 2674 ibidem
575 2643 688 2675 domus
723 2644 873 2676 honestas
908 2655 949 2675 ex
985 2648 1079 2686 parte
1114 2643 1190 2674 dicti
1225 2643 1345 2674 domini
1378 2643 1463 2683 regis
1488 2642 1537 2672 vel
1568 2641 1759 2671 successoris
1788 2641 1857 2670 eius

304 2727 352 2755 07.
379 2727 399 2760 ¹)
418 2729 427 2754 i
445 2738 512 2755 corr.
531 2738 562 2755 ex
579 2739 593 2755 e
613 2739 633 2756 c.
722 2731 747 2761 ff)
766 2730 853 2755 Coube
871 2738 891 2754 c.
981 2729 1006 2763 l⁵¹)
1025 2730 1116 2755 excid-'e
1135 2739 1156 2755 c.

307 2797 331 2831 1)
344 2805 410 2831 pay.
425 2801 456 2824 61
474 2797 522 2824 lin.
538 2801 627 2824 5-17.
