<?xml version="1.0" encoding="UTF-8"?>
<!DOCTYPE html PUBLIC "-//W3C//DTD XHTML 1.0 Transitional//EN"
    "http://www.w3.org/TR/xhtml1/DTD/xhtml1-transitional.dtd">
<html xmlns="http://www.w3.org/1999/xhtml" xml:lang="en" lang="en">
 <head>
  <title>
</title>
<meta http-equiv="Content-Type" content="text/html;charset=utf-8" />
  <meta name='ocr-system' content='tesseract 3.04.00' />
  <meta name='ocr-capabilities' content='ocr_page ocr_carea ocr_par ocr_line ocrx_word'/>
</head>
<body>
  <div class='ocr_page' id='page_1' title='image "./monumentagerma05geseuoft_0823.png"; bbox 0 0 2184 3126; ppageno 0'>
   <div class='ocr_carea' id='block_1_1' title="bbox 445 199 1820 233">
    <p class='ocr_par' dir='ltr' id='par_1_1' title="bbox 445 199 1820 233">
     <span class='ocr_line' id='line_1_1' title="bbox 445 199 1820 233; baseline -0.004 -2"><span class='ocrx_word' id='word_1_1' title='bbox 445 202 542 232; x_wconf 78' lang='lat' dir='ltr'>ACTA</span> <span class='ocrx_word' id='word_1_2' title='bbox 562 201 676 230; x_wconf 71' lang='lat' dir='ltr'><strong>amm</strong></span> <span class='ocrx_word' id='word_1_3' title='bbox 695 200 880 229; x_wconf 72' lang='lat' dir='ltr'><strong>LUDEwlcl</strong></span> <span class='ocrx_word' id='word_1_4' title='bbox 899 199 945 228; x_wconf 81' lang='lat' dir='ltr'><strong>lv.</strong></span> <span class='ocrx_word' id='word_1_5' title='bbox 965 199 1010 228; x_wconf 79' lang='lat' dir='ltr'><strong>m·</strong></span> <span class='ocrx_word' id='word_1_6' title='bbox 1029 199 1214 227; x_wconf 79' lang='lat' dir='ltr'>FRIDERICI</span> <span class='ocrx_word' id='word_1_7' title='bbox 1232 199 1280 228; x_wconf 52' lang='lat'><strong>111,</strong></span> <span class='ocrx_word' id='word_1_8' title='bbox 1317 199 1392 228; x_wconf 74' lang='lat'><strong>1324.</strong></span> <span class='ocrx_word' id='word_1_9' title='bbox 1429 199 1477 227; x_wconf 82' lang='lat' dir='ltr'><strong>Nr.</strong></span> <span class='ocrx_word' id='word_1_10' title='bbox 1489 199 1549 228; x_wconf 75' lang='lat'><strong>944.</strong></span> <span class='ocrx_word' id='word_1_11' title='bbox 1758 201 1820 233; x_wconf 80' lang='grc'><strong>783</strong></span> 
     </span>
    </p>
   </div>
   <div class='ocr_carea' id='block_1_2' title="bbox 121 287 1916 2591">
    <p class='ocr_par' dir='ltr' id='par_1_2' title="bbox 166 287 1916 484">
     <span class='ocr_line' id='line_1_2' title="bbox 277 287 1916 329; baseline -0.002 -6"><span class='ocrx_word' id='word_1_12' title='bbox 277 293 306 323; x_wconf 88' lang='grc'><strong>7.</strong></span> <span class='ocrx_word' id='word_1_13' title='bbox 335 293 373 322; x_wconf 80' lang='lat' dir='ltr'><strong>Et</strong></span> <span class='ocrx_word' id='word_1_14' title='bbox 402 293 471 322; x_wconf 86' lang='lat' dir='ltr'><strong>licet</strong></span> <span class='ocrx_word' id='word_1_15' title='bbox 499 294 599 322; x_wconf 84' lang='lat' dir='ltr'><strong>contra</strong></span> <span class='ocrx_word' id='word_1_16' title='bbox 620 292 766 324; x_wconf 82' lang='lat' dir='ltr'><strong>civitates.</strong></span> <span class='ocrx_word' id='word_1_17' title='bbox 790 291 1023 324; x_wconf 85' lang='lat' dir='ltr'><strong>communitates,</strong></span> <span class='ocrx_word' id='word_1_18' title='bbox 1046 291 1249 319; x_wconf 86' lang='lat' dir='ltr'><strong>universitates</strong></span> <span class='ocrx_word' id='word_1_19' title='bbox 1272 292 1302 318; x_wconf 90' lang='lat' dir='ltr'><strong>et</strong></span> <span class='ocrx_word' id='word_1_20' title='bbox 1324 290 1483 326; x_wconf 72' lang='lat' dir='ltr'>singulares</span> <span class='ocrx_word' id='word_1_21' title='bbox 1506 292 1672 326; x_wconf 71' lang='lat' dir='ltr'><strong>personas‘,</strong></span> <span class='ocrx_word' id='word_1_22' title='bbox 1699 296 1762 329; x_wconf 83' lang='lat' dir='ltr'><strong>que</strong></span> <span class='ocrx_word' id='word_1_23' title='bbox 1792 287 1823 318; x_wconf 83' lang='lat' dir='ltr'><strong>in</strong></span> <span class='ocrx_word' id='word_1_24' title='bbox 1838 295 1916 319; x_wconf 64' lang='lat' dir='ltr'><strong>etv-²·</strong></span> 
     </span>
     <span class='ocr_line' id='line_1_3' title="bbox 166 337 1823 385; baseline -0.004 -10"><span class='ocrx_word' id='word_1_25' title='bbox 166 341 320 385; x_wconf 77' lang='lat' dir='ltr'><strong>predictis</strong></span> <span class='ocrx_word' id='word_1_26' title='bbox 336 347 372 375; x_wconf 89' lang='lat' dir='ltr'><strong>et</strong></span> <span class='ocrx_word' id='word_1_27' title='bbox 387 341 472 374; x_wconf 88' lang='lat' dir='ltr'><strong>circa</strong></span> <span class='ocrx_word' id='word_1_28' title='bbox 489 350 530 373; x_wconf 85' lang='lat' dir='ltr'><strong>ea</strong></span> <span class='ocrx_word' id='word_1_29' title='bbox 544 340 657 373; x_wconf 75' lang='lat' dir='ltr'><strong>forsan</strong></span> <span class='ocrx_word' id='word_1_30' title='bbox 672 338 902 382; x_wconf 76' lang='lat' dir='ltr'><strong>deliquerant,</strong></span> <span class='ocrx_word' id='word_1_31' title='bbox 925 338 968 371; x_wconf 88' lang='lat' dir='ltr'><strong>ad</strong></span> <span class='ocrx_word' id='word_1_32' title='bbox 991 337 1135 371; x_wconf 79' lang='lat' dir='ltr'><strong>debitam</strong></span> <span class='ocrx_word' id='word_1_33' title='bbox 1158 338 1397 380; x_wconf 74' lang='lat' dir='ltr'><strong>impositionem</strong></span> <span class='ocrx_word' id='word_1_34' title='bbox 1421 348 1576 380; x_wconf 88' lang='lat' dir='ltr'><strong>penarum</strong></span> <span class='ocrx_word' id='word_1_35' title='bbox 1593 337 1706 370; x_wconf 80' lang='lat' dir='ltr'><strong>fuisset</strong></span> <span class='ocrx_word' id='word_1_36' title='bbox 1720 342 1823 370; x_wconf 70' lang='lat' dir='ltr'><strong>merito</strong></span> 
     </span>
     <span class='ocr_line' id='line_1_4' title="bbox 167 388 1823 434; baseline -0.003 -8"><span class='ocrx_word' id='word_1_37' title='bbox 167 397 388 434; x_wconf 85' lang='lat' dir='ltr'><strong>procedendum,</strong></span> <span class='ocrx_word' id='word_1_38' title='bbox 412 392 453 424; x_wconf 76' lang='lat' dir='ltr'><strong>do</strong></span> <span class='ocrx_word' id='word_1_39' title='bbox 481 391 681 434; x_wconf 71' lang='lat' dir='ltr'><strong>benignitate</strong></span> <span class='ocrx_word' id='word_1_40' title='bbox 711 393 819 423; x_wconf 73' lang='lat' dir='ltr'><strong>tamen</strong></span> <span class='ocrx_word' id='word_1_41' title='bbox 842 395 918 423; x_wconf 87' lang='lat' dir='ltr'><strong>sedis</strong></span> <span class='ocrx_word' id='word_1_42' title='bbox 940 393 1117 430; x_wconf 85' lang='lat' dir='ltr'><strong>apostolice¹¹</strong></span> <span class='ocrx_word' id='word_1_43' title='bbox 1140 388 1213 422; x_wconf 75' lang='lat' dir='ltr'><strong>iliae</strong></span> <span class='ocrx_word' id='word_1_44' title='bbox 1235 394 1358 430; x_wconf 86' lang='lat' dir='ltr'><strong>amplius</strong></span> <span class='ocrx_word' id='word_1_45' title='bbox 1381 395 1616 430; x_wconf 80' lang='lat' dir='ltr'><strong>expectantes‘,</strong></span> <span class='ocrx_word' id='word_1_46' title='bbox 1640 393 1770 422; x_wconf 89' lang='lat' dir='ltr'><strong>omnibus</strong></span> <span class='ocrx_word' id='word_1_47' title='bbox 1794 396 1823 421; x_wconf 82' lang='lat' dir='ltr'><strong>et</strong></span> 
     </span>
     <span class='ocr_line' id='line_1_5' title="bbox 166 443 1823 484; baseline -0.003 -8"><span class='ocrx_word' id='word_1_48' title='bbox 166 447 285 484; x_wconf 90' lang='lat' dir='ltr'><strong>singulis</strong></span> <span class='ocrx_word' id='word_1_49' title='bbox 297 446 471 481; x_wconf 87' lang='lat' dir='ltr'><strong>civitatibus,</strong></span> <span class='ocrx_word' id='word_1_50' title='bbox 489 445 747 478; x_wconf 87' lang='lat' dir='ltr'><strong>communitatibus,</strong></span> <span class='ocrx_word' id='word_1_51' title='bbox 766 444 999 474; x_wconf 85' lang='lat' dir='ltr'><strong>universitatibus</strong></span> <span class='ocrx_word' id='word_1_52' title='bbox 1010 446 1040 472; x_wconf 90' lang='lat' dir='ltr'><strong>et</strong></span> <span class='ocrx_word' id='word_1_53' title='bbox 1052 443 1177 479; x_wconf 86' lang='lat' dir='ltr'><strong>personis</strong></span> <span class='ocrx_word' id='word_1_54' title='bbox 1189 443 1407 480; x_wconf 66' lang='lat' dir='ltr'><strong>singularibus&#39;,</strong></span> <span class='ocrx_word' id='word_1_55' title='bbox 1424 444 1614 479; x_wconf 86' lang='lat' dir='ltr'><strong>cuiuscunque</strong></span> <span class='ocrx_word' id='word_1_56' title='bbox 1628 444 1823 479; x_wconf 80' lang='lat' dir='ltr'><strong>preminentie.</strong></span> 
     </span>
    </p>

    <p class='ocr_par' dir='ltr' id='par_1_3' title="bbox 134 495 1823 744">
     <span class='ocr_line' id='line_1_6' title="bbox 134 495 1822 535; baseline -0.002 -9"><span class='ocrx_word' id='word_1_57' title='bbox 134 505 147 526; x_wconf 77' lang='lat' dir='ltr'><strong>t</strong></span> <span class='ocrx_word' id='word_1_58' title='bbox 166 499 327 535; x_wconf 86' lang='lat' dir='ltr'><strong>dignitatis,</strong></span> <span class='ocrx_word' id='word_1_59' title='bbox 346 499 438 527; x_wconf 83' lang='lat' dir='ltr'><strong>status</strong></span> <span class='ocrx_word' id='word_1_60' title='bbox 456 497 500 526; x_wconf 89' lang='lat' dir='ltr'><strong>vel</strong></span> <span class='ocrx_word' id='word_1_61' title='bbox 517 496 686 525; x_wconf 86' lang='lat' dir='ltr'><strong>conditionis</strong></span> <span class='ocrx_word' id='word_1_62' title='bbox 703 496 891 528; x_wconf 86' lang='lat' dir='ltr'><strong>existerent.</strong></span> <span class='ocrx_word' id='word_1_63' title='bbox 911 495 1023 524; x_wconf 85' lang='lat' dir='ltr'><strong>etiamsi</strong></span> <span class='ocrx_word' id='word_1_64' title='bbox 1041 495 1131 531; x_wconf 82' lang='lat' dir='ltr'><strong>regali</strong></span> <span class='ocrx_word' id='word_1_65' title='bbox 1149 497 1200 523; x_wconf 82' lang='lat' dir='ltr'><strong>aut</strong></span> <span class='ocrx_word' id='word_1_66' title='bbox 1216 495 1275 523; x_wconf 80' lang='lat' dir='ltr'><strong>alia</strong></span> <span class='ocrx_word' id='word_1_67' title='bbox 1293 504 1459 530; x_wconf 82' lang='lat' dir='ltr'><strong>quacunque</strong></span> <span class='ocrx_word' id='word_1_68' title='bbox 1477 495 1639 531; x_wconf 72' lang='lat' dir='ltr'><strong>dignitate·</strong></span> <span class='ocrx_word' id='word_1_69' title='bbox 1653 495 1774 531; x_wconf 74' lang='lat' dir='ltr'><strong>fulgere</strong></span> <span class='ocrx_word' id='word_1_70' title='bbox 1781 498 1822 527; x_wconf 80' lang='lat' dir='ltr'><strong>nt,</strong></span> 
     </span>
     <span class='ocr_line' id='line_1_7' title="bbox 166 548 1823 584; baseline -0.003 -4"><span class='ocrx_word' id='word_1_71' title='bbox 166 552 197 580; x_wconf 87' lang='lat' dir='ltr'><strong>in</strong></span> <span class='ocrx_word' id='word_1_72' title='bbox 225 551 330 580; x_wconf 86' lang='lat' dir='ltr'><strong>virtute</strong></span> <span class='ocrx_word' id='word_1_73' title='bbox 359 548 468 579; x_wconf 78' lang='lat' dir='ltr'><strong>sancte</strong></span> <span class='ocrx_word' id='word_1_74' title='bbox 499 549 661 578; x_wconf 77' lang='lat' dir='ltr'>obedientie</span> <span class='ocrx_word' id='word_1_75' title='bbox 684 550 714 578; x_wconf 89' lang='lat' dir='ltr'><strong>et</strong></span> <span class='ocrx_word' id='word_1_76' title='bbox 741 549 792 577; x_wconf 92' lang='lat' dir='ltr'><strong>sub</strong></span> <span class='ocrx_word' id='word_1_77' title='bbox 820 548 1122 577; x_wconf 62' lang='lat' dir='ltr'><strong>excommunicationis</strong></span> <span class='ocrx_word' id='word_1_78' title='bbox 1152 548 1182 575; x_wconf 85' lang='lat' dir='ltr'><strong>in</strong></span> <span class='ocrx_word' id='word_1_79' title='bbox 1211 548 1370 584; x_wconf 83' lang='lat' dir='ltr'><strong>singulares</strong></span> <span class='ocrx_word' id='word_1_80' title='bbox 1400 556 1537 584; x_wconf 87' lang='lat' dir='ltr'><strong>personas</strong></span> <span class='ocrx_word' id='word_1_81' title='bbox 1565 550 1595 577; x_wconf 85' lang='lat' dir='ltr'><strong>et</strong></span> <span class='ocrx_word' id='word_1_82' title='bbox 1622 548 1767 576; x_wconf 71' lang='lat' dir='ltr'><strong>interdicti</strong></span> <span class='ocrx_word' id='word_1_83' title='bbox 1794 548 1823 575; x_wconf 89' lang='lat' dir='ltr'><strong>in</strong></span> 
     </span>
     <span class='ocr_line' id='line_1_8' title="bbox 166 594 1823 637; baseline -0.003 -5"><span class='ocrx_word' id='word_1_84' title='bbox 166 603 308 636; x_wconf 72' lang='lat' dir='ltr'><strong>civitaten,</strong></span> <span class='ocrx_word' id='word_1_85' title='bbox 331 604 422 631; x_wconf 84' lang='lat' dir='ltr'><strong>terras</strong></span> <span class='ocrx_word' id='word_1_86' title='bbox 445 603 475 630; x_wconf 85' lang='lat' dir='ltr'><strong>et</strong></span> <span class='ocrx_word' id='word_1_87' title='bbox 498 602 561 629; x_wconf 87' lang='lat' dir='ltr'><strong>loca</strong></span> <span class='ocrx_word' id='word_1_88' title='bbox 583 601 722 637; x_wconf 84' lang='lat' dir='ltr'><strong>ipsorum</strong></span> <span class='ocrx_word' id='word_1_89' title='bbox 738 609 772 629; x_wconf 88' lang='lat' dir='ltr'><strong>ac</strong></span> <span class='ocrx_word' id='word_1_90' title='bbox 795 600 1015 629; x_wconf 87' lang='lat' dir='ltr'><strong>communitates</strong></span> <span class='ocrx_word' id='word_1_91' title='bbox 1031 602 1062 628; x_wconf 87' lang='lat' dir='ltr'><strong>et</strong></span> <span class='ocrx_word' id='word_1_92' title='bbox 1077 599 1280 628; x_wconf 84' lang='lat' dir='ltr'><strong>universitates</strong></span> <span class='ocrx_word' id='word_1_93' title='bbox 1295 599 1447 634; x_wconf 86' lang='lat' dir='ltr'><strong>predictas,</strong></span> <span class='ocrx_word' id='word_1_94' title='bbox 1469 608 1540 635; x_wconf 86' lang='lat' dir='ltr'><strong>quas</strong></span> <span class='ocrx_word' id='word_1_95' title='bbox 1562 594 1644 636; x_wconf 78' lang='lat' dir='ltr'><strong>illae,</strong></span> <span class='ocrx_word' id='word_1_96' title='bbox 1663 599 1687 627; x_wconf 91' lang='lat' dir='ltr'><strong>si</strong></span> <span class='ocrx_word' id='word_1_97' title='bbox 1703 601 1823 628; x_wconf 86' lang='lat' dir='ltr'><strong>contra</strong></span> 
     </span>
     <span class='ocr_line' id='line_1_9' title="bbox 167 646 1823 690; baseline -0.003 -7"><span class='ocrx_word' id='word_1_98' title='bbox 167 655 335 687; x_wconf 73' lang='lat' dir='ltr'><strong>facerent,</strong></span> <span class='ocrx_word' id='word_1_99' title='bbox 357 648 520 681; x_wconf 89' lang='lat' dir='ltr'><strong>incurrere</strong></span> <span class='ocrx_word' id='word_1_100' title='bbox 543 647 715 680; x_wconf 87' lang='lat' dir='ltr'><strong>voluimus</strong></span> <span class='ocrx_word' id='word_1_101' title='bbox 738 658 777 680; x_wconf 91' lang='lat' dir='ltr'><strong>eo</strong></span> <span class='ocrx_word' id='word_1_102' title='bbox 801 648 900 690; x_wconf 84' lang='lat' dir='ltr'><strong>ips0⁰‚</strong></span> <span class='ocrx_word' id='word_1_103' title='bbox 930 657 1055 680; x_wconf 90' lang='lat' dir='ltr'><strong>necnon</strong></span> <span class='ocrx_word' id='word_1_104' title='bbox 1078 646 1265 689; x_wconf 76' lang='lat' dir='ltr'><strong>privationis</strong></span> <span class='ocrx_word' id='word_1_105' title='bbox 1291 646 1532 689; x_wconf 84' lang='lat' dir='ltr'><strong>privilegiorum</strong></span> <span class='ocrx_word' id='word_1_106' title='bbox 1560 656 1823 689; x_wconf 88' lang='lat' dir='ltr'><strong>quorumcunque</strong></span> 
     </span>
     <span class='ocr_line' id='line_1_10' title="bbox 167 697 1822 744; baseline -0.002 -11"><span class='ocrx_word' id='word_1_107' title='bbox 167 700 418 744; x_wconf 83' lang='lat' dir='ltr'><strong>apostolicorum</strong></span> <span class='ocrx_word' id='word_1_108' title='bbox 442 702 475 732; x_wconf 89' lang='lat' dir='ltr'><strong>et</strong></span> <span class='ocrx_word' id='word_1_109' title='bbox 497 699 712 742; x_wconf 80' lang='lat' dir='ltr'><strong>imperialium</strong></span> <span class='ocrx_word' id='word_1_110' title='bbox 735 709 774 731; x_wconf 87' lang='lat' dir='ltr'><strong>ac</strong></span> <span class='ocrx_word' id='word_1_111' title='bbox 797 698 978 739; x_wconf 72' lang='lat' dir='ltr'><strong>feudorum,</strong></span> <span class='ocrx_word' id='word_1_112' title='bbox 1000 707 1063 741; x_wconf 90' lang='lat' dir='ltr'><strong>que</strong></span> <span class='ocrx_word' id='word_1_113' title='bbox 1086 707 1107 730; x_wconf 86' lang='lat' dir='ltr'><strong>a</strong></span> <span class='ocrx_word' id='word_1_114' title='bbox 1121 697 1270 730; x_wconf 86' lang='lat' dir='ltr'><strong>Romana</strong></span> <span class='ocrx_word' id='word_1_115' title='bbox 1285 698 1337 730; x_wconf 90' lang='lat' dir='ltr'><strong>vel</strong></span> <span class='ocrx_word' id='word_1_116' title='bbox 1360 697 1432 730; x_wconf 90' lang='lat' dir='ltr'><strong>aliis</strong></span> <span class='ocrx_word' id='word_1_117' title='bbox 1454 698 1599 730; x_wconf 88' lang='lat' dir='ltr'><strong>ecclesiis</strong></span> <span class='ocrx_word' id='word_1_118' title='bbox 1614 711 1671 730; x_wconf 81' lang='lat' dir='ltr'><strong>seu</strong></span> <span class='ocrx_word' id='word_1_119' title='bbox 1687 697 1822 741; x_wconf 86' lang='lat' dir='ltr'><strong>imperio</strong></span> 
     </span>
    </p>

    <p class='ocr_par' dir='ltr' id='par_1_4' title="bbox 125 748 1823 999">
     <span class='ocr_line' id='line_1_11' title="bbox 125 748 1822 795; baseline -0.001 -13"><span class='ocrx_word' id='word_1_120' title='bbox 125 759 151 782; x_wconf 84' lang='grc' dir='ltr'><strong>ιο</strong></span> <span class='ocrx_word' id='word_1_121' title='bbox 169 751 416 795; x_wconf 79' lang='lat' dir='ltr'><strong>quomodolibet</strong></span> <span class='ocrx_word' id='word_1_122' title='bbox 439 750 648 788; x_wconf 77' lang='lat' dir='ltr'><strong>obtinerent,</strong></span> <span class='ocrx_word' id='word_1_123' title='bbox 678 750 770 793; x_wconf 90' lang='lat' dir='ltr'><strong>penis</strong></span> <span class='ocrx_word' id='word_1_124' title='bbox 793 753 827 783; x_wconf 89' lang='lat' dir='ltr'><strong>et</strong></span> <span class='ocrx_word' id='word_1_125' title='bbox 849 749 1016 783; x_wconf 75' lang='lat' dir='ltr'><strong>sententiis</strong></span> <span class='ocrx_word' id='word_1_126' title='bbox 1036 749 1261 782; x_wconf 76' lang='lat' dir='ltr'><strong>iniunximus*</strong></span> <span class='ocrx_word' id='word_1_127' title='bbox 1283 749 1457 782; x_wconf 86' lang='lat' dir='ltr'><strong>districtius</strong></span> <span class='ocrx_word' id='word_1_128' title='bbox 1479 748 1680 786; x_wconf 81' lang='lat' dir='ltr'><strong>inhibendo,</strong></span> <span class='ocrx_word' id='word_1_129' title='bbox 1703 761 1739 781; x_wconf 89' lang='lat' dir='ltr'><strong>ne</strong></span> <span class='ocrx_word' id='word_1_130' title='bbox 1762 762 1822 788; x_wconf 79' lang='lat' dir='ltr'><strong>pre-</strong></span> 
     </span>
     <span class='ocr_line' id='line_1_12' title="bbox 170 801 1822 844; baseline -0.002 -9"><span class='ocrx_word' id='word_1_131' title='bbox 170 802 258 836; x_wconf 80' lang='lat' dir='ltr'><strong>dicto</strong></span> <span class='ocrx_word' id='word_1_132' title='bbox 281 807 372 835; x_wconf 85' lang='lat' dir='ltr'><strong>electo</strong></span> <span class='ocrx_word' id='word_1_133' title='bbox 395 807 425 834; x_wconf 93' lang='lat' dir='ltr'><strong>in</strong></span> <span class='ocrx_word' id='word_1_134' title='bbox 449 802 613 844; x_wconf 81' lang='lat' dir='ltr'><strong>premissis</strong></span> <span class='ocrx_word' id='word_1_135' title='bbox 637 806 680 834; x_wconf 85' lang='lat' dir='ltr'><strong>vel</strong></span> <span class='ocrx_word' id='word_1_136' title='bbox 704 801 790 834; x_wconf 83' lang='lat' dir='ltr'><strong>eirca</strong></span> <span class='ocrx_word' id='word_1_137' title='bbox 816 811 856 835; x_wconf 84' lang='lat' dir='ltr'><strong>ea</strong></span> <span class='ocrx_word' id='word_1_138' title='bbox 878 807 1014 841; x_wconf 86' lang='lat' dir='ltr'><strong>tanquam</strong></span> <span class='ocrx_word' id='word_1_139' title='bbox 1042 805 1103 841; x_wconf 87' lang='lat' dir='ltr'><strong>regi</strong></span> <span class='ocrx_word' id='word_1_140' title='bbox 1125 804 1196 833; x_wconf 68' lang='lat' dir='ltr'><strong>seu&#39;</strong></span> <span class='ocrx_word' id='word_1_141' title='bbox 1219 805 1248 832; x_wconf 89' lang='lat' dir='ltr'><strong>in</strong></span> <span class='ocrx_word' id='word_1_142' title='bbox 1271 814 1368 840; x_wconf 88' lang='lat' dir='ltr'><strong>regem</strong></span> <span class='ocrx_word' id='word_1_143' title='bbox 1390 802 1609 839; x_wconf 86' lang='lat' dir='ltr'><strong>Roman(orum)</strong></span> <span class='ocrx_word' id='word_1_144' title='bbox 1632 805 1736 837; x_wconf 82' lang='lat' dir='ltr'><strong>electo.</strong></span> <span class='ocrx_word' id='word_1_145' title='bbox 1767 804 1822 831; x_wconf 89' lang='lat' dir='ltr'><strong>nisi</strong></span> 
     </span>
     <span class='ocr_line' id='line_1_13' title="bbox 168 850 1823 893; baseline -0.002 -7"><span class='ocrx_word' id='word_1_146' title='bbox 168 858 193 886; x_wconf 84' lang='lat' dir='ltr'><strong>si</strong></span> <span class='ocrx_word' id='word_1_147' title='bbox 216 860 246 887; x_wconf 93' lang='lat' dir='ltr'><strong>et</strong></span> <span class='ocrx_word' id='word_1_148' title='bbox 268 867 331 886; x_wconf 88' lang='lat' dir='ltr'><strong>oum</strong></span> <span class='ocrx_word' id='word_1_149' title='bbox 354 858 523 886; x_wconf 79' lang='lat' dir='ltr'><strong>electionem</strong></span> <span class='ocrx_word' id='word_1_150' title='bbox 545 862 637 885; x_wconf 79' lang='lat' dir='ltr'><strong>suam</strong></span> <span class='ocrx_word' id='word_1_151' title='bbox 660 857 775 885; x_wconf 77' lang='lat' dir='ltr'><strong>admitti</strong></span> <span class='ocrx_word' id='word_1_152' title='bbox 798 855 831 885; x_wconf 88' lang='lat' dir='ltr'><strong>et</strong></span> <span class='ocrx_word' id='word_1_153' title='bbox 853 865 1003 893; x_wconf 81' lang='lat' dir='ltr'><strong>personam</strong></span> <span class='ocrx_word' id='word_1_154' title='bbox 1026 861 1116 884; x_wconf 82' lang='lat' dir='ltr'><strong>suam</strong></span> <span class='ocrx_word' id='word_1_155' title='bbox 1139 864 1190 891; x_wconf 88' lang='lat' dir='ltr'><strong>per</strong></span> <span class='ocrx_word' id='word_1_156' title='bbox 1212 850 1348 884; x_wconf 84' lang='lat' dir='ltr'><strong>eandem</strong></span> <span class='ocrx_word' id='word_1_157' title='bbox 1365 856 1460 884; x_wconf 87' lang='lat' dir='ltr'><strong>sedem</strong></span> <span class='ocrx_word' id='word_1_158' title='bbox 1475 856 1628 892; x_wconf 83' lang='lat' dir='ltr'><strong>approbari</strong></span> <span class='ocrx_word' id='word_1_159' title='bbox 1644 855 1823 891; x_wconf 83' lang='lat' dir='ltr'><strong>contingeret</strong></span> 
     </span>
     <span class='ocr_line' id='line_1_14' title="bbox 166 904 1823 946; baseline -0.002 -8"><span class='ocrx_word' id='word_1_160' title='bbox 166 908 200 938; x_wconf 75' lang='lat' dir='ltr'><strong>et</strong></span> <span class='ocrx_word' id='word_1_161' title='bbox 222 904 359 946; x_wconf 72' lang='lat' dir='ltr'><strong>admitti,</strong></span> <span class='ocrx_word' id='word_1_162' title='bbox 382 910 541 945; x_wconf 86' lang='lat' dir='ltr'><strong>parerent</strong></span> <span class='ocrx_word' id='word_1_163' title='bbox 563 910 621 937; x_wconf 65' lang='lat' dir='ltr'><strong>et?</strong></span> <span class='ocrx_word' id='word_1_164' title='bbox 635 908 844 937; x_wconf 79' lang='lat' dir='ltr'><strong>intenderent</strong></span> <span class='ocrx_word' id='word_1_165' title='bbox 865 910 916 936; x_wconf 87' lang='lat' dir='ltr'><strong>aut</strong></span> <span class='ocrx_word' id='word_1_166' title='bbox 938 908 1142 936; x_wconf 71' lang='lat' dir='ltr'><strong>adhererent</strong></span> <span class='ocrx_word' id='word_1_167' title='bbox 1164 916 1221 935; x_wconf 91' lang='lat' dir='ltr'><strong>seu</strong></span> <span class='ocrx_word' id='word_1_168' title='bbox 1243 909 1426 942; x_wconf 69' lang='lat' dir='ltr'><strong>prestarent</strong></span> <span class='ocrx_word' id='word_1_169' title='bbox 1447 915 1499 943; x_wconf 90' lang='lat' dir='ltr'><strong>per</strong></span> <span class='ocrx_word' id='word_1_170' title='bbox 1521 916 1551 935; x_wconf 90' lang='lat' dir='ltr'><strong>se</strong></span> <span class='ocrx_word' id='word_1_171' title='bbox 1575 907 1618 935; x_wconf 83' lang='lat' dir='ltr'><strong>vel</strong></span> <span class='ocrx_word' id='word_1_172' title='bbox 1642 908 1719 942; x_wconf 81' lang='lat' dir='ltr'><strong>per⁴¹</strong></span> <span class='ocrx_word' id='word_1_173' title='bbox 1735 907 1823 934; x_wconf 85' lang='lat' dir='ltr'><strong>aliurn</strong></span> 
     </span>
     <span class='ocr_line' id='line_1_15' title="bbox 165 953 1822 999; baseline -0.002 -10"><span class='ocrx_word' id='word_1_174' title='bbox 165 969 216 989; x_wconf 86' lang='lat' dir='ltr'><strong>seu</strong></span> <span class='ocrx_word' id='word_1_175' title='bbox 238 961 310 989; x_wconf 80' lang='lat' dir='ltr'><strong>alios</strong></span> <span class='ocrx_word' id='word_1_176' title='bbox 333 955 562 999; x_wconf 88' lang='lat' dir='ltr'><strong>quoquomodo</strong></span> <span class='ocrx_word' id='word_1_177' title='bbox 585 960 751 994; x_wconf 83' lang='lat' dir='ltr'><strong>consilium,</strong></span> <span class='ocrx_word' id='word_1_178' title='bbox 775 960 929 988; x_wconf 70' lang='lat' dir='ltr'><strong>auxilium‘</strong></span> <span class='ocrx_word' id='word_1_179' title='bbox 953 959 999 988; x_wconf 84' lang='lat' dir='ltr'><strong>vel</strong></span> <span class='ocrx_word' id='word_1_180' title='bbox 1022 959 1160 992; x_wconf 76' lang='lat' dir='ltr'><strong>favorem,</strong></span> <span class='ocrx_word' id='word_1_181' title='bbox 1183 964 1242 986; x_wconf 87' lang='lat' dir='ltr'><strong>nos</strong></span> <span class='ocrx_word' id='word_1_182' title='bbox 1264 953 1307 986; x_wconf 85' lang='lat' dir='ltr'><strong>ad</strong></span> <span class='ocrx_word' id='word_1_183' title='bbox 1329 953 1508 987; x_wconf 74' lang='lat' dir='ltr'><strong>illationem</strong></span> <span class='ocrx_word' id='word_1_184' title='bbox 1534 964 1690 996; x_wconf 82' lang='lat' dir='ltr'><strong>penarum</strong></span> <span class='ocrx_word' id='word_1_185' title='bbox 1714 954 1822 986; x_wconf 89' lang='lat' dir='ltr'><strong>huius-</strong></span> 
     </span>
    </p>

    <p class='ocr_par' dir='ltr' id='par_1_5' title="bbox 124 1006 1824 1255">
     <span class='ocr_line' id='line_1_16' title="bbox 124 1006 1822 1049; baseline 0 -12"><span class='ocrx_word' id='word_1_186' title='bbox 124 1015 150 1037; x_wconf 73' lang='grc' dir='ltr'><strong>ιι</strong></span> <span class='ocrx_word' id='word_1_187' title='bbox 168 1007 257 1040; x_wconf 89' lang='lat' dir='ltr'><strong>modi</strong></span> <span class='ocrx_word' id='word_1_188' title='bbox 281 1011 314 1040; x_wconf 88' lang='lat' dir='ltr'><strong>et</strong></span> <span class='ocrx_word' id='word_1_189' title='bbox 336 1007 416 1040; x_wconf 88' lang='lat' dir='ltr'><strong>alias</strong></span> <span class='ocrx_word' id='word_1_190' title='bbox 439 1010 551 1040; x_wconf 85' lang='lat' dir='ltr'><strong>contra</strong></span> <span class='ocrx_word' id='word_1_191' title='bbox 574 1017 630 1039; x_wconf 94' lang='lat' dir='ltr'><strong>eos</strong></span> <span class='ocrx_word' id='word_1_192' title='bbox 646 1007 697 1040; x_wconf 87' lang='lat' dir='ltr'><strong>vel</strong></span> <span class='ocrx_word' id='word_1_193' title='bbox 718 1006 791 1040; x_wconf 92' lang='lat' dir='ltr'><strong>illos</strong></span> <span class='ocrx_word' id='word_1_194' title='bbox 813 1017 855 1039; x_wconf 89' lang='lat' dir='ltr'><strong>ex</strong></span> <span class='ocrx_word' id='word_1_195' title='bbox 877 1007 934 1048; x_wconf 88' lang='lat' dir='ltr'><strong>eis,</strong></span> <span class='ocrx_word' id='word_1_196' title='bbox 957 1006 1012 1049; x_wconf 88' lang='lat' dir='ltr'><strong>qui</strong></span> <span class='ocrx_word' id='word_1_197' title='bbox 1035 1006 1229 1039; x_wconf 82' lang='lat' dir='ltr'><strong>contrarium</strong></span> <span class='ocrx_word' id='word_1_198' title='bbox 1252 1009 1446 1048; x_wconf 69' lang='lat' dir='ltr'><strong>attemptare</strong></span> <span class='ocrx_word' id='word_1_199' title='bbox 1469 1009 1718 1048; x_wconf 87' lang='lat' dir='ltr'><strong>presumerent·‚</strong></span> <span class='ocrx_word' id='word_1_200' title='bbox 1748 1016 1822 1048; x_wconf 85' lang='lat' dir='ltr'><strong>pro·</strong></span> 
     </span>
     <span class='ocr_line' id='line_1_17' title="bbox 168 1057 1823 1101; baseline -0.002 -9"><span class='ocrx_word' id='word_1_201' title='bbox 168 1069 315 1092; x_wconf 87' lang='lat' dir='ltr'><strong>cessuros</strong></span> <span class='ocrx_word' id='word_1_202' title='bbox 342 1059 423 1092; x_wconf 89' lang='lat' dir='ltr'><strong>sicut</strong></span> <span class='ocrx_word' id='word_1_203' title='bbox 449 1061 641 1100; x_wconf 76' lang='lat' dir='ltr'><strong>oportimum</strong></span> <span class='ocrx_word' id='word_1_204' title='bbox 665 1059 819 1091; x_wconf 78' lang='lat' dir='ltr'><strong>existeret</strong></span> <span class='ocrx_word' id='word_1_205' title='bbox 839 1057 1058 1101; x_wconf 77' lang='lat' dir='ltr'><strong>predicantes,</strong></span> <span class='ocrx_word' id='word_1_206' title='bbox 1085 1070 1143 1090; x_wconf 89' lang='lat' dir='ltr'><strong>non</strong></span> <span class='ocrx_word' id='word_1_207' title='bbox 1166 1061 1346 1090; x_wconf 72' lang='lat' dir='ltr'><strong>obstantibus</strong></span> <span class='ocrx_word' id='word_1_208' title='bbox 1368 1061 1516 1089; x_wconf 79' lang='lat' dir='ltr'><strong>fidelitatis</strong></span> <span class='ocrx_word' id='word_1_209' title='bbox 1538 1063 1568 1090; x_wconf 84' lang='lat' dir='ltr'><strong>et</strong></span> <span class='ocrx_word' id='word_1_210' title='bbox 1589 1061 1736 1096; x_wconf 75' lang='lat' dir='ltr'><strong>quibusvis</strong></span> <span class='ocrx_word' id='word_1_211' title='bbox 1758 1061 1823 1088; x_wconf 77' lang='lat' dir='ltr'><strong>aliis</strong></span> 
     </span>
     <span class='ocr_line' id='line_1_18' title="bbox 170 1111 1822 1149; baseline -0.002 -7"><span class='ocrx_word' id='word_1_212' title='bbox 170 1114 342 1146; x_wconf 84' lang='lat' dir='ltr'><strong>iuramentis,</strong></span> <span class='ocrx_word' id='word_1_213' title='bbox 362 1122 411 1149; x_wconf 91' lang='lat' dir='ltr'><strong>per</strong></span> <span class='ocrx_word' id='word_1_214' title='bbox 429 1122 483 1148; x_wconf 93' lang='lat' dir='ltr'><strong>que</strong></span> <span class='ocrx_word' id='word_1_215' title='bbox 502 1113 558 1148; x_wconf 86' lang='lat' dir='ltr'><strong>ipsi</strong></span> <span class='ocrx_word' id='word_1_216' title='bbox 578 1113 621 1141; x_wconf 88' lang='lat' dir='ltr'><strong>vel</strong></span> <span class='ocrx_word' id='word_1_217' title='bbox 640 1121 734 1141; x_wconf 87' lang='lat' dir='ltr'><strong>eorum</strong></span> <span class='ocrx_word' id='word_1_218' title='bbox 752 1112 842 1148; x_wconf 85' lang='lat' dir='ltr'><strong>aliqui</strong></span> <span class='ocrx_word' id='word_1_219' title='bbox 861 1112 938 1141; x_wconf 86' lang='lat' dir='ltr'><strong>dicto</strong></span> <span class='ocrx_word' id='word_1_220' title='bbox 955 1113 1046 1140; x_wconf 88' lang='lat' dir='ltr'><strong>electo</strong></span> <span class='ocrx_word' id='word_1_221' title='bbox 1058 1120 1088 1140; x_wconf 88' lang='lat' dir='ltr'><strong>se</strong></span> <span class='ocrx_word' id='word_1_222' title='bbox 1099 1111 1310 1146; x_wconf 86' lang='lat' dir='ltr'><strong>quomodolibet</strong></span> <span class='ocrx_word' id='word_1_223' title='bbox 1326 1111 1530 1145; x_wconf 64' lang='lat' dir='ltr'><strong>astrinxissent,</strong></span> <span class='ocrx_word' id='word_1_224' title='bbox 1547 1111 1584 1139; x_wconf 85' lang='lat' dir='ltr'><strong>ad</strong></span> <span class='ocrx_word' id='word_1_225' title='bbox 1602 1120 1719 1146; x_wconf 88' lang='lat' dir='ltr'><strong>quorum</strong></span> <span class='ocrx_word' id='word_1_226' title='bbox 1731 1112 1822 1140; x_wconf 86' lang='lat' dir='ltr'><strong>obser-</strong></span> 
     </span>
     <span class='ocr_line' id='line_1_19' title="bbox 168 1159 1823 1202; baseline -0.002 -7"><span class='ocrx_word' id='word_1_227' title='bbox 168 1167 296 1195; x_wconf 83' lang='lat' dir='ltr'><strong>vantiam</strong></span> <span class='ocrx_word' id='word_1_228' title='bbox 318 1162 418 1195; x_wconf 79' lang='lat' dir='ltr'><strong>veluti</strong></span> <span class='ocrx_word' id='word_1_229' title='bbox 440 1166 660 1202; x_wconf 88' lang='lat' dir='ltr'><strong>prestitorum</strong></span> <span class='ocrx_word' id='word_1_230' title='bbox 683 1165 722 1198; x_wconf 87' lang='lat' dir='ltr'><strong>ei,</strong></span> <span class='ocrx_word' id='word_1_231' title='bbox 745 1165 791 1193; x_wconf 87' lang='lat' dir='ltr'><strong>cui</strong></span> <span class='ocrx_word' id='word_1_232' title='bbox 814 1165 930 1193; x_wconf 88' lang='lat' dir='ltr'><strong>minime</strong></span> <span class='ocrx_word' id='word_1_233' title='bbox 953 1164 1075 1200; x_wconf 80' lang='lat' dir='ltr'><strong>prestari</strong></span> <span class='ocrx_word' id='word_1_234' title='bbox 1097 1164 1269 1197; x_wconf 74' lang='lat' dir='ltr'><strong>debuerant,</strong></span> <span class='ocrx_word' id='word_1_235' title='bbox 1291 1160 1434 1192; x_wconf 75' lang='lat' dir='ltr'><strong>iurantes</strong></span> <span class='ocrx_word' id='word_1_236' title='bbox 1455 1159 1638 1192; x_wconf 76' lang='lat' dir='ltr'><strong>huiusmodi</strong></span> <span class='ocrx_word' id='word_1_237' title='bbox 1660 1164 1823 1192; x_wconf 83' lang='lat' dir='ltr'><strong>nullatenus</strong></span> 
     </span>
     <span class='ocr_line' id='line_1_20' title="bbox 169 1210 1824 1255; baseline -0.002 -9"><span class='ocrx_word' id='word_1_238' title='bbox 169 1213 386 1255; x_wconf 68' lang='lat' dir='ltr'><strong>artabantur‘,</strong></span> <span class='ocrx_word' id='word_1_239' title='bbox 410 1226 465 1252; x_wconf 82' lang='lat' dir='ltr'><strong>que</strong></span> <span class='ocrx_word' id='word_1_240' title='bbox 487 1225 539 1245; x_wconf 89' lang='lat' dir='ltr'><strong>nos</strong></span> <span class='ocrx_word' id='word_1_241' title='bbox 562 1216 650 1245; x_wconf 79' lang='lat' dir='ltr'><strong>etiam</strong></span> <span class='ocrx_word' id='word_1_242' title='bbox 673 1217 709 1244; x_wconf 78' lang='lat' dir='ltr'><strong>ad</strong></span> <span class='ocrx_word' id='word_1_243' title='bbox 733 1217 873 1245; x_wconf 74' lang='lat' dir='ltr'><strong>cautelam</strong></span> <span class='ocrx_word' id='word_1_244' title='bbox 898 1212 930 1244; x_wconf 89' lang='lat' dir='ltr'><strong>in</strong></span> <span class='ocrx_word' id='word_1_245' title='bbox 953 1211 1087 1254; x_wconf 87' lang='lat' dir='ltr'><strong>prefatis</strong></span> <span class='ocrx_word' id='word_1_246' title='bbox 1109 1211 1226 1243; x_wconf 89' lang='lat' dir='ltr'><strong>nostris</strong></span> <span class='ocrx_word' id='word_1_247' title='bbox 1247 1210 1451 1254; x_wconf 81' lang='lat' dir='ltr'><strong>processibus</strong></span> <span class='ocrx_word' id='word_1_248' title='bbox 1472 1215 1645 1244; x_wconf 74' lang='lat' dir='ltr'><strong>anctoritate</strong></span> <span class='ocrx_word' id='word_1_249' title='bbox 1665 1216 1824 1252; x_wconf 75' lang='lat' dir='ltr'><strong>apostolica</strong></span> 
     </span>
    </p>

    <p class='ocr_par' dir='ltr' id='par_1_6' title="bbox 124 1262 1823 1410">
     <span class='ocr_line' id='line_1_21' title="bbox 124 1262 1823 1305; baseline -0.001 -9"><span class='ocrx_word' id='word_1_250' title='bbox 124 1274 151 1296; x_wconf 76' lang='lat' dir='ltr'><strong>so</strong></span> <span class='ocrx_word' id='word_1_251' title='bbox 168 1269 300 1298; x_wconf 84' lang='lat' dir='ltr'><strong>duximus</strong></span> <span class='ocrx_word' id='word_1_252' title='bbox 322 1269 488 1301; x_wconf 77' lang='lat' dir='ltr'><strong>relaxanda,</strong></span> <span class='ocrx_word' id='word_1_253' title='bbox 512 1276 562 1297; x_wconf 90' lang='lat' dir='ltr'><strong>seu</strong></span> <span class='ocrx_word' id='word_1_254' title='bbox 584 1267 731 1303; x_wconf 83' lang='lat' dir='ltr'><strong>quibusvis</strong></span> <span class='ocrx_word' id='word_1_255' title='bbox 746 1263 819 1296; x_wconf 81' lang='lat' dir='ltr'><strong>aliis</strong></span> <span class='ocrx_word' id='word_1_256' title='bbox 833 1267 992 1303; x_wconf 89' lang='lat' dir='ltr'><strong>privilegiis</strong></span> <span class='ocrx_word' id='word_1_257' title='bbox 1015 1268 1045 1295; x_wconf 89' lang='lat' dir='ltr'><strong>et</strong></span> <span class='ocrx_word' id='word_1_258' title='bbox 1060 1266 1246 1302; x_wconf 81' lang='lat' dir='ltr'><strong>indulgentiis</strong></span> <span class='ocrx_word' id='word_1_259' title='bbox 1261 1262 1446 1305; x_wconf 82' lang='lat' dir='ltr'><strong>apostolicis</strong></span> <span class='ocrx_word' id='word_1_260' title='bbox 1461 1266 1514 1294; x_wconf 89' lang='lat' dir='ltr'><strong>sub</strong></span> <span class='ocrx_word' id='word_1_261' title='bbox 1529 1275 1698 1302; x_wconf 82' lang='lat' dir='ltr'><strong>quacunque</strong></span> <span class='ocrx_word' id='word_1_262' title='bbox 1713 1267 1823 1295; x_wconf 74' lang='lat' dir='ltr'><strong>fos-ma⁸</strong></span> 
     </span>
     <span class='ocr_line' id='line_1_22' title="bbox 168 1315 1823 1357; baseline -0.002 -8"><span class='ocrx_word' id='word_1_263' title='bbox 168 1321 319 1349; x_wconf 85' lang='lat' dir='ltr'><strong>verborum</strong></span> <span class='ocrx_word' id='word_1_264' title='bbox 343 1315 451 1349; x_wconf 80' lang='lat' dir='ltr'><strong>eidem</strong></span> <span class='ocrx_word' id='word_1_265' title='bbox 473 1320 564 1348; x_wconf 81' lang='lat' dir='ltr'><strong>eleeto</strong></span> <span class='ocrx_word' id='word_1_266' title='bbox 581 1319 634 1348; x_wconf 91' lang='lat' dir='ltr'><strong>vel</strong></span> <span class='ocrx_word' id='word_1_267' title='bbox 649 1319 796 1354; x_wconf 88' lang='lat' dir='ltr'><strong>quibusvis</strong></span> <span class='ocrx_word' id='word_1_268' title='bbox 819 1319 903 1346; x_wconf 70' lang='lat' dir='ltr'><strong>aliis*¹</strong></span> <span class='ocrx_word' id='word_1_269' title='bbox 918 1318 1067 1352; x_wconf 86' lang='lat' dir='ltr'><strong>concessis,</strong></span> <span class='ocrx_word' id='word_1_270' title='bbox 1090 1326 1145 1353; x_wconf 86' lang='lat' dir='ltr'><strong>que</strong></span> <span class='ocrx_word' id='word_1_271' title='bbox 1167 1318 1223 1345; x_wconf 89' lang='lat' dir='ltr'><strong>sibi</strong></span> <span class='ocrx_word' id='word_1_272' title='bbox 1238 1318 1283 1346; x_wconf 91' lang='lat' dir='ltr'><strong>vel</strong></span> <span class='ocrx_word' id='word_1_273' title='bbox 1305 1326 1402 1346; x_wconf 83' lang='lat' dir='ltr'><strong>eorum</strong></span> <span class='ocrx_word' id='word_1_274' title='bbox 1423 1318 1509 1346; x_wconf 82' lang='lat' dir='ltr'><strong>alicui</strong></span> <span class='ocrx_word' id='word_1_275' title='bbox 1531 1320 1632 1346; x_wconf 87' lang='lat' dir='ltr'><strong>contra</strong></span> <span class='ocrx_word' id='word_1_276' title='bbox 1653 1323 1823 1357; x_wconf 78' lang='lat' dir='ltr'><strong>processus</strong></span> 
     </span>
     <span class='ocr_line' id='line_1_23' title="bbox 167 1365 1385 1410; baseline -0.003 -10"><span class='ocrx_word' id='word_1_277' title='bbox 167 1371 294 1401; x_wconf 85' lang='lat' dir='ltr'><strong>nostros</strong></span> <span class='ocrx_word' id='word_1_278' title='bbox 315 1368 459 1410; x_wconf 82' lang='lat' dir='ltr'><strong>prefatos</strong></span> <span class='ocrx_word' id='word_1_279' title='bbox 481 1377 538 1399; x_wconf 91' lang='lat' dir='ltr'><strong>seu</strong></span> <span class='ocrx_word' id='word_1_280' title='bbox 561 1377 672 1399; x_wconf 89' lang='lat' dir='ltr'><strong>eorum</strong></span> <span class='ocrx_word' id='word_1_281' title='bbox 696 1366 838 1409; x_wconf 76' lang='lat' dir='ltr'><strong>aliquem</strong></span> <span class='ocrx_word' id='word_1_282' title='bbox 861 1366 1021 1398; x_wconf 88' lang='lat' dir='ltr'><strong>noluimus</strong></span> <span class='ocrx_word' id='word_1_283' title='bbox 1042 1365 1074 1397; x_wconf 91' lang='lat' dir='ltr'><strong>in</strong></span> <span class='ocrx_word' id='word_1_284' title='bbox 1097 1365 1206 1408; x_wconf 90' lang='lat' dir='ltr'><strong>aliquo</strong></span> <span class='ocrx_word' id='word_1_285' title='bbox 1229 1369 1385 1405; x_wconf 75' lang='lat' dir='ltr'><strong>suffragari.</strong></span> 
     </span>
    </p>

    <p class='ocr_par' dir='ltr' id='par_1_7' title="bbox 169 1420 1912 1508">
     <span class='ocr_line' id='line_1_24' title="bbox 276 1420 1912 1458; baseline -0.002 -7"><span class='ocrx_word' id='word_1_286' title='bbox 276 1420 306 1452; x_wconf 88' lang='grc'><strong>8.</strong></span> <span class='ocrx_word' id='word_1_287' title='bbox 329 1422 579 1452; x_wconf 78' lang='lat' dir='ltr'><strong>Consederationes</strong></span> <span class='ocrx_word' id='word_1_288' title='bbox 602 1431 724 1458; x_wconf 85' lang='lat' dir='ltr'><strong>quoque,</strong></span> <span class='ocrx_word' id='word_1_289' title='bbox 746 1422 894 1458; x_wconf 72' lang='lat' dir='ltr'><strong>pactiones</strong></span> <span class='ocrx_word' id='word_1_290' title='bbox 916 1423 947 1450; x_wconf 86' lang='lat' dir='ltr'><strong>et</strong></span> <span class='ocrx_word' id='word_1_291' title='bbox 962 1421 1123 1455; x_wconf 80' lang='lat' dir='ltr'><strong>societates,</strong></span> <span class='ocrx_word' id='word_1_292' title='bbox 1146 1421 1171 1448; x_wconf 89' lang='lat' dir='ltr'><strong>si</strong></span> <span class='ocrx_word' id='word_1_293' title='bbox 1185 1429 1241 1456; x_wconf 90' lang='lat' dir='ltr'><strong>que</strong></span> <span class='ocrx_word' id='word_1_294' title='bbox 1257 1421 1332 1449; x_wconf 86' lang='lat' dir='ltr'><strong>inter</strong></span> <span class='ocrx_word' id='word_1_295' title='bbox 1347 1421 1439 1456; x_wconf 89' lang='lat' dir='ltr'><strong>ipsum</strong></span> <span class='ocrx_word' id='word_1_296' title='bbox 1455 1421 1576 1450; x_wconf 88' lang='lat' dir='ltr'><strong>electum</strong></span> <span class='ocrx_word' id='word_1_297' title='bbox 1592 1423 1623 1450; x_wconf 89' lang='lat' dir='ltr'><strong>et</strong></span> <span class='ocrx_word' id='word_1_298' title='bbox 1637 1429 1820 1456; x_wconf 83' lang='lat' dir='ltr'><strong>quascunque</strong></span> <span class='ocrx_word' id='word_1_299' title='bbox 1834 1432 1881 1454; x_wconf 75' lang='lat' dir='ltr'><strong>esp.</strong></span> <span class='ocrx_word' id='word_1_300' title='bbox 1893 1430 1912 1449; x_wconf 81' lang='lat' dir='ltr'><strong>s.</strong></span> 
     </span>
     <span class='ocr_line' id='line_1_25' title="bbox 169 1471 1821 1508; baseline -0.002 -6"><span class='ocrx_word' id='word_1_301' title='bbox 169 1474 310 1508; x_wconf 84' lang='lat' dir='ltr'><strong>civitates,</strong></span> <span class='ocrx_word' id='word_1_302' title='bbox 328 1473 543 1502; x_wconf 71' lang='lat' dir='ltr'><strong>communitates</strong></span> <span class='ocrx_word' id='word_1_303' title='bbox 555 1474 585 1500; x_wconf 91' lang='lat' dir='ltr'><strong>et</strong></span> <span class='ocrx_word' id='word_1_304' title='bbox 594 1472 802 1501; x_wconf 74' lang='lat' dir='ltr'><strong>universitates</strong></span> <span class='ocrx_word' id='word_1_305' title='bbox 819 1481 857 1500; x_wconf 88' lang='lat' dir='ltr'><strong>ae</strong></span> <span class='ocrx_word' id='word_1_306' title='bbox 870 1472 1026 1508; x_wconf 68' lang='lat' dir='ltr'><strong>singulares</strong></span> <span class='ocrx_word' id='word_1_307' title='bbox 1039 1480 1178 1507; x_wconf 78' lang='lat' dir='ltr'><strong>personas,</strong></span> <span class='ocrx_word' id='word_1_308' title='bbox 1198 1471 1386 1507; x_wconf 87' lang='lat' dir='ltr'><strong>cuiuscunque</strong></span> <span class='ocrx_word' id='word_1_309' title='bbox 1398 1471 1457 1499; x_wconf 88' lang='lat' dir='ltr'><strong>sint</strong></span> <span class='ocrx_word' id='word_1_310' title='bbox 1468 1471 1692 1507; x_wconf 85' lang='lat' dir='ltr'><strong>preheminencie</strong></span> <span class='ocrx_word' id='word_1_311' title='bbox 1697 1476 1721 1505; x_wconf 82' lang='lat'><strong>¹¹,</strong></span> <span class='ocrx_word' id='word_1_312' title='bbox 1731 1471 1821 1507; x_wconf 84' lang='lat' dir='ltr'><strong>digni-</strong></span> 
     </span>
    </p>

    <p class='ocr_par' dir='ltr' id='par_1_8' title="bbox 123 1522 1823 1765">
     <span class='ocr_line' id='line_1_26' title="bbox 123 1522 1823 1559; baseline -0.001 -7"><span class='ocrx_word' id='word_1_313' title='bbox 123 1531 149 1552; x_wconf 62' lang='grc' dir='ltr'><strong>π</strong></span> <span class='ocrx_word' id='word_1_314' title='bbox 167 1525 250 1559; x_wconf 81' lang='lat' dir='ltr'><strong>tatis,</strong></span> <span class='ocrx_word' id='word_1_315' title='bbox 275 1524 445 1553; x_wconf 84' lang='lat' dir='ltr'><strong>condicionis</strong></span> <span class='ocrx_word' id='word_1_316' title='bbox 468 1524 512 1552; x_wconf 90' lang='lat' dir='ltr'><strong>vel</strong></span> <span class='ocrx_word' id='word_1_317' title='bbox 534 1526 637 1556; x_wconf 85' lang='lat' dir='ltr'><strong>status,</strong></span> <span class='ocrx_word' id='word_1_318' title='bbox 665 1523 777 1552; x_wconf 83' lang='lat' dir='ltr'><strong>etiamsi</strong></span> <span class='ocrx_word' id='word_1_319' title='bbox 801 1523 988 1559; x_wconf 83' lang='lat' dir='ltr'><strong>patriarchali</strong></span> <span class='ocrx_word' id='word_1_320' title='bbox 1014 1524 1067 1551; x_wconf 93' lang='lat' dir='ltr'><strong>vel</strong></span> <span class='ocrx_word' id='word_1_321' title='bbox 1095 1523 1154 1551; x_wconf 87' lang='lat' dir='ltr'><strong>alia</strong></span> <span class='ocrx_word' id='word_1_322' title='bbox 1177 1523 1337 1559; x_wconf 67' lang='lat' dir='ltr'><strong>superiori*</strong></span> <span class='ocrx_word' id='word_1_323' title='bbox 1363 1523 1429 1551; x_wconf 75' lang='lat' dir='ltr'><strong>vel&#39;</strong></span> <span class='ocrx_word' id='word_1_324' title='bbox 1450 1523 1541 1558; x_wconf 87' lang='lat' dir='ltr'><strong>regali</strong></span> <span class='ocrx_word' id='word_1_325' title='bbox 1562 1532 1611 1551; x_wconf 90' lang='lat' dir='ltr'><strong>seu</strong></span> <span class='ocrx_word' id='word_1_326' title='bbox 1639 1522 1739 1558; x_wconf 86' lang='lat' dir='ltr'><strong>quavis</strong></span> <span class='ocrx_word' id='word_1_327' title='bbox 1764 1523 1823 1550; x_wconf 82' lang='lat' dir='ltr'><strong>alia</strong></span> 
     </span>
     <span class='ocr_line' id='line_1_27' title="bbox 168 1574 1821 1612; baseline -0.001 -8"><span class='ocrx_word' id='word_1_328' title='bbox 168 1576 310 1612; x_wconf 76' lang='lat' dir='ltr'><strong>dignitate</strong></span> <span class='ocrx_word' id='word_1_329' title='bbox 328 1576 520 1612; x_wconf 76' lang='lat' dir='ltr'><strong>fulgerent,</strong></span> <span class='ocrx_word' id='word_1_330' title='bbox 539 1584 622 1611; x_wconf 90' lang='lat' dir='ltr'><strong>super</strong></span> <span class='ocrx_word' id='word_1_331' title='bbox 639 1575 775 1611; x_wconf 85' lang='lat' dir='ltr'><strong>predictis</strong></span> <span class='ocrx_word' id='word_1_332' title='bbox 788 1575 831 1603; x_wconf 84' lang='lat' dir='ltr'><strong>vel</strong></span> <span class='ocrx_word' id='word_1_333' title='bbox 851 1584 885 1604; x_wconf 89' lang='lat' dir='ltr'><strong>ea</strong></span> <span class='ocrx_word' id='word_1_334' title='bbox 903 1575 1086 1610; x_wconf 76' lang='lat' dir='ltr'><strong>tangentibus</strong></span> <span class='ocrx_word' id='word_1_335' title='bbox 1103 1574 1178 1603; x_wconf 77' lang='lat' dir='ltr'><strong>facte</strong></span> <span class='ocrx_word' id='word_1_336' title='bbox 1197 1583 1244 1603; x_wconf 79' lang='lat' dir='ltr'><strong>seu</strong></span> <span class='ocrx_word' id='word_1_337' title='bbox 1263 1575 1334 1603; x_wconf 84' lang='lat' dir='ltr'><strong>inite</strong></span> <span class='ocrx_word' id='word_1_338' title='bbox 1346 1575 1474 1602; x_wconf 74' lang='lat' dir='ltr'><strong>fuerant</strong></span> <span class='ocrx_word' id='word_1_339' title='bbox 1485 1575 1537 1603; x_wconf 91' lang='lat' dir='ltr'><strong>sub</strong></span> <span class='ocrx_word' id='word_1_340' title='bbox 1555 1583 1722 1609; x_wconf 81' lang='lat' dir='ltr'><strong>quacunque</strong></span> <span class='ocrx_word' id='word_1_341' title='bbox 1734 1575 1821 1602; x_wconf 81' lang='lat' dir='ltr'><strong>forma</strong></span> 
     </span>
     <span class='ocr_line' id='line_1_28' title="bbox 169 1625 1823 1663; baseline -0.001 -8"><span class='ocrx_word' id='word_1_342' title='bbox 169 1628 214 1656; x_wconf 91' lang='lat' dir='ltr'><strong>vel</strong></span> <span class='ocrx_word' id='word_1_343' title='bbox 239 1627 417 1663; x_wconf 85' lang='lat' dir='ltr'><strong>&#39;expressione</strong></span> <span class='ocrx_word' id='word_1_344' title='bbox 441 1627 598 1661; x_wconf 85' lang='lat' dir='ltr'><strong>verborum,</strong></span> <span class='ocrx_word' id='word_1_345' title='bbox 625 1626 736 1654; x_wconf 83' lang='lat' dir='ltr'><strong>etiamsi</strong></span> <span class='ocrx_word' id='word_1_346' title='bbox 762 1635 898 1662; x_wconf 86' lang='lat' dir='ltr'><strong>penarum</strong></span> <span class='ocrx_word' id='word_1_347' title='bbox 922 1626 1094 1661; x_wconf 86' lang='lat' dir='ltr'><strong>adiectione,</strong></span> <span class='ocrx_word' id='word_1_348' title='bbox 1126 1626 1345 1654; x_wconf 84' lang='lat' dir='ltr'><strong>iuramentorum</strong></span> <span class='ocrx_word' id='word_1_349' title='bbox 1370 1625 1546 1661; x_wconf 85' lang='lat' dir='ltr'><strong>prestacione</strong></span> <span class='ocrx_word' id='word_1_350' title='bbox 1564 1627 1636 1654; x_wconf 67' lang='lat' dir='ltr'><strong>vel*</strong></span> <span class='ocrx_word' id='word_1_351' title='bbox 1657 1634 1823 1661; x_wconf 85' lang='lat' dir='ltr'><strong>quacunque</strong></span> 
     </span>
     <span class='ocr_line' id='line_1_29' title="bbox 168 1677 1822 1714; baseline -0.001 -7"><span class='ocrx_word' id='word_1_352' title='bbox 168 1679 296 1708; x_wconf 78' lang='lat' dir='ltr'><strong>fuerant</strong></span> <span class='ocrx_word' id='word_1_353' title='bbox 312 1678 370 1706; x_wconf 85' lang='lat' dir='ltr'><strong>alia</strong></span> <span class='ocrx_word' id='word_1_354' title='bbox 388 1678 522 1706; x_wconf 72' lang='lat' dir='ltr'><strong>firmitate</strong></span> <span class='ocrx_word' id='word_1_355' title='bbox 541 1678 656 1711; x_wconf 83' lang='lat' dir='ltr'><strong>vallate,</strong></span> <span class='ocrx_word' id='word_1_356' title='bbox 675 1680 775 1714; x_wconf 86' lang='lat' dir='ltr'><strong>utpote</strong></span> <span class='ocrx_word' id='word_1_357' title='bbox 793 1677 822 1705; x_wconf 90' lang='lat' dir='ltr'><strong>in</strong></span> <span class='ocrx_word' id='word_1_358' title='bbox 841 1677 937 1706; x_wconf 87' lang='lat' dir='ltr'><strong>divine</strong></span> <span class='ocrx_word' id='word_1_359' title='bbox 956 1677 1114 1706; x_wconf 84' lang='lat' dir='ltr'><strong>maiestatis</strong></span> <span class='ocrx_word' id='word_1_360' title='bbox 1132 1677 1264 1706; x_wconf 82' lang='lat' dir='ltr'><strong>offensam</strong></span> <span class='ocrx_word' id='word_1_361' title='bbox 1282 1686 1316 1705; x_wconf 83' lang='lat' dir='ltr'><strong>ac</strong></span> <span class='ocrx_word' id='word_1_362' title='bbox 1335 1679 1433 1706; x_wconf 84' lang='lat' dir='ltr'><strong>contra</strong></span> <span class='ocrx_word' id='word_1_363' title='bbox 1450 1677 1511 1705; x_wconf 80' lang='lat' dir='ltr'><strong>iura</strong></span> <span class='ocrx_word' id='word_1_364' title='bbox 1529 1679 1558 1705; x_wconf 86' lang='lat' dir='ltr'><strong>et</strong></span> <span class='ocrx_word' id='word_1_365' title='bbox 1575 1677 1707 1706; x_wconf 83' lang='lat' dir='ltr'><strong>bonorem</strong></span> <span class='ocrx_word' id='word_1_366' title='bbox 1725 1681 1822 1706; x_wconf 73' lang='lat' dir='ltr'><strong>sancte</strong></span> 
     </span>
     <span class='ocr_line' id='line_1_30' title="bbox 168 1728 1823 1765; baseline -0.001 -7"><span class='ocrx_word' id='word_1_367' title='bbox 168 1730 265 1758; x_wconf 88' lang='lat' dir='ltr'><strong>matris</strong></span> <span class='ocrx_word' id='word_1_368' title='bbox 288 1730 405 1758; x_wconf 85' lang='lat' dir='ltr'><strong>ecclesie</strong></span> <span class='ocrx_word' id='word_1_369' title='bbox 423 1738 457 1758; x_wconf 84' lang='lat' dir='ltr'><strong>ac</strong></span> <span class='ocrx_word' id='word_1_370' title='bbox 474 1730 626 1765; x_wconf 55' lang='lat' dir='ltr'><strong>daqum</strong></span> <span class='ocrx_word' id='word_1_371' title='bbox 644 1731 674 1758; x_wconf 91' lang='lat' dir='ltr'><strong>et</strong></span> <span class='ocrx_word' id='word_1_372' title='bbox 691 1728 875 1765; x_wconf 89' lang='lat' dir='ltr'><strong>preiudicium</strong></span> <span class='ocrx_word' id='word_1_373' title='bbox 895 1729 934 1757; x_wconf 87' lang='lat' dir='ltr'><strong>rei</strong></span> <span class='ocrx_word' id='word_1_374' title='bbox 959 1729 1073 1765; x_wconf 84' lang='lat' dir='ltr'><strong>publice</strong></span> <span class='ocrx_word' id='word_1_375' title='bbox 1095 1730 1126 1757; x_wconf 88' lang='lat' dir='ltr'><strong>et</strong></span> <span class='ocrx_word' id='word_1_376' title='bbox 1147 1729 1302 1764; x_wconf 85' lang='lat' dir='ltr'><strong>periculum</strong></span> <span class='ocrx_word' id='word_1_377' title='bbox 1320 1729 1498 1757; x_wconf 80' lang='lat' dir='ltr'><strong>animarum¹</strong></span> <span class='ocrx_word' id='word_1_378' title='bbox 1516 1731 1712 1764; x_wconf 71' lang='lat' dir='ltr'><strong>presumptasr</strong></span> <span class='ocrx_word' id='word_1_379' title='bbox 1729 1729 1823 1757; x_wconf 84' lang='lat' dir='ltr'><strong>decre-</strong></span> 
     </span>
    </p>

    <p class='ocr_par' dir='ltr' id='par_1_9' title="bbox 122 1781 1825 2028">
     <span class='ocr_line' id='line_1_31' title="bbox 122 1781 1822 1819; baseline -0.001 -8"><span class='ocrx_word' id='word_1_380' title='bbox 122 1791 149 1812; x_wconf 82' lang='lat' dir='ltr'><strong>so</strong></span> <span class='ocrx_word' id='word_1_381' title='bbox 167 1783 258 1811; x_wconf 89' lang='lat' dir='ltr'><strong>vimus</strong></span> <span class='ocrx_word' id='word_1_382' title='bbox 280 1783 388 1815; x_wconf 88' lang='lat' dir='ltr'><strong>nullas,</strong></span> <span class='ocrx_word' id='word_1_383' title='bbox 416 1790 527 1819; x_wconf 81' lang='lat' dir='ltr'><strong>cassas,</strong></span> <span class='ocrx_word' id='word_1_384' title='bbox 549 1782 646 1810; x_wconf 86' lang='lat' dir='ltr'><strong>irritas</strong></span> <span class='ocrx_word' id='word_1_385' title='bbox 669 1783 699 1810; x_wconf 85' lang='lat' dir='ltr'><strong>et</strong></span> <span class='ocrx_word' id='word_1_386' title='bbox 721 1781 820 1810; x_wconf 86' lang='lat' dir='ltr'><strong>inanes</strong></span> <span class='ocrx_word' id='word_1_387' title='bbox 842 1790 876 1810; x_wconf 87' lang='lat' dir='ltr'><strong>ac</strong></span> <span class='ocrx_word' id='word_1_388' title='bbox 903 1782 1009 1810; x_wconf 91' lang='lat' dir='ltr'><strong>nullius</strong></span> <span class='ocrx_word' id='word_1_389' title='bbox 1040 1781 1163 1810; x_wconf 85' lang='lat' dir='ltr'><strong>existere</strong></span> <span class='ocrx_word' id='word_1_390' title='bbox 1191 1781 1335 1810; x_wconf 82' lang='lat' dir='ltr'><strong>firmitatis</strong></span> <span class='ocrx_word' id='word_1_391' title='bbox 1362 1787 1490 1819; x_wconf 83' lang='lat' dir='ltr'><strong>easque,</strong></span> <span class='ocrx_word' id='word_1_392' title='bbox 1516 1783 1658 1816; x_wconf 87' lang='lat' dir='ltr'><strong>quatenus</strong></span> <span class='ocrx_word' id='word_1_393' title='bbox 1684 1781 1719 1810; x_wconf 87' lang='lat' dir='ltr'><strong>de</strong></span> <span class='ocrx_word' id='word_1_394' title='bbox 1746 1782 1822 1810; x_wconf 80' lang='lat' dir='ltr'><strong>facto</strong></span> 
     </span>
     <span class='ocr_line' id='line_1_32' title="bbox 166 1832 1825 1874; baseline -0.002 -7"><span class='ocrx_word' id='word_1_395' title='bbox 166 1840 403 1874; x_wconf 78' lang='lat' dir='ltr'><strong>processerant,</strong></span> <span class='ocrx_word' id='word_1_396' title='bbox 427 1838 652 1871; x_wconf 85' lang='lat' dir='ltr'><strong>revocavimus,</strong></span> <span class='ocrx_word' id='word_1_397' title='bbox 680 1837 882 1871; x_wconf 81' lang='lat' dir='ltr'><strong>cassavimus,</strong></span> <span class='ocrx_word' id='word_1_398' title='bbox 908 1838 1110 1871; x_wconf 73' lang='lat' dir='ltr'><strong>irritavimus,</strong></span> <span class='ocrx_word' id='word_1_399' title='bbox 1138 1838 1318 1865; x_wconf 89' lang='lat' dir='ltr'><strong>dissolvimus</strong></span> <span class='ocrx_word' id='word_1_400' title='bbox 1345 1839 1375 1865; x_wconf 90' lang='lat' dir='ltr'><strong>et</strong></span> <span class='ocrx_word' id='word_1_401' title='bbox 1401 1837 1516 1865; x_wconf 91' lang='lat' dir='ltr'><strong>omnino</strong></span> <span class='ocrx_word' id='word_1_402' title='bbox 1539 1837 1645 1864; x_wconf 89' lang='lat' dir='ltr'><strong>viribus</strong></span> <span class='ocrx_word' id='word_1_403' title='bbox 1674 1832 1825 1865; x_wconf 84' lang='lat' dir='ltr'><strong>duximus</strong></span> 
     </span>
     <span class='ocr_line' id='line_1_33' title="bbox 167 1888 1824 1925; baseline -0.001 -7"><span class='ocrx_word' id='word_1_404' title='bbox 167 1890 360 1918; x_wconf 83' lang='lat' dir='ltr'><strong>vacuandas.</strong></span> <span class='ocrx_word' id='word_1_405' title='bbox 404 1890 568 1917; x_wconf 82' lang='lat' dir='ltr'><strong>iuramenta</strong></span> <span class='ocrx_word' id='word_1_406' title='bbox 590 1889 706 1924; x_wconf 87' lang='lat' dir='ltr'><strong>insuper</strong></span> <span class='ocrx_word' id='word_1_407' title='bbox 728 1898 813 1924; x_wconf 89' lang='lat' dir='ltr'><strong>super</strong></span> <span class='ocrx_word' id='word_1_408' title='bbox 835 1889 889 1917; x_wconf 89' lang='lat' dir='ltr'><strong>hoc</strong></span> <span class='ocrx_word' id='word_1_409' title='bbox 911 1889 1034 1925; x_wconf 84' lang='lat' dir='ltr'><strong>prestita</strong></span> <span class='ocrx_word' id='word_1_410' title='bbox 1056 1889 1271 1917; x_wconf 78' lang='lat' dir='ltr'><strong>relaxavimus</strong></span> <span class='ocrx_word' id='word_1_411' title='bbox 1294 1889 1329 1917; x_wconf 83' lang='lat' dir='ltr'><strong>de</strong></span> <span class='ocrx_word' id='word_1_412' title='bbox 1351 1889 1508 1924; x_wconf 90' lang='lat' dir='ltr'><strong>apostolice</strong></span> <span class='ocrx_word' id='word_1_413' title='bbox 1530 1888 1708 1924; x_wconf 83' lang='lat' dir='ltr'><strong>plenitudine</strong></span> <span class='ocrx_word' id='word_1_414' title='bbox 1730 1891 1824 1924; x_wconf 76' lang='lat' dir='ltr'><strong>potes-</strong></span> 
     </span>
     <span class='ocr_line' id='line_1_34' title="bbox 167 1936 1824 1976; baseline -0.001 -7"><span class='ocrx_word' id='word_1_415' title='bbox 167 1941 250 1970; x_wconf 87' lang='lat' dir='ltr'><strong>tatis.</strong></span> <span class='ocrx_word' id='word_1_416' title='bbox 295 1941 398 1969; x_wconf 85' lang='lat' dir='ltr'><strong>Omnes</strong></span> <span class='ocrx_word' id='word_1_417' title='bbox 422 1937 520 1969; x_wconf 74' lang='lat' dir='ltr'><strong>etiam</strong></span> <span class='ocrx_word' id='word_1_418' title='bbox 543 1936 616 1969; x_wconf 77' lang='lat' dir='ltr'><strong>illos</strong></span> <span class='ocrx_word' id='word_1_419' title='bbox 639 1942 669 1968; x_wconf 86' lang='lat' dir='ltr'><strong>et</strong></span> <span class='ocrx_word' id='word_1_420' title='bbox 691 1940 828 1976; x_wconf 87' lang='lat' dir='ltr'><strong>singulos,</strong></span> <span class='ocrx_word' id='word_1_421' title='bbox 844 1941 893 1976; x_wconf 90' lang='lat' dir='ltr'><strong>qui</strong></span> <span class='ocrx_word' id='word_1_422' title='bbox 916 1940 1172 1973; x_wconf 78' lang='lat' dir='ltr'><strong>confederaciones,</strong></span> <span class='ocrx_word' id='word_1_423' title='bbox 1196 1940 1344 1976; x_wconf 86' lang='lat' dir='ltr'><strong>pactiones</strong></span> <span class='ocrx_word' id='word_1_424' title='bbox 1359 1942 1390 1968; x_wconf 86' lang='lat' dir='ltr'><strong>et</strong></span> <span class='ocrx_word' id='word_1_425' title='bbox 1404 1939 1557 1968; x_wconf 77' lang='lat' dir='ltr'><strong>societates</strong></span> <span class='ocrx_word' id='word_1_426' title='bbox 1571 1940 1732 1968; x_wconf 87' lang='lat' dir='ltr'><strong>huiusmodi</strong></span> <span class='ocrx_word' id='word_1_427' title='bbox 1747 1940 1824 1968; x_wconf 88' lang='lat' dir='ltr'><strong>dicto</strong></span> 
     </span>
     <span class='ocr_line' id='line_1_35' title="bbox 170 1991 1823 2028; baseline -0.001 -7"><span class='ocrx_word' id='word_1_428' title='bbox 170 1993 262 2021; x_wconf 87' lang='lat' dir='ltr'><strong>electo</strong></span> <span class='ocrx_word' id='word_1_429' title='bbox 285 1994 385 2021; x_wconf 79' lang='lat' dir='ltr'><strong>contra</strong></span> <span class='ocrx_word' id='word_1_430' title='bbox 407 2000 555 2028; x_wconf 88' lang='lat' dir='ltr'><strong>processus</strong></span> <span class='ocrx_word' id='word_1_431' title='bbox 577 1991 739 2020; x_wconf 84' lang='lat' dir='ltr'><strong>huiusmodi</strong></span> <span class='ocrx_word' id='word_1_432' title='bbox 761 1993 829 2027; x_wconf 86' lang='lat' dir='ltr'><strong>post</strong></span> <span class='ocrx_word' id='word_1_433' title='bbox 850 1992 955 2020; x_wconf 87' lang='lat' dir='ltr'><strong>dictum</strong></span> <span class='ocrx_word' id='word_1_434' title='bbox 979 1992 1132 2020; x_wconf 86' lang='lat' dir='ltr'><strong>terminum</strong></span> <span class='ocrx_word' id='word_1_435' title='bbox 1154 1994 1372 2027; x_wconf 87' lang='lat' dir='ltr'><strong>presumerent</strong></span> <span class='ocrx_word' id='word_1_436' title='bbox 1387 1991 1546 2024; x_wconf 83' lang='lat' dir='ltr'><strong>observare,</strong></span> <span class='ocrx_word' id='word_1_437' title='bbox 1560 1991 1720 2026; x_wconf 75' lang='lat' dir='ltr'><strong>predictas·</strong></span> <span class='ocrx_word' id='word_1_438' title='bbox 1735 2000 1823 2027; x_wconf 83' lang='lat' dir='ltr'><strong>penas</strong></span> 
     </span>
    </p>

    <p class='ocr_par' dir='ltr' id='par_1_10' title="bbox 121 2042 1824 2130">
     <span class='ocr_line' id='line_1_36' title="bbox 121 2042 1824 2078; baseline -0.001 -6"><span class='ocrx_word' id='word_1_439' title='bbox 121 2049 148 2071; x_wconf 74' lang='lat'><strong>⁸⁵</strong></span> <span class='ocrx_word' id='word_1_440' title='bbox 169 2045 200 2072; x_wconf 90' lang='lat' dir='ltr'><strong>et</strong></span> <span class='ocrx_word' id='word_1_441' title='bbox 222 2043 380 2072; x_wconf 87' lang='lat' dir='ltr'><strong>sententias</strong></span> <span class='ocrx_word' id='word_1_442' title='bbox 403 2043 546 2071; x_wconf 86' lang='lat' dir='ltr'><strong>incurrere</strong></span> <span class='ocrx_word' id='word_1_443' title='bbox 570 2043 727 2070; x_wconf 91' lang='lat' dir='ltr'><strong>voluimus</strong></span> <span class='ocrx_word' id='word_1_444' title='bbox 749 2042 812 2078; x_wconf 92' lang='lat' dir='ltr'><strong>ipso</strong></span> <span class='ocrx_word' id='word_1_445' title='bbox 836 2043 927 2076; x_wconf 81' lang='lat' dir='ltr'><strong>facto,</strong></span> <span class='ocrx_word' id='word_1_446' title='bbox 951 2044 1051 2071; x_wconf 82' lang='lat' dir='ltr'><strong>contra</strong></span> <span class='ocrx_word' id='word_1_447' title='bbox 1073 2051 1122 2071; x_wconf 89' lang='lat' dir='ltr'><strong>eos</strong></span> <span class='ocrx_word' id='word_1_448' title='bbox 1143 2042 1257 2078; x_wconf 83' lang='lat' dir='ltr'><strong>gravius</strong></span> <span class='ocrx_word' id='word_1_449' title='bbox 1280 2042 1469 2078; x_wconf 84' lang='lat' dir='ltr'><strong>spiritualiter</strong></span> <span class='ocrx_word' id='word_1_450' title='bbox 1491 2044 1521 2070; x_wconf 89' lang='lat' dir='ltr'><strong>et</strong></span> <span class='ocrx_word' id='word_1_451' title='bbox 1542 2043 1740 2078; x_wconf 73' lang='lat' dir='ltr'><strong>temporaliter</strong></span> <span class='ocrx_word' id='word_1_452' title='bbox 1762 2052 1824 2078; x_wconf 85' lang='lat' dir='ltr'><strong>pro-</strong></span> 
     </span>
     <span class='ocr_line' id='line_1_37' title="bbox 169 2089 880 2130; baseline -0.003 -7"><span class='ocrx_word' id='word_1_453' title='bbox 169 2095 285 2128; x_wconf 86' lang='lat' dir='ltr'><strong>cessuri,</strong></span> <span class='ocrx_word' id='word_1_454' title='bbox 308 2097 395 2130; x_wconf 89' lang='lat' dir='ltr'><strong>prout</strong></span> <span class='ocrx_word' id='word_1_455' title='bbox 416 2089 508 2122; x_wconf 81' lang='lat' dir='ltr'><strong>nobis</strong></span> <span class='ocrx_word' id='word_1_456' title='bbox 531 2094 684 2129; x_wconf 86' lang='lat' dir='ltr'><strong>expediens</strong></span> <span class='ocrx_word' id='word_1_457' title='bbox 707 2094 770 2122; x_wconf 89' lang='lat' dir='ltr'><strong>vide</strong></span> <span class='ocrx_word' id='word_1_458' title='bbox 778 2096 880 2122; x_wconf 87' lang='lat' dir='ltr'><strong>retur.</strong></span> 
     </span>
    </p>

    <p class='ocr_par' dir='ltr' id='par_1_11' title="bbox 167 2144 1914 2282">
     <span class='ocr_line' id='line_1_38' title="bbox 278 2144 1914 2181; baseline -0.002 -7"><span class='ocrx_word' id='word_1_459' title='bbox 278 2144 308 2174; x_wconf 87' lang='lat'><strong>9.</strong></span> <span class='ocrx_word' id='word_1_460' title='bbox 338 2146 469 2174; x_wconf 87' lang='lat' dir='ltr'><strong>Ceterum</strong></span> <span class='ocrx_word' id='word_1_461' title='bbox 500 2145 643 2181; x_wconf 78' lang='lat' dir='ltr'><strong>predictas</strong></span> <span class='ocrx_word' id='word_1_462' title='bbox 677 2145 893 2181; x_wconf 87' lang='lat' dir='ltr'><strong>suspensionis</strong></span> <span class='ocrx_word' id='word_1_463' title='bbox 922 2147 953 2173; x_wconf 91' lang='lat' dir='ltr'><strong>et</strong></span> <span class='ocrx_word' id='word_1_464' title='bbox 986 2145 1310 2173; x_wconf 81' lang='lat' dir='ltr'><strong>excommunicationum</strong></span> <span class='ocrx_word' id='word_1_465' title='bbox 1343 2153 1383 2173; x_wconf 82' lang='lat' dir='ltr'><strong>ac</strong></span> <span class='ocrx_word' id='word_1_466' title='bbox 1416 2145 1562 2173; x_wconf 81' lang='lat' dir='ltr'><strong>interdicti</strong></span> <span class='ocrx_word' id='word_1_467' title='bbox 1593 2145 1750 2173; x_wconf 81' lang='lat' dir='ltr'><strong>sententias</strong></span> <span class='ocrx_word' id='word_1_468' title='bbox 1782 2145 1823 2173; x_wconf 91' lang='lat' dir='ltr'><strong>sic</strong></span> <span class='ocrx_word' id='word_1_469' title='bbox 1836 2152 1914 2176; x_wconf 53' lang='lat' dir='ltr'><strong>caps.</strong></span> 
     </span>
     <span class='ocr_line' id='line_1_39' title="bbox 167 2194 1825 2230; baseline -0.001 -6"><span class='ocrx_word' id='word_1_470' title='bbox 167 2195 314 2225; x_wconf 70' lang='lat' dir='ltr'><strong>volumus⁸</strong></span> <span class='ocrx_word' id='word_1_471' title='bbox 326 2195 555 2224; x_wconf 70' lang='lat' dir='ltr'><strong>inviolabiliter*</strong></span> <span class='ocrx_word' id='word_1_472' title='bbox 567 2196 717 2228; x_wconf 81' lang='lat' dir='ltr'><strong>observari,</strong></span> <span class='ocrx_word' id='word_1_473' title='bbox 737 2196 811 2230; x_wconf 85' lang='lat' dir='ltr'><strong>quod</strong></span> <span class='ocrx_word' id='word_1_474' title='bbox 830 2195 994 2224; x_wconf 88' lang='lat' dir='ltr'><strong>absolvendi</strong></span> <span class='ocrx_word' id='word_1_475' title='bbox 1012 2196 1049 2223; x_wconf 87' lang='lat' dir='ltr'><strong>ab</strong></span> <span class='ocrx_word' id='word_1_476' title='bbox 1068 2195 1107 2223; x_wconf 90' lang='lat' dir='ltr'><strong>eis</strong></span> <span class='ocrx_word' id='word_1_477' title='bbox 1126 2196 1171 2223; x_wconf 91' lang='lat' dir='ltr'><strong>vel</strong></span> <span class='ocrx_word' id='word_1_478' title='bbox 1188 2195 1331 2223; x_wconf 82' lang='lat' dir='ltr'><strong>relaxandi</strong></span> <span class='ocrx_word' id='word_1_479' title='bbox 1350 2195 1461 2223; x_wconf 84' lang='lat' dir='ltr'><strong>easdem</strong></span> <span class='ocrx_word' id='word_1_480' title='bbox 1478 2195 1533 2222; x_wconf 86' lang='lat' dir='ltr'><strong>nisi</strong></span> <span class='ocrx_word' id='word_1_481' title='bbox 1550 2197 1660 2223; x_wconf 85' lang='lat' dir='ltr'><strong>tantum</strong></span> <span class='ocrx_word' id='word_1_482' title='bbox 1680 2194 1708 2222; x_wconf 89' lang='lat' dir='ltr'><strong>in</strong></span> <span class='ocrx_word' id='word_1_483' title='bbox 1726 2195 1825 2223; x_wconf 89' lang='lat' dir='ltr'><strong>mortis</strong></span> 
     </span>
     <span class='ocr_line' id='line_1_40' title="bbox 170 2245 1823 2282; baseline -0.001 -8"><span class='ocrx_word' id='word_1_484' title='bbox 170 2245 290 2275; x_wconf 82' lang='lat' dir='ltr'><strong>articulo</strong></span> <span class='ocrx_word' id='word_1_485' title='bbox 316 2249 376 2275; x_wconf 85' lang='lat' dir='ltr'><strong>tam</strong></span> <span class='ocrx_word' id='word_1_486' title='bbox 401 2246 528 2275; x_wconf 88' lang='lat' dir='ltr'><strong>omnibus</strong></span> <span class='ocrx_word' id='word_1_487' title='bbox 553 2247 763 2282; x_wconf 81' lang='lat' dir='ltr'><strong>penitentiariis</strong></span> <span class='ocrx_word' id='word_1_488' title='bbox 790 2247 893 2274; x_wconf 85' lang='lat' dir='ltr'><strong>nostris</strong></span> <span class='ocrx_word' id='word_1_489' title='bbox 919 2255 1003 2281; x_wconf 85' lang='lat' dir='ltr'><strong>quam</strong></span> <span class='ocrx_word' id='word_1_490' title='bbox 1028 2246 1240 2281; x_wconf 87' lang='lat' dir='ltr'><strong>quibuscunque</strong></span> <span class='ocrx_word' id='word_1_491' title='bbox 1262 2246 1327 2275; x_wconf 86' lang='lat' dir='ltr'><strong>aliis</strong></span> <span class='ocrx_word' id='word_1_492' title='bbox 1351 2246 1553 2274; x_wconf 75' lang='lat' dir='ltr'><strong>consessoribus</strong></span> <span class='ocrx_word' id='word_1_493' title='bbox 1576 2246 1754 2282; x_wconf 84' lang='lat' dir='ltr'><strong>generalibus</strong></span> <span class='ocrx_word' id='word_1_494' title='bbox 1779 2247 1823 2274; x_wconf 76' lang='lat' dir='ltr'><strong>vel</strong></span> 
     </span>
    </p>

    <p class='ocr_par' dir='ltr' id='par_1_12' title="bbox 123 2297 1824 2539">
     <span class='ocr_line' id='line_1_41' title="bbox 123 2297 1822 2333; baseline -0.001 -7"><span class='ocrx_word' id='word_1_495' title='bbox 123 2305 152 2326; x_wconf 70' lang='lat'><strong>40</strong></span> <span class='ocrx_word' id='word_1_496' title='bbox 170 2297 362 2333; x_wconf 73' lang='lat' dir='ltr'><strong>spetialibus·</strong></span> <span class='ocrx_word' id='word_1_497' title='bbox 383 2306 431 2327; x_wconf 86' lang='lat' dir='ltr'><strong>seu</strong></span> <span class='ocrx_word' id='word_1_498' title='bbox 450 2298 638 2327; x_wconf 75' lang='lat' dir='ltr'><strong>familiaribus</strong></span> <span class='ocrx_word' id='word_1_499' title='bbox 656 2307 884 2333; x_wconf 82' lang='lat' dir='ltr'><strong>quarumcunque</strong></span> <span class='ocrx_word' id='word_1_500' title='bbox 903 2299 947 2326; x_wconf 91' lang='lat' dir='ltr'><strong>vel</strong></span> <span class='ocrx_word' id='word_1_501' title='bbox 965 2301 1212 2333; x_wconf 86' lang='lat' dir='ltr'><strong>quantumcunque</strong></span> <span class='ocrx_word' id='word_1_502' title='bbox 1232 2298 1394 2326; x_wconf 86' lang='lat' dir='ltr'><strong>sublimium</strong></span> <span class='ocrx_word' id='word_1_503' title='bbox 1419 2306 1598 2333; x_wconf 83' lang='lat' dir='ltr'><strong>personarum</strong></span> <span class='ocrx_word' id='word_1_504' title='bbox 1617 2297 1740 2326; x_wconf 87' lang='lat' dir='ltr'><strong>ubilibet</strong></span> <span class='ocrx_word' id='word_1_505' title='bbox 1760 2306 1822 2325; x_wconf 89' lang='lat' dir='ltr'><strong>con—</strong></span> 
     </span>
     <span class='ocr_line' id='line_1_42' title="bbox 170 2348 1824 2385; baseline 0.001 -9"><span class='ocrx_word' id='word_1_506' title='bbox 170 2348 342 2383; x_wconf 80' lang='lat' dir='ltr'><strong>sistentium,</strong></span> <span class='ocrx_word' id='word_1_507' title='bbox 367 2349 500 2378; x_wconf 64' lang='lat' dir='ltr'><strong>etiamsi-²</strong></span> <span class='ocrx_word' id='word_1_508' title='bbox 521 2350 561 2378; x_wconf 87' lang='lat' dir='ltr'><strong>eis</strong></span> <span class='ocrx_word' id='word_1_509' title='bbox 585 2359 603 2378; x_wconf 83' lang='lat' dir='ltr'><strong>a</strong></span> <span class='ocrx_word' id='word_1_510' title='bbox 627 2350 709 2378; x_wconf 86' lang='lat' dir='ltr'><strong>nobis</strong></span> <span class='ocrx_word' id='word_1_511' title='bbox 727 2350 771 2378; x_wconf 86' lang='lat' dir='ltr'><strong>vel</strong></span> <span class='ocrx_word' id='word_1_512' title='bbox 790 2349 886 2385; x_wconf 75' lang='lat' dir='ltr'><strong>aliquo</strong></span> <span class='ocrx_word' id='word_1_513' title='bbox 904 2349 1128 2385; x_wconf 88' lang='lat' dir='ltr'><strong>predecessorum</strong></span> <span class='ocrx_word' id='word_1_514' title='bbox 1147 2351 1301 2378; x_wconf 85' lang='lat' dir='ltr'><strong>nostrorum</strong></span> <span class='ocrx_word' id='word_1_515' title='bbox 1319 2349 1371 2377; x_wconf 86' lang='lat' dir='ltr'><strong>sub</strong></span> <span class='ocrx_word' id='word_1_516' title='bbox 1389 2358 1555 2384; x_wconf 81' lang='lat' dir='ltr'><strong>quacunque</strong></span> <span class='ocrx_word' id='word_1_517' title='bbox 1573 2349 1718 2377; x_wconf 82' lang='lat' dir='ltr'><strong>verborum</strong></span> <span class='ocrx_word' id='word_1_518' title='bbox 1736 2349 1824 2377; x_wconf 78' lang='lat' dir='ltr'><strong>forma</strong></span> 
     </span>
     <span class='ocr_line' id='line_1_43' title="bbox 170 2400 1824 2436; baseline 0 -9"><span class='ocrx_word' id='word_1_519' title='bbox 170 2400 334 2429; x_wconf 80' lang='lat' dir='ltr'><strong>absolvendi</strong></span> <span class='ocrx_word' id='word_1_520' title='bbox 351 2408 368 2429; x_wconf 79' lang='lat' dir='ltr'><strong>a</strong></span> <span class='ocrx_word' id='word_1_521' title='bbox 389 2401 536 2430; x_wconf 66' lang='lat' dir='ltr'><strong>unuani·</strong></span> <span class='ocrx_word' id='word_1_522' title='bbox 554 2401 676 2430; x_wconf 84' lang='lat' dir='ltr'><strong>hominis</strong></span> <span class='ocrx_word' id='word_1_523' title='bbox 695 2402 740 2430; x_wconf 89' lang='lat' dir='ltr'><strong>vel</strong></span> <span class='ocrx_word' id='word_1_524' title='bbox 759 2401 874 2429; x_wconf 89' lang='lat' dir='ltr'><strong>canonis</strong></span> <span class='ocrx_word' id='word_1_525' title='bbox 891 2409 939 2428; x_wconf 91' lang='lat' dir='ltr'><strong>seu</strong></span> <span class='ocrx_word' id='word_1_526' title='bbox 958 2409 1006 2428; x_wconf 80' lang='lat' dir='ltr'><strong>eas</strong></span> <span class='ocrx_word' id='word_1_527' title='bbox 1023 2401 1168 2428; x_wconf 87' lang='lat' dir='ltr'><strong>relaxandi</strong></span> <span class='ocrx_word' id='word_1_528' title='bbox 1186 2401 1327 2436; x_wconf 79' lang='lat' dir='ltr'><strong>generalis</strong></span> <span class='ocrx_word' id='word_1_529' title='bbox 1346 2401 1390 2429; x_wconf 89' lang='lat' dir='ltr'><strong>vel</strong></span> <span class='ocrx_word' id='word_1_530' title='bbox 1408 2401 1539 2436; x_wconf 86' lang='lat' dir='ltr'><strong>specialis</strong></span> <span class='ocrx_word' id='word_1_531' title='bbox 1556 2401 1678 2429; x_wconf 75' lang='lat' dir='ltr'><strong>facultas</strong></span> <span class='ocrx_word' id='word_1_532' title='bbox 1695 2408 1824 2428; x_wconf 78' lang='lat' dir='ltr'><strong>00an</strong></span> 
     </span>
     <span class='ocr_line' id='line_1_44' title="bbox 169 2448 1820 2492; baseline 0.001 -13"><span class='ocrx_word' id='word_1_533' title='bbox 169 2451 296 2481; x_wconf 73' lang='lat' dir='ltr'><strong>fuisset</strong></span> <span class='ocrx_word' id='word_1_534' title='bbox 317 2448 369 2481; x_wconf 86' lang='lat' dir='ltr'><strong>vel</strong></span> <span class='ocrx_word' id='word_1_535' title='bbox 391 2448 624 2482; x_wconf 85' lang='lat' dir='ltr'><strong>concederetur</strong></span> <span class='ocrx_word' id='word_1_536' title='bbox 645 2450 677 2481; x_wconf 89' lang='lat' dir='ltr'><strong>in</strong></span> <span class='ocrx_word' id='word_1_537' title='bbox 701 2452 897 2492; x_wconf 66' lang='lat' dir='ltr'><strong>posterum,</strong></span> <span class='ocrx_word' id='word_1_538' title='bbox 921 2454 1078 2482; x_wconf 81' lang='lat' dir='ltr'><strong>ademimus</strong></span> <span class='ocrx_word' id='word_1_539' title='bbox 1093 2455 1276 2489; x_wconf 68' lang='lat' dir='ltr'><strong>potestatem,</strong></span> <span class='ocrx_word' id='word_1_540' title='bbox 1298 2453 1508 2482; x_wconf 79' lang='lat' dir='ltr'><strong>absolutionem</strong></span> <span class='ocrx_word' id='word_1_541' title='bbox 1531 2452 1566 2482; x_wconf 91' lang='lat' dir='ltr'><strong>et</strong></span> <span class='ocrx_word' id='word_1_542' title='bbox 1587 2448 1820 2482; x_wconf 78' lang='lat' dir='ltr'><strong>relaxationem</strong></span> 
     </span>
     <span class='ocr_line' id='line_1_45' title="bbox 169 2501 1823 2539; baseline 0 -9"><span class='ocrx_word' id='word_1_543' title='bbox 169 2501 327 2531; x_wconf 88' lang='lat' dir='ltr'><strong>huiusmodi</strong></span> <span class='ocrx_word' id='word_1_544' title='bbox 352 2503 406 2531; x_wconf 84' lang='lat' dir='ltr'><strong>seli</strong></span> <span class='ocrx_word' id='word_1_545' title='bbox 423 2502 571 2538; x_wconf 82' lang='lat' dir='ltr'><strong>Roman(o)</strong></span> <span class='ocrx_word' id='word_1_546' title='bbox 598 2504 725 2539; x_wconf 87' lang='lat' dir='ltr'><strong>pontifici</strong></span> <span class='ocrx_word' id='word_1_547' title='bbox 750 2506 931 2532; x_wconf 83' lang='lat' dir='ltr'><strong>reservantes.</strong></span> <span class='ocrx_word' id='word_1_548' title='bbox 975 2504 1055 2537; x_wconf 89' lang='lat' dir='ltr'><strong>Quod</strong></span> <span class='ocrx_word' id='word_1_549' title='bbox 1077 2503 1101 2531; x_wconf 89' lang='lat' dir='ltr'><strong>si</strong></span> <span class='ocrx_word' id='word_1_550' title='bbox 1124 2504 1225 2531; x_wconf 84' lang='lat' dir='ltr'><strong>forsan</strong></span> <span class='ocrx_word' id='word_1_551' title='bbox 1249 2512 1296 2531; x_wconf 91' lang='lat' dir='ltr'><strong>eos</strong></span> <span class='ocrx_word' id='word_1_552' title='bbox 1315 2504 1359 2531; x_wconf 78' lang='lat' dir='ltr'><strong>vel</strong></span> <span class='ocrx_word' id='word_1_553' title='bbox 1382 2512 1477 2532; x_wconf 88' lang='lat' dir='ltr'><strong>eorum</strong></span> <span class='ocrx_word' id='word_1_554' title='bbox 1499 2503 1622 2539; x_wconf 78' lang='lat' dir='ltr'><strong>aliquem</strong></span> <span class='ocrx_word' id='word_1_555' title='bbox 1647 2503 1676 2531; x_wconf 90' lang='lat' dir='ltr'><strong>in</strong></span> <span class='ocrx_word' id='word_1_556' title='bbox 1695 2503 1823 2539; x_wconf 84' lang='lat' dir='ltr'><strong>predicto</strong></span> 
     </span>
    </p>

    <p class='ocr_par' dir='ltr' id='par_1_13' title="bbox 126 2552 1823 2591">
     <span class='ocr_line' id='line_1_46' title="bbox 126 2552 1823 2591; baseline 0.001 -11"><span class='ocrx_word' id='word_1_557' title='bbox 126 2562 151 2581; x_wconf 68' lang='lat' dir='ltr'><strong>«s</strong></span> <span class='ocrx_word' id='word_1_558' title='bbox 169 2553 267 2581; x_wconf 84' lang='lat' dir='ltr'><strong>mortis</strong></span> <span class='ocrx_word' id='word_1_559' title='bbox 279 2552 399 2582; x_wconf 84' lang='lat' dir='ltr'><strong>articulo</strong></span> <span class='ocrx_word' id='word_1_560' title='bbox 411 2554 520 2582; x_wconf 81' lang='lat' dir='ltr'><strong>absolvi</strong></span> <span class='ocrx_word' id='word_1_561' title='bbox 534 2554 719 2590; x_wconf 87' lang='lat' dir='ltr'><strong>contingeret,</strong></span> <span class='ocrx_word' id='word_1_562' title='bbox 733 2555 787 2583; x_wconf 90' lang='lat' dir='ltr'><strong>nisi</strong></span> <span class='ocrx_word' id='word_1_563' title='bbox 801 2555 923 2583; x_wconf 81' lang='lat' dir='ltr'><strong>sanitate</strong></span> <span class='ocrx_word' id='word_1_564' title='bbox 937 2557 1051 2590; x_wconf 79' lang='lat' dir='ltr'><strong>recepta</strong></span> <span class='ocrx_word' id='word_1_565' title='bbox 1063 2555 1142 2583; x_wconf 74' lang='lat' dir='ltr'><strong>sedid</strong></span> <span class='ocrx_word' id='word_1_566' title='bbox 1151 2555 1307 2590; x_wconf 84' lang='lat' dir='ltr'><strong>apostolice</strong></span> <span class='ocrx_word' id='word_1_567' title='bbox 1319 2564 1404 2590; x_wconf 86' lang='lat' dir='ltr'><strong>quam</strong></span> <span class='ocrx_word' id='word_1_568' title='bbox 1417 2555 1536 2591; x_wconf 86' lang='lat' dir='ltr'><strong>primum</strong></span> <span class='ocrx_word' id='word_1_569' title='bbox 1550 2558 1700 2590; x_wconf 76' lang='lat' dir='ltr'><strong>possent·</strong></span> <span class='ocrx_word' id='word_1_570' title='bbox 1709 2555 1823 2583; x_wconf 83' lang='lat' dir='ltr'><strong>comode</strong></span> 
     </span>
    </p>
   </div>
   <div class='ocr_carea' id='block_1_3' title="bbox 128 2637 1823 2847">
    <p class='ocr_par' dir='ltr' id='par_1_14' title="bbox 169 2637 1823 2803">
     <span class='ocr_line' id='line_1_47' title="bbox 271 2637 1823 2681; baseline 0.001 -15"><span class='ocrx_word' id='word_1_571' title='bbox 271 2637 339 2681; x_wconf 54' lang='lat' dir='ltr'><strong>ffl-</strong></span> <span class='ocrx_word' id='word_1_572' title='bbox 365 2639 392 2672; x_wconf 72' lang='lat'><strong>¹²)</strong></span> <span class='ocrx_word' id='word_1_573' title='bbox 410 2640 462 2666; x_wconf 86' lang='lat' dir='ltr'><strong>sed.</strong></span> <span class='ocrx_word' id='word_1_574' title='bbox 473 2648 515 2674; x_wconf 80' lang='lat' dir='ltr'><strong>sp.</strong></span> <span class='ocrx_word' id='word_1_575' title='bbox 527 2644 612 2667; x_wconf 70' lang='lat' dir='ltr'><strong>tamen</strong></span> <span class='ocrx_word' id='word_1_576' title='bbox 630 2649 687 2667; x_wconf 75' lang='grc' dir='ltr'>σιιπι</span> <span class='ocrx_word' id='word_1_577' title='bbox 699 2642 771 2675; x_wconf 70' lang='lat' dir='ltr'><strong>siquo</strong></span> <span class='ocrx_word' id='word_1_578' title='bbox 783 2642 971 2675; x_wconf 67' lang='lat' dir='ltr'><strong>transponendi</strong></span> <span class='ocrx_word' id='word_1_579' title='bbox 990 2642 1012 2668; x_wconf 87' lang='lat' dir='ltr'><strong>l.</strong></span> <span class='ocrx_word' id='word_1_580' title='bbox 1082 2643 1106 2674; x_wconf 87' lang='lat'><strong>⁰)</strong></span> <span class='ocrx_word' id='word_1_581' title='bbox 1124 2643 1179 2676; x_wconf 80' lang='lat' dir='ltr'><strong>ipso</strong></span> <span class='ocrx_word' id='word_1_582' title='bbox 1191 2651 1222 2668; x_wconf 86' lang='lat' dir='ltr'><strong>eo</strong></span> <span class='ocrx_word' id='word_1_583' title='bbox 1239 2650 1296 2668; x_wconf 72' lang='lat' dir='ltr'><strong>eum</strong></span> <span class='ocrx_word' id='word_1_584' title='bbox 1308 2643 1380 2676; x_wconf 67' lang='lat' dir='ltr'><strong>signo</strong></span> <span class='ocrx_word' id='word_1_585' title='bbox 1392 2642 1580 2676; x_wconf 56' lang='lat' dir='ltr'><strong>transponendi</strong></span> <span class='ocrx_word' id='word_1_586' title='bbox 1599 2643 1622 2669; x_wconf 88' lang='lat' dir='ltr'><strong>l.</strong></span> <span class='ocrx_word' id='word_1_587' title='bbox 1701 2643 1727 2673; x_wconf 70' lang='grc' dir='ltr'><strong>ι’)</strong></span> <span class='ocrx_word' id='word_1_588' title='bbox 1745 2643 1785 2667; x_wconf 79' lang='lat' dir='ltr'><strong>vel</strong></span> <span class='ocrx_word' id='word_1_589' title='bbox 1799 2642 1823 2667; x_wconf 89' lang='lat'><strong>3.</strong></span> 
     </span>
     <span class='ocr_line' id='line_1_48' title="bbox 169 2681 1823 2719; baseline 0.001 -11"><span class='ocrx_word' id='word_1_590' title='bbox 169 2683 196 2714; x_wconf 70' lang='grc' dir='ltr'><strong>(ι)</strong></span> <span class='ocrx_word' id='word_1_591' title='bbox 214 2682 284 2709; x_wconf 68' lang='lat' dir='ltr'><strong>deest</strong></span> <span class='ocrx_word' id='word_1_592' title='bbox 300 2681 325 2709; x_wconf 80' lang='lat'><strong>8.</strong></span> <span class='ocrx_word' id='word_1_593' title='bbox 411 2681 435 2716; x_wconf 63' lang='lat' dir='ltr'><strong>¹f)</strong></span> <span class='ocrx_word' id='word_1_594' title='bbox 452 2691 516 2709; x_wconf 77' lang='lat' dir='ltr'><strong>aux.</strong></span> <span class='ocrx_word' id='word_1_595' title='bbox 535 2691 605 2710; x_wconf 87' lang='lat' dir='ltr'><strong>cons.</strong></span> <span class='ocrx_word' id='word_1_596' title='bbox 623 2682 649 2710; x_wconf 80' lang='lat'><strong>8.</strong></span> <span class='ocrx_word' id='word_1_597' title='bbox 745 2685 767 2716; x_wconf 75' lang='grc' dir='ltr'><strong>Ι)</strong></span> <span class='ocrx_word' id='word_1_598' title='bbox 784 2685 985 2718; x_wconf 75' lang='lat' dir='ltr'><strong>presumpserint</strong></span> <span class='ocrx_word' id='word_1_599' title='bbox 1002 2684 1027 2711; x_wconf 79' lang='lat'><strong>3.</strong></span> <span class='ocrx_word' id='word_1_600' title='bbox 1123 2685 1143 2717; x_wconf 63' lang='grc' dir='ltr'><strong>ς)</strong></span> <span class='ocrx_word' id='word_1_601' title='bbox 1161 2685 1259 2711; x_wconf 73' lang='lat' dir='ltr'><strong>arcub.</strong></span> <span class='ocrx_word' id='word_1_602' title='bbox 1276 2684 1302 2711; x_wconf 79' lang='grc'><strong>3.</strong></span> <span class='ocrx_word' id='word_1_603' title='bbox 1399 2686 1425 2718; x_wconf 83' lang='lat'><strong>¹¹)</strong></span> <span class='ocrx_word' id='word_1_604' title='bbox 1443 2686 1551 2719; x_wconf 78' lang='lat' dir='ltr'><strong>premin-</strong></span> <span class='ocrx_word' id='word_1_605' title='bbox 1568 2685 1593 2712; x_wconf 80' lang='lat'><strong>3.</strong></span> <span class='ocrx_word' id='word_1_606' title='bbox 1693 2685 1716 2717; x_wconf 80' lang='lat' dir='ltr'><strong>v)</strong></span> <span class='ocrx_word' id='word_1_607' title='bbox 1733 2691 1779 2712; x_wconf 74' lang='lat' dir='ltr'><strong>aut</strong></span> <span class='ocrx_word' id='word_1_608' title='bbox 1798 2683 1823 2710; x_wconf 80' lang='lat'><strong>8.</strong></span> 
     </span>
     <span class='ocr_line' id='line_1_49' title="bbox 169 2720 1821 2762; baseline 0.002 -11"><span class='ocrx_word' id='word_1_609' title='bbox 169 2725 200 2756; x_wconf 69' lang='lat' dir='ltr'><strong>w)</strong></span> <span class='ocrx_word' id='word_1_610' title='bbox 221 2725 355 2752; x_wconf 79' lang='lat' dir='ltr'><strong>iuram.-</strong></span> <span class='ocrx_word' id='word_1_611' title='bbox 367 2725 409 2751; x_wconf 88' lang='lat' dir='ltr'><strong>vel</strong></span> <span class='ocrx_word' id='word_1_612' title='bbox 427 2725 454 2751; x_wconf 76' lang='lat' dir='ltr'><strong>s‘n</strong></span> <span class='ocrx_word' id='word_1_613' title='bbox 474 2725 530 2751; x_wconf 81' lang='lat' dir='ltr'><strong>loco</strong></span> <span class='ocrx_word' id='word_1_614' title='bbox 546 2734 608 2751; x_wconf 75' lang='lat' dir='ltr'><strong>raso</strong></span> <span class='ocrx_word' id='word_1_615' title='bbox 627 2726 710 2752; x_wconf 69' lang='lat' dir='ltr'><strong>arr-‘uc</strong></span> <span class='ocrx_word' id='word_1_616' title='bbox 727 2727 824 2760; x_wconf 67' lang='lat' dir='ltr'><strong>scripta</strong></span> <span class='ocrx_word' id='word_1_617' title='bbox 842 2727 866 2753; x_wconf 91' lang='lat'><strong>1.</strong></span> <span class='ocrx_word' id='word_1_618' title='bbox 956 2727 982 2759; x_wconf 74' lang='grc' dir='ltr'><strong>ι)</strong></span> <span class='ocrx_word' id='word_1_619' title='bbox 1001 2727 1078 2761; x_wconf 83' lang='lat' dir='ltr'><strong>peric.</strong></span> <span class='ocrx_word' id='word_1_620' title='bbox 1096 2728 1175 2753; x_wconf 78' lang='lat' dir='ltr'><strong>anim.</strong></span> <span class='ocrx_word' id='word_1_621' title='bbox 1192 2728 1222 2753; x_wconf 80' lang='grc' dir='ltr'><strong>ιἰι</strong></span> <span class='ocrx_word' id='word_1_622' title='bbox 1239 2720 1294 2754; x_wconf 69' lang='lat' dir='ltr'><strong>Ioco</strong></span> <span class='ocrx_word' id='word_1_623' title='bbox 1313 2736 1374 2754; x_wconf 76' lang='lat' dir='ltr'><strong>raso</strong></span> <span class='ocrx_word' id='word_1_624' title='bbox 1391 2729 1475 2754; x_wconf 66' lang='lat' dir='ltr'><strong>art-‘ue</strong></span> <span class='ocrx_word' id='word_1_625' title='bbox 1491 2729 1587 2762; x_wconf 69' lang='lat' dir='ltr'><strong>ser-&#39;pta</strong></span> <span class='ocrx_word' id='word_1_626' title='bbox 1606 2728 1631 2755; x_wconf 88' lang='lat'><strong>1.</strong></span> <span class='ocrx_word' id='word_1_627' title='bbox 1723 2729 1748 2759; x_wconf 65' lang='grc' dir='ltr'><strong>Υ)</strong></span> <span class='ocrx_word' id='word_1_628' title='bbox 1767 2736 1821 2761; x_wconf 65' lang='lat' dir='ltr'><strong>pre-</strong></span> 
     </span>
     <span class='ocr_line' id='line_1_50' title="bbox 174 2767 1823 2803; baseline 0.001 -9"><span class='ocrx_word' id='word_1_629' title='bbox 174 2771 305 2794; x_wconf 75' lang='lat' dir='ltr'><strong>sumentes</strong></span> <span class='ocrx_word' id='word_1_630' title='bbox 323 2767 348 2795; x_wconf 83' lang='lat'><strong>8.</strong></span> <span class='ocrx_word' id='word_1_631' title='bbox 452 2767 475 2800; x_wconf 83' lang='lat'><strong>¹)</strong></span> <span class='ocrx_word' id='word_1_632' title='bbox 493 2769 531 2795; x_wconf 89' lang='lat' dir='ltr'><strong>sic</strong></span> <span class='ocrx_word' id='word_1_633' title='bbox 548 2769 667 2795; x_wconf 80' lang='lat' dir='ltr'><strong>volumus</strong></span> <span class='ocrx_word' id='word_1_634' title='bbox 687 2769 715 2795; x_wconf 74' lang='lat' dir='ltr'><strong>in</strong></span> <span class='ocrx_word' id='word_1_635' title='bbox 733 2769 789 2796; x_wconf 79' lang='lat' dir='ltr'><strong>loeo</strong></span> <span class='ocrx_word' id='word_1_636' title='bbox 806 2778 868 2796; x_wconf 74' lang='lat' dir='ltr'><strong>roso</strong></span> <span class='ocrx_word' id='word_1_637' title='bbox 888 2770 915 2801; x_wconf 86' lang='lat'><strong>1;</strong></span> <span class='ocrx_word' id='word_1_638' title='bbox 938 2770 1068 2796; x_wconf 78' lang='lat' dir='ltr'><strong>voluimus</strong></span> <span class='ocrx_word' id='word_1_639' title='bbox 1085 2769 1109 2796; x_wconf 81' lang='lat'><strong>3.</strong></span> <span class='ocrx_word' id='word_1_640' title='bbox 1215 2770 1239 2803; x_wconf 59' lang='grc' dir='ltr'><strong>ὓ)</strong></span> <span class='ocrx_word' id='word_1_641' title='bbox 1256 2771 1285 2797; x_wconf 72' lang='lat' dir='ltr'><strong>in</strong></span> <span class='ocrx_word' id='word_1_642' title='bbox 1303 2772 1358 2798; x_wconf 81' lang='lat' dir='ltr'><strong>loeo</strong></span> <span class='ocrx_word' id='word_1_643' title='bbox 1375 2780 1436 2797; x_wconf 75' lang='lat' dir='ltr'><strong>roeo</strong></span> <span class='ocrx_word' id='word_1_644' title='bbox 1456 2771 1479 2798; x_wconf 86' lang='lat'><strong>1.</strong></span> <span class='ocrx_word' id='word_1_645' title='bbox 1584 2770 1608 2803; x_wconf 79' lang='lat' dir='ltr'><strong>b)</strong></span> <span class='ocrx_word' id='word_1_646' title='bbox 1626 2772 1702 2798; x_wconf 78' lang='lat' dir='ltr'><strong>etism</strong></span> <span class='ocrx_word' id='word_1_647' title='bbox 1722 2772 1749 2796; x_wconf 69' lang='lat' dir='ltr'><strong>in</strong></span> <span class='ocrx_word' id='word_1_648' title='bbox 1768 2771 1823 2796; x_wconf 77' lang='lat' dir='ltr'><strong>loeo</strong></span> 
     </span>
    </p>

    <p class='ocr_par' dir='ltr' id='par_1_15' title="bbox 128 2810 1412 2847">
     <span class='ocr_line' id='line_1_51' title="bbox 128 2810 1412 2847; baseline 0.002 -9"><span class='ocrx_word' id='word_1_649' title='bbox 128 2817 154 2838; x_wconf 70' lang='lat' dir='ltr'><strong>to</strong></span> <span class='ocrx_word' id='word_1_650' title='bbox 171 2819 232 2837; x_wconf 75' lang='lat' dir='ltr'><strong>raso</strong></span> <span class='ocrx_word' id='word_1_651' title='bbox 252 2810 275 2837; x_wconf 86' lang='lat'><strong>1.</strong></span> <span class='ocrx_word' id='word_1_652' title='bbox 361 2811 384 2844; x_wconf 65' lang='grc' dir='ltr'><strong>ο)</strong></span> <span class='ocrx_word' id='word_1_653' title='bbox 404 2812 504 2845; x_wconf 78' lang='lat' dir='ltr'><strong>impost.</strong></span> <span class='ocrx_word' id='word_1_654' title='bbox 522 2819 620 2845; x_wconf 76' lang='lat' dir='ltr'><strong>semper</strong></span> <span class='ocrx_word' id='word_1_655' title='bbox 637 2810 663 2839; x_wconf 80' lang='lat'><strong>8.</strong></span> <span class='ocrx_word' id='word_1_656' title='bbox 749 2811 775 2845; x_wconf 60' lang='grc' dir='ltr'><strong>ἃ)</strong></span> <span class='ocrx_word' id='word_1_657' title='bbox 794 2821 843 2839; x_wconf 86' lang='lat' dir='ltr'><strong>rec.</strong></span> <span class='ocrx_word' id='word_1_658' title='bbox 862 2813 914 2839; x_wconf 81' lang='lat' dir='ltr'><strong>sed.</strong></span> <span class='ocrx_word' id='word_1_659' title='bbox 932 2813 960 2838; x_wconf 72' lang='lat' dir='ltr'><strong>in</strong></span> <span class='ocrx_word' id='word_1_660' title='bbox 978 2813 1033 2839; x_wconf 80' lang='lat' dir='ltr'><strong>Ioco</strong></span> <span class='ocrx_word' id='word_1_661' title='bbox 1051 2821 1112 2839; x_wconf 72' lang='lat' dir='ltr'><strong>raso</strong></span> <span class='ocrx_word' id='word_1_662' title='bbox 1131 2813 1155 2840; x_wconf 85' lang='lat'><strong>1.</strong></span> <span class='ocrx_word' id='word_1_663' title='bbox 1243 2813 1266 2846; x_wconf 78' lang='grc' dir='ltr'><strong>ο)</strong></span> <span class='ocrx_word' id='word_1_664' title='bbox 1284 2820 1369 2847; x_wconf 82' lang='lat' dir='ltr'><strong>posset</strong></span> <span class='ocrx_word' id='word_1_665' title='bbox 1389 2814 1412 2841; x_wconf 88' lang='grc'><strong>1.</strong></span> 
     </span>
    </p>
   </div>
  </div>
 </body>
</html>
