2124 3132
0 90 5 130 ἱ

0 138 3 174 l

148 485 164 506 ὓ

139 741 165 762 ιθ

140 1773 168 1795 ³⁰

141 2031 168 2052 ⁸9

142 2488 171 2508 40

145 2805 171 2826 ⁴³

613 177 831 205 TRACTATUS
850 177 897 204 DE
915 177 1128 206 ELEchoNE.
1166 180 1240 207 1813.
1278 180 1324 207 Nr.
1338 182 1362 207 ὕ.
1382 181 1405 207 7.

181 277 239 299 nos
255 266 309 308 qui
332 275 442 297 sumus
465 264 634 297 menbrum
657 263 800 296 eiusdem
825 264 952 306 imperii
978 265 1018 296 ad
1036 265 1272 307 protegendum
1297 277 1354 298 eos
1377 271 1410 298 et
1426 267 1709 300 Odernhemenses
1733 271 1834 311 ipsos-

181 327 245 361 que
268 316 425 349 fovendos
446 326 484 348 ac
508 314 724 348 defensandos
753 315 784 347 in
813 315 882 347 iure
911 325 949 347 ac
978 315 1197 358 libertatibus,
1228 318 1344 360 quibus
1371 329 1391 350 a
1425 318 1505 350 divis
1532 320 1779 361 imperatoribus
1803 329 1834 352 vt

181 368 311 412 regibus
333 367 554 400 Romanorum
576 366 752 398 hactenusb
777 366 834 398 foti
857 369 931 398 sunt
959 371 992 399 et
1020 368 1137 409 gavisi,
1167 374 1359 411 receperunt
1383 374 1415 401 et
1438 370 1633 402 unanimiter
1656 371 1833 413 elegerunt.

181 420 306 453 Harum
330 422 440 451 tamen
463 417 686 451 condicionem
711 416 848 449 formula
871 418 1053 450 mediante:

290 472 336 511 (1)
371 469 466 508 Quod
496 480 569 502 cum
595 496 600 502 .
623 493 630 501 .
655 469 801 501 consules
832 469 967 511 predicti
992 471 1094 502 virum
1123 470 1293 503 honestum
1325 473 1356 503 in
1387 472 1580 504 sculthetum
1609 474 1748 505 civitatis
1779 486 1835 506 sue

181 521 383 556 concorditer
410 521 583 564 elegerint,
613 520 701 553 idem
731 520 910 552 sculthetus
939 522 970 553 in
1001 521 1116 554 eodem
1148 522 1255 554 officio
1286 523 1490 564 permanebit
1519 529 1553 556 et
1578 525 1772 557 sculthetum
1806 527 1835 557 in

182 573 380 606 Odernheim
404 571 618 605 constituendi
641 571 775 604 habebit
798 573 977 614 plenariam
1001 573 1188 606 facultatem
1212 585 1314 616 usque
1337 575 1379 607 ad
1410 575 1550 608 futurum
1581 587 1708 618 regem.
1740 588 1835 619 quam

182 625 237 658 diu
260 624 412 657 divitibus
441 626 475 656 et
503 622 701 666 pauperibus
724 623 883 655 iusticiam
908 624 1023 655 fecerit
1050 628 1084 656 et
1112 625 1276 667 inpendet.
1323 626 1395 663 Quo
1419 627 1556 659 cedente
1580 628 1632 659 vel
1657 628 1836 660 decedente

181 687 240 709 seu
261 676 395 708 forsitan
410 675 565 707 destituto
588 674 726 707 alterum
749 675 942 707 sculthetum
966 675 1161 707 substituere
1182 681 1315 718 possunt
1337 677 1430 709 nobis
1454 689 1610 710 rennuere
1634 690 1697 711 non
1713 679 1836 711 deben-

182 728 278 769 tibus,
299 726 444 769 illudque
461 726 568 758 facere
585 729 738 768 poterunt
761 725 801 758 de
825 725 1031 758 ordinacione
1055 727 1216 768 scultheti,
1241 729 1394 770 quociens
1418 731 1593 761 necessitas
1609 730 1668 762 hoc
1692 731 1835 773 requirit.

290 778 336 821 (2)
370 778 507 820 Insuper
529 781 662 820 propter
683 777 948 809 melioracionem
971 777 1055 810 dicte
1079 778 1218 810 civitatis
1248 790 1304 811 sue
1334 780 1365 811 in
1396 780 1529 812 edificiis
1556 782 1620 813 suis
1649 783 1837 813 necessariis

182 830 349 874 ungeltum
380 829 525 862 eiusdem
552 829 691 862 civitatis
719 828 779 860 sibi
807 828 969 861 duxerunt
997 830 1225 862 reservandum
1254 831 1412 873 simulque
1437 831 1556 863 Iudeos
1579 832 1677 874 ipsius
1700 833 1838 864 civitatis

183 885 316 926 propter
337 892 394 914 eos
418 881 591 913 molestare
614 879 795 912 volencium
819 881 951 912 iniurias
974 881 1217 923 propulsandas.

290 935 338 976 (3)
374 933 531 966 Preterea
560 943 632 964 cum
664 932 707 964 ad
737 942 794 964 eos
823 933 868 964 sic
898 932 1053 964 hactenus
1081 934 1122 965 sit
1145 933 1351 975 perductum,
1384 933 1470 976 quod
1501 935 1636 976 imperio
1661 940 1794 966 vacante
1818 945 1837 964 a

184 986 402 1030 gubernatore
425 984 487 1028 ipsi
510 1007 542 1017 ..
567 983 716 1016 consules
740 986 774 1015 et
796 987 977 1016 castrenses
1000 989 1234 1017 consueverunt
1257 985 1379 1027 eligere
1402 990 1541 1027 quatuor
1563 990 1755 1026 castrenses,
1783 986 1836 1028 qui

183 1042 324 1072 castrum
340 1036 544 1079 Oppenheim
561 1035 745 1068 custodiant
767 1036 950 1078 ceterisque
973 1036 1189 1068 castrensibus
1212 1041 1246 1068 et
1268 1036 1454 1068 custodibus
1477 1037 1622 1069 eiusdem
1645 1038 1739 1069 castri
1763 1047 1837 1068 nec-

183 1101 247 1123 non
270 1090 366 1122 castri
389 1087 606 1129 Swabesberg
627 1097 685 1119 sua
713 1087 811 1119 feoda
834 1090 868 1119 et
890 1088 996 1129 pretia
1024 1087 1065 1120 de
1088 1088 1185 1120 rebus
1209 1092 1242 1120 et
1268 1088 1477 1130 proventibus
1499 1088 1626 1130 imperii
1650 1088 1838 1120 cedentibus

184 1141 270 1185 apud
286 1140 434 1173 Nerstein
459 1139 585 1172 soleant
607 1139 791 1180 ministrari,
816 1138 972 1181 quidquid
995 1139 1192 1181 superfuerit
1215 1140 1255 1171 de
1279 1140 1356 1181 ipsis
1375 1139 1583 1181 proventibus
1606 1143 1639 1171 et
1662 1139 1838 1171 redditibus

183 1193 311 1236 imperii
334 1193 366 1224 in
382 1191 531 1224 Nerstein
552 1190 614 1222 hoc
637 1201 694 1222 nos
717 1191 863 1232 recipere
880 1191 1067 1232 poterimus,
1090 1191 1116 1223 si
1132 1191 1337 1231 voluerimus,
1361 1191 1402 1223 de
1426 1192 1495 1233 ipso
1519 1191 1625 1223 futuro
1649 1192 1717 1233 regi
1741 1192 1837 1222 ratio-

184 1243 337 1277 nabiliter
361 1243 554 1285 responsuri.

292 1296 340 1336 (4)
371 1294 424 1327 Ad
441 1304 578 1337 quorum
594 1294 696 1326 eciam
720 1293 904 1326 reddituum
929 1294 1165 1335 collectionem,
1189 1294 1452 1326 distribucionem
1476 1298 1509 1325 et
1532 1294 1757 1335 erogacionem
1782 1304 1838 1325 nos

183 1347 332 1379 nuncium
363 1349 507 1378 nostrum
535 1345 654 1377 debitis
682 1344 882 1387 temporibus
910 1344 1142 1377 destinabimus
1165 1345 1391 1388 expediturum
1415 1345 1595 1387 quemlibet
1622 1344 1837 1387 predictorum

183 1398 393 1431 castrensium
417 1401 451 1429 et
473 1396 641 1429 custodum
666 1396 706 1428 de
730 1407 787 1428 suo
812 1396 909 1428 feodo
934 1400 967 1428 et
989 1396 1152 1438 mercede,
1175 1397 1257 1429 sicut
1279 1397 1434 1429 hactenus
1458 1401 1508 1428 est
1530 1400 1727 1428 consuetum.

291 1450 339 1491 (5)
367 1449 440 1481 Hiis
456 1452 563 1480 autem
581 1447 822 1480 condicionibus
838 1447 978 1480 reddunt
1001 1458 1035 1479 se
1059 1451 1228 1480 contentos
1245 1448 1285 1480 de
1302 1448 1430 1480 auxiliis
1450 1449 1564 1480 nostris
1580 1448 1689 1479 confisi
1706 1448 1839 1479 firmiter

184 1501 310 1544 ipsique
338 1511 397 1543 pro
419 1501 536 1532 nostris
566 1503 600 1532 et
627 1499 763 1532 ecclesie
786 1503 894 1531 nostre
918 1501 1061 1542 negociis
1083 1500 1176 1532 nobis
1199 1501 1267 1532 vice
1292 1511 1383 1532 versa
1407 1511 1502 1541 opem
1525 1510 1615 1531 suam
1640 1510 1697 1540 pro
1721 1498 1839 1530 viribus

183 1552 324 1586 fideliter
346 1553 518 1594 inpensuri.

293 1605 339 1646 (6)
369 1603 412 1636 Et
428 1602 584 1646 quidquid
604 1602 754 1635 advocati
770 1603 984 1645 provinciales
1001 1613 1111 1634 eorum
1128 1603 1309 1644 provisores
1332 1602 1372 1634 de
1396 1602 1468 1634 aliis
1486 1602 1582 1634 rebus
1604 1606 1638 1633 et
1661 1601 1839 1633 redditibus

184 1656 311 1699 imperii
341 1666 399 1688 seu
428 1655 680 1687 obvencionibus
704 1655 948 1697 quibuscunque
980 1664 1079 1696 usque
1109 1665 1192 1686 nunc
1219 1654 1386 1696 percipere
1411 1657 1658 1693 consueverunt,
1690 1653 1751 1684 hoc
1779 1663 1838 1684 nos

185 1707 372 1750 prescriptis
394 1706 620 1739 tantummodo
645 1707 791 1748 exceptis
814 1707 959 1748 recipere
990 1716 1173 1748 possumus,
1203 1707 1229 1737 si
1252 1705 1462 1745 voluerimus,
1491 1704 1665 1736 dummodo
1696 1704 1736 1735 de
1768 1705 1838 1745 ipso

186 1759 294 1804 futuro
318 1759 390 1801 regi
413 1758 586 1790 reddamus
609 1759 635 1790 si
659 1769 740 1800 opus
763 1758 862 1790 fuerit
884 1758 1058 1789 racionem.

294 1812 340 1852 (7)
378 1809 516 1842 Stabunt
539 1819 669 1852 quoque
697 1820 735 1842 ac
765 1809 927 1841 durabunt
950 1808 1035 1840 dicte
1059 1809 1349 1850 conpromissiones
1372 1812 1480 1839 nostre
1510 1811 1607 1849 atque
1636 1806 1840 1839 condiciones

185 1873 287 1905 usquc
311 1862 352 1894 ad
377 1862 578 1895 creacionem
609 1862 696 1903 regis
718 1861 859 1902 venturi,
890 1861 946 1903 qui
978 1860 1101 1892 electus
1131 1863 1228 1902 atque
1259 1863 1386 1891 creatus
1412 1859 1509 1891 fuerit
1534 1858 1676 1890 unanimi
1708 1857 1839 1890 decreto

185 1914 364 1957 principum
392 1913 580 1945 electorum.

292 1966 410 1997 Actum
435 1967 468 1997 et
491 1964 602 1997 datum
626 1964 685 1996 sub
701 1965 899 2007 appensione
921 1963 1016 2005 sigilli
1041 1962 1150 2002 nostri,
1174 1972 1257 1993 unno
1274 1961 1403 1993 Domini
1427 1961 1597 1993 millesimo
1614 1961 1840 1992 trecentesimo

186 2016 437 2058 terciodecimo,
453 2016 557 2059 pridie
581 2016 692 2049 Nonas
715 2015 846 2048 Octobr.

415 2209 446 2245 7.
482 2207 766 2246 SCRIPTUM
797 2206 1072 2244 IOHANNIS
1102 2205 1274 2242 REGIS
1304 2203 1614 2242 BOHEMIAE.

868 2275 978 2311 1313.
1020 2273 1181 2310 Oct.14.

294 2366 456 2409 Originae
472 2367 548 2410 (or.)
564 2367 600 2399 in
615 2366 773 2399 tabulario
786 2365 1009 2406 Meininqensi.
1046 2364 1165 2397 Pendet
1179 2363 1317 2405 siqillum
1333 2362 1453 2394 laesum
1469 2362 1533 2394 loro
1548 2361 1789 2394 membranaceo.
1800 2379 1842 2383 —

186 2418 248 2452 Ed.
265 2418 450 2460 schuppach
467 2418 762 2460 ‘Henneberyisches
782 2416 1047 2451 Urkundenbuch'
1070 2416 1099 2454 I,
1115 2417 1156 2447 55
1178 2426 1228 2447 nr.
1247 2415 1312 2446 102
1330 2425 1369 2446 ex
1384 2425 1429 2446 or.
1468 2413 1649 2445 Editionem
1664 2412 1840 2452 repetimus.

294 2479 443 2518 Biihmer,
467 2479 543 2520 Req.
560 2479 673 2511 Ludw.
693 2488 727 2518 p.
745 2479 808 2509 183
830 2477 958 2510 Iohann
980 2487 1030 2509 nr.
1047 2476 1099 2507 22.

298 2539 350 2579 Os.
373 2540 439 2572 iam
463 2549 565 2580 supra
587 2542 659 2571 tom.
676 2538 735 2576 IV,
753 2539 838 2570 1142
859 2548 908 2570 nr.
927 2538 1020 2569 1148.

295 2617 458 2649 Iohannes
479 2617 543 2648 Dei
571 2617 681 2659 gracia
703 2615 840 2648 Boemie
865 2617 899 2646 et
920 2613 1056 2646 Polonie
1085 2623 1157 2652 rex,
1186 2613 1268 2644 sacri
1295 2611 1421 2654 imperii
1450 2611 1530 2642 citra
1557 2613 1682 2641 montes
1709 2610 1843 2641 vicarius

187 2668 349 2711 generalis
365 2679 403 2700 ac
419 2667 712 2710 Lucemburgensis
730 2677 839 2699 comes
902 2664 1142 2701 ⁴venerabilibus
1158 2663 1292 2695 Iohanni
1309 2663 1466 2704 Pragensi
1490 2662 1642 2703 episcopo
1666 2665 1699 2692 et
1715 2660 1842 2700 pietro»

189 2719 326 2752 ecclesie
357 2720 584 2752 Olomucensis
616 2719 720 2751 electo
751 2723 784 2750 et
814 2718 1002 2750 confirmato
1037 2715 1232 2758 principibus
1261 2725 1299 2746 ac
1330 2714 1485 2746 universis
1516 2712 1586 2744 aliis
1617 2712 1748 2754 prelatis
1777 2717 1840 2743 tam

296 2797 326 2824 θ.
354 2797 379 2830 h)
398 2807 430 2824 us
447 2798 475 2824 in
494 2798 549 2824 loco
567 2806 629 2824 rano
647 2806 685 2823 or.
