2184 3126
375 148 471 176 ACTA
492 124 605 176 REGNi
625 147 809 176 LUDEWICI
828 147 875 175 IV.
894 147 940 175 ΕΤ
959 146 1144 174 FRIDERICI
1162 146 1210 174 111.
1247 147 1322 175 1324.
1359 147 1407 174 Nr.
1421 147 1496 175 1020.
1516 148 1590 176 1021.
1612 148 1686 176 1022.
1797 151 1860 183 847

199 233 428 267 excellentiam
445 232 552 275 dignis
574 234 606 265 in
622 232 761 266 Domino
786 233 934 266 laudibus
951 233 1144 267 extollentes
1165 233 1254 266 illam
1278 244 1430 276 rogamus
1452 236 1605 267 attentius
1628 239 1662 267 et
1684 235 1861 276 hortamur,

201 286 352 328 quatinus
374 286 407 316 in
423 284 605 316 huiusmodi
623 284 803 317 devotionis
827 289 859 318 et
874 286 1054 318 affectionis
1070 285 1231 318 laudando
1254 287 1419 328 proposito
1443 285 1502 318 sub
1518 286 1626 318 divine
1641 286 1860 319 retributionis

201 338 236 369 et
257 336 427 379 apostolici
451 336 569 368 favoris
592 337 724 378 premiis
747 347 820 368 cum
844 337 1042 369 exhibitione
1066 338 1173 379 operis
1200 337 1429 370 inviolabiliter
1455 342 1651 379 perseveret.
1705 337 1858 370 Ceterum

199 388 372 431 petitiones
395 390 467 420 tuas
490 391 557 420 tam
579 387 769 420 interclusas
792 388 915 420 eisdem
939 388 1054 421 littoris
1070 398 1167 430 quam
1190 389 1281 429 alias,
1305 388 1346 421 de
1370 388 1485 431 quibus
1507 389 1539 421 in
1562 390 1626 421 tuis
1648 390 1720 422 aliis
1743 390 1859 422 litteris

163 451 179 471 ι
197 440 319 472 mentio
335 438 526 480 habebatur,
550 438 770 471 exaudiendas
786 439 946 481 duximus,
970 443 1065 482 prout
1086 440 1118 472 in
1142 440 1297 472 confectis
1319 441 1436 473 exinde
1460 440 1575 473 litteris
1598 442 1717 484 poterit
1739 441 1858 484 regalis

196 490 394 524 excellentia
416 491 542 522 intueri.

305 542 427 575 Datum
450 542 647 583 Avinion(e)‚
671 538 730 574 VI.
754 542 827 574 Kal.
851 542 1051 583 Decembris,
1074 553 1158 575 anno
1183 554 1276 575 nono.

390 673 510 710 1021.
555 672 709 710 Litterae
739 674 786 710 ad
813 674 1104 720 archiepiscopum
1138 672 1386 711 Trevirensem.
1490 676 1576 711 Nov.
1596 678 1658 711 26.

311 747 410 790 Copia
425 748 482 789 (c.)
497 748 612 781 ibidem
630 747 689 790 fol.
706 748 748 780 44
763 759 813 781 nr.
826 749 901 782 347.
938 747 1138 781 Contulimus
1151 758 1216 780 nos.
1243 767 1279 772 —
1301 749 1364 782 Ed.
1381 749 1506 781 Riczler
1527 749 1547 782 l.
1560 761 1584 782 c.
1603 760 1638 790 p.
1653 750 1716 781 199
1731 760 1781 783 nr.
1793 750 1858 782 424

155 808 181 829 ιο
198 810 238 833 ex
259 809 304 839 c.;
325 799 510 833 Sauerland
530 799 550 832 l.
568 811 593 832 c.
617 800 645 839 1,
660 801 726 832 333
746 810 796 832 nr.
814 801 878 832 703
899 810 938 832 ex
960 810 986 832 c.

304 859 380 900 Req.
397 859 501 892 Lc'her
522 859 541 892 l.
557 870 582 892 c.
601 870 637 900 p.
651 861 716 892 259
738 870 787 892 m.
802 860 882 899 246;
905 859 1212 901 Preger-Reinkcns
1227 871 1262 900 p.
1278 860 1344 892 282
1364 871 1414 892 nr.
1433 861 1504 893 194.

305 932 484 965 Baldevino
508 933 751 976 archiepiscopo
776 932 977 965 Treverensi.

305 985 389 1017 Leta
411 995 508 1016 manu
525 984 734 1017 fraternitatis
757 986 811 1017 tue
827 985 1009 1026 recepimus
1031 985 1155 1016 litteras
1178 984 1271 1016 nobis
1294 995 1352 1027 per
1376 984 1529 1017 dilectum
1552 985 1653 1017 filiurn
1668 986 1857 1028 magistrum

199 1035 378 1068 Iohannem
401 1035 557 1068 Bertaudi
580 1036 778 1068 canonicum>
792 1036 1025 1068 Treverensem
1049 1036 1220 1068 novissime
1244 1040 1456 1078 presentatas,
1486 1046 1620 1078 quarum
1644 1040 1736 1069 tenor
1758 1037 1857 1069 devo-

153 1097 179 1117 n
199 1089 331 1128 tionem,
355 1097 452 1129 quam
475 1087 518 1119 ad
540 1098 598 1119 nos
618 1088 704 1130 geris
721 1090 754 1119 et
769 1090 912 1119 sanctam
929 1086 1111 1119 Romanam
1129 1087 1311 1128 ecclesiam,
1326 1087 1419 1119 nobis
1435 1088 1512 1119 satis
1527 1088 1664 1119 innotuit
1679 1088 1856 1120 evidenter.

197 1138 301 1181 Super
324 1149 388 1181 quo
411 1138 469 1171 tibi
491 1140 614 1181 gratias
629 1139 747 1172 uberes
762 1139 942 1172 referentes
958 1139 1192 1171 fraternitatem
1215 1142 1302 1171 tuam
1320 1150 1471 1181 rogamus
1493 1142 1627 1180 attente,
1649 1142 1686 1171 ut
1701 1143 1854 1181 quantum

195 1193 285 1222 tuam
301 1190 505 1233 prudentiam
522 1191 648 1228 deceat,
671 1194 704 1223 te
723 1190 881 1223 adherere
905 1193 1009 1233 petre,
1033 1201 1053 1222 a
1076 1201 1140 1233 qua
1156 1191 1283 1223 excisus
1298 1192 1439 1223 nosceris
1450 1191 1471 1231 ²,
1495 1192 1658 1233 capitique
1675 1194 1730 1223 tuo
1746 1193 1854 1223 incon-

162 1242 165 1243 ’
195 1251 288 1274 cusse
311 1242 462 1274 assistere
485 1242 730 1275 consideranter
752 1242 923 1274 attendens
953 1243 985 1274 in
1012 1242 1074 1274 hiis
1096 1243 1268 1284 persistere
1296 1242 1469 1285 diligenter
1496 1242 1627 1275 studeas
1650 1252 1710 1274 nec
1733 1253 1752 1274 a
1775 1253 1855 1284 quo-

196 1303 291 1336 quam
323 1294 407 1326 circa
429 1293 491 1326 hec
515 1297 547 1326 te
571 1293 681 1327 seduci
709 1295 888 1336 permittas.
938 1293 990 1326 Ex
1020 1294 1081 1326 hoc
1109 1295 1194 1326 enim
1222 1297 1332 1336 preter
1364 1294 1504 1326 humane
1534 1293 1638 1326 laudis
1667 1294 1855 1336 preconium

147 1357 177 1378 so
197 1344 339 1377 divinam
363 1345 603 1387 promereberis
626 1346 764 1388 gratiam
789 1356 827 1378 ac
849 1349 993 1378 nostrum
1017 1349 1050 1377 et
1074 1345 1209 1378 ecclesie
1223 1345 1370 1378 Romane
1394 1345 1537 1378 favorem
1560 1345 1775 1377 abundantius
1798 1345 1855 1377 tibi

195 1397 312 1428 merito
328 1396 524 1429 vendicabis.
570 1397 624 1429 Ad
645 1398 706 1430 hec
729 1407 916 1440 processum
940 1396 1061 1429 dudum
1084 1397 1229 1429 habitum
1245 1401 1356 1430 contra
1379 1397 1520 1429 nobilem
1536 1398 1639 1429 virum
1654 1397 1855 1429 Ludovicum

197 1447 312 1480 ducem
336 1447 474 1480 Bavarie
507 1449 700 1481 fraternitati
729 1452 783 1481 tue
810 1449 966 1481 mittimus
993 1459 1052 1490 per
1078 1450 1275 1490 presentium
1304 1449 1504 1491 portitorem,
1531 1459 1627 1491 quem
1657 1459 1716 1492 per
1742 1453 1774 1481 te
1803 1450 1854 1481 vel

194 1499 293 1531 alium
328 1499 361 1531 in
397 1501 460 1532 tuis
489 1500 618 1532 civitate
651 1504 684 1533 et
712 1500 832 1532 diocesi
862 1511 900 1532 ac
927 1501 1092 1543 provincia
1119 1500 1251 1532 studeas
1282 1500 1457 1542 publicare.
1516 1499 1695 1532 Habitum
1726 1500 1767 1532 ad
1795 1511 1855 1533 nos

194 1544 360 1583 recursum
383 1551 578 1584 fiducialiter
600 1553 631 1584 in
654 1552 726 1594 hiis,
750 1563 813 1595 quc
837 1551 895 1584 tibi
919 1562 957 1584 ac
980 1555 1034 1584 tue
1058 1551 1194 1584 ecclesie
1218 1552 1338 1584 fuerint
1360 1555 1528 1594 oportuna.

144 1611 174 1633 -ιι
301 1602 422 1635 Datum
445 1606 481 1635 ut
503 1614 599 1646 supra
622 1604 769 1647 proxima
777 1604 800 1636 ².

251 1785 346 1822 1022.
381 1784 559 1825 PACTU
566 1787 609 1824 M
631 1786 1071 1880 ΙΛΙΠΡΟΙΛὲῦὲΑΙΞἹΙΙῖἰΟὲΞ
1077 1786 1233 1879 ἓξὲξ
1240 1786 1276 1823 R
1283 1787 1372 1824 IAE
1397 1785 1510 1824 CUM
1534 1785 1565 1824 C
1573 1787 1626 1823 IV
1633 1787 1761 1825 ITAT
1768 1788 1799 1824 E

1116 1858 1132 1879 A
1213 1869 1222 1879 0

860 1903 967 1939 1324.
1010 1901 1103 1940 Nov.
1127 1903 1184 1939 16.

305 1990 466 2032 Oriyinale
489 1993 564 2034 (or.)
587 1993 623 2025 in
645 1993 804 2026 tabulario
827 1993 1014 2026 Luceriensi
1023 1993 1046 2025 ³.
1072 2011 1110 2017 —
1139 1993 1201 2025 Ed.
1225 1993 1322 2034 Kopp
1345 1993 1410 2025 loco
1431 2003 1531 2034 supra
1552 1994 1598 2026 ad
1622 2004 1672 2028 nr.
1690 1995 1732 2025 76
1753 1994 1851 2027 citato

144 2056 176 2076 so
189 2053 223 2084 p.
242 2044 304 2074 140
327 2054 376 2075 nr.
395 2045 436 2075 70
458 2054 498 2076 ex
520 2055 566 2076 or.
611 2044 792 2078 Editionem
815 2045 994 2085 repetimus.

302 2103 449 2143 Biihmer,
473 2104 548 2145 Req.
565 2105 680 2138 Ludw.
697 2116 732 2146 p.
750 2106 814 2137 416
836 2105 1067 2138 Reichssachen
1090 2115 1139 2137 nr.
1156 2106 1221 2136 418
1242 2105 1370 2146 (Addit.
1388 2106 1472 2147 ΙΙΙ).

304 2179 378 2212 Wir
399 2180 577 2223 Friderich‚
601 2181 788 2224 Egebrecht
816 2183 881 2215 und
903 2182 999 2225 Egeli
1027 2183 1059 2215 di
1082 2182 1314 2214 schultheitzen
1341 2182 1406 2215 und
1429 2183 1487 2215 wir
1513 2183 1572 2215 der
1594 2187 1644 2215 rat
1668 2208 1675 2215 .
1694 2208 1700 2216 .
1725 2183 1784 2216 der
1806 2183 1852 2216 alt

169 2229 259 2269 ,und
282 2256 290 2265 .
306 2255 314 2264 .
338 2231 397 2264 der
418 2243 511 2265 nuwe
536 2233 600 2264 und
625 2233 657 2265 di
680 2233 800 2275 burger
823 2234 1101 2277 gemainchlichen
1124 2245 1160 2266 ze
1178 2234 1384 2266 Schai'husen
1407 2234 1562 2276 verjehen
1584 2235 1650 2267 und
1673 2234 1729 2267 tun
1753 2235 1850 2267 chunt

194 2281 344 2314 offenlich
367 2294 408 2315 an
431 2283 534 2316 disem
558 2284 677 2327 briefe‚
705 2285 764 2318 daz
787 2286 845 2318 wir
866 2297 926 2318 uns
949 2285 1136 2318 verbunden
1159 2285 1266 2318 haben
1291 2286 1365 2318 dem
1392 2286 1500 2319 hohen
1529 2287 1650 2318 fursten
1673 2286 1851 2329 hertzogen

149 2346 174 2365 ιε.
193 2332 364 2374 Lupolden
386 2345 448 2367 von
472 2336 637 2368 Osterrich
660 2336 726 2368 und
749 2347 811 2369 von
835 2336 918 2369 Stire
942 2347 977 2369 ze
1001 2336 1122 2369 hulden
1145 2347 1186 2368 an
1210 2348 1320 2369 unsers
1343 2337 1451 2370 lieben
1473 2337 1590 2370 herren
1613 2338 1714 2380 kunig
1736 2338 1850 2370 Fride-

192 2383 298 2416 riches
327 2395 390 2418 von
418 2385 502 2419 Rom
530 2388 615 2421 sines
643 2387 779 2420 bruders
808 2392 873 2420 stat
899 2388 964 2421 nah
992 2388 1072 2420 sand
1101 2388 1225 2421 Johans
1254 2391 1310 2431 tag
1338 2399 1375 2421 ze
1403 2389 1595 2432 sunegihten
1624 2389 1682 2421 der
1708 2400 1751 2422 nu
1777 2393 1850 2422 nast
1885 2417 1935 2438 ms

193 2435 312 2477 chumt,
336 2447 464 2470 swenne
481 2438 540 2470 daz
555 2449 616 2471 von
640 2439 730 2471 sinen
746 2450 859 2483 wegen
883 2451 924 2472 an
947 2451 1007 2472 uns
1029 2440 1187 2482 gesuchet
1209 2442 1288 2473 wirt.
1334 2440 1408 2472 Und
1424 2441 1516 2473 sulen
1538 2441 1598 2473 daz
1621 2445 1677 2473 tun
1700 2452 1740 2473 an
1763 2442 1849 2474 allen
1864 2433 1956 2463 ¹02²*ss

192 2486 305 2530 fur-sog
326 2489 386 2520 mit
407 2488 550 2522 solichen
572 2490 750 2533 gedingen‚
779 2491 838 2524 daz
861 2493 918 2524 wir
939 2493 983 2524 im
1006 2491 1178 2534 gebunden
1201 2492 1291 2524 sulen
1314 2492 1363 2524 sin
1390 2493 1422 2524 in
1448 2492 1534 2525 allen
1561 2492 1625 2525 den
1648 2493 1775 2533 rehten,
1799 2493 1846 2525 als

190 2539 249 2570 wir
271 2539 372 2571 sinem
395 2543 487 2572 vater
509 2541 574 2573 und
596 2542 718 2575 andern
740 2543 937 2575 Romischen
960 2543 1103 2586 kunigen
1126 2543 1299 2586 gebunden
1327 2544 1374 2576 sin
1397 2554 1549 2586 gewesen
1571 2546 1630 2577 mit
1652 2545 1758 2577 dicnst
1781 2545 1845 2577 und

143 2599 174 2619 ιο
192 2590 251 2621 mit
273 2588 372 2632 gfit'en
399 2594 521 2624 truwen
544 2602 586 2624 an
608 2593 671 2625 alle
694 2594 845 2636 geverde.
891 2595 970 2627 Also
998 2595 1040 2627 ob
1068 2595 1202 2637 hertzog
1225 2595 1383 2638 Ludewig
1410 2607 1472 2628 von
1495 2596 1623 2638 Payren
1647 2597 1705 2628 mit
1728 2597 1847 2638 gewalt

190 2640 249 2673 her
270 2641 303 2673 in
326 2641 385 2674 daz
408 2642 484 2675 land
506 2654 598 2686 auge,
622 2644 682 2676 daz
704 2646 763 2677 wir
785 2645 889 2678 danne
913 2646 987 2679 dem
1003 2650 1222 2689 vorgenanten
1245 2657 1374 2679 unserm
1396 2647 1511 2679 herren
1528 2648 1661 2690 hertzog
1676 2648 1845 2690 Lupolden

224 2764 256 2788 8⁵
293 2719 320 2788 12
338 2718 381 2789 ξΐ
394 2719 462 2747 Ιεαί.
479 2725 519 2753 51,
540 2725 561 2748 1.
657 2722 685 2755 2)
703 2721 766 2749 Scil.
784 2731 827 2750 m·-
842 2727 915 2751 1020.
1012 2723 1040 2757 3)
1061 2723 1103 2757 Cf.
1122 2724 1203 2758 Kopp
1220 2723 1323 2751 ‘Gaetu
1342 2723 1390 2751 der
1410 2724 1629 2759 numncssisehen
1648 2724 1760 2751 Brinde’
1784 2724 1814 2758 V,
1829 2730 1840 2751 1

184 2769 214 2794 p.
271 2769 328 2789 no.
355 2783 360 2790 .
