2184 3126
302 163 365 192 474
507 157 606 185 ACTA
624 157 737 185 REGNI
755 156 939 184 LUDEWICI
958 156 1004 183 IV.
1022 155 1069 182 ET
1087 154 1273 182 FRIDERIOI
1291 154 1340 182 III.
1378 155 1452 182 1320.
1490 154 1539 182 Nr.
1551 155 1612 182 593.
1630 155 1690 183 594.
1709 156 1770 183 595.

299 250 410 279 tenore
433 246 636 287 presencium
659 245 858 286 assignamus
881 243 1062 283 tenendam,
1088 251 1253 283 quousque
1279 251 1321 272 ex
1343 242 1414 282 ipsa
1436 242 1578 283 civitate,
1600 241 1724 274 iuribus
1747 244 1783 286 et
1796 241 1955 276 fructibus

303 297 456 340 predictis
473 298 591 329 dictam
615 307 771 328 summam
793 295 929 337 pecunie
953 294 1047 335 plene
1071 293 1195 334 tollant,
1219 293 1381 334 perceptis
1404 293 1437 323 in
1459 295 1569 324 nostro
1593 293 1703 326 debito
1726 293 1820 326 nobis
1843 295 1953 326 etim-

301 349 393 391 perio
419 349 516 391 plene
540 349 688 380 continue
712 346 920 379 defalcandis.
965 345 1092 376 Harum
1114 345 1297 376 testimonio
1320 343 1502 376 litterarum
1525 345 1623 386 sigilli
1645 346 1824 378 maiestatis
1846 349 1956 378 nostre

301 401 418 433 robore
441 402 648 442 signatarum.

407 452 482 484 Dat.
506 453 539 483 in
554 449 788 483 Franchenffirt
811 447 928 490 oppido
951 450 1060 479 nostro
1086 446 1197 488 regali,
1221 447 1260 478 V.
1277 446 1394 478 Kalen.
1419 446 1563 489 Octobr„
1586 458 1670 480 anno
1694 448 1826 480 Domini
1847 448 1953 480 mille-
1991 459 2004 478 s

300 504 381 535 simo
404 504 629 535 trecentesimo
653 502 815 542 vicesimo,
838 500 929 541 regni
952 509 1029 530 vero
1052 499 1151 530 nostri
1175 508 1259 530 anno
1283 502 1386 530 sexto.

764 630 850 667 594.
892 630 1067 665 Concessio
1094 629 1223 665 telonei.
1329 629 1419 675 Sept.
1439 630 1497 665 30.

409 706 569 747 Oriyinale
592 707 664 746 (or.)
688 706 723 737 in
745 705 906 737 tabulario
927 704 1011 744 regio
1033 704 1269 744 Marburyensi.
1322 703 1444 735 Pendet
1465 703 1605 745 siqiuum
1627 704 1748 736 laesum
1771 704 1836 737 loro
1859 715 1953 737 mem—

297 759 457 791 branaceo.
475 777 515 781 —
535 758 598 789 Ed.
613 757 740 789 Reimer
755 756 947 788 ‘Hessisches
964 754 1232 788 Urkundenbuch‘
1255 755 1306 794 II,
1321 755 1344 786 2
1359 766 1395 796 p.
1409 756 1472 786 199
1487 766 1537 788 nr.
1548 755 1614 787 215
1629 767 1668 788 ex
1685 767 1731 790 or.
1765 756 1950 790 Editionem

297 810 475 850 repetimus.
1974 818 2000 838 ιο

403 870 551 908 ΒόῙιΜεν,
577 869 650 909 Rey.
666 868 779 900 Isudw.
803 868 895 900 deest.

407 930 458 971 C'f.
481 930 574 962 aliud
595 929 748 969 scriptum
769 928 851 968 reyis
873 928 976 959 eodem
998 927 1050 959 die
1072 927 1184 959 datum
1207 927 1226 959 l.
1244 938 1269 959 c.
1287 938 1323 967 p.
1341 928 1404 958 199
1426 938 1475 960 nr.
1491 928 1565 960 214.

404 1007 472 1039 Nos
501 1007 693 1039 Ludowicus
723 1006 786 1037 Dei
815 1006 925 1047 gracia
954 1005 1175 1036 Romanorum
1209 1015 1268 1036 rex
1302 1015 1432 1047 semper
1463 1010 1617 1048 augustus
1654 1006 1696 1038 ad
1729 1007 1953 1040 universorum

296 1061 448 1092 noticiam
471 1059 617 1091 volumus
640 1058 823 1100 pervenire,
854 1057 940 1098 quod
964 1056 1005 1088 ob
1028 1059 1121 1098 grata
1145 1059 1178 1088 et
1199 1056 1310 1088 fidelia
1333 1057 1491 1099 obsequia
1513 1057 1606 1089 nobis
1634 1061 1668 1090 et
1689 1059 1826 1100 imperio
1850 1069 1954 1101 nuper

295 1122 354 1153 per
375 1111 516 1143 nobilem
532 1111 634 1141 virum
649 1099 795 1142 suricum
818 1108 858 1140 de
881 1108 1043 1149 Hanowe,
1067 1107 1198 1139 fidelem
1225 1111 1369 1140 nostrum
1397 1109 1550 1141 dilectum
1572 1119 1684 1142 versus
1708 1110 1875 1142 Alsaciam
1902 1111 1951 1143 in-
1970 1121 1996 1142 u

294 1173 397 1204 pensa
418 1165 451 1194 et
473 1173 531 1204 pro
555 1162 702 1202 dampnis
726 1160 787 1191 sibi
808 1161 841 1191 in
864 1159 987 1191 eisdem
1010 1160 1127 1191 nostris
1151 1159 1314 1201 obsequiis
1337 1160 1435 1192 illatis
1461 1161 1523 1202 ipsi
1550 1161 1584 1192 in
1606 1161 1707 1193 tribus
1730 1161 1861 1194 milibus
1888 1162 1951 1195 lib-

292 1224 400 1246 rarum
422 1213 625 1246 Hallensium
647 1213 805 1244 bonorum
829 1211 996 1243 existimus
1020 1210 1166 1253 obligati.
1211 1211 1276 1243 Pro
1301 1222 1364 1254 qua
1387 1222 1513 1243 summa
1536 1212 1673 1254 pecunie
1696 1213 1758 1254 ipsi
1780 1212 1891 1246 Ulrico
1918 1217 1953 1246 et

294 1266 358 1297 suis
380 1265 553 1297 heredibus
577 1264 657 1295 duos
673 1265 876 1296 Turonenses
892 1273 1022 1305 grossos
1041 1263 1074 1295 in
1090 1263 1233 1295 thelonio
1249 1266 1358 1295 nostro
1374 1263 1554 1296 Bacharaci
1570 1264 1719 1296 duximus
1735 1264 1950 1307 deputandos,

292 1320 358 1349 tam
386 1316 440 1348 diu
467 1327 526 1358 per
554 1318 659 1358 ipsum
682 1316 826 1348 Uli-icum
853 1318 886 1346 et
912 1325 987 1346 suos
1014 1314 1152 1346 heredes
1182 1314 1343 1347 tollendos
1372 1318 1406 1347 et
1434 1315 1650 1357 colligendos,
1680 1315 1784 1348 donec
1815 1317 1878 1358 ipsi
1907 1316 1949 1349 de

293 1368 380 1400 dicta
402 1379 536 1408 summa,
560 1379 618 1409 pro
636 1379 699 1409 qua
721 1368 798 1409 ipsis
820 1366 975 1398 iudicium
991 1365 1113 1398 dictum
1128 1367 1486 1409 Brunneheimerberge
1509 1378 1582 1399 cum
1605 1368 1762 1400 universis
1785 1369 1851 1400 suis
1873 1379 1948 1411 per·
1967 1379 1994 1400 so

292 1421 438 1452 tinenciis
462 1420 684 1461 obligavimus,
709 1419 749 1450 de
774 1419 866 1450 dictis
891 1418 1014 1450 duobus
1031 1419 1150 1460 grossis
1166 1418 1406 1451 Turonensibus
1423 1419 1475 1451 vel
1491 1419 1568 1451 alibi
1584 1430 1643 1461 per
1666 1430 1724 1451 nos
1747 1419 1950 1462 integraliter

274 1471 412 1504 ¹fuerint
444 1471 598 1512 expediti.
700 1471 737 1501 In
767 1471 855 1502 cuius
884 1471 931 1502 rei
965 1471 1183 1502 testimonium
1217 1473 1384 1512 presentes
1417 1471 1543 1503 litteras
1577 1471 1736 1503 conscribi
1771 1474 1804 1504 et
1837 1474 1946 1504 nostre

293 1523 470 1555 maiestatis
493 1522 598 1564 sigillo
621 1523 770 1554 iussimus
793 1523 992 1554 communiri.

398 1575 472 1607 Dat.
490 1575 522 1606 in
537 1573 782 1614 Franchenffirt,
806 1574 848 1605 II.
866 1573 981 1606 Kalen.
1000 1573 1143 1615 Octobr.,
1167 1584 1250 1605 anno
1266 1573 1397 1605 Domini
1419 1574 1591 1606 millesimo
1615 1575 1844 1607 trecentesimo
1861 1576 1948 1607 vice-

293 1627 383 1668 simo,
407 1627 497 1669 regni
521 1637 596 1659 vero
619 1626 719 1658 nostri
742 1636 825 1657 anno
848 1628 951 1657 sexto.
1966 1636 1993 1657 ss

487 1758 572 1793 595.
612 1757 768 1793 Isc'tterae
794 1758 842 1792 ad
868 1757 1039 1793 civitatem
1066 1757 1349 1801 Arqeminensem
1376 1756 1514 1792 alterae.
1622 1757 1696 1793 Oct.
1714 1759 1749 1792 1.

404 1831 564 1872 Originale
586 1832 659 1872 (or.)
688 1831 724 1862 in
751 1830 910 1863 tabulario
937 1831 1076 1863 civitatis
1098 1830 1350 1871 Aryentinensis.
1404 1830 1509 1870 Siyilli
1531 1831 1708 1863 maiestatis
1732 1842 1821 1863 cerae
1842 1831 1946 1870 flavae

293 1884 383 1915 dorso
405 1883 550 1923 impressi
575 1883 706 1923 vestiyia
727 1883 855 1914 adsunt.
907 1883 951 1914 In
974 1883 1156 1914 membrama
1182 1892 1276 1914 erasa
1303 1882 1458 1922 scriptum
1485 1885 1540 1914 est.
1591 1883 1764 1923 Inscriptio
1787 1885 1849 1915 est:
1882 1883 1948 1915 den

292 1936 412 1967 weisen
435 1935 501 1967 und
529 1935 723 1967 bescheiden
750 1934 860 1967 leuten
890 1934 1032 1976 Nyclaus
1054 1935 1139 1966 Zorn
1172 1934 1239 1966 und
1273 1933 1348 1965 dem
1381 1936 1431 1965 rat
1458 1933 1517 1965 der
1547 1934 1667 1976 burger
1693 1945 1730 1966 ze
1759 1934 1944 1978 Stmzbnrg,

291 1997 408 2019 unsern
429 1986 536 2018 lieben
559 1987 723 2028 getriwen.
750 2004 792 2009 —
820 1985 882 2017 Ed.
907 1985 1176 2019 ‘Urkumlenbuch
1205 1985 1261 2017 der
1283 1985 1379 2017 stadt
1401 1985 1605 2027 Strassbury’
1628 1985 1682 2025 II,
1712 1987 1777 2017 351
1805 1996 1855 2018 nr.
1878 1987 1943 2017 400
1963 1997 1990 2020 ω

293 2047 331 2069 ex
354 2047 397 2069 or.
443 2037 624 2069 Editionem
646 2037 824 2077 repetimus.

399 2097 545 2136 Bfflzmer,
569 2097 644 2137 Rey.
660 2097 773 2129 Ludw.
791 2108 826 2136 p.
843 2097 886 2128 24
907 2107 958 2131 nr.
974 2097 1048 2128 411.

403 2157 453 2198 Cf.
476 2167 575 2196 supra
595 2167 644 2188 nr.
663 2158 734 2189 588.

400 2233 474 2266 wir
495 2234 671 2266 Ludowich
693 2245 756 2266 von
779 2234 880 2267 Gotes
904 2234 1033 2276 gnaden
1054 2233 1248 2266 Romischer
1269 2233 1407 2265 chunich
1435 2244 1471 2266 ze
1501 2233 1588 2266 allen
1615 2234 1722 2266 zeiten
1751 2245 1859 2267 meret
1888 2236 1946 2269 des

292 2284 398 2317 riches
486 2285 637 2317 enbieten
659 2286 721 2318 den
743 2287 864 2318 weisen
885 2286 952 2318 und
974 2285 1172 2318 bescheiden
1198 2285 1310 2318 leuten
1331 2285 1474 2327 Nyclaus
1495 2285 1582 2317 Zorn
1609 2286 1675 2317 und
1702 2286 1777 2319 dem
1805 2290 1856 2319 rat
1887 2287 1946 2320 der
1965 2298 1990 2319 π

293 2336 411 2378 burger
433 2347 469 2368 ze
493 2336 693 2378 Strazburch,
716 2348 854 2369 unseren
876 2337 986 2369 lieben
1007 2338 1165 2379 getriwen
1251 2347 1348 2369 unser
1370 2336 1470 2369 hulde
1491 2337 1559 2368 und
1581 2337 1662 2369 alles
1684 2337 1751 2380 gut.

400 2387 459 2418 Als
481 2388 508 2418 ir
529 2398 588 2418 uns
611 2388 748 2420 enboten
770 2388 859 2430 habt,
882 2389 947 2420 sfilt
967 2390 996 2420 ir
1017 2389 1146 2431 wizzen,
1173 2387 1233 2420 daz
1255 2389 1314 2420 wir
1335 2388 1421 2420 nihts
1442 2399 1506 2420 von
1527 2389 1561 2420 iu
1584 2388 1747 2430 gelouben
1770 2389 1855 2422 dann
1885 2390 1946 2423 daz

277 2450 279 2453 ¹
293 2437 352 2479 gfit
382 2438 424 2469 ist
454 2438 520 2469 und
551 2439 608 2470 daz
641 2440 698 2471 wir
728 2440 888 2471 deheinen
915 2440 1067 2472 unwillen
1097 2439 1182 2471 noch
1213 2439 1386 2481 ungenade
1406 2433 1479 2482 'gen
1506 2438 1577 2483 [iu]⁸
1602 2440 1712 2472 haben
1746 2441 1830 2473 noch
1861 2443 1945 2475 auch

292 2499 416 2530 ungern
438 2489 546 2521 heten.
590 2490 637 2521 Ist
659 2490 736 2522 aber
759 2490 818 2522 daz
840 2491 915 2522 iuch
937 2502 1034 2523 unser
1057 2491 1183 2532 diener,
1212 2491 1276 2522 den
1298 2491 1440 2524 schaden
1461 2492 1496 2523 in
1517 2492 1604 2524 iurer
1626 2494 1692 2524 stat
1713 2493 1780 2524 und
1803 2493 1862 2525 dar
1885 2505 1945 2526 auz

292 2540 478 2583 geschehen
499 2541 550 2581 ist,
573 2541 750 2582 angreiffen
772 2542 838 2574 und
859 2542 1036 2574 beswaeren
1057 2542 1187 2584 wolten,
1209 2541 1274 2574 sult
1295 2543 1324 2574 ir
1345 2543 1474 2583 wizzen,
1498 2542 1558 2575 daz
1580 2554 1640 2575 uns
1662 2543 1722 2575 daz
1744 2555 1805 2586 gar
1826 2545 1885 2578 luit
1903 2546 1946 2578 ist
1961 2557 1989 2578 ω

291 2590 360 2623 und
381 2591 463 2623 auch
486 2591 545 2623 daz
567 2593 734 2624 sicherlich
755 2594 891 2626 wenden
912 2594 1043 2635 wellen,
1071 2604 1138 2626 swa
1158 2594 1218 2626 wir
1240 2593 1388 2626 chunnen
1411 2593 1491 2626 oder
1517 2594 1647 2637 mugen.
1692 2595 1751 2628 Als
1773 2596 1833 2628 wir
1859 2596 1944 2630 auch

291 2643 351 2674 mit
372 2646 479 2686 sampt
505 2654 623 2675 unsern
649 2644 758 2676 lieben
783 2644 906 2677 ffirsten
934 2645 1010 2677 dem
1037 2645 1156 2687 chfinig
1178 2656 1241 2677 von
1262 2645 1401 2678 Beheim
1423 2645 1491 2678 und
1513 2646 1588 2678 dem
1610 2647 1742 2680 bischof
1763 2658 1828 2680 von
1849 2647 1944 2682 'Pr-ier

290 2703 350 2726 vor
370 2695 430 2727 mit
449 2695 484 2727 iu
506 2695 641 2737 geredet
661 2695 767 2728 haben
788 2697 866 2728 umb
890 2698 983 2729 einen
1005 2697 1168 2739 lantfrido,
1191 2697 1282 2730 biteu
1301 2698 1360 2730 wir
1381 2697 1456 2730 iuch
1477 2697 1738 2742 vleizzssiehen]·‚
1767 2701 1815 2732 sei
1836 2701 1871 2732 iu
1892 2701 1944 2733 iur

393 2772 458 2800 595.
484 2772 507 2804 ι)
525 2773 621 2798 lacuna
638 2781 675 2798 or.
