2124 3132
537 163 755 192 TRACTATUS
777 163 825 191 DE
846 163 1061 191 ELECTIONE.
1099 164 1174 192 1314.
1211 165 1258 192 Nr.
1272 165 1313 192 60.
1332 166 1374 193 61.
1392 166 1434 193 62.
1768 173 1807 201 57

153 261 234 294 quos
257 251 379 283 fruetus
401 250 461 292 ipsi
486 249 615 282 domino
640 274 647 282 .
665 275 672 282 .
697 249 940 292 archiepiscopo
964 254 998 282 et
1021 250 1156 283 ecclesie
1179 251 1368 293 Moguntine
1400 262 1525 284 exnunc
1549 253 1662 285 damus
1690 254 1808 287 libcra-

153 302 228 335 liter
249 305 283 335 et
306 302 472 334 donamus.
518 301 562 334 Et
583 302 814 344 promittimus,
844 301 929 344 quod
958 302 1040 335 hanc
1072 303 1212 334 litteram
1242 307 1276 335 et
1299 314 1410 335 omnes
1434 304 1514 335 alias
1539 305 1662 336 litteras
1686 314 1810 339 nostras

152 364 250 397 super
279 353 522 396 quibuscunque
555 353 747 386 tractatibus
782 353 865 385 inter
900 353 1079 395 predictum
1116 354 1280 386 dominum
1313 379 1348 387 ..
1378 355 1656 398 archiepiscopum
1689 363 1722 389 et
1752 370 1809 390 nos

152 408 263 438 mutuo
286 405 405 437 habitis
427 405 592 437 confectas
611 404 837 436 innovabimus
859 404 917 436 sub
941 405 1046 447 sigillo
1071 406 1161 447 regie
1186 407 1374 447 maiestatis,
1399 412 1493 448 prout
1519 407 1578 438 hoc
1603 409 1686 440 idem
1705 410 1808 441 ‹lomi-

119 465 132 485 ⁸
150 468 210 490 nus
232 481 240 489 .
258 481 265 488 .
289 456 550 504 archiepiscopus
565 456 694 489 duxerit
710 456 948 498 requirendum.
1038 457 1074 488 In
1098 458 1188 489 cuius
1211 459 1257 489 rei
1274 459 1490 490 testimonium
1509 460 1648 501 sigillum
1666 467 1808 494 nostrum

151 508 356 552 presentibus
379 508 495 540 litteris
519 512 568 540 est
590 518 779 550 appensum.

258 560 379 593 Datum
389 560 633 602 Confluen(cie),
646 570 729 592 anuo
740 559 870 591 Domini
882 560 1052 592 millesimo
1067 562 1292 593 trecentesimo
1306 562 1560 604 quartodecim0‚
1575 564 1622 595 XI
1642 565 1810 597 Kalendas

151 612 309 646 Octobris.

16 440 19 452 Ι

17 455 23 467 71

16 495 20 509 ⁴

455 710 516 747 61.
557 711 756 747 Commissio
783 710 1008 756 conquirendi
1034 711 1226 746 servitores.
1332 711 1424 757 Sept.
1443 715 1504 748 23.

108 787 133 808 ιο
260 780 421 821 Ονίρὶπαῖε
443 779 517 823 (or.)
541 781 578 812 in
598 780 702 812 eodem
725 779 884 813 tabulario
907 779 927 811 l.
944 790 969 811 e.
990 790 1040 811 nr.
1056 779 1086 812 3.
1128 779 1329 812 Contulimus
1351 791 1417 814 nos.
1457 781 1605 822 Siyillum
1627 783 1719 815 deest.
1766 783 1807 815 In

148 842 236 865 verso
262 832 391 873 legitur:
425 833 683 875 procuratorium
710 842 808 874 super
834 830 1064 875 acqu[i]rendis
1091 832 1234 863 armatis.
1257 850 1299 856 —
1329 832 1392 864 Ed.
1421 832 1616 865 Wiae'rdtwein
1646 834 1809 867 ‘Subsidia

150 883 364 925 diplomatica'
387 884 415 923 1,
437 885 503 916 428
523 895 574 916 nr.
590 886 632 916 81
655 894 694 916 ex
717 894 762 916 or.

258 944 506 987 Biilqmer„,R09;
522 944 636 976 Lu'dw.
659 944 752 976 deest.
800 943 954 985 Reqesten
975 943 1031 975 der
1053 942 1268 985 Psalzqrafen
1290 954 1340 975 nr.
1358 945 1454 976 1914.

257 1039 325 1071 Nos
352 1038 573 1081 Lud(ewicus)
600 1038 663 1071 Dei
690 1039 801 1081 gracia
825 1049 934 1070 comes
957 1038 1119 1080 palatinus
1147 1038 1231 1070 Reni
1265 1038 1331 1070 dux
1360 1039 1509 1071 Bawarie
1539 1043 1808 1084 recognoscimus,

107 1101 132 1121 u
150 1091 237 1134 quod
265 1091 481 1123 commisimus
509 1094 542 1123 et
571 1091 603 1122 in
633 1091 694 1122 hiis
723 1091 850 1132 scriptis
880 1090 1111 1122 committimus
1139 1090 1316 1123 venerabili
1345 1092 1429 1133 patri
1462 1094 1495 1123 et
1518 1091 1648 1124 domino
1678 1093 1808 1126 domino

148 1143 248 1176 Petro
272 1143 516 1185 archiepiscopo
538 1142 756 1185 Mogunt(ino)
781 1141 888 1174 dando
913 1142 1020 1174 eidem
1043 1142 1172 1184 plenam
1197 1146 1393 1184 potestatem
1419 1144 1628 1186 conquirendi
1653 1145 1744 1177 nobis
1767 1146 1808 1178 ad

149 1195 319 1228 servicium
355 1197 498 1227 nostrum
534 1205 632 1236 super
653 1193 863 1236 adipiscendo
887 1204 988 1236 regno
1016 1194 1250 1234 Romanorum,
1292 1195 1319 1226 si
1352 1195 1394 1226 ad
1426 1195 1487 1226 hoc
1518 1196 1613 1228 electi
1643 1196 1809 1239 fuerimus,

149 1268 158 1278 .
175 1269 183 1278 .
207 1246 388 1288 episcopos,
412 1269 419 1277 .
437 1271 444 1278 .
469 1246 641 1288 principes,
665 1269 672 1278 .
691 1269 698 1277 .
721 1245 871 1286 abbates,
895 1246 1040 1285 comites,
1064 1245 1198 1286 nobiles,
1216 1246 1335 1277 milites
1352 1249 1385 1278 et
1401 1246 1482 1278 alios
1499 1248 1677 1289 armigeros
1693 1249 1809 1281 nobilis

148 1300 183 1330 st
204 1297 351 1331 militaris
374 1297 571 1330 condicionis
595 1307 825 1340 quoscumque,
850 1297 906 1339 qui
928 1297 989 1329 sibi
1013 1297 1054 1328 ad
1078 1297 1282 1329 serviendum
1307 1298 1400 1330 nobis
1423 1299 1579 1340 expedire
1603 1299 1809 1342 videbuntur,

105 1359 131 1380 su
148 1359 273 1382 necnon
297 1349 456 1382 tractandi
478 1359 576 1391 super
598 1349 783 1382 huiusmodi
806 1359 919 1381 eorum
943 1349 1085 1380 serviciis
1109 1349 1201 1380 nobis
1225 1350 1439 1391 inpendendis
1469 1355 1502 1382 ct
1528 1352 1712 1392 paciscendi
1737 1363 1809 1384 cum

149 1401 282 1434 eisdem.
320 1401 554 1434 Promittentes
574 1411 632 1443 per
654 1401 752 1433 fidem
776 1404 919 1433 nostram
942 1402 1112 1443 prestitam
1129 1401 1269 1443 desuper
1292 1401 1363 1433 loco
1388 1403 1570 1443 iuramenti,
1594 1404 1682 1445 quod
1705 1408 1808 1436 ratum

149 1455 183 1486 et
210 1456 339 1495 gratum
368 1452 575 1492 habebimus,
606 1452 763 1495 quidquid
797 1453 830 1484 in
864 1452 1029 1494 premissis
1058 1453 1245 1484 tractaverit
1277 1456 1311 1485 et
1338 1454 1540 1496 integraliter
1562 1454 1810 1496 adinplebimus,

148 1504 306 1547 quidquid
329 1515 387 1547 pro
410 1504 502 1537 nobis
526 1505 710 1547 promiserit
726 1504 874 1536 dominus
890 1504 1007 1536 Petrus
1024 1505 1286 1546 archiepiscopus
1302 1505 1493 1537 antedictus.
1539 1505 1581 1537 Et
1604 1507 1809 1539 exsolvemus

147 1566 306 1588 summam
329 1557 480 1598 pecunie,
505 1567 600 1599 quam
624 1567 683 1598 pro
707 1556 800 1588 nobis
824 1556 947 1588 eisdem
971 1557 1155 1598 promiserit
1184 1557 1215 1588 in
1241 1557 1399 1597 terminis,
1424 1568 1504 1599 quos
1527 1558 1568 1589 ad
1594 1558 1655 1590 hoc
1679 1558 1809 1591 duxerit

103 1617 130 1639 ss
148 1607 361 1650 deputandos.
400 1607 443 1640 Et
458 1607 516 1640 has
533 1608 668 1649 litteras,
691 1608 718 1640 si
740 1609 772 1640 in
795 1619 907 1650 regem
923 1609 1144 1641 Romanorum
1162 1608 1258 1640 electi
1274 1609 1439 1650 fuerimus,
1461 1609 1684 1641 innovabimus
1701 1611 1807 1653 sigillo

148 1659 239 1702 regie
255 1659 443 1710 maiestatis.
511 1660 550 1692 In
566 1661 655 1692 cuius
670 1660 718 1692 rei
734 1661 953 1692 testimonium
971 1659 1112 1701 sigillum
1127 1660 1271 1692 nostrum
1289 1661 1408 1702 apponi
1426 1661 1564 1692 fecimus
1588 1661 1661 1693 huic
1678 1663 1808 1704 scripto.

255 1710 376 1743 Datum
399 1711 579 1754 Moguntie,
603 1722 685 1744 anno
708 1711 841 1744 Domini
863 1711 1096 1750 MOCOXIIII,
1120 1711 1179 1743 IX.
1205 1712 1320 1744 Kalen.
1346 1712 1478 1744 Octobr.

546 1903 607 1940 62.
648 1902 842 1940 Promissio
870 1904 1130 1950 archiepiscopi.
1236 1904 1327 1950 Sept.
1347 1906 1409 1939 20.

253 1972 414 2014 Oriqimle
429 1975 502 2015 (or.)
518 1974 554 2006 in
569 1972 730 2006 tabulario
746 1976 861 2005 secreto
877 1973 990 2005 domus
1003 1973 1107 2014 reyiae
1122 1973 1323 2006 Bawaricae.
1366 1974 1566 2006 Contulimus
1580 1985 1647 2006 nos.
1686 1975 1806 2007 Pendet

103 2034 129 2055 ιο
145 2025 285 2066 siqiaum
300 2024 420 2057 laesum
434 2025 501 2057 loro
516 2025 760 2058 membranaceo.
784 2042 824 2048 —
849 2024 913 2057 Ed.
939 2024 1118 2056 Wittmann
1134 2025 1355 2057 ‘Monumenta
1378 2025 1659 2058 Wittelsbacensia‘
1676 2027 1725 2061 ΙΙ,
1741 2027 1805 2058 231

145 2088 196 2110 nr.
211 2077 276 2109 251
300 2087 339 2109 ea:
362 2087 407 2109 or.

252 2137 400 2176 Behmer,
423 2136 501 2178 Req.
516 2137 630 2169 Ludw.
647 2147 684 2177 p.
699 2136 764 2169 237
779 2137 1010 2169 Reichssachen
1026 2147 1076 2169 nr.
1088 2137 1139 2170 28.
1183 2137 1334 2177 Reyesten
1350 2138 1406 2170 der
1422 2138 1630 2179 Psalzyrafen
1646 2149 1694 2170 nr.
1712 2139 1804 2170 1903.

254 2232 322 2265 Nos
344 2232 462 2265 Petrus
485 2231 549 2264 Dei
577 2233 683 2275 gratia
705 2235 817 2264 sancte
845 2232 1066 2273 Moguntfine)
1095 2233 1180 2265 sedis
1204 2232 1466 2274 archiepiscopus
1490 2233 1571 2264 sacri
1596 2233 1723 2274 imperii
1747 2243 1806 2274 per

146 2285 355 2318 Germaniam
383 2284 686 2316 archicancellarius
721 2287 833 2315 tenore
868 2285 1072 2326 presencium
1103 2285 1364 2325 recognoscimus
1392 2289 1426 2316 et
1453 2284 1581 2326 publice
1605 2284 1804 2326 profitemur,

102 2349 127 2369 ss
147 2335 235 2378 quod
261 2335 496 2368 deliberatione
525 2335 685 2378 condigna
715 2339 749 2367 et
777 2340 903 2367 maturo
933 2336 1044 2367 habito
1074 2336 1206 2367 consilio
1235 2347 1295 2377 per
1321 2336 1419 2368 fidem
1450 2341 1591 2367 nostram
1620 2337 1688 2367 vice
1719 2337 1804 2367 iura-

146 2387 247 2420 menti
275 2387 442 2430 prestitam
473 2387 676 2429 promisimus
704 2390 738 2419 et
766 2387 997 2429 promittimus,
1033 2387 1118 2429 quod
1146 2388 1178 2419 in
1208 2388 1347 2419 instante
1371 2388 1540 2419 vacatione
1569 2388 1659 2429 regni
1683 2387 1804 2419 Roma-

146 2450 259 2472 norum
287 2439 451 2471 dominum
479 2439 669 2471 Ludwicum
699 2439 856 2470 illustrem
884 2439 1037 2470 comitem
1065 2439 1242 2481 palatinum
1277 2439 1362 2471 Reni
1397 2439 1512 2471 ducem
1550 2440 1712 2477 Bawarie,
1747 2449 1805 2480 per

146 2492 236 2523 cuius
259 2491 486 2533 provisionem,
510 2490 742 2522 discrecionem
767 2495 801 2522 et
823 2491 1016 2532 sapientiam
1040 2490 1127 2522 idem
1151 2501 1284 2533 regnum
1311 2491 1371 2522 rite
1401 2494 1434 2522 et
1456 2491 1487 2521 in
1513 2491 1601 2532 pacis
1625 2490 1803 2531 tranquilli-

146 2546 214 2575 tate
238 2543 307 2584 regi
330 2553 369 2574 ac
391 2543 564 2585 gubernari
587 2552 770 2584 speramus,
793 2542 825 2573 in
849 2542 1069 2574 Romanorum
1098 2552 1208 2584 regem
1242 2543 1400 2584 eligemus
1423 2542 1498 2573 dolo
1524 2546 1556 2573 ct
1579 2542 1692 2573 fraude
1717 2546 1804 2583 post-

102 2607 128 2627 ω
146 2594 258 2637 positis
281 2605 320 2626 ac
342 2594 403 2636 ipsi
426 2594 458 2626 in
481 2594 640 2626 electione
663 2593 846 2626 huiusmodi
871 2598 904 2626 et
927 2595 1139 2626 coronacione
1163 2595 1253 2636 regia
1269 2594 1497 2636 consequenda
1520 2593 1659 2625 fideliter
1675 2594 1803 2624 assiste-

146 2656 227 2678 mus.
316 2645 353 2677 In
377 2646 467 2678 cuius
490 2645 537 2677 rei
559 2645 779 2677 testimonium
811 2645 952 2687 sigillum
983 2649 1126 2677 nostrum
1155 2645 1358 2687 presentibus
1386 2645 1536 2676 duximus
1564 2645 1802 2686 apponendum.

253 2697 373 2729 Datum
396 2697 619 2738 Gonfluencie,
647 2707 730 2729 anno
756 2697 887 2729 Domini
911 2697 1083 2730 millesimo
1107 2698 1335 2729 trecentesimo
1360 2697 1622 2739 quartodecimo,
1648 2697 1803 2737 vigesima

146 2748 199 2781 die
223 2747 405 2791 Septembr.

249 2850 286 2869 U..
305 2850 519 2882 consriwuonrs
538 2851 562 2870 V.
1579 2842 1595 2862 >i
