2184 3126
503 159 601 187 ACTA
620 158 733 187 REGNI
752 158 935 187 LUDEWICI
954 157 1000 186 IV.
1020 158 1066 186 ET
1084 157 1270 187 FRIDERIOI
1289 157 1338 186 111.
1375 158 1450 186 1320.
1489 158 1535 185 Nr.
1551 159 1610 186 557.
1629 158 1688 186 558.
1858 163 1920 192 447

304 247 375 279 fieri
394 247 496 289 possit
520 245 560 278 de
577 246 668 278 bonis
691 246 835 280 comunis
851 244 965 278 Padue
988 244 1135 277 omnibns
1158 244 1291 277 soldatis
1314 245 1381 276 sive
1404 244 1622 287 stipendiariis
1645 247 1790 278 comunis
1806 245 1920 278 Padue

304 301 371 331 tam
403 297 564 341 equitibus
592 307 689 340 quam
717 297 879 339 peditibus
909 299 942 330 et
970 296 1225 339 quibuscumque
1255 296 1327 328 aliis
1356 297 1502 338 personis
1525 296 1718 329 debentibus
1749 297 1869 329 habere
1902 309 1921 329 a

305 350 432 382 comuni
454 348 568 382 Padue
599 352 666 382 tam
696 359 768 381 cum
798 349 1016 381 instrumentis
1039 358 1135 390 quam
1166 349 1234 380 sine
1262 351 1319 381 aut
1341 358 1400 390 per
1422 350 1545 380 statuta
1567 348 1618 380 vel
1642 349 1842 390 provisiones
1866 355 1922 381 aut

304 401 526 434 ordinamenta
549 403 683 433 actenus
705 400 808 432 factas
830 403 864 432 et
887 400 974 432 facta
999 403 1032 432 et
1054 399 1131 437 illis,
1160 401 1215 442 qui
1237 400 1415 441 lignamen,
1445 399 1565 432 ferrum
1594 404 1628 432 et
1650 400 1715 431 alia
1737 400 1920 433 huiusmodi

229 465 241 484 ⁶
304 452 431 485 comuni
448 451 597 484 dederint
612 463 670 494 pro
687 451 916 484 munitionibus
931 452 971 492 ‚in
986 452 1129 493 presenti
1153 451 1273 484 civitati
1290 451 1404 484 Padue
1421 451 1586 484 faciendis.
1662 451 1705 484 Et
1728 462 1920 494 recuperare

305 514 416 536 omnes
440 507 541 536 terras
564 506 597 535 et
619 503 691 536 loca
714 503 861 536 Paduani
885 503 1056 544 districtus,
1080 503 1247 535 fortilicias
1269 506 1303 535 et
1325 506 1445 543 castra,
1469 514 1550 546 quas
1572 507 1606 536 et
1628 513 1691 545 que
1714 504 1785 545 ipsa
1808 504 1921 536 civitas

303 554 417 587 Padue
438 554 571 587 tenebat
593 558 626 587 et
642 554 830 597 possidebat
851 558 926 587 ante
939 554 969 587 V
982 565 1082 587 annos
1104 565 1208 597 nuper
1224 555 1352 597 elapsos
1375 559 1409 587 et
1431 554 1550 588 abinde
1574 555 1655 587 citra
1670 554 1795 595 habuit,
1818 556 1922 587 tenuit

305 609 338 638 et
361 605 505 648 possedit
528 606 635 648 aliquo
660 609 821 648 tempore,
852 606 898 638 ita
921 606 1007 648 quod
1031 606 1094 637 sint
1120 606 1151 637 in
1175 605 1307 638 forciam
1332 607 1448 648 prefati
1473 606 1594 639 domini
1617 606 1755 639 Romani
1780 607 1866 649 regis
1889 611 1922 639 et

304 668 410 690 meam
440 660 472 689 et
503 658 647 689 comunis
669 657 798 697 Padus,
828 668 891 689 non
920 657 1069 690 obstante
1097 657 1205 699 aliqua
1235 658 1385 700 pactione
1409 658 1460 690 vel
1487 658 1668 690 recessione
1696 668 1755 700 per
1783 668 1919 691 comune

218 721 244 742 ιο
305 707 418 741 Padus
442 708 529 740 facta
552 708 593 740 de
617 708 777 751 aliquibus
801 719 842 740 ex
866 708 959 740 dictis
980 709 1060 740 locis
1083 709 1231 751 cuiquam
1255 719 1402 751 persone.
1448 710 1518 747 Que
1543 710 1629 747 loca,
1659 713 1744 741 terre
1774 713 1808 742 et
1830 710 1921 742 forti·

210 760 213 767 ⁴
303 759 376 792 licie
399 762 472 791 sunt
494 759 555 792 hec
578 763 611 792 et
631 760 707 793 hee:
779 759 953 801 Rodigium
977 769 1050 792 cum
1066 763 1170 791 castro
1194 764 1228 792 et
1243 760 1327 791 villis
1342 762 1513 792 comitatus
1530 760 1672 802 Rodigii,
1697 764 1782 792 terra
1797 760 1921 793 Abacie

304 802 375 843 cum
398 810 481 843 villis
511 822 568 843 sue
592 812 694 851 curie,
725 811 930 843 Lendenaria
953 821 1025 843 cum
1049 821 1107 843 sua
1130 811 1231 851 ouria,
1262 811 1411 844 sortilicie
1435 811 1563 844 Pizonis
1593 812 1635 844 ab
1658 816 1795 855 utroque
1818 812 1921 844 latere

305 862 446 904 Athesis,
471 862 620 895 Castrum
637 862 776 894 Baldum
794 873 865 895 cum
882 863 960 895 turri
981 873 1022 894 ex
1039 863 1187 905 opposito
1204 863 1343 895 fluminis
1358 863 1501 903 Athesis,
1515 863 1625 896 Venez
1648 874 1720 896 cum
1744 874 1803 896 sua
1822 864 1921 903 curia,

303 914 532 956 Montagnana,
556 914 665 946 Turris
689 917 722 947 et
744 920 854 956 pons0,
877 924 990 957 passus
1013 918 1098 947 terre
1122 914 1162 946 de
1186 914 1279 954 Hest,
1303 914 1397 946 Mons
1419 914 1524 947 Silicis
1554 918 1587 947 et
1609 919 1748 947 castrum
1772 915 1922 948 Citadela

219 976 244 996 is
306 970 339 998 et
361 965 516 1008 quidquid
541 965 628 998 aliud
652 966 803 998 territorii
826 965 923 998 hodie
947 969 1139 1008 occupatum
1163 970 1214 998 est
1236 966 1268 998 in
1283 966 1397 998 Padue
1421 966 1576 999 districtu.
1666 967 1709 999 Et
1732 967 1865 999 bannire
1890 971 1923 999 et

304 1021 462 1060 perpetuo
484 1023 543 1059 pro
560 1017 700 1049 bannitis
715 1017 838 1049 habere
861 1017 903 1050 de
926 1018 1055 1050 civitate
1071 1017 1184 1050 Padue
1209 1021 1242 1050 et
1258 1017 1403 1050 districtu
1426 1029 1538 1050 omnes
1562 1023 1594 1050 et
1616 1018 1760 1060 singulos
1783 1018 1922 1050 rebelles

305 1070 447 1101 comunis
463 1068 576 1100 Padue
599 1069 666 1100 sive
690 1069 775 1101 cives
798 1070 865 1101 sive
890 1069 1034 1101 forenses
1057 1070 1124 1101 sive
1149 1069 1189 1101 de
1213 1069 1345 1102 civitate
1369 1070 1435 1102 sive
1460 1069 1500 1102 de
1522 1070 1616 1111 villis,
1639 1071 1752 1102 castris
1768 1070 1819 1102 vel
1842 1070 1922 1102 locis

305 1120 452 1153 Padnani
476 1120 653 1160 districtus,
685 1121 739 1163 qui
762 1120 918 1153 adversus
939 1120 1103 1161 Paduam,
1132 1121 1270 1163 patriam
1295 1131 1391 1163 quam
1414 1121 1600 1154 incolebant
1622 1122 1674 1153 vel
1698 1122 1923 1154 inhabitabant

305 1182 362 1204 seu
385 1172 494 1214 aliquo
517 1175 665 1214 tempore
688 1173 891 1204 incoluerunt
913 1173 965 1205 vel
988 1172 1264 1213 inhabitaverunt,
1294 1173 1347 1205 vel
1371 1173 1576 1217 districtu[m]
1604 1184 1695 1206 arma
1718 1178 1923 1216 sumpserunt

220 1234 246 1254 so
307 1226 340 1255 et
362 1223 509 1255 hostibus
532 1224 675 1255 comunis
699 1223 811 1256 Padus
838 1235 873 1257 se
898 1225 1071 1256 iunxerunt
1093 1224 1134 1256 ad
1158 1225 1262 1266 patrie
1286 1226 1560 1267 oppugnationem
1593 1229 1627 1257 et
1649 1225 1865 1268 proditionem
1890 1229 1923 1256 et

306 1285 418 1307 eorum
441 1274 527 1306 bona
549 1275 581 1307 in
604 1285 740 1307 comune
758 1274 872 1307 Padue
895 1275 1070 1317 publicare.
1115 1275 1158 1308 Et
1181 1277 1290 1308 omnia
1312 1276 1445 1308 consilia
1468 1280 1502 1309 et
1524 1277 1631 1309 officia
1654 1277 1792 1308 civitatis
1808 1275 1922 1308 Padue

307 1329 339 1359 et
355 1326 515 1358 districtus
537 1327 569 1358 in
592 1337 649 1358 suo
672 1326 766 1359 solito
782 1326 894 1359 ordine
911 1337 1101 1359 conservare
1125 1330 1159 1359 et
1181 1327 1356 1359 electiones
1371 1331 1568 1370 potestatum
1592 1332 1626 1360 et
1640 1332 1801 1361 rectorum
1824 1328 1923 1370 ipsius

306 1378 443 1410 civitatis
466 1381 499 1411 et
522 1377 698 1420 districtus,
727 1378 780 1420 qui
804 1377 920 1420 singuli
944 1378 1076 1419 singulis
1099 1378 1287 1410 successivis
1310 1389 1368 1411 sex
1390 1379 1554 1412 mensibus
1577 1379 1708 1419 durent,
1738 1390 1798 1421 per
1819 1380 1924 1411 maius

305 1429 471 1462 consilium
501 1439 591 1461 more
619 1429 714 1462 solito
738 1429 841 1461 factas
870 1432 903 1462 et
931 1429 1029 1461 michi
1052 1433 1254 1472 presentatas
1277 1431 1422 1472 recipere
1446 1434 1480 1462 et
1502 1442 1544 1463 ex
1568 1430 1669 1463 tribus
1693 1431 1804 1463 electis
1825 1441 1921 1473 quem

220 1489 246 1510 ει
307 1480 439 1512 voluero
463 1481 666 1522 confirmare,
698 1482 752 1523 qui
780 1491 838 1523 pro
866 1491 924 1513 sex
946 1481 1109 1513 mensibus
1131 1482 1174 1513 sit
1200 1484 1234 1513 et
1256 1492 1328 1514 esse
1351 1482 1474 1515 debeat
1495 1483 1595 1524 ipsius
1617 1483 1755 1515 civitatis
1778 1485 1922 1524 potestas

306 1535 340 1564 et
362 1535 468 1564 rector
495 1537 528 1565 et
550 1533 669 1574 ipsam‘
692 1533 855 1566 civitatem
884 1537 917 1564 et
939 1532 1117 1565 districtum
1143 1534 1212 1565 iure
1235 1533 1345 1565 debito
1368 1533 1559 1575 gubernare.
1605 1533 1648 1565 Et
1670 1534 1730 1566 hec
1754 1534 1862 1566 omnia
1890 1538 1924 1565 et

306 1583 430 1626 singula
453 1584 671 1626 suprascripta
693 1584 862 1617 attendere
885 1587 918 1616 et
941 1584 1114 1617 observare
1131 1584 1215 1616 bona
1230 1584 1295 1616 fide
1318 1586 1386 1617 sine
1403 1585 1528 1625 fraude,
1550 1586 1640 1618 salva
1663 1595 1793 1628 semper
1807 1585 1921 1617 volun-

306 1638 373 1668 tate
398 1637 432 1667 et
447 1635 652 1677 beneplacito
669 1635 747 1668 dicti
763 1636 883 1668 domini
901 1637 987 1678 regis
1002 1635 1233 1679 [Romanorum
1251 1639 1286 1668 et
1300 1635 1418 1679 regis]⁸
1434 1637 1570 1669 Boemie
1593 1641 1627 1669 et
1643 1637 1814 1669 Kerinthie
1830 1636 1922 1668 ducis

304 1697 407 1729 usque
430 1687 473 1719 ad
496 1687 726 1720 diffinicionem
750 1698 809 1730 per
831 1698 888 1720 eos
911 1687 1054 1720 factam.²

220 1775 246 1797 so
373 1756 600 1807 Qudquidem
625 1769 827 1798 sacramento
857 1765 1001 1807 perlecto
1036 1770 1068 1798 et
1100 1765 1264 1808 publicato
1293 1765 1441 1799 dominus
1463 1766 1625 1799 Iohannes
1648 1766 1690 1799 de
1714 1766 1920 1808 Partonopeo

263 1815 362 1849 iudex
385 1817 590 1848 ancianorum
614 1828 671 1859 pro
695 1827 730 1849 se
754 1821 788 1849 et
810 1817 948 1849 dominis
970 1818 1112 1849 ancianis
1136 1817 1255 1850 dictum
1279 1820 1516 1850 sacramentum
1540 1821 1691 1850 oretenus
1715 1818 1866 1860 exposuit
1889 1821 1923 1848 et

265 1867 451 1909 explanavit
478 1871 511 1900 et
541 1868 626 1900 dicto
651 1868 781 1901 domino
804 1867 937 1901 Uldrico
967 1869 1072 1911 ipsum
1098 1872 1336 1901 sacramentum
1360 1868 1484 1901 detulit.
1531 1869 1594 1906 Qui
1618 1869 1750 1911 quidem
1774 1868 1922 1900 dominus

264 1917 415 1951 Uldricus
438 1919 650 1961 corporaliter
681 1920 721 1952 ad
750 1923 860 1952 sancta
883 1920 946 1952 Dei
970 1921 1142 1962 euangelia
1165 1923 1252 1952 tacto
1274 1920 1355 1952 libro
1378 1921 1482 1962 ipsum
1507 1920 1762 1953 sacramentumh
1786 1920 1922 1962 sumpsit

266 1972 299 2002 et
321 1970 446 2002 iuravit.

223 2084 250 2105 ει
434 2072 520 2108 558.
561 2073 799 2108 Iuramentum
826 2074 976 2110 civitatis
1002 2074 1132 2109 vicario
1153 2074 1366 2119 praestitum.
1475 2075 1585 2110 1320.
1622 2074 1700 2110 Ian.
1719 2075 1754 2109 5.

377 2146 475 2187 Copia
498 2149 551 2187 (c.)
573 2146 688 2179 ibidem
707 2147 766 2189 fol.
785 2148 848 2179 157
869 2147 909 2188 (l.
926 2147 1010 2180 XII.
1027 2158 1095 2187 cap.
1109 2150 1154 2186 7).
1180 2166 1218 2171 -
1242 2148 1303 2180 Ed.
1321 2148 1341 2180 l.
1358 2158 1382 2181 c.
1400 2158 1436 2188 p.
1453 2149 1496 2179 68
1517 2159 1557 2180 ea·
1578 2158 1605 2180 c.
1643 2148 1825 2180 Editionem
1848 2149 1921 2180 item

264 2198 443 2238 repetimus.

372 2272 418 2311 (1)
441 2269 566 2303 Eodem
591 2270 654 2311 die,
678 2270 750 2302 loco
774 2274 807 2303 et
823 2271 968 2303 testibus.
1004 2271 1041 2303 In
1065 2271 1161 2313 pleno
1185 2276 1218 2304 et
1233 2272 1378 2314 generali
1401 2282 1522 2314 arengo
1546 2275 1580 2304 et
1602 2273 1755 2305 concione
1778 2273 1923 2305 comunis

265 2321 378 2354 Padue
406 2321 448 2354 ad
476 2332 590 2354 sonum
613 2332 844 2364 campanarum
874 2326 907 2355 et
929 2333 1008 2355 voce
1033 2323 1185 2365 preconia
1208 2324 1239 2354 in
1262 2323 1378 2355 maiori
1399 2323 1469 2355 sala
1493 2324 1622 2356 maioris
1646 2323 1763 2365 palacii
1786 2335 1921 2366 congre-

223 2386 250 2406 ω
267 2376 354 2414 gato.
398 2372 525 2405 Nobilis
547 2373 594 2405 vir
617 2373 764 2405 dominus
786 2373 924 2406 Iacobus
948 2373 988 2406 de
1012 2373 1162 2406 Carraria
1190 2375 1328 2406 civitatis
1350 2374 1464 2407 Padus
1493 2379 1526 2408 et
1549 2374 1711 2407 districtus
1739 2374 1922 2419 [capitaneo

208 2457 211 2461 ,
265 2422 443 2467 generali]·
464 2434 528 2457 una
555 2434 627 2456 cum
650 2424 788 2457 dominis
817 2426 959 2457 ancianis
987 2429 1021 2457 et
1044 2425 1240 2466 hominibus,
1269 2427 1323 2467 qui
1353 2426 1386 2458 iu
1408 2425 1494 2458 dicto
1517 2437 1639 2469 arengo
1666 2432 1773 2468 erant,
1802 2431 1835 2459 et
1862 2428 1923 2469 ipsi

266 2474 413 2507 homines
437 2474 478 2507 de
494 2475 580 2508 dicto
603 2486 724 2518 arengo
748 2487 812 2509 una
835 2487 907 2509 cum
924 2476 1010 2509 dicto
1027 2476 1157 2509 domino
1174 2477 1294 2510 Iacobo
1317 2480 1352 2509 et
1372 2478 1516 2510 ancianis
1539 2483 1573 2510 et
1595 2489 1706 2511 eorum
1730 2480 1922 2511 auctoritate

267 2525 426 2567 fecerunt,
460 2530 651 2562 creaverunt
683 2531 718 2560 et
750 2529 983 2561 constituerunt
1017 2528 1189 2560 discretum
1225 2529 1327 2561 virum
1361 2529 1551 2571 magistrum
1583 2529 1750 2562 Marchum
1785 2530 1922 2562 condam

267 2576 387 2610 domini
410 2577 538 2610 Viviani
561 2577 746 2612 Calcaterre
773 2579 894 2612 ibidem
921 2583 1104 2621 presentem
1134 2583 1167 2612 et
1193 2584 1308 2622 sponte
1337 2581 1566 2622 suscipientem
1594 2591 1687 2613 suum
1719 2586 1753 2614 et
1779 2583 1923 2614 comunis

222 2642 249 2662 ιι
266 2627 379 2662 Padue
395 2629 563 2671 syndicum
578 2628 768 2671 legitimum,
791 2631 976 2673 specialiter
998 2631 1040 2663 ad
1061 2631 1231 2664 iurandum
1255 2635 1288 2664 et
1303 2631 1512 2673 prestandum
1528 2633 1743 2666 iuramentum
1759 2633 1923 2666 fidelitatis

371 2713 437 2742 557.
465 2715 489 2747 ⁰)
501 2715 537 2741 εἰσ
549 2715 653 2742 conice-'8
661 2715 776 2746 Pado-ia:
789 2717 858 2751 ipsos
870 2725 891 2743 c.
949 2716 969 2749 ἴ)
982 2725 1062 2743 causa
1075 2726 1095 2743 c.
1158 2718 1184 2749 Β)
1197 2718 1344 2744 ece-’derunt
1357 2726 1391 2748 ο.»-
1404 2718 1442 2743 aa
1452 2718 1611 2745 conieci-m.
1676 2718 1702 2751 1ἱ)
1716 2721 1886 2745 iuramentum
1901 2730 1921 2745 c.

373 2773 442 2802 558.
469 2775 493 2808 ὓ)
511 2775 660 2802 exciderunt
676 2785 696 2802 c.
1416 2760 1422 2767 ·
