2158 3138
418 215 517 244 Ac'rA
537 215 651 244 esem
670 215 855 244 Lunnwlm
875 216 922 244 1V.
943 215 988 244 m*
1007 216 1193 245 ramerum
1213 218 1261 246 111.
1299 218 1374 246 1314.
1412 218 1460 246 Νι.
1476 220 1532 247 111.
1554 221 1612 248 112.
1783 226 1842 254 109

182 303 315 336 dueentt
335 303 495 335 marcken
518 302 643 344 silbers,
667 303 719 334 die
742 313 802 335 uns
823 313 886 335 von
909 313 1036 335 unserm
1062 303 1167 336 lieben
1192 304 1307 337 herren
1331 306 1410 338 hern
1427 306 1585 349 Ludewig
1608 307 1681 340 dem
1699 308 1840 341 Romsen

180 355 301 397 konige
325 355 389 386 sint
412 354 548 387 bewiset
571 354 762 386 offzuheben
785 364 847 386 von
871 354 945 386 dem
969 355 1051 387 zone
1074 355 1291 399 Ludentopp,
1315 357 1389 389 dem
1414 358 1486 389 edel
1511 370 1583 390 man
1609 359 1687 391 hcrn
1706 360 1840 402 Phil(ip)

179 417 244 439 von
267 405 526 448 Falck(enstein)
550 405 625 437 dem
642 405 790 438 edelsten
806 405 886 438 hem
902 417 941 438 zu
956 405 1194 450 Minczenberg,
1210 419 1338 440 unserm
1359 409 1624 451 underkemerm,
1641 411 1840 444 druhundert

180 457 293 490 marck
320 457 434 490 silbers
464 467 525 488 von
555 456 712 489 Oolscher
738 456 835 489 wicht
865 457 1007 489 bewisen
1035 458 1099 490 und
1123 463 1301 492 antwerten
1331 461 1538 502 genczlichen
1562 462 1753 494 offzuheben
1778 474 1838 495 von

148 520 160 539 ι
181 509 256 542 dem
285 512 394 542 ersten
420 508 521 550 zelle,
552 508 610 540 der
634 508 784 540 daselbes
807 509 958 541 vallende
986 510 1036 541 ist.
1085 510 1158 542 Und
1186 522 1256 543 wan
1281 522 1317 543 er
1339 512 1401 554 dye
1426 512 1625 545 druhundert
1649 515 1759 546 marck
1784 516 1839 547 hat

181 571 399 603 engenomen,
433 571 469 592 so
503 560 551 592 sal
586 559 735 592 derselbe
770 560 848 592 here
880 560 1017 603 Phil(ip)
1046 572 1105 592 uns
1136 562 1275 594 offlazen
1301 563 1418 605 driszig
1441 564 1552 596 marck
1575 565 1689 607 geldes
1713 566 1839 608 lodiges

180 612 295 645 silbers
318 613 430 654 eigens
452 611 578 654 guddes
607 611 687 644 oder
716 611 820 644 libens
850 612 969 654 gudes,
996 613 1059 644 und
1084 614 1131 645 sal
1156 613 1218 655 dye
1242 625 1303 646 von
1327 626 1386 646 uns
1412 616 1476 647 und
1500 627 1561 647 von
1586 617 1664 649 hern
1687 618 1837 650 «Iohanne

179 674 371 707 margreven
394 674 433 696 zu
455 663 692 706 Brandenburg
714 674 843 696 unserm
868 675 994 707 swager
1013 676 1052 697 zu
1068 665 1212 698 rechtem
1229 667 1293 698 und
1310 668 1532 709 gewonlichen
1550 669 1666 701 lehene
1684 670 1836 712 entphan

288 715 453 749 Gesehein
472 715 538 747 und
561 715 712 774 gegeben
735 726 774 748 zu
796 715 1043 759 Franckenfort,
1068 717 1147 749 nach
1166 717 1300 750 Goddes
1322 719 1439 761 gebort
1462 720 1765 754 druzehcnhundert
1784 723 1838 763 jar

136 777 160 797 ιο
177 769 209 800 in
234 767 309 800 dem
335 767 557 800 verzehenden
578 767 641 809 jar,
665 767 722 799 des
745 767 868 800 andern
891 768 992 810 dages
1016 769 1098 800 nach
1124 773 1196 801 sant
1219 770 1369 802 Severius
1393 771 1486 813 dage.

283 1011 356 1047 112.
389 1011 656 1048 LITTERAE
685 1010 968 1049 CIVITATIS
993 1013 1453 1052 WETZLARIENSIS
1483 1014 1727 1054 CIVITATI

739 1065 972 1111 AQUENSI
1001 1066 1217 1105 MISSAE.

849 1135 958 1171 1314.
1001 1135 1081 1173 Oct.
1102 1136 1162 1173 25.

287 1233 455 1275 Oriyinale
479 1234 556 1276 (or.)
589 1234 624 1266 in
650 1234 811 1267 tabulario
839 1238 953 1267 secreto
980 1236 1092 1268 domus
1116 1237 1220 1277 reyiae
1247 1237 1448 1271 Bawaricae.
1503 1238 1740 1280 Descripsimus
1766 1253 1832 1275 nos

134 1289 158 1336 ξύ
176 1285 284 1327 Siyilli
316 1296 405 1318 cerae
432 1286 547 1318 viridis
569 1286 662 1318 dorso
684 1286 829 1327 impressi
851 1287 982 1328 vestiyia
1005 1292 1171 1328 apparent.
1198 1307 1235 1312 —
1267 1289 1330 1322 Ed.
1352 1289 1520 1322 Gewoldus
1539 1291 1703 1333 ‘Defensio
1724 1293 1831 1325 Ludo-

172 1337 242 1370 m'ci’
266 1348 301 1378 p.
316 1337 360 1369 25
389 1348 428 1370 ex
457 1348 523 1376 or.;
556 1337 696 1370 Bahmer
725 1337 843 1370 ‘Codeat
872 1338 1096 1379 diplomaticus
1126 1340 1519 1382 Moenofrancofurtanus'
1543 1343 1575 1379 1,
1600 1345 1664 1374 409
1697 1355 1736 1376 ea:
1765 1357 1828 1380 or.

171 1389 311 1423 Bahmer
315 1388 406 1421 ·Lau
429 1389 477 1428 II,
492 1390 515 1421 2
536 1399 586 1421 nr.
603 1391 624 1421 3
645 1400 684 1422 ecc
708 1400 754 1422 or.

279 1487 499 1520 Prudentibus
524 1491 557 1520 et
574 1489 674 1520 multe
690 1488 870 1521 honestatis
885 1489 961 1520 viris
986 1515 992 1520 .
1011 1515 1017 1521 .
1041 1490 1190 1531 sculteto,
1216 1514 1221 1521 .
1241 1515 1247 1522 .
1272 1491 1420 1531 scabinis,
1446 1517 1452 1523 .
1472 1517 1477 1523 .
1501 1493 1685 1525 consulibus
1708 1496 1830 1538 totique

172 1539 375 1572 universitati
398 1540 515 1572 civium
539 1540 770 1583 Aquen(sium)
794 1550 919 1572 necnon
943 1541 1098 1573 universis
1122 1545 1278 1574 terrarum
1303 1542 1463 1574 nobilibus
1486 1554 1523 1575 ac
1547 1544 1618 1575 aliis
1641 1556 1831 1589 quacunque

129 1602 154 1623 ιο
174 1590 332 1634 dignitate
356 1591 493 1634 preditis
582 1616 589 1623 .
606 1615 614 1624 .
639 1591 804 1633 scultetus,
830 1617 862 1624 ..
887 1592 1023 1631 scabini,
1049 1592 1071 1635 [.
1089 1592 1110 1635 .]
1139 1594 1287 1626 consules
1315 1597 1447 1636 totaque
1478 1596 1668 1628 universitas
1693 1598 1830 1630 civitatis

171 1643 204 1675 in
218 1643 390 1676 Wetflaria
478 1654 551 1676 cum
575 1644 775 1676 desiderioso
799 1645 907 1676 animo
931 1645 971 1676 ad
997 1645 1139 1687 ipsorum
1165 1647 1275 1687 quevis
1299 1646 1504 1688 beneplacita
1520 1658 1649 1689 semper
1665 1649 1830 1682 benivolos

173 1696 206 1726 et
228 1698 369 1737 paratos.

277 1747 492 1779 Prudeneiam
516 1757 554 1779 ac
577 1748 779 1780 honestatem
805 1752 945 1780 vestram
970 1752 1082 1781 tenore
1107 1751 1309 1791 presencium
1335 1750 1484 1782 volumus
1509 1761 1571 1782 non
1597 1751 1715 1791 latere,
1743 1754 1827 1795 quod

169 1809 241 1831 cum
266 1799 335 1831 dies
358 1802 446 1831 certa
470 1799 594 1840 precise
618 1802 651 1832 et
673 1801 892 1842 peremptorie
916 1801 948 1832 in
972 1802 1095 1843 campis
1115 1801 1351 1842 Frankenl'urd‚
1375 1802 1527 1834 videlicet
1543 1804 1713 1835 crastinum
1740 1804 1825 1837 beati

125 1864 149 1884 n
169 1851 257 1883 Luce
282 1851 492 1892 ewangeliste
516 1852 663 1892 proxime
687 1854 895 1888 transactum,
921 1853 1034 1884 fuisset
1049 1853 1090 1884 ad
1108 1853 1292 1895 eligendum
1308 1853 1529 1885 Romanorum
1546 1864 1657 1896 regem
1673 1856 1826 1898 principi-

169 1903 228 1935 bus
251 1902 448 1936 electoribus
472 1903 647 1944 assignata,
671 1904 938 1935 convenientibus
961 1909 994 1936 et
1017 1904 1138 1936 ibidem
1156 1905 1417 1946 comparentibus
1440 1906 1626 1937 reverendis
1650 1907 1680 1938 in
1698 1906 1825 1939 Christo

167 1955 312 1997 patribus
335 1958 369 1986 et
391 1954 528 1993 dominis
552 1954 688 1986 dominis
711 1954 811 1987 Petro
835 1959 945 1987 sancte
962 1956 1178 1998 Maguntfine)
1202 1956 1289 1987 sedis
1313 1959 1346 1987 et
1363 1957 1554 1988 Baldewino
1578 1963 1687 1990 sancte
1704 1959 1825 1991 Treve-

166 2006 268 2038 reneis
296 2006 382 2038 sedis
410 2006 662 2049 archiepiscopis
690 2008 773 2039 sacri
801 2008 929 2049 imperii
959 2018 1017 2049 per
1049 2007 1258 2039 Germaniam
1290 2012 1323 2039 et
1352 2008 1493 2040 Galliam
1524 2010 1825 2050 archicancellariis,

168 2058 442 2090 excellentissimo
472 2057 603 2090 domino
630 2058 776 2090 Iohanne
806 2058 965 2091 Bohemie
995 2062 1027 2090 et
1054 2059 1190 2090 Polonie
1218 2070 1295 2101 rege
1324 2063 1358 2091 et
1386 2060 1503 2091 comite
1528 2061 1825 2104 Lucelmburgensi,

123 2122 149 2143 so
167 2109 343 2142 illustribus
366 2109 566 2152 principibus
583 2113 616 2141 et
632 2109 770 2142 dominis
786 2109 924 2141 dominis
940 2110 1152 2142 Woldemaro
1170 2114 1203 2142 et
1219 2111 1372 2142 Heinrico
1389 2112 1628 2144 marchionibus
1646 2113 1824 2145 Brandem-

166 2161 381 2204 burgensibus
404 2171 530 2193 necnon
553 2161 698 2193 Iohanne
721 2162 784 2194 Dei
807 2162 948 2203 gr(aci)a
972 2162 1053 2194 duce
1077 2162 1232 2202 saxonie,
1257 2163 1436 2195 reverendo
1466 2164 1495 2194 in
1521 2164 1647 2196 Christo
1671 2171 1764 2207 patre
1788 2177 1824 2197 ac

167 2213 297 2245 domino
322 2213 454 2245 domino
478 2238 485 2245 .
503 2237 511 2244 .
535 2212 720 2245 Coloniensi
750 2214 994 2256 archiepiscopo
1025 2225 1147 2245 necnon
1176 2214 1291 2246 illustri
1320 2216 1463 2257 principe
1488 2215 1570 2247 duce
1594 2216 1736 2248 Rudolfo
1761 2218 1824 2249 Ba·

166 2265 264 2297 warie
298 2265 430 2297 minime
465 2265 727 2307 comparentibus
761 2269 795 2297 et
828 2266 984 2297 interesse
1020 2266 1244 2298 recusantibus
1274 2277 1331 2298 nec
1361 2267 1487 2309 aliquos
1518 2278 1575 2309 pro
1604 2279 1639 2299 se
1669 2270 1823 2300 mittenti·

166 2315 236 2358 bus,
325 2316 424 2348 iidem
448 2317 610 2359 principes
634 2328 676 2349 ex
699 2317 996 2359 superhabundanti
1021 2321 1232 2359 expectantes
1255 2317 1335 2349 duos
1358 2319 1518 2360 principes
1534 2319 1697 2360 predictos
1720 2332 1821 2362 usque

122 2381 149 2402 ss
166 2368 199 2399 in
233 2367 320 2400 diem
358 2369 564 2400 Dominioum
600 2369 746 2410 proxime
780 2369 1047 2410 subsequentem,
1077 2369 1206 2401 tandem
1242 2370 1319 2411 ipsis
1350 2374 1385 2401 ut
1413 2372 1608 2412 premittitur
1635 2383 1823 2413 comparere

166 2420 409 2461 recusantibus,
444 2420 602 2452 illustrem
637 2422 813 2463 principem
852 2421 1016 2452 dominum
1048 2421 1266 2462 Lud(wicum)
1297 2422 1410 2454 ducem
1440 2422 1587 2454 Bawarie
1617 2428 1649 2454 et
1672 2425 1823 2455 comitem

165 2471 342 2513 palatinum
364 2471 448 2503 Reni
472 2482 552 2513 pure
577 2483 614 2504 ac
638 2472 840 2504 concorditer
863 2473 894 2503 in
918 2472 1137 2504 Romanorum
1160 2484 1270 2515 regem
1294 2475 1418 2505 meritis
1448 2475 1547 2515 ipsius
1571 2475 1820 2515 suffragantibus

165 2522 344 2565 elegerunt.
390 2522 540 2555 Secunda
564 2524 645 2556 feria
668 2525 816 2566 proxima
833 2524 1051 2566 subsequente
1068 2524 1205 2566 predicti
1226 2525 1386 2567 principes
1409 2537 1466 2557 sex
1490 2526 1531 2557 ad
1556 2537 1613 2557 nos
1637 2527 1667 2557 in
1691 2527 1820 2558 civitate

164 2573 490 2616 Frankenfurden(si)
516 2576 694 2607 existentes
717 2586 791 2607 suos
814 2576 958 2617 ydoneos
982 2580 1015 2607 et
1038 2576 1160 2617 legales
1184 2577 1316 2608 nuncios
1331 2578 1496 2616 miserunt,
1513 2578 1715 2608 notificantes
1732 2578 1823 2609 nobis

119 2640 148 2660 ιο
165 2635 225 2667 per
248 2625 381 2658 eosdem
407 2626 605 2658 eleccionem
629 2626 670 2658 ab
694 2627 772 2668 ipsis
795 2626 993 2659 celebratam
1012 2631 1044 2659 et
1060 2631 1211 2669 rogantes
1227 2638 1324 2670 quam
1342 2629 1463 2662 intime.
1480 2633 1516 2659 ut
1532 2628 1676 2670 predicto
1694 2629 1821 2660 domino

163 2677 224 2709 rite
248 2677 352 2709 electo
382 2678 413 2709 in
443 2688 555 2719 regern
579 2677 799 2710 Romanorum
823 2679 987 2710 civitatem
1011 2678 1237 2710 Frankenfurd
1268 2690 1495 2716 reseraremus,
1519 2680 1578 2711 sibi
1604 2682 1820 2712 reverenciam

165 2731 199 2760 et
221 2728 448 2761 obedienciam
473 2729 616 2761 debitam
641 2729 836 2761 exhibendo.
883 2729 951 2761 Nos
974 2741 1050 2762 vero
1081 2730 1322 2762 deliberacione
1347 2731 1492 2772 diligenti
1518 2731 1687 2772 prehabita
1712 2743 1748 2762 ac
1772 2733 1819 2762 usi

163 2779 358 2821 prudentum
393 2780 595 2812 dominorum
630 2784 810 2812 nostrorum
839 2781 988 2821 consilio,
1024 2783 1078 2823 qui
1113 2793 1170 2813 nos
1201 2782 1308 2813 taliter
1336 2783 1560 2818 informarunt,
1592 2782 1671 2813 feria
1705 2790 1837 2824 ‹ptarm-

163 2831 311 2873 proxima
343 2835 416 2873 post
443 2831 530 2863 diem
555 2832 642 2863 beati
665 2832 753 2864 Luce
776 2833 980 2864 serenissimo
1004 2833 1133 2864 domino
1158 2837 1272 2864 nostro
1297 2833 1426 2865 domino
1451 2834 1632 2873 Ludos-ico)
1657 2834 1818 2865 Romano—

1840 1821 1888 1842 4ὶοὶ.
1900 1822 1931 1842 19.

1838 2387 1885 2404 oct.
1895 2387 1928 2405 N.

1835 2542 1881 2560 ΗΝ.
1893 2542 1924 2561 ²1.

1845 2797 1879 2815 m.
1891 2797 1924 2815 3³.
