2184 3126
0 0 67 57 w

0 56 14 88 {³

142 786 169 807 1⁰

138 1736 163 1756 2⁶

426 226 522 255 ACTA
540 215 654 255 amm
672 225 856 255 LUDEWICI
875 225 922 254 lv.
941 226 987 253 ΕΤ
1007 225 1190 254 FRlDERlcl
1209 225 1259 253 111.
1297 225 1372 253 1324.
1408 225 1456 253 Nr.
1468 224 1528 253 964.
1547 225 1606 253 965.
1781 222 1843 260 803

188 317 255 347 tate
279 324 389 347 earum
412 314 444 346 in
459 314 576 346 virtute
599 316 709 346 sancte
730 312 914 346 obedientie
931 317 964 345 et
979 311 1039 344 sub
1055 322 1140 355 pena
1155 312 1506 353 excommunicationis,
1531 323 1627 355 quam
1644 323 1702 346 sex
1718 313 1844 347 dierum

188 367 298 410 spacio
321 377 379 410 pro
401 367 538 399 termino
561 365 780 408 peremptorio
803 367 836 398 et
851 364 1031 396 monicione
1047 363 1202 395 canonica
1217 363 1374 406 premissa
1389 373 1446 395 vos
1468 374 1510 396 ex
1533 365 1704 397 sentenciis
1726 366 1759 397 in
1782 366 1845 399 hiis

189 419 315 461 scriptis
342 418 504 451 incurrere
531 417 677 450 volumus
703 418 773 459 ipso
802 416 905 458 facto,
935 416 963 447 si
991 425 1053 447 non
1084 414 1226 447 feceritis
1255 414 1342 458 quod
1371 414 1559 456 mandatur,
1588 417 1783 459 precipimus
1810 422 1844 451 et

188 470 388 512 mandamus,
411 469 560 512 quatinus
576 479 632 501 vos
655 478 767 501 omnes
789 470 845 500 aut
866 467 930 500 duo
945 467 998 500 vel
1017 477 1098 499 unus
1113 469 1265 508 vestrum,
1289 470 1383 509 prout
1399 468 1543 510 requisiti
1560 468 1694 510 fueritis,
1718 469 1844 502 duobus

187 522 300 555 diebus
322 521 490 554 dominicis
512 520 699 554 immediate
722 519 930 563 sequentibus
952 518 1039 551 diem
1062 518 1314 561 presentacionis
1329 518 1420 551 vobis
1443 519 1527 551 facte
1543 520 1740 562 presentium
1757 521 1843 554 litte-

187 583 295 606 rarum
318 575 468 606 contenta
490 573 522 604 in
545 572 668 605 eisdem
684 572 799 604 litteris
813 572 881 604 sive
896 571 997 613 copiis
1013 570 1188 603 earundem
1211 569 1365 612 predictis
1381 570 1463 603 infra
1479 571 1647 604 missarum
1663 572 1844 616 solempnia

186 627 260 667 post
282 624 454 657 lectionem
469 624 640 666 ewangelii
660 623 756 656 misse
775 623 907 656 maioris
926 622 959 655 in
980 621 1118 654 ecclesia
1134 625 1240 654 vestra
1263 621 1304 654 de
1320 621 1470 663 ambone,
1494 623 1571 655 item
1588 623 1712 656 eisdem
1729 625 1844 658 diebus

186 678 260 718 post
296 674 415 708 factum
448 685 629 707 sermonem
666 674 709 707 ad
742 674 898 717 populum
926 674 958 706 in
987 673 1075 705 curia
1103 677 1209 705 vestra
1239 673 1498 706 christifidelibus
1527 674 1605 707 inibi
1641 676 1844 717 presentibus

186 726 396 769 solempniter
417 727 449 759 in
465 726 590 769 vulgari
612 726 722 769 lingua
745 725 915 768 publicetis
938 727 972 757 et
993 723 1035 757 ad
1059 725 1211 757 noticiam
1235 724 1412 757 eorundem
1437 725 1615 766 deducatis,
1639 727 1843 770 iniungentes

187 777 310 811 eisdem
325 777 517 810 auctoritate
541 777 729 820 apostolica,
745 780 780 809 ut
802 779 954 809 contenta
969 776 1001 808 in
1017 775 1169 818 predictis
1184 776 1299 808 litteris
1315 776 1448 809 firmiter
1468 780 1600 809 teneant
1621 782 1654 810 et
1669 778 1843 812 observent

186 830 296 872 eisque
320 828 473 862 obediant
495 833 689 862 reverenter.
738 828 909 861 Facientes
931 827 972 861 de
995 827 1056 860 hac
1080 827 1297 870 publicatione
1320 827 1390 860 fleri
1413 827 1579 870 publicum
1596 829 1842 864 instrumentum

184 881 342 924 principia
365 883 398 913 et
419 880 499 913 fines
521 881 662 922 ipsarum
685 881 863 913 litterarum
886 879 1067 919 continens,
1095 879 1182 922 quod
1207 889 1275 918 una
1298 889 1371 911 cum
1395 879 1511 912 litteris
1533 881 1736 923 presentibus
1760 883 1843 914 infra

184 942 243 965 sex
266 931 335 964 dies
363 935 437 974 post
463 931 715 975 publicationem
743 932 884 974 ipsarum
913 941 973 973 per
998 941 1056 963 vos
1082 930 1203 963 factam
1229 934 1403 973 sequentes
1431 931 1524 963 nobis
1550 933 1732 966 remittatis.
1778 933 1844 966 Per

185 982 271 1026 quod
293 987 401 1016 vestra
424 983 591 1026 diligentia
613 987 647 1016 et
668 982 853 1016 obedientia
876 982 1006 1015 domino
1029 992 1153 1015 summo
1177 982 1319 1025 pontifici
1343 982 1450 1015 valeat
1472 993 1640 1026 apparere.

259 1073 261 1075 .
293 1043 413 1076 Datum
441 1054 524 1076 anno
550 1043 681 1076 Domini
707 1043 879 1076 millesimo
909 1041 992 1076 OCO
1021 1043 1174 1075 vicesimo
1206 1046 1336 1085 quarto,
1372 1043 1499 1075 decimo
1531 1046 1646 1076 octavo
1676 1044 1843 1078 Kalendas

185 1094 396 1138 Septembris.

289 1242 376 1279 965.
416 1243 628 1279 Mandatwm
651 1242 837 1280 rectoribus
859 1243 1019 1280 ecclesiae
1045 1242 1257 1278 Coloniensis
1285 1242 1460 1279 directum.
1564 1245 1658 1289 Aua.
1678 1246 1736 1280 16.

293 1316 444 1349 Servatur
467 1316 581 1349 ibidem
602 1326 671 1357 cap.
687 1316 759 1350 III.
782 1334 823 1340 —
846 1316 1018 1349 Ineditum.
1067 1315 1117 1359 Cf.
1132 1316 1173 1348 ib.
1190 1326 1258 1357 emp.
1274 1317 1344 1350 ΙΙΙ.

291 1411 453 1443 Henricus
475 1410 538 1443 Dei
565 1411 671 1454 gratia
699 1413 809 1443 sancte
835 1409 1035 1443 Coloniensis
1063 1411 1199 1443 ecclesie
1226 1411 1488 1454 archiepiscopus
1515 1413 1598 1445 sacri
1628 1414 1755 1456 imperii
1783 1425 1842 1457 per

182 1463 310 1496 Italiam
334 1462 633 1495 archicancellarius
735 1462 861 1495 dilectis
886 1463 919 1494 in
942 1462 1069 1495 Christo
1094 1462 1300 1495 ecclesiarum
1324 1463 1503 1495 rectoribus
1525 1464 1595 1496 sive
1618 1475 1730 1498 eorum
1753 1468 1840 1499 vices

182 1514 368 1558 gerentibus
390 1514 548 1546 universis
570 1512 707 1546 civitatis
729 1524 786 1546 sue
810 1513 1011 1546 Goloniensis
1097 1514 1234 1546 salutem
1258 1515 1290 1546 in
1305 1514 1446 1547 Domino
1469 1519 1502 1548 et
1525 1515 1685 1549 mandatis
1707 1522 1838 1560 aposto-

182 1567 252 1599 licis
275 1566 409 1598 firmiter
431 1565 574 1598 obedire.

290 1617 452 1650 Noveritis
479 1628 537 1649 nos
565 1618 629 1650 iam
656 1627 759 1659 nuper
787 1617 910 1650 litteras
937 1617 1127 1649 sanctissimi
1156 1618 1187 1649 in
1217 1617 1345 1650 Christo
1375 1618 1474 1660 patris
1504 1622 1538 1651 et
1568 1619 1689 1652 domini
1717 1620 1839 1654 domini

182 1670 282 1702 nostri
304 1669 457 1701 Iohannis
479 1668 588 1700 XXII.
611 1671 815 1701 sacrosancte
838 1668 984 1702 Romane
1008 1672 1041 1701 et
1070 1669 1259 1701 universalis
1287 1669 1425 1702 ecclesie
1453 1672 1568 1703 summi
1592 1672 1752 1713 pontificis
1778 1674 1839 1706 sub

182 1721 268 1753 veris
290 1720 363 1752 stilo
386 1730 428 1752 ex
450 1719 512 1751 filis
534 1730 572 1751 ac
595 1719 682 1752 bulla
705 1719 857 1763 plumbea
878 1719 1032 1762 pendenti
1049 1731 1111 1753 non
1129 1720 1333 1760 cancellatas,
1357 1731 1420 1753 nou
1443 1721 1581 1755 abolitas
1602 1734 1662 1755 nec
1683 1725 1714 1756 in
1730 1724 1839 1767 aliqua

183 1773 230 1805 sui
254 1775 346 1814 parte
362 1772 504 1813 viciatas,
520 1771 578 1804 sed
601 1771 688 1803 omni
710 1771 892 1814 suspicione
908 1775 1064 1813 carentes,
1089 1782 1223 1815 quarum
1247 1772 1348 1814 copiis
1371 1783 1504 1815 presens
1527 1777 1636 1807 nostra
1659 1775 1767 1807 littera
1790 1780 1840 1809 est

182 1824 346 1865 transfixa,
373 1823 545 1866 recepisse,
575 1833 655 1865 quas
683 1822 773 1855 vobis
800 1823 831 1855 in
855 1823 1007 1865 primaria
1029 1824 1078 1855 sui
1102 1824 1205 1856 forma
1228 1824 1376 1856 volumus
1399 1825 1556 1858 exhiberi.
1602 1825 1704 1859 Vobis
1727 1831 1838 1860 aucto-

182 1876 277 1908 ritate
301 1884 412 1907 earum
435 1875 467 1906 in
489 1875 606 1906 virtute
626 1877 736 1906 sancte
759 1873 944 1907 obedientie
967 1878 1001 1907 et
1023 1874 1082 1906 sub
1105 1885 1189 1917 pena
1211 1875 1244 1906 in
1266 1875 1390 1908 eisdem
1413 1879 1563 1909 contenta
1587 1879 1782 1920 precipimus
1805 1883 1839 1911 et

181 1926 386 1968 mandamus,
421 1926 569 1968 quatinus
603 1924 739 1968 quilibet
769 1929 910 1958 vestrum
943 1926 1070 1968 copiam
1101 1926 1276 1958 earundem
1306 1927 1443 1969 recipiat
1470 1938 1491 1960 a
1523 1930 1701 1962 camerario
1731 1934 1838 1963 vestro

182 1978 319 2021 propriis
347 1977 527 2020 sumptibus
557 1980 591 2010 et
619 1978 770 2020 expensis
796 1988 834 2009 ac
864 1977 990 2010 duobus
1019 1978 1187 2011 dominicis
1216 1970 1331 2011 diebus
1358 1979 1441 2012 infra
1472 1990 1616 2013 mensem
1649 1981 1838 2015 immediate

180 2030 404 2072 insequentem
428 2029 514 2061 diem
537 2029 790 2071 presentacionis
812 2028 904 2061 vobis
926 2029 1012 2062 facte
1034 2030 1237 2072 presencium
1265 2030 1444 2063 litterarum
1474 2036 1625 2064 contenta
1654 2033 1685 2065 in
1714 2033 1837 2067 eisdem

180 2080 296 2114 litteris
328 2081 396 2112 sive
425 2081 569 2123 ipsorum
598 2081 699 2123 copiis
727 2081 810 2113 infra
837 2081 1006 2113 missarum
1033 2080 1213 2124 solempnia
1240 2085 1314 2123 post
1346 2081 1467 2114 lectum
1499 2083 1713 2125 ewangelium
1740 2084 1837 2117 misse

179 2132 311 2165 maioris
332 2133 364 2164 in
388 2132 526 2165 ecclesia
548 2142 606 2164 sua
628 2132 669 2165 de
692 2131 830 2165 ambone
853 2132 1113 2165 christifidelibus
1135 2132 1212 2164 inibi
1236 2133 1439 2175 presentibus
1455 2134 1678 2177 sollempniter
1694 2139 1727 2168 et
1742 2137 1837 2168 intel—

180 2183 319 2226 ligenter
346 2183 491 2226 publicet
516 2194 576 2226 per
603 2195 638 2216 sc
664 2184 717 2217 vel
746 2194 804 2226 per
832 2184 930 2216 alium
961 2187 994 2216 et
1021 2184 1063 2216 ad
1092 2184 1244 2216 noticiam
1275 2184 1451 2217 eorundem
1481 2185 1637 2228 deducat,
1669 2186 1838 2230 iniungens

182 2233 305 2268 eisdem
327 2236 517 2268 auctoritate
541 2236 729 2279 apostolica,
752 2239 788 2268 ut
803 2238 955 2268 contenta
970 2236 1003 2268 in
1018 2235 1172 2278 predictis
1187 2236 1302 2268 litteris
1317 2236 1452 2269 firmiter
1466 2240 1598 2270 teneant
1617 2241 1651 2270 et
1666 2238 1838 2271 observent

183 2286 294 2329 eisque
316 2285 471 2320 ohediant
492 2290 687 2320 reverenter.
732 2286 775 2319 Et
797 2287 896 2319 faciat
918 2287 1054 2330 quilibet
1068 2291 1210 2320 vestrum
1233 2287 1274 2320 de
1298 2288 1519 2330 publicacione
1542 2300 1601 2331 per
1622 2290 1727 2332 ipsum
1751 2290 1838 2322 facta

183 2337 253 2370 fleri
274 2338 519 2371 instrumentum
547 2340 704 2382 principia
727 2343 760 2372 et
782 2340 862 2372 fines
888 2340 1030 2381 ipsarum
1057 2339 1236 2372 litterarum
1260 2340 1442 2381 continens,
1471 2341 1558 2383 quod
1581 2341 1664 2373 infra
1686 2352 1743 2374 sex
1766 2341 1837 2374 dies

182 2388 433 2431 publicationem
454 2391 596 2432 ipsarum
619 2390 738 2423 factam
761 2394 935 2434 sequentes
958 2390 1050 2423 nobis
1072 2391 1226 2423 remittat.

290 2447 410 2482 Datum
432 2459 516 2483 anno
531 2440 662 2484 Domini
684 2450 802 2484 MCCC
818 2451 970 2484 vicesimo
994 2454 1117 2493 quarto,
1141 2451 1267 2484 decimo
1290 2452 1428 2494 septimo
1444 2452 1609 2485 Kalendas
1625 2452 1836 2495 Septembris.

1560 2895 1625 2922 101·
