2190 3172
436 186 531 215 ACTA
549 186 663 219 REGNI
681 186 865 215 LUDEWICI
883 186 931 215 ΙΨ,
949 186 996 214 m·
1015 187 1201 215 FRIDERICI
1220 187 1268 215 111.
1306 188 1381 216 1815.
1417 187 1465 215 Νι.
1478 188 1537 215 288.
1555 188 1614 216 289.
1786 193 1848 224 247

276 319 350 356 288.
385 319 667 358 SCRIPTUM
692 319 974 358 FRIDERICI
1001 320 1105 358 PRO
1129 320 1389 359 CIVITATE
1418 323 1769 361 GAMUNDIAE.

885 389 993 427 1315.
1034 390 1114 427 Iun.
1136 390 1170 426 2.

312 482 471 524 Otiqinale
486 483 562 526 (or.)
584 484 620 516 in
640 484 798 517 tabulario
812 484 898 525 reqio
913 484 1171 526 Stuttqardiensi.
1213 485 1450 527 Descripsimus
1471 496 1538 519 nos.
1577 486 1696 519 Pendet
1710 486 1848 528 siqillum

201 533 320 567 laesum
342 534 407 567 loro
428 535 670 568 membranaceo.

171 598 182 618 ι
308 589 454 628 Bo'hmer,
477 589 552 631 Rey.
568 589 680 623 Ludw.
698 601 734 631 p.
751 591 815 623 167
836 591 1003 624 Friedrich
1026 601 1075 624 nr.
1091 593 1142 624 40.

308 666 376 699 Nos
403 666 614 710 Frid(ericus)
643 667 706 700 Dei
742 669 851 711 gracia
880 668 1099 702 Romanorum
1130 682 1188 704 rex
1217 682 1347 714 semper
1373 675 1528 714 augustus
1558 671 1599 704 sd
1627 673 1847 704 universorum

201 719 283 751 sacri
308 718 448 751 Romani
482 719 609 762 imperii
643 719 784 752 fidelium
812 722 965 754 noticiam
993 721 1140 754 volumus
1169 724 1353 765 pervenire,
1387 723 1473 766 quod
1502 734 1560 755 nos
1587 723 1629 755 ob
1658 723 1847 756 notabilium

201 769 427 813 dampnorum,
462 781 524 813 que
557 771 616 803 viri
643 771 818 814 prudentes
847 772 934 804 cives
962 771 1003 805 de
1033 772 1216 806 Gamundia
1245 774 1358 807 fideles
1384 775 1485 807 nostri
1511 775 1621 807 dilecti
1650 775 1682 807 in
1713 775 1847 807 servicio

199 824 307 854 nostro
332 825 366 854 et
387 822 513 864 imperii
529 822 684 854 hactenus
706 826 779 855 sunt
793 825 949 866 perpessi,
972 824 1206 858 reformacione
1230 826 1362 868 aliquali
1382 826 1504 859 eisdem
1527 826 1649 858 civibus
1672 837 1713 859 ex
1729 826 1847 859 libera-

157 881 182 902 ιο
199 872 290 906 litate
320 873 411 915 regia
438 873 643 905 concedimus
674 877 707 906 et
737 873 907 916 donamus,
937 878 972 907 ut
998 886 1100 918 usque
1132 876 1174 908 ad
1203 877 1321 910 festum
1348 877 1435 910 besti
1458 878 1587 910 Martini
1610 879 1791 920 proximum
1814 883 1848 911 et
1862 888 1962 909 sonu.

199 924 317 958 abinde
339 924 381 957 ad
404 925 545 967 quinque
569 935 668 957 annos
691 926 840 958 continue
864 926 1098 970 subsequentes
1120 927 1161 960 ab
1185 929 1271 961 omni
1294 930 1453 962 sturarum
1477 930 1651 962 exaccione
1675 934 1708 962 et
1730 930 1847 963 collec-

199 977 289 1010 cione
321 986 391 1009 esse
423 975 565 1008 debeant
599 976 692 1009 liberi
720 980 754 1010 et
780 977 935 1011 inmunes.
1034 978 1117 1011 Item
1145 979 1311 1022 ungeltum
1339 981 1484 1023 predicte
1514 982 1651 1014 civitatis
1679 985 1786 1014 nostre
1816 983 1847 1014 in

155 1023 157 1026 ”
199 1027 382 1061 Gamundia
412 1028 535 1061 eisdem
568 1028 689 1060 civibus
718 1039 777 1071 per
808 1029 873 1061 iam
905 1029 1024 1062 dictum
1057 1031 1308 1073 quinquennium
1340 1033 1532 1065 remittimus
1561 1036 1594 1065 et
1621 1032 1778 1065 donamus
1805 1032 1847 1065 ad

198 1080 298 1124 ipsius
327 1081 467 1113 civitatis
495 1079 667 1112 utilitatem
696 1091 899 1113 communem
933 1085 966 1113 et
999 1093 1074 1114 usus
1108 1085 1326 1116 neccessarios
1359 1083 1622 1117 convertendum.
1723 1084 1846 1116 Census

156 1145 182 1165 u
200 1132 297 1165 etiem
313 1132 488 1174 vulgariter
511 1131 614 1164 dictos
636 1132 773 1165 furzinse
793 1132 945 1175 predictis
961 1133 1082 1166 civibus
1104 1144 1163 1176 per
1179 1135 1372 1176 prelibatum
1389 1136 1638 1178 quinquennium
1655 1136 1846 1169 remittimus

199 1188 232 1217 et
255 1184 420 1216 donamus.
508 1183 592 1215 Item
615 1183 734 1215 Iudeos
749 1185 887 1217 civitatis
902 1184 1084 1217 Gamundie
1101 1190 1270 1228 prenotate
1286 1187 1329 1219 ad
1345 1188 1539 1230 peticionem
1555 1187 1713 1220 dictorum
1729 1188 1844 1220 civium

152 1274 155 1283 Ι
199 1235 239 1268 ab
264 1235 438 1268 exaccione
461 1234 630 1267 cuiuslibet
651 1235 737 1268 sture
760 1245 862 1279 usque
885 1235 927 1268 ed
951 1235 1068 1268 festum
1091 1236 1180 1269 beati
1203 1237 1332 1270 Martini
1359 1242 1393 1271 et
1415 1238 1532 1271 deinde
1563 1239 1603 1271 ed
1626 1250 1744 1271 annum
1768 1250 1843 1272 con·
1858 1248 1915 1270 κον.
1926 1251 1959 1271 ιι.

198 1288 322 1320 tinuum
348 1287 556 1329 relinquimus
584 1286 756 1319 absolutos.
847 1287 1054 1320 Prosencium
1079 1289 1261 1322 testimonio
1284 1289 1461 1322 litterarum
1485 1290 1603 1333 regalis
1626 1292 1724 1323 nostri
1747 1291 1843 1334 sigilli

198 1338 314 1371 robore
335 1338 542 1371 firmatarum.

155 1406 181 1427 ,ο
306 1389 426 1422 Datum
442 1390 473 1422 in
489 1389 612 1430 Baden,
628 1389 707 1422 1111.
723 1389 805 1422 Non.
822 1390 903 1431 Iun.‚
919 1401 1002 1423 anno
1018 1390 1147 1423 Domini
1163 1391 1334 1424 millesimo
1352 1394 1577 1425 trecentesimo
1594 1393 1843 1435 quintodecimo,

199 1441 290 1484 regni
312 1451 387 1474 vero
410 1442 509 1474 nostri
532 1452 615 1474 anno
638 1442 751 1484 primo.

214 1618 312 1664 289.
340 1618 438 1664 290.
465 1616 766 1664 SCRIPTA
793 1617 1132 1665 LUDEWICI
1163 1619 1237 1665 IN
1270 1619 1591 1666 FAVOREM
1624 1620 1824 1667 PETRI

427 1681 512 1727 DE
545 1681 871 1728 COLUMNA
899 1682 1307 1729 CARDINALIS
1343 1683 1608 1730 EMISSA.

152 1794 153 1797 Ἴ
432 1806 436 1810 .
877 1759 984 1796 1315.
1025 1760 1105 1797 lun.
1127 1761 1160 1796 3.

154 1830 179 1851 οο
306 1815 357 1858 Cf.
380 1825 480 1856 supra
501 1826 550 1847 m.
567 1816 641 1848 257.

255 1939 340 1976 289.
380 1938 531 1975 Litterae
556 1941 767 1975 executoriae
793 1939 839 1975 ad
865 1940 1058 1985 episcopum
1084 1942 1114 1975 et
1141 1941 1329 1986 capitulum
1356 1941 1513 1978 ecclesiae
1538 1941 1786 1978 Valentinensis

617 2010 720 2046 super
748 2000 884 2035 bestiola
910 2000 952 2035 de
979 1999 1182 2046 Confluenti.
1286 2001 1366 2037 Iun.
1385 2002 1419 2036 3.

307 2073 468 2115 Oriyinale
492 2073 568 2116 (or.)
597 2075 632 2106 in
661 2073 819 2107 tabulario
846 2074 999 2107 Vaticano
1022 2074 1250 2107 ‘Instrumenta
1277 2075 1475 2108 miscellanea
1508 2076 1758 2108 1312—1315’.
1810 2078 1841 2109 A

195 2125 298 2157 scriba
319 2125 428 2158 curiae
453 2125 617 2158 Romanae
649 2126 683 2158 in
711 2126 894 2158 membrana
915 2125 1034 2158 Italica
1059 2129 1227 2159 exaratum
1255 2130 1309 2159 est.
1365 2128 1409 2160 In
1434 2138 1520 2160 verso
1546 2127 1693 2169 leyuntur
1713 2129 1840 2161 circiter

152 2188 179 2209 so
195 2186 226 2209 a.
246 2176 340 2209 1366.
370 2177 491 2218 scripta
521 2178 576 2219 (cf.
598 2187 674 2218 pay.
690 2177 753 2210 251
782 2180 846 2210 not.
869 2179 922 2219 1):
956 2178 988 2216 R.
1050 2178 1054 2219 Ι
1117 2178 1246 2211 Lictere
1276 2180 1466 2222 exequtorie
1497 2181 1593 2212 misse
1624 2180 1776 2222 episcopo
1808 2185 1842 2213 et

196 2228 335 2271 capitulo
365 2228 526 2262 Valentin.
559 2240 618 2272 per
644 2229 798 2261 Ludovic.
869 2230 874 2271 l
945 2228 1050 2271 Super
1075 2229 1209 2262 Bastita.
1277 2231 1283 2269 Ι
1351 2230 1427 2263 Dat.
1454 2241 1538 2263 anno
1567 2230 1622 2263 dffi
1648 2231 1840 2271 MCCCXV‚

195 2279 255 2312 HI.
272 2279 381 2313 Nonas
397 2280 490 2313 Iunii.
555 2281 559 2324 Ι
621 2280 684 2313 Hic
707 2284 781 2313 sunt
803 2280 888 2312 due·
910 2281 1024 2313 lictore
1046 2291 1110 2313 uns
1130 2282 1344 2314 concessionis
1367 2286 1401 2315 et
1422 2288 1504 2315 una·
1527 2283 1732 2316 executorieb
1754 2284 1841 2326 regis

194 2330 352 2364 Ludovioi
378 2343 475 2375 super
500 2332 669 2365 Bastitem.
725 2332 850 2365 Littera
875 2333 975 2374 ἐρίων
997 2333 1203 2366 concessionis
1230 2333 1392 2374 deperdita
1418 2337 1472 2367 est.
1509 2353 1547 2358 —
1584 2335 1655 2367 lam
1683 2335 1841 2367 edidimus

195 2382 310 2416 ‘Neues
330 2383 461 2416 Archiv’
484 2383 593 2423 XXV,
617 2386 679 2416 724
701 2395 751 2417 nr.
768 2385 787 2416 5
810 2395 849 2417 ex
871 2395 917 2417 or.

152 2455 177 2476 aa
302 2440 405 2472 Lo‘her
427 2441 596 2473 ‘ArchivaL
621 2441 819 2483 Zeitschrift'
850 2441 880 2473 V
906 2442 1021 2482 (1880)
1050 2452 1084 2481 p.
1108 2442 1174 2473 237
1202 2452 1252 2474 nr.
1277 2443 1312 2481 1;
1341 2441 1647 2483 Preyer-Ret'nkens
1669 2442 1838 2483 ‘Austrique'

194 2491 249 2532 (=
273 2490 392 2533 Proqer
414 2491 527 2526 ‘Ueber
548 2492 599 2524 die
620 2493 771 2534 Anfdnye
793 2493 847 2525 des
869 2492 1181 2533 kirchenpolitischen
1196 2493 1352 2534 Kampfes
1374 2496 1468 2526 unter
1483 2494 1618 2535 Ludwig]
1641 2494 1709 2526 dem
1724 2493 1839 2526 Baa'er'

152 2576 153 2579 ,
193 2542 229 2575 in
251 2543 516 2585 ‘Abhandlunqen
543 2544 599 2577 der
621 2544 723 2586 boyer.
740 2545 914 2577 Akademie
936 2545 1007 2577 III.
1033 2544 1088 2577 CL'
1112 2544 1199 2577 XVI
1221 2546 1336 2586 (1882)
1360 2555 1395 2585 p.
1414 2546 1476 2577 156
1487 2547 1568 2586 sqq.)
1594 2555 1628 2586 p.
1652 2547 1715 2577 157
1736 2556 1786 2579 nr.
1803 2547 1839 2584 1,-

193 2593 318 2627 Rieaeler
340 2595 578 2628 ‘Vatikanische
600 2597 716 2629 Akten'
739 2598 855 2638 (1891)
872 2607 907 2637 p.
924 2597 942 2628 1
966 2607 1015 2629 nr.
1030 2598 1061 2629 2.

302 2672 493 2705 Ludowicus
515 2673 578 2705 Dei
600 2674 704 2715 gratie
726 2673 943 2706 Romanorum
970 2683 1028 2705 rex
1057 2684 1186 2715 semper
1208 2678 1360 2716 augustus
1447 2673 1623 2706 venerabili
1646 2674 1729 2716 patri
1752 2675 1837 2717 epis-

151 2737 178 2757 ω
196 2732 276 2765 copo
304 2727 337 2756 et
363 2724 472 2756 comiti
494 2724 742 2768 Valentin(ensi)
771 2729 804 2758 et
830 2725 968 2765 Dien(si)
999 2725 1134 2767 principi
1163 2735 1200 2758 ac
1228 2725 1468 2758 honorabilibus
1498 2725 1573 2757 viris
1602 2751 1633 2758 ..
1664 2727 1836 2768 preposito,

298 2808 364 2837 289.
393 2810 416 2843 ⁸)
434 2812 462 2839 in
480 2813 534 2838 loco
552 2821 612 2838 mco
630 2817 725 2838 mutato
743 2812 801 2838 0610
819 2811 923 2844 σον-ἅγια.
1013 2812 1036 2843 ⁶)
1055 2813 1099 2838 nic.
