2190 3172
458 236 555 265 ACTA
573 236 687 264 REGNJ
704 235 890 264 LUDEWICI
909 236 956 263 lv.
974 236 1020 263 ET
1039 235 1223 263 FRIDEfflCI
1241 236 1290 263 111.
1328 235 1403 263 1314.
1440 235 1559 263 Nr.162.
1582 236 1639 263 163.
1815 241 1872 270 155

613 385 695 422 162.
738 386 960 431 Confirmatio
987 386 1243 423 iurisdictionis.
1348 387 1430 422 Dec.
1451 388 1485 423 4.

333 465 512 507 Oriyimlia
533 466 596 498 duo
616 468 628 498 1
654 468 684 498 et
706 468 725 498 2
749 465 863 498 ibidem
885 464 904 497 l.
921 476 946 497 c.
966 476 1016 498 nr.
1036 466 1107 497 125.
1132 466 1204 497 126.
1251 464 1429 506 Descripsit
1451 465 1498 498 vel
1520 465 1652 498 cmitulit
1671 465 1710 497 R.
1724 464 1874 499 Ludicke.

223 517 343 550 Pendet
363 517 531 558 utriusque
552 516 650 558 siyilli
670 518 882 558 sraqmentum
903 516 969 556 filis
990 518 1100 549 sericis
1122 517 1211 549 rubei
1231 517 1369 558 lkrvn'que
1390 517 1511 550 coloris.

329 578 476 619 Bo'hmer,
498 578 574 620 Ray.
590 578 701 611 Ludw.
719 589 756 619 p.
771 580 794 611 2
814 589 864 611 nr.
879 579 932 610 22.

191 649 204 669 ι
333 639 421 680 Quae
453 639 644 671 concordant
677 649 748 671 cum
776 638 1027 671 Promissionum
1062 649 1162 678 supra
1195 649 1244 670 nr.
1267 640 1308 670 63
1337 649 1405 679 cap.
1429 641 1479 677 17,
1514 649 1551 671 ea
1585 640 1669 680 typis
1702 640 1877 672 minoribus

223 700 355 723 excussa
376 693 461 724 sunt.

329 789 521 821 Ludowious
543 789 606 821 Dei
629 789 738 831 gracia
761 788 980 821 Romanorum
1004 799 1063 821 rex
1088 799 1216 831 semper
1239 794 1395 832 augustus
1460 791 1616 823 universis
1638 791 1719 823 sacri
1736 791 1875 823 Romani

221 841 348 884 imperii
369 840 518 873 fidelibus
605 842 748 883 graciam
771 851 861 872 suam
886 844 919 873 et
941 851 1034 873 omne
1059 841 1188 873 bonum.

329 892 488 934 Regalem
511 892 607 925 decet
630 892 853 925 celsitudinem
877 893 1038 935 principes
1061 904 1136 924 suos
1159 893 1329 925 continuiis
1352 894 1515 936 obsequiis
1539 895 1665 937 imperii
1688 895 1877 927 insudantes

179 955 204 975 ιο
222 955 284 977 non
314 944 418 976 solum
447 945 481 976 in
513 944 575 976 sibi
609 945 702 976 factis
735 945 852 987 graciis
886 954 1092 983 conservare,
1116 944 1175 976 sed
1203 955 1260 976 eos
1287 945 1330 977 ad
1358 946 1508 978 uberiora
1537 948 1672 979 servicia
1700 947 1876 979 maioribus

219 996 337 1039 graciis
358 1006 546 1038 provocare.
591 996 676 1028 Hinc
700 999 749 1028 est
772 995 859 1038 quod
881 1006 940 1028 nos
966 996 1007 1028 ad
1032 996 1252 1029 venerabilem
1279 997 1484 1040 Balduynum
1513 999 1746 1031 Treverensem
1769 1000 1874 1031 archi-

221 1048 408 1090 episcopum
430 1049 610 1090 principem
633 1051 777 1080 nostrum
800 1048 954 1080 dilectum
979 1052 1012 1080 et
1034 1059 1126 1080 suam
1150 1049 1319 1081 ecclesiam
1350 1053 1458 1082 nostre
1482 1050 1641 1092 largitatis
1664 1051 1774 1083 oculos
1798 1062 1874 1084 con-

220 1102 394 1141 vertentes,
418 1104 530 1132 eidem
552 1099 742 1142 Balduyno⁸
764 1106 794 1132 et
816 1104 874 1131 suis
897 1105 1104 1132 successoribus
1127 1105 1344 1140 *inperpetuum
1368 1106 1398 1133 in
1421 1109 1604 1142 augmentum
1627 1114 1756 1135 suorum
1779 1109 1874 1136 feudo·

221 1164 296 1188 rum,
327 1164 382 1190 que
410 1163 428 1183 a
456 1151 548 1183 nobis
577 1154 610 1183 et
638 1156 758 1191 imperio
785 1157 878 1189 tenet,
909 1165 1016 1184 merum
1039 1159 1069 1185 et
1091 1157 1213 1184 mixtum
1235 1157 1384 1192 imperium
1408 1159 1438 1186 et
1460 1159 1573 1194 plenam
1596 1159 1822 1188 iurisdictionem
1845 1161 1874 1187 in

177 1217 202 1237 u
221 1207 350 1235 omnibus
373 1210 403 1235 et
425 1207 544 1243 singulis
567 1208 642 1235 villis
665 1217 714 1235 sue
729 1207 910 1236 Treverensis
932 1208 1060 1243 dyocesis
1075 1217 1113 1236 ac
1129 1209 1290 1236 hominibus
1306 1210 1466 1238 earumdem
1490 1207 1648 1246 villarum,
1672 1212 1720 1239 ubi
1745 1212 1873 1241 homines

219 1267 269 1286 seu
292 1259 391 1286 villani
413 1259 551 1287 dictarum
574 1260 705 1287 villarum
727 1259 832 1288 iudicis.
854 1260 971 1288 reddere
994 1262 1024 1288 et
1046 1261 1148 1295 exequi
1171 1261 1200 1287 in
1223 1261 1316 1288 causis
1338 1262 1546 1295 criminalibus,
1571 1263 1702 1291 civilibus
1725 1267 1754 1292 et
1778 1265 1875 1292 mixtis

219 1310 356 1338 hactenus
379 1313 593 1344 consueverunt,
616 1320 671 1346 que
694 1311 903 1340 iurisdictiones
919 1313 1076 1348 vulgariter
1091 1313 1330 1348 vriheingerichte
1350 1310 1560 1350 appellantur-¹²,
1577 1322 1618 1343 ex
1635 1315 1724 1343 certa
1739 1313 1874 1344 scientia

220 1358 376 1390 donamus
400 1362 433 1390 et
455 1358 659 1391 concedimus
685 1369 745 1401 per
766 1363 949 1402 presentes,
981 1364 1024 1392 ita
1045 1366 1143 1392 tamen
1165 1365 1241 1399 quod
1263 1374 1315 1400 per
1337 1366 1410 1393 hanc
1432 1367 1558 1402 graciam
1580 1368 1651 1395 nulli
1675 1369 1739 1396 alii
1762 1369 1791 1396 in
1816 1370 1873 1397 suis

219 1414 327 1442 iuribus
349 1415 535 1450 preiudicium
557 1415 704 1443 inferatur.
790 1411 898 1448 Quare
914 1412 1040 1443 villanis
1056 1422 1114 1444 seu
1130 1412 1312 1444 hominibus
1329 1413 1487 1446 dictarum
1506 1414 1653 1447 villarum
1670 1417 1874 1458 presentibus

176 1474 203 1496 ιο
219 1462 335 1494 nostris
357 1462 473 1494 litteris
496 1462 705 1505 precipiendo
729 1462 843 1495 damus
864 1463 999 1496 firmiter
1019 1464 1052 1495 in
1071 1464 1243 1504 mandatis,
1260 1465 1410 1506 quatinus
1433 1466 1541 1498 eidem
1558 1466 1727 1509 Balduyno
1751 1472 1785 1500 et
1807 1470 1873 1501 suis

220 1514 457 1546 successoribus
479 1514 512 1546 in
535 1514 682 1546 omnibus
704 1514 858 1557 predictis
881 1515 1035 1548 obediant
1058 1519 1091 1548 et
1114 1516 1282 1548 intendant
1309 1527 1348 1549 ac
1377 1518 1482 1560 ipsum
1505 1518 1710 1561 Balduynum
1733 1531 1873 1564 suosque

221 1575 422 1598 successores
445 1565 547 1598 dictas
570 1566 806 1599 iurisdictiones
829 1567 870 1599 de
894 1571 1003 1600 cetero
1028 1578 1182 1600 exercere
1206 1579 1265 1610 per
1287 1579 1322 1600 se
1345 1569 1396 1601 vel
1413 1580 1471 1612 per
1486 1570 1585 1602 alium
1602 1582 1659 1603 seu
1674 1572 1755 1604 alios
1770 1573 1873 1606 libere

220 1618 409 1660 pemittant
430 1628 490 1650 nec
514 1629 548 1650 se
573 1618 726 1661 deinceps
749 1618 790 1650 de
814 1618 931 1651 talibus
954 1619 1177 1651 intromittant.
1222 1620 1347 1652 Dantes
1370 1619 1478 1654 eidem
1498 1622 1742 1666 archiepiscopo
1759 1628 1793 1656 et
1808 1626 1875 1656 suis

220 1669 456 1702 successoribus
477 1673 587 1712 preter
608 1680 727 1712 penam
750 1675 879 1702 centum
902 1670 1057 1703 librarum
1081 1672 1160 1712 auri,
1186 1683 1265 1714 quas
1288 1672 1546 1706 contradicentes
1562 1674 1633 1716 ipso
1657 1675 1743 1707 facto
1767 1677 1872 1708 incur-

177 1733 202 1753 sa
220 1732 293 1754 rere
316 1722 462 1754 volumus
492 1724 525 1753 et
546 1721 703 1763 rebelles,
732 1722 862 1764 plenam
884 1725 1081 1764 potestatem
1103 1723 1279 1756 mulctandi
1309 1727 1343 1756 et
1364 1725 1445 1757 alias
1468 1736 1569 1768 penas
1592 1727 1768 1770 infligendi,
1793 1739 1874 1771 quas

220 1774 288 1816 ipse
318 1773 371 1805 vel
403 1773 453 1805 sui
485 1783 686 1806 successores
722 1773 841 1806 fuerint
878 1774 1039 1816 arbitrati,
1079 1775 1254 1807 rebellibus
1290 1776 1583 1810 contradicentibus
1621 1783 1677 1810 aut
1714 1781 1872 1813 contraire

219 1825 502 1868 attemptantibus,
529 1825 820 1868 quocienscumque
853 1829 886 1858 et
917 1826 1187 1869 quandocumque
1216 1831 1327 1860 contra
1362 1830 1520 1871 premissa
1555 1830 1607 1862 vel
1643 1833 1872 1873 premissorum

219 1877 352 1920 aliquod
380 1877 489 1909 venii-e
519 1878 772 1919 presumpserint
805 1888 934 1920 quoquo
963 1878 1077 1919 modo,
1111 1889 1236 1911 necnon
1268 1881 1400 1922 propria
1430 1882 1621 1914 auctoritate
1653 1884 1805 1925 exigendi
1841 1888 1874 1916 et

219 1928 349 1961 levandi
371 1929 503 1961 easdem
526 1939 627 1970 penas
650 1938 708 1961 seu
730 1929 867 1961 mulctas
890 1940 928 1962 ac
950 1930 983 1962 in
1005 1941 1096 1962 suam
1121 1931 1294 1963 utilitatem
1317 1936 1374 1964 aut
1398 1933 1534 1966 ecclesie
1551 1945 1607 1966 sue
1625 1940 1720 1976 prout
1736 1936 1874 1968 voluerit

177 1991 203 2012 ιο
220 1980 438 2013 convertendi.
524 1980 563 2012 In
597 1981 687 2013 ouius
720 1982 766 2014 rei
801 1983 1018 2015 testimonium
1052 1983 1111 2015 has
1143 1983 1268 2015 litteras
1302 1984 1408 2026 sigillo
1441 1988 1549 2018 nostre
1578 1987 1756 2019 maiestatis
1782 1989 1873 2029 regie

220 2033 368 2065 iussimus
390 2033 589 2064 communiri.

327 2094 448 2126 Datum
470 2093 614 2135 Colonie,
637 2094 681 2126 II.
701 2094 784 2127 Non.
806 2094 1008 2137 Decembris,
1033 2107 1115 2128 anno
1139 2096 1270 2128 Domini
1293 2097 1464 2129 millesimo
1489 2099 1716 2130 trecentesimo
1741 2104 1872 2141 quarto-

220 2146 357 2188 decimo,
380 2146 472 2189 regni
494 2156 572 2178 vero
593 2147 694 2178 nostri
717 2157 800 2178 anno
823 2148 937 2189 primo.

538 2363 621 2400 163.
665 2364 876 2401 Mandatum
903 2366 1094 2402 civitatibus
1121 2366 1295 2401 directum.
1400 2367 1483 2403 Dec.
1501 2367 1558 2403 15.

178 2454 204 2475 ss
331 2439 510 2481 Oriqinalia
540 2442 603 2474 duo
630 2445 642 2474 1
674 2446 704 2475 et
732 2445 751 2475 2
781 2443 905 2476 ibidem.
956 2443 1191 2484 Descripsimus
1219 2444 1266 2476 vel
1294 2445 1486 2478 contulimus
1513 2457 1580 2478 nos.
1625 2447 1829 2487 Autoyraphi
1856 2451 1867 2480 1

221 2491 318 2533 sigilli
346 2493 524 2533 fraqmenta
548 2504 651 2534 parva
676 2495 812 2535 pendent
837 2495 904 2536 filis
924 2496 1035 2528 sericas
1055 2496 1144 2528 rubei
1164 2495 1301 2537 flavique
1323 2497 1434 2529 coloris
1442 2509 1452 2534 ,·
1475 2499 1510 2529 in
1534 2509 1619 2530 verso
1642 2499 1772 2539 leyitur:
1804 2500 1871 2531 Lis

222 2543 265 2576 ad
283 2543 481 2586 Bopardiam
504 2548 538 2578 et
553 2545 772 2589 Wes(aliam)‚
795 2547 883 2590 quod
906 2548 1060 2580 obediant
1082 2547 1146 2580 <iffi
1167 2548 1296 2581 Trever.
1313 2549 1395 2581 Lud.
1414 2549 1507 2582 Bald.
1527 2553 1554 2582 1.
1599 2551 1828 2591 Autoyraplum
1851 2553 1870 2582 2

222 2596 266 2628 ad
286 2595 385 2628 solam
406 2596 563 2629 civitatem
586 2598 836 2638 Bopardiensem
857 2600 989 2632 missum
1010 2599 1117 2632 eadem
1145 2610 1243 2631 manu
1266 2600 1474 2633 cancellariae
1499 2601 1693 2634 Trevirmsis
1714 2603 1869 2644 scriptum

223 2649 285 2687 κέ,-
299 2646 438 2688 sigillum
454 2647 594 2681 illaesum
603 2650 722 2690 pendet
737 2650 802 2683 loro
813 2651 1060 2690 membranave&
1075 2652 1111 2683 in
1124 2661 1209 2683 verso
1225 2651 1352 2692 legitur.-
1368 2652 1478 2685 Prima
1496 2653 1603 2685 littera
1620 2654 1661 2686 ad
1673 2654 1870 2696 Bopardiam

180 2712 208 2733 oo
223 2709 281 2741 per
303 2709 348 2740 se,
372 2699 459 2742 quod
482 2700 636 2733 obediant
658 2701 723 2734 ὼῖὀ
745 2700 818 2735 Tre.
835 2703 905 2735 sine
926 2702 1035 2735 hulda.
1057 2706 1082 2735 l.
1107 2722 1148 2727 --
1171 2703 1341 2736 Ineditum.

330 2753 476 2794 Bohmer,
500 2755 576 2796 Rey.
593 2757 704 2790 Ludw.
724 2769 758 2798 p.
776 2759 797 2790 3
818 2769 867 2790 nr.
883 2759 926 2790 30
948 2759 1007 2799 (ad
1028 2759 1246 2799 autoyraphon
1273 2761 1314 2801 1).

326 2864 391 2893 1⁰2.
418 2866 442 2896 Ι)
459 2868 532 2893 Bald.
550 2875 648 2901 semper
668 2868 689 2894 l.
709 2868 733 2895 2.
824 2869 848 2903 δ)
865 2871 1011 2904 appellatur
1031 2871 1053 2896 l.

1889 1107 1920 1121 nr.
1931 1102 1959 1122 ⁸8

1889 1134 1908 1148 c.
1920 1129 1952 1148 Π.
