2158 3138
434 179 531 208 ACTA
551 179 664 208 amm
683 178 868 207 LUDE'WICI
886 179 933 206 IV.
951 178 998 206 ΕΤ
1015 178 1201 207 FRIDERICI
1220 180 1268 207 111.
1305 180 1380 208 1314.
1415 181 1536 209 Nn122.
1556 182 1612 209 123.
1785 186 1844 219 123

311 267 396 300 Acta
424 269 497 299 sunt
522 266 583 299 hec
605 266 637 298 in
659 266 826 309 presencia
848 265 1104 298 honorabilium¹¹
1126 267 1266 299 virorum
1288 267 1514 309 magistrorum
1536 268 1680 301 Heinrici
1704 269 1745 302 de
1769 271 1846 302 Gel-

204 319 302 352 douia
325 322 359 352 et
373 318 524 351 Iohannis
548 317 589 350 de
604 317 789 360 Vinstinga¹
810 317 1074 359 iurisperitorum,
1097 317 1275 350 Hermanni
1295 319 1455 360 capellani
1477 320 1576 362 ipsius
1591 320 1711 353 domini
1726 322 1846 355 'l'reve-

205 371 306 403 rensis
335 380 460 403 necnon
489 369 685 412 Lud(owici)
715 369 755 402 de
778 369 921 401 Kansme
944 369 1064 411 publici
1093 370 1270 412 apostolica
1298 372 1490 403 auctoritate
1513 373 1628 404 notarii
1651 382 1690 405 ac
1712 373 1846 406 aliorum

204 423 333 455 testium
351 421 392 454 ad
407 421 469 454 hoc
484 425 670 454 vocatorum
687 425 720 453 et
734 423 930 463 rogatorum.
961 420 1027 453 Sub
1044 431 1127 453 anno
1139 421 1268 453 Domini
1287 422 1458 454 millesimo
1475 425 1700 455 trecentesimo
1718 430 1847 467 quarto-

173 482 186 502 ι
204 473 362 514 decimo¹⁵‚
394 472 568 505 indictione
591 472 805 512 duodecima¹,
833 472 911 504 sede
934 476 1070 504 vacante
1094 473 1254 514 Romana,
1278 473 1330 506 die
1353 484 1429 506 vero
1453 474 1579 507 decima
1602 480 1743 508 oetan·-
1771 477 1847 510 dicti

202 525 322 558 mensis
354 524 561 565 Novembris,
595 523 681 566 apud
711 523 820 556 villam
847 523 1038 566 Bcppingen
1071 525 1104 556 in
1136 524 1232 557 domo
1260 525 1350 557 Petri
1373 526 1566 559 Lambekini
1593 527 1729 568 ibidem,
1764 530 1849 562 circa

202 576 315 609 horam
339 577 429 618 quasi
455 576 666 618 completorii.

309 627 352 660 Et
384 637 446 669 ego
479 628 596 660 Petrus
621 627 812 660 Anshelmi¹³
838 627 1044 660 Treverensis
1070 628 1223 669 clericus,
1255 629 1401 671 publicus
1432 631 1609 672 apostolica
1634 635 1667 663 et
1689 633 1847 675 imperiali

204 680 403 721 auctoritate?
417 680 569 721 notarius,
593 679 669 722 quia
690 679 847 721 premisse
871 680 1095 711 constitucicni
1117 682 1334 722 procuratoris
1356 691 1420 713 una
1442 692 1514 714 cum
1538 683 1673 715 testibus
1695 684 1849 726 predictis

161 742 187 762 ιο
202 730 347 772 interfui,
374 730 435 763 hoc
463 731 707 763 instrumentum
743 730 906 773 publicum
939 741 1035 763 manu
1069 742 1142 763 mea
1169 733 1383 774 conscriptum
1410 733 1484 765 inde
1514 734 1636 766 confeci
1667 739 1701 767 et
1722 737 1848 778 signum

201 792 310 815 meum
333 783 469 825 apposui
491 783 662 825 requisitus
685 792 744 825 per
766 782 886 814 dictum
909 782 1073 815 dominum
1097 783 1328 815 Treverensem
1351 784 1628 828 archiepiscopum
1651 791 1685 819 et
1707 792 1848 830 rogatus.

207 905 277 936 123.
303 905 373 936 124.
411 902 732 936 INSTRUMENTA
755 903 898 936 SUPER
920 903 1204 936 REOEPTIONE
1230 903 1576 938 PROCURATORIS
1603 906 1848 942 CONFECTA.

890 962 982 992 1314.
1018 959 1099 992 Nov.
1117 962 1168 992 20.

634 1056 716 1093 123.
756 1057 1024 1093 lustramentum
1045 1058 1159 1103 prius.
1264 1058 1349 1094 Nov.
1368 1060 1429 1094 20.

161 1136 188 1156 ιι
316 1121 477 1163 originale
499 1122 573 1165 (or.)
595 1123 631 1155 in
653 1121 811 1155 tabulcm'o
831 1122 972 1163 yemali
993 1123 1082 1164 requi
1103 1123 1271 1155 Bawaricz·
1293 1123 1383 1156 KLS
1405 1135 1454 1156 nr.
1472 1125 1502 1158 9.
1526 1144 1567 1148 -
1598 1125 1671 1158 Iam
1693 1127 1850 1160 edidimus

204 1173 320 1207 ‘Neues
341 1174 468 1207 Archiv'
490 1173 628 1213 XXIII,
651 1174 715 1206 306
735 1185 785 1207 m.
801 1175 844 1206 34
866 1185 906 1207 ex
927 1185 973 1207 or.

312 1242 351 1275 In
373 1243 500 1276 nomine
524 1242 654 1275 Domini
677 1254 781 1276 amen.

315 1297 342 1327 1.
375 1294 496 1327 Notum
519 1295 560 1327 sit
574 1295 729 1328 universis
751 1305 810 1338 per
830 1295 892 1327 hoc
914 1306 1047 1338 presens
1069 1295 1231 1337 publicum
1255 1296 1510 1337 instrumentum,
1534 1297 1619 1339 quod
1636 1309 1719 1330 anno
1735 1300 1849 1331 nativi-

204 1346 280 1380 tatis
310 1345 469 1379 dominice
492 1345 729 1388 MOOOXIIII,
752 1346 926 1379 indictione
949 1347 1051 1388 XIII,
1074 1348 1192 1379 mensis
1214 1346 1406 1380 Novembris
1429 1348 1481 1381 die
1505 1349 1580 1389 XX,
1604 1350 1635 1381 in
1658 1351 1722 1382 mei
1745 1350 1849 1383 tabel-

161 1397 298 1430 solionis
324 1398 445 1441 publici
470 1399 665 1441 testiumque
693 1398 943 1441 subscriptorum
970 1399 1137 1441 presencia
1169 1402 1302 1441 propter
1328 1399 1390 1432 hoc
1417 1401 1631 1442 personaliter
1660 1402 1852 1435 constitutus

202 1450 252 1483 vir
278 1449 446 1492 religiosus
473 1450 573 1483 frater
588 1450 788 1482 Wernherus
818 1450 923 1483 dictus
957 1450 997 1482 de
1011 1450 1171 1482 Wintrich
1203 1450 1324 1483 ordinis
1352 1451 1531 1494 Hospitalis
1563 1454 1665 1485 sancti
1698 1453 1850 1486 Iohannis

202 1501 451 1535 Ierosolimitani
473 1502 586 1534 domus
601 1502 808 1535 Treverensis
831 1502 894 1535 duc
918 1503 1127 1534 instrumenta
1150 1502 1293 1544 publica,
1324 1503 1470 1535 manibus
1493 1507 1527 1536 et
1548 1505 1647 1547 signis
1673 1516 1782 1537 eorum
1807 1506 1849 1538 de

203 1553 318 1596 quibus
349 1554 382 1586 in
414 1554 491 1597 ipsis
523 1554 559 1586 fit
591 1555 730 1595 mencio,
758 1557 853 1596 prout
880 1555 983 1596 prima
1015 1554 1098 1586 facie
1128 1555 1291 1596 apparuit,
1321 1556 1447 1598 signata
1483 1566 1591 1588 coram
1615 1557 1792 1589 reverendo
1816 1558 1847 1590 in

205 1605 332 1638 Christo
360 1609 452 1648 patre
479 1616 517 1638 ac
548 1605 677 1638 domino
701 1606 841 1638 Henrico
865 1606 928 1638 Dei
950 1607 1060 1648 gracia
1082 1610 1191 1638 sancte
1215 1606 1415 1638 Coloniensis
1443 1607 1578 1639 ecclesie
1606 1607 1850 1651 archiepiscopo

163 1666 188 1687 ιο
205 1658 288 1690 sacri
309 1657 448 1690 Romani
469 1657 597 1700 imperii
618 1668 677 1700 per
699 1658 827 1690 Italiam
851 1658 1131 1690 archicancellario
1154 1659 1350 1700 presentavit
1377 1662 1411 1690 ct
1438 1658 1480 1691 ad
1507 1660 1576 1691 eius
1598 1660 1749 1692 noticiam
1773 1671 1848 1692 con-

205 1711 294 1742 tenta
320 1709 353 1741 in
382 1709 504 1743 eisdem
532 1709 667 1742 deduxit
695 1720 733 1742 ac
756 1720 814 1752 per
835 1720 888 1742 me
911 1709 1088 1742 Iohannem
1112 1709 1274 1751 quondam
1299 1709 1428 1742 Gerlaci
1451 1711 1610 1742 notarium
1634 1711 1848 1754 subscriptum

205 1760 270 1803 legi
293 1764 327 1794 et
348 1761 504 1803 publicari
527 1761 605 1793 fecit
627 1761 668 1793 de
690 1761 790 1794 verbo
813 1761 856 1793 ad
879 1762 1009 1794 verbum
1034 1761 1092 1793 sub
1115 1761 1176 1793 hac
1200 1761 1317 1793 forma:

311 1811 362 1844 ‘In
383 1813 511 1845 nomine
533 1812 663 1845 Domini
687 1823 791 1846 amen.

309 1864 466 1897 Noverint
488 1865 626 1897 universi
649 1875 780 1908 presens
803 1885 844 1889 —
867 1866 1038 1908 requisitus
1061 1868 1095 1897 et
1117 1865 1270 1907 rogatus.²
1301 1875 1401 1905 supra
1423 1876 1471 1897 nr.
1491 1866 1562 1897 121.

161 1928 188 1949 ιο
313 1918 342 1949 2.
376 1916 476 1948 Item:

310 1967 360 2000 ‘In
381 1969 509 2001 nomine
532 1967 663 2001 Domini
686 1979 790 2001 amen.

311 2018 467 2052 Noverint
489 2021 628 2053 universi
651 2021 738 2064 quod
761 2039 802 2044 —
825 2020 1100 2062 archiepiscopum
1124 2023 1156 2052 et
1178 2018 1331 2063 rogatus?
1362 2029 1463 2060 supra
1484 2031 1533 2052 nr.
1552 2020 1623 2052 122.

314 2072 342 2103 3.
378 2071 500 2109 Quibus
522 2073 740 2105 instrumentis
763 2073 808 2105 sic
830 2073 923 2104 lectis
945 2075 978 2104 et
1001 2072 1170 2114 publicatis
1192 2071 1278 2104 idem
1302 2071 1471 2115 religiosus
1487 2073 1615 2105 nomine
1631 2073 1848 2115 procuratorio

205 2121 351 2166 predicto
375 2123 569 2157 verbotenus
595 2125 700 2167 ipsum
731 2124 895 2156 dominum
923 2123 1150 2156 Coloniensem
1184 2124 1460 2166 archiepiscopum
1496 2124 1528 2156 in
1563 2128 1715 2166 quantum
1745 2125 1850 2166 potuit

163 2188 188 2209 aa
205 2175 329 2206 monuit
356 2178 389 2207 et
411 2175 592 2218 requisivit,
620 2179 656 2208 ut
684 2177 716 2208 in
740 2177 817 2219 ipsis
839 2176 1057 2208 instrumentis
1080 2176 1204 2218 plenius
1227 2175 1421 2216 continetur,
1445 2186 1542 2218 super
1563 2176 1624 2208 hoc
1647 2176 1711 2208 mei
1734 2177 1848 2208 notarii

206 2229 240 2258 et
262 2227 392 2259 testium
414 2227 664 2270 subscriptorum
687 2229 902 2260 testimonium
926 2227 1113 2259 invocando.

312 2301 414 2333 Acta·
436 2306 510 2334 sunt
531 2302 591 2334 heo
618 2302 651 2333 in
679 2301 799 2344 oppido
822 2301 985 2334 Bunnensi
1008 2301 1040 2333 in
1063 2301 1159 2332 domo
1183 2300 1303 2332 domini
1326 2300 1476 2332 Iohannis
1504 2300 1544 2332 de
1567 2300 1682 2332 Bunna
1705 2301 1848 2332 canonici

207 2351 396 2395 Bunnensis,
420 2363 517 2395 quam
539 2353 742 2386 inhabitabat
764 2355 832 2395 ipse
857 2353 1004 2385 dominus
1027 2353 1288 2395 archiepiscopus
1310 2353 1520 2392 Coloniensis,
1545 2352 1602 2384 sub
1626 2363 1722 2390 anno,
1746 2351 1846 2384 indic-

206 2404 309 2445 tione,
335 2415 446 2437 mense
470 2409 503 2437 et
525 2405 577 2438 die
601 2406 832 2448 suprascriptis.
877 2405 1087 2437 Presentibus
1110 2404 1268 2436 nobilibus
1290 2405 1366 2436 viris
1389 2403 1528 2446 Symone
1552 2404 1592 2435 de
1617 2403 1790 2445 Spanheim
1815 2407 1848 2435 et

162 2463 190 2484 ⁴⁰
206 2455 350 2488 Iohanne
373 2456 414 2489 de
437 2456 593 2490 Nazzowe
617 2457 786 2490 comitibus
808 2467 931 2489 necnon
954 2457 1029 2489 viris
1052 2456 1288 2489 venerabilibus
1311 2460 1343 2488 et
1366 2456 1510 2488 discretis
1526 2455 1662 2487 dominis
1678 2454 1847 2487 Gerhardo

207 2507 248 2539 de
265 2508 469 2550 Virnenburg
497 2509 665 2541 scolastico
693 2508 892 2549 Coloniensi,
914 2509 1056 2541 Henrico
1084 2509 1153 2540 eius
1185 2509 1282 2540 fratre
1309 2509 1472 2550 preposito
1500 2507 1677 2546 Bunnensi,
1701 2506 1846 2538 Heiden-

206 2559 272 2592 rico
295 2561 458 2602 preposito
481 2559 590 2593 Sancti
623 2560 767 2593 Severini
789 2561 991 2594 Goloniensis
1014 2565 1047 2592 et
1069 2561 1222 2602 magistro
1243 2559 1439 2600 Engelberto
1463 2558 1547 2590 dicto
1571 2558 1721 2590 Franzeis
1743 2557 1846 2589 archi·

208 2610 565 2653 dyaconoLeodiensis
587 2612 805 2653 ecclesiarum,
828 2612 963 2644 testibus
985 2612 1027 2644 ad
1050 2612 1111 2644 hoc
1134 2612 1255 2644 vocatis
1277 2611 1462 2653 specialiter
1485 2615 1518 2643 et
1540 2611 1670 2651 rogatis.

311 2695 376 2724 122.
404 2695 431 2730 ιι)
448 2698 682 2724 vener-*binum
701 2697 725 2724 2.
807 2697 825 2730 ¹)
844 2698 997 2731 Viustingen
1015 2697 1040 2724 2.
1121 2696 1147 2729 k)
1166 2698 1331 2723 ucccxuu
1350 2696 1374 2723 2.
1457 2696 1476 2729 ι)
1495 2697 1542 2722 x11
1561 2696 1585 2722 2.
1667 2695 1699 2728 ιι»)
1719 2696 1803 2721 xvm
1822 2695 1846 2721 2.

164 2742 191 2762 «ι
208 2738 235 2771 1·)
252 2738 366 2766 melun
384 2739 408 2766 2.

312 2798 376 2827 188.
404 2799 428 2834 ι)
446 2800 539 2826 abhinc
556 2804 698 2826 aeramento
712 2801 852 2833 pau-'dion'
869 2809 907 2827 or.

1593 2848 1640 2874 16⁸
