2184 3126
311 203 372 234 552

503 198 601 226 ACTA
619 197 732 225 REGNI
750 195 935 224 LUDEWIOI
952 194 998 221 IV.
1018 193 1064 220 ΕΤ
1082 190 1267 220 FRIDERICI
1285 190 1335 217 111.
1371 189 1447 217 1322.
1484 189 1532 216 Nr.
1546 189 1605 217 701.
1623 188 1682 215 702.
1702 188 1760 216 703.

308 286 385 318 sach
408 295 490 327 zeug
512 286 604 324 seint,
628 283 680 315 die
703 281 973 324 vorgeschrieben
995 280 1075 311 hem
1097 278 1163 310 und
1187 277 1240 309 die
1263 276 1371 308 dieser
1393 275 1470 307 sach
1493 275 1607 307 botten
1629 275 1698 306 sein
1714 285 1879 317 gewesen:
1902 274 1962 307 her

309 337 464 369 Heinrich
488 336 546 367 der
568 338 624 376 apt
638 345 702 366 von
717 332 897 365 Usserstale
912 330 978 363 und
1001 330 1060 361 her
1075 329 1199 360 Iohann
1223 328 1293 359 sein
1315 327 1441 368 caplan,
1458 326 1534 358 herr
1547 326 1704 358 Reichart
1719 325 1778 358 der
1793 325 1962 358 comethur

310 399 372 419 von
393 387 590 425 Heimbach,
620 385 685 417 und
709 385 761 416 die
785 383 956 424 erberigen
979 382 1060 421 lent,
1087 379 1140 411 die
1164 379 1228 420 bey
1250 389 1310 409 uns
1332 388 1372 409 zu
1394 377 1603 409 Traussnicht
1625 378 1708 408 sein:
1737 376 1796 408 her
1819 376 1876 408 Ott
1899 387 1962 409 von

311 439 385 471 dem
408 439 498 470 Stein
519 437 584 469 und
607 438 666 468 her
687 435 842 467 Heinrich
866 434 923 465 der
945 433 1072 473 Zenger
1093 441 1183 462 zwen
1205 430 1307 470 ritter,
1331 429 1391 460 her
1413 428 1570 470 Weigant
1591 439 1655 460 von
1674 428 1882 467 Traussnitzt,
1905 428 1963 460 der

310 490 415 522 Wolff
433 500 496 520 von
517 489 688 530 Nappurg,
717 485 873 517 Heinrich
896 484 954 515 der
977 482 1182 521 Grenstater,
1214 480 1366 512 Chunrad
1398 479 1457 511 der
1486 480 1717 522 Calenperger.
1762 479 1837 511 Und
1860 480 1963 511 bitten
1991 486 2005 506 ⁶

309 541 392 572 auch
415 540 467 571 die
490 541 709 581 vorgenanten
732 538 889 578 burgman
911 535 976 566 und
999 534 1119 575 bui-ger
1141 533 1205 564 alle
1229 534 1336 573 sampt
1359 531 1418 563 der
1432 531 1684 573 vorgeschriben
1707 531 1800 563 stede
1815 531 1963 572 vleissig-

309 592 446 630 lichenn,
470 591 527 622 das
550 591 596 622 sie
618 599 747 620 unserm
762 588 870 619 lieben
892 586 973 617 hern
996 585 1070 616 dem
1085 583 1283 617 Romischen
1305 583 1406 624 konig
1422 586 1511 614 vaste
1534 583 1599 614 und
1623 582 1819 614 drewlichen
1835 583 1963 615 dienen.

310 643 415 674 Wann
432 643 489 674 wir
511 642 585 673 kein
610 641 704 682 eigen
726 638 842 681 insigel
865 638 972 678 heten,
997 636 1103 678 geben
1118 636 1176 667 wir
1198 636 1250 667 ine
1274 635 1387 666 diesen
1409 634 1497 666 brief
1507 645 1546 666 zu
1570 635 1677 666 einem
1700 633 1842 666 urkhunt
1858 634 1965 666 dieser

309 693 405 724 sache
429 694 487 724 mit
509 691 710 734 Weigandes
732 702 794 722 von
817 688 1050 732 Tra[u]ssnicht
1072 688 1187 729 insigel
1210 686 1373 728 versigelt.

416 744 485 775 Der
513 743 620 784 geben
647 744 688 774 ist
714 753 753 774 zu
782 741 994 782 Traussnitzt,
1027 739 1069 771 da
1098 750 1173 770 man
1200 749 1263 770 von
1291 737 1372 769 Gots
1401 738 1521 780 geburt
1549 738 1612 769 zalt
1641 736 1964 779 dreyzehenhundert
1982 745 2009 765 ιο

305 796 357 835 jar
378 795 519 826 darnach
534 795 578 826 im
593 793 991 834 zweiundtzwentzigstem
1004 792 1067 831 jar,
1083 801 1124 822 an
1141 790 1216 822 dem
1232 789 1368 821 nehsten
1384 789 1544 831 Pfintztag
1559 789 1642 821 nach
1657 792 1730 821 sant
1745 787 1874 820 Andres
1889 788 1963 830 dag.

405 1025 657 1070 702—710.
701 1021 1031 1068 LUDEWICI
1065 1021 1350 1068 SCRIPTA
1380 1018 1510 1066 PRO
1539 1018 1869 1065 DIVERSIS.

933 1098 1040 1134 1322.
1082 1097 1344 1134 Deae—24.

374 1220 459 1256 702.
490 1199 575 1256 703.
617 1219 790 1264 Scriptum
811 1230 881 1264 pro
908 1219 1027 1254 comite
1053 1220 1094 1254 de
1119 1219 1215 1264 Sayn
1246 1221 1277 1254 et
1303 1217 1487 1253 reversales
1514 1217 1659 1253 comitis.

1770 1217 1851 1252 Dec.
1869 1217 1903 1251 6.

419 1301 580 1342 Originale
607 1301 688 1341 reyis
710 1301 741 1332 A
763 1301 800 1332 in
825 1300 984 1332 tabulario
1005 1300 1089 1340 reyio
1119 1299 1326 1333 Wisbadensi.
1373 1298 1551 1339 Descripsit
1572 1299 1613 1331 Ε.
1637 1299 1770 1331 Schaus.
1815 1298 1964 1340 Siyillwm
1981 1305 2007 1326 1⁵

308 1354 399 1391 deest,
424 1353 488 1385 loro
510 1353 742 1384 nwmbranaceo
764 1352 879 1384 relicto.

414 1413 561 1451 Bc'hmer,
585 1412 660 1453 Rey.
674 1413 786 1444 Isudw.
803 1423 840 1452 p.
858 1413 900 1443 30
923 1423 972 1444 nr.
990 1412 1062 1443 509.

419 1472 468 1514 Cf.
492 1472 511 1504 l.
529 1483 554 1504 c.
578 1483 627 1504 nr.
643 1473 717 1504 510.

415 1549 598 1582 Reversales
624 1549 747 1581 comitis
774 1549 990 1589 autoyraphae
1012 1549 1040 1580 B
1062 1548 1098 1580 in
1125 1547 1285 1579 tabulario
1312 1546 1453 1587 yenerali
1474 1547 1563 1587 reqm'
1585 1546 1754 1578 Bawarici
1776 1546 1829 1578 ’Κ
1855 1546 1966 1579 Haus-

307 1602 376 1633 und
399 1600 682 1633 Familiensachen’
704 1601 783 1639 fasc.
800 1601 830 1631 8.
875 1599 1113 1640 Descripsimus
1134 1608 1200 1630 nos.
1246 1597 1368 1630 Pendet
1395 1597 1534 1638 siyillum
1564 1597 1684 1629 laesum
1717 1597 1783 1630 loro
1816 1598 1967 1630 membra-
1985 1607 2012 1627 κ

308 1663 422 1692 vacem·
444 1654 480 1684 in
502 1653 589 1684 dorsi
604 1654 701 1692 parte
722 1652 871 1690 inferiori
893 1652 1072 1692 fragmenta
1083 1650 1180 1690 parvi
1195 1649 1293 1691 sigilli
1307 1660 1397 1681 cerae
1418 1649 1533 1681 viridis
1547 1651 1713 1689 apparent.
1733 1667 1773 1672 —
1789 1649 1965 1695 Ineditum.

418 1713 494 1753 Rey.
511 1712 614 1744 Boiea
644 1711 700 1750 VI,
724 1714 775 1744 77.

518 1808 588 1837 702.
623 1805 784 1845 Scriptum
805 1806 895 1846 reyis.

685 1866 714 1896 A
720 1889 726 1896 .

397 1922 465 1953 Nos
481 1921 672 1952 Ludowicus
688 1920 750 1951 Dei
770 1921 874 1962 gratia
890 1919 1110 1952 Romanorum

310 1984 369 2005 rex
381 1983 510 2014 semper
521 1974 674 2013 augustus
686 1975 796 2003 notum
809 1972 944 2003 facimus
955 1972 1111 2003 universis

310 2024 512 2066 presentibus
536 2027 568 2055 et
591 2023 713 2064 futuris,
737 2034 795 2055 nos
817 2023 916 2055 nobili
938 2024 1005 2054 viro
1029 2022 1109 2055 Got-

312 2076 395 2107 frido
420 2076 529 2106 comiti
553 2074 593 2106 de
610 2074 695 2116 Seyn
717 2075 933 2116 primogenito
957 2075 1109 2106 Iohannis

311 2126 436 2158 comitis
453 2126 492 2157 de
507 2126 603 2167 Seyn,
619 2125 706 2157 fideli
718 2129 825 2157 nostro
839 2126 957 2157 dilecto
973 2125 1107 2157 liberam

311 2178 499 2209 facultatem
523 2180 556 2209 et
577 2188 671 2218 posse
695 2177 867 2208 contulisse
891 2177 922 2208 in
945 2180 1054 2209 monte
1078 2180 1111 2208 et

312 2228 409 2260 fundo
419 2228 614 2259 Grifenstein
622 2229 828 2269 proprietatis
837 2229 964 2270 imperii
971 2231 1107 2260 castrum

313 2280 353 2311 de
361 2290 444 2310 novo
453 2280 516 2310 suis
528 2279 691 2311 laboribus
704 2282 736 2311 et
745 2280 925 2321 sumptibus
940 2280 1110 2311 extruendi

314 2334 347 2362 et
377 2331 561 2371 edificandi,
595 2331 640 2362 ita
669 2334 705 2362 ut
731 2342 790 2372 per
820 2342 892 2363 eum
928 2332 990 2363 duo
1021 2332 1110 2363 milia

312 2381 494 2423 libr(arum)
510 2382 711 2413 Hallensium
736 2382 842 2414 eidem
865 2386 1033 2422 structure,
1048 2393 1110 2424 que

312 2433 492 2465 luculenter
514 2434 616 2465 videri
640 2437 672 2465 et
694 2434 851 2466 bonorum
875 2434 993 2466 iudicio
1023 2445 1110 2466 com-

312 2485 441 2526 probari
464 2485 603 2525 valeant,
627 2485 861 2526 impendantur.
907 2486 948 2517 Et
972 2489 1110 2518 castrum

313 2535 496 2567 huiusmodi
525 2536 570 2567 sic
598 2540 779 2568 extructum
813 2537 916 2568 dictus
945 2536 1112 2569 Gotfridus

314 2590 346 2618 et
368 2586 506 2618 heredes
533 2588 581 2618 sui
609 2597 681 2618 cum
710 2588 806 2629 opido
835 2588 1050 2630 suberigendo
1079 2592 1112 2620 et

312 2638 393 2675 aliis,
417 2648 479 2679 que
503 2638 544 2669 ad
567 2639 671 2680 ipsum
695 2639 735 2670 de
758 2650 840 2670 novo
865 2641 987 2682 acquiri
1010 2641 1111 2671 conti—

312 2690 406 2731 gerit,
429 2690 461 2721 in
483 2690 617 2731 pignore
635 2690 833 2732 detinebunt,
858 2691 960 2723 donec
982 2702 1041 2733 per
1055 2703 1112 2724 nos

313 2743 369 2772 aut
392 2741 471 2772 alios
493 2740 585 2772 nobis
607 2741 639 2772 in
662 2742 797 2783 imperio
821 2743 1030 2774 succedentes
1053 2754 1111 2784 pro

313 2792 414 2824 tribus
426 2792 555 2823 milibus
568 2795 600 2824 et
615 2793 796 2834 quingentis
808 2793 896 2825 libris
908 2794 1111 2826 Hallensium

1341 1805 1413 1835 703.
1446 1802 1629 1835 Reversales
1651 1804 1781 1835 comitis.

1545 1863 1586 1895 B.

1249 1919 1317 1950 Nos
1340 1918 1507 1950 Gotffldus
1535 1930 1642 1951 comes
1670 1919 1711 1950 de
1735 1919 1820 1961 Seyn
1844 1920 1965 1961 primo·
1983 1931 2008 1951 π

1163 1971 1290 2011 genitus
1319 1970 1471 2002 Iohannis
1505 1971 1630 2002 comitis
1666 1971 1706 2002 de
1738 1970 1823 2012 Seyn
1853 1974 1966 2003 notum

1162 2021 1298 2053 facimus
1334 2022 1490 2053 universis
1528 2022 1730 2063 presentibus
1768 2026 1801 2053 et
1839 2023 1965 2064 futuris,

1162 2073 1254 2104 nobis
1269 2074 1510 2105 serenissimum
1522 2073 1687 2105 dominum
1700 2077 1843 2105 nostrum
1854 2074 1965 2106 Ludo-

1162 2125 1276 2156 wicum
1284 2125 1503 2156 Romanorum
1512 2135 1624 2167 regem
1634 2125 1768 2157 liberam
1777 2125 1966 2158 facultatem

1163 2179 1195 2207 et
1210 2187 1306 2218 posse
1319 2178 1490 2208 contulisse
1508 2177 1539 2208 in
1554 2180 1664 2208 monte
1678 2181 1711 2209 et
1722 2177 1822 2209 fundo
1835 2176 1965 2210 Grifen-
1983 2189 2011 2210 so

1162 2228 1243 2259 stein
1271 2229 1477 2270 proprietatis
1500 2229 1627 2270 imperii
1650 2232 1789 2260 castrum
1813 2228 1854 2260 de
1881 2239 1966 2261 novo

1161 2280 1277 2311 nostris
1299 2279 1463 2311 laboribus
1486 2283 1518 2312 et
1542 2280 1721 2322 sumptibus
1738 2280 1910 2312 extruendi
1933 2284 1967 2313 et

1162 2331 1347 2372 edificandi,
1385 2332 1430 2362 ita
1465 2331 1550 2373 quod
1589 2342 1647 2373 per
1680 2343 1738 2363 nos
1776 2331 1839 2363 duo
1875 2332 1966 2364 milia

1162 2382 1344 2424 libr(arum)
1360 2382 1563 2414 Hallensium
1587 2383 1694 2415 eidem
1711 2386 1878 2424 structure,
1902 2394 1966 2426 que

1163 2434 1343 2465 luculenter
1365 2434 1467 2465 videri
1495 2438 1528 2466 et
1550 2434 1708 2466 bonorum
1734 2434 1852 2466 iudicio
1876 2445 1964 2467 com·
1982 2445 2009 2466 ιι

1163 2485 1294 2527 probari
1316 2485 1455 2526 valeant,
1478 2486 1714 2527 impendantur.
1760 2485 1802 2517 Et
1825 2489 1965 2519 castrum

1163 2537 1346 2568 huiusmodi
1380 2537 1425 2568 sic
1460 2540 1642 2569 extructum
1673 2549 1731 2570 nos
1765 2542 1798 2570 et
1826 2538 1965 2571 heredes

1163 2589 1263 2620 nostri
1286 2599 1357 2620 cum
1382 2588 1478 2630 opido
1502 2589 1718 2631 suberigendo
1743 2593 1776 2621 et
1798 2590 1879 2630 aliis,
1903 2600 1966 2632 que

1164 2640 1206 2671 ad
1235 2641 1341 2682 ipsum
1377 2639 1417 2671 de
1450 2651 1532 2671 novo
1561 2642 1683 2683 acquiri
1716 2642 1900 2683 contigerit,
1933 2642 1966 2673 in

1163 2693 1298 2734 pignore
1323 2691 1551 2733 detinebimus,
1576 2692 1679 2725 donec
1702 2703 1761 2735 per
1782 2693 1887 2735 ipsum
1910 2695 1967 2724 aut
1982 2703 2011 2724 ω

1165 2744 1246 2775 alios
1269 2743 1329 2775 sibi
1351 2744 1384 2774 in
1406 2744 1542 2785 imperio
1560 2744 1770 2776 succedentes
1790 2755 1848 2786 pro
1865 2744 1967 2775 tribus

1164 2795 1293 2826 milibus
1335 2798 1368 2827 et
1412 2795 1597 2837 quingentis
1635 2796 1724 2828 libris
1743 2795 1966 2828 -Hallensium
