2190 3172
8 2189 14 2235 nm*
7 2085 23 2178 ‚334
6 2011 15 2072 5⁶⁰5

194 597 206 615 5

181 853 208 874 1⁰

184 1112 208 1132 u

185 1633 210 1654 25

186 2257 211 2277 ³5

186 2516 212 2536 ⁴0

188 2832 214 2852 4⁵

461 199 558 228 ACTA
578 198 689 227 amm
711 197 893 227 LUDEWICI
912 197 958 225 IV.
976 196 1024 225 ΕΤ
1043 195 1225 224 mmmmm
1245 195 1292 223 111.
1330 195 1405 223 1819.
1442 193 1489 222 Nr.
1503 193 1561 222 521.
1581 194 1640 222 522.
1810 198 1872 228 419

421 324 506 361 521.
548 325 787 361 Iurwmentum
815 323 941 359 vicarii
966 333 1072 368 super
1098 321 1216 367 officio
1246 321 1439 356 exercendo.
1545 320 1622 355 Ian.
1645 321 1676 355 7.

335 400 433 440 Copia
456 400 511 441 (c.)
535 400 656 432 ibidem.
680 418 722 424 —
743 399 806 431 Ed.
830 398 919 431 Verci
940 397 960 429 l.
976 407 1002 430 c.
1025 407 1064 430 ex
1086 407 1114 429 c.
1159 396 1240 429 Item
1261 395 1439 436 repetimus.

333 486 370 518 In
394 485 512 518 Christi
534 487 662 519 nomine
686 496 790 518 amen.

332 538 426 569 Anno
450 537 594 570 eiusdem
618 538 793 570 nativitatis
815 535 1029 577 MOOOXIX,
1053 534 1116 567 ind.
1133 534 1182 575 11,
1211 534 1263 566 die
1286 533 1456 566 Dominico
1480 533 1715 574 V11.Ianuar.,
1738 533 1873 566 Tervisii

224 590 256 622 in
279 589 409 631 publica
432 592 465 621 et
479 589 622 631 generali
637 589 790 622 concione
807 589 944 621 civitatis
959 587 1152 629 Teffvisine)
1176 586 1218 618 ad
1245 596 1357 618 sonum
1382 595 1539 627 campane
1564 589 1597 617 et
1619 595 1698 617 voce
1721 586 1874 628 preconia

224 643 261 672 ut
282 641 380 672 moris
410 644 460 672 est
488 642 520 672 in
547 641 616 673 sala
640 641 753 673 maiori
783 640 895 682 palatii
917 639 1061 671 comunis
1083 638 1271 680 Ter(visini)
1295 648 1403 670 coram
1427 637 1535 669 nobile
1559 642 1592 669 et
1615 641 1748 679 potente
1770 637 1873 669 milite

225 692 354 724 domino
378 692 522 724 Armeno
545 692 586 725 de
602 692 815 725 Guelfonibus
831 691 872 724 de
887 691 1038 734 Eugubio
1052 691 1171 722 vicario
1195 690 1332 722 civitatis
1348 689 1544 731 Tei-(visine)
1568 692 1602 721 et
1624 689 1692 721 eius
1712 689 1874 721 districtus

225 754 284 786 pro
299 744 503 776 serenissimo
520 744 663 786 principe
678 744 807 776 domino
823 743 988 776 Friderico
1004 742 1111 775 divina
1130 741 1332 784 providentia
1355 752 1432 783 rege
1445 741 1667 774 Romanorum
1691 744 1723 773 et
1745 742 1875 784 semper

226 797 362 838 augusto
390 795 577 827 solemniter
598 798 809 838 congregata,
840 796 872 828 in
901 805 964 838 qua
994 794 1125 837 quidem
1159 794 1313 826 concione
1341 793 1471 825 fuerunt
1499 792 1533 824 M
1557 794 1704 825 concives
1734 797 1768 825 et
1798 804 1873 826 con-

225 847 336 880 siliarii
359 850 392 879 et
413 847 512 887 ultra,
547 847 748 889 presentibus
770 846 948 880 reverendo
977 847 1009 878 in
1031 846 1160 878 Christo
1189 848 1282 887 patre
1314 848 1348 876 et
1376 844 1506 877 domiuo
1534 844 1664 876 domino
1689 844 1874 878 Castellano

224 898 289 931 Dei
303 899 408 941 gratia
423 899 575 941 episcopo
592 899 797 941 Tei-(visino),
819 898 998 931 reverendo
1013 898 1081 930 viro
1097 897 1226 929 domino
1243 896 1355 929 Corsio
1372 897 1527 928 canonico
1550 899 1582 928 et
1606 896 1727 928 decano
1743 898 1882 929 maioris

226 950 363 983 ecclesie
385 950 588 992 Ter(visine)‚
612 950 773 982 nobilibus
794 951 870 982 viris
893 950 1030 982 dominis
1052 949 1198 982 Rizolino
1223 952 1256 981 et
1275 948 1443 981 Altenerio
1466 947 1508 980 de
1523 948 1687 980 Azonibus
1711 948 1874 991 fratribus,

225 1002 359 1035 Zsffono
383 1001 424 1034 de
440 1002 563 1042 Zanzis,
587 1002 732 1034 Gerardo
757 1002 918 1045 quondam
942 1002 1062 1034 domini
1077 1000 1292 1042 Dalmadelle,
1317 999 1497 1032 Gerardino
1521 1000 1562 1031 de
1578 999 1694 1042 Bragis
1716 1000 1875 1032 iudicibus

226 1053 348 1086 civibus
376 1054 549 1086 Tervisinis
581 1054 716 1086 testibus
742 1054 865 1086 vocatis
899 1058 932 1086 et
962 1054 1084 1096 rogatis
1117 1057 1150 1086 et
1184 1053 1255 1085 aliis
1288 1062 1383 1095 quam
1418 1052 1564 1094 pluribus
1598 1051 1640 1083 ad
1671 1052 1874 1095 infrascripta

227 1105 410 1149 specialiter
433 1106 646 1148 congregatis,
738 1106 854 1138 nobilis
876 1105 969 1138 miles
992 1105 1138 1137 dominus
1161 1105 1322 1136 Armanas
1352 1103 1393 1135 de
1417 1102 1630 1136 Guelfonibus
1659 1104 1701 1136 de
1723 1104 1874 1147 Eugubio

226 1158 363 1190 vicarius
386 1158 587 1200 supradictus
610 1157 718 1190 delato
741 1157 801 1189 sibi
818 1157 1028 1200 corporaliter
1042 1159 1243 1189 sacramento
1266 1166 1324 1198 per
1338 1155 1551 1188 reverendum
1566 1159 1692 1198 patrem
1709 1156 1874 1189 dominum

227 1209 446 1242 Castellanum
474 1210 660 1251 episcopum
689 1209 906 1251 supradictum
936 1209 968 1240 in
996 1211 1168 1250 conspectu
1191 1207 1382 1240 venerabilis
1415 1208 1446 1239 in
1471 1207 1598 1239 Christo
1624 1208 1725 1250 patris
1754 1209 1875 1241 domini

226 1261 383 1293 Dietrici⁸
405 1259 468 1292 Dei
487 1261 592 1303 gratis
608 1261 751 1303 episcopi
767 1261 936 1293 Larentini
959 1264 993 1292 et
1007 1259 1205 1292 honorabilis
1220 1259 1280 1291 viri
1296 1260 1441 1302 magistri
1457 1259 1597 1292 Conradi
1621 1259 1661 1291 de
1677 1260 1875 1294 Meinwancb

226 1313 402 1356 imperialis
434 1313 508 1345 aule
535 1314 746 1355 protonotarii
777 1324 815 1345 ac
843 1313 958 1345 nobilis
983 1313 1042 1344 viri
1073 1312 1193 1344 domini
1223 1311 1392 1344 Hertnidi⁰
1421 1310 1463 1343 de
1485 1311 1658 1344 Vildonia‘¹
1685 1313 1875 1344 marescalci

229 1363 324 1397 Stirie
340 1365 604 1397 secretariorum⁰
620 1365 737 1407 prefati
753 1365 873 1397 domini
890 1365 975 1407 regis
991 1367 1025 1396 et
1039 1364 1220 1406 legatorum
1236 1363 1278 1396 ad
1293 1363 1496 1405 infrascripta
1511 1373 1584 1395 cum
1600 1364 1697 1406 plena
1713 1363 1876 1406 legatione

228 1416 411 1459 specialiter
433 1417 689 1448 transmissorum
713 1416 922 1459 corporaliter
950 1416 1066 1448 iuravit
1095 1415 1138 1447 sd
1165 1418 1275 1447 sancta
1297 1415 1360 1447 Dei
1391 1415 1562 1457 euangelia
1590 1416 1684 1447 tactis
1712 1417 1878 1458 scripturis

228 1468 270 1503 ad
298 1468 453 1501 honorem
485 1471 518 1500 et
545 1468 816 1511 magnificentiam
842 1469 943 1511 ipsius
966 1468 1085 1500 domini
1119 1468 1205 1510 regis
1238 1470 1272 1499 et
1305 1466 1480 1509 imperialis
1506 1468 1686 1499 maiestatis
1713 1468 1878 1500 civitatem

227 1519 454 1562 Tei-(vinium)
484 1523 517 1552 et
547 1519 727 1551 districtum
750 1519 925 1552 secundum
948 1523 1069 1552 statuta
1098 1523 1131 1551 et
1157 1518 1381 1551 ordinamenta
1409 1521 1443 1550 et
1469 1519 1539 1550 iura
1567 1522 1600 1550 et
1629 1518 1878 1551 reformationes

228 1572 372 1604 comunis
394 1571 580 1614 Ter(visini)
610 1572 712 1603 factas
740 1574 774 1604 et
801 1571 925 1603 fiendas
954 1582 1012 1614 per
1040 1582 1098 1604 sex
1127 1581 1255 1603 menses
1281 1571 1428 1612 proxime
1455 1573 1621 1602 secuturos
1649 1581 1765 1614 regere
1792 1571 1878 1603 bona

228 1623 292 1656 fide
322 1626 356 1655 et
382 1623 523 1655 officium
556 1624 604 1656 sui
627 1624 799 1655 vicariatus
827 1623 1000 1656 secundum
1030 1623 1166 1655 formam
1201 1623 1250 1654 sui
1279 1623 1471 1655 sacramenti
1504 1622 1614 1654 traditi
1647 1632 1707 1665 per
1739 1623 1878 1655 formam

229 1678 420 1708 statutorum
450 1678 484 1708 et
513 1675 687 1708 secundum
716 1675 962 1708 consuetudines
989 1675 1074 1708 dicte
1102 1675 1239 1707 civitatis
1269 1674 1465 1717 approbatas
1494 1674 1634 1707 fideliter
1662 1685 1817 1707 exercere
1845 1679 1878 1707 et

229 1728 383 1760 iustitiam
406 1728 513 1769 parvis
537 1731 570 1760 et
591 1729 716 1770 magnis
739 1727 846 1760 facere
871 1738 954 1770 equa
978 1728 1083 1767 lance,
1111 1726 1287 1759 secundum
1315 1725 1400 1768 quod
1432 1736 1490 1768 pro
1519 1726 1642 1758 honore
1669 1731 1703 1759 et
1729 1726 1877 1768 magnifl-

229 1779 335 1812 centia
356 1779 462 1822 ipsius.
479 1779 600 1811 domini
628 1779 714 1821 regis
742 1783 775 1811 et
803 1783 888 1812 statu
912 1779 1045 1821 pacifico
1076 1782 1109 1811 et
1132 1777 1287 1821 [quieto]‘
1308 1779 1451 1810 comunis
1479 1779 1578 1820 ipsius
1608 1779 1745 1810 civitatis
1773 1778 1878 1811 credi-

231 1831 315 1864 derit
337 1831 502 1874 expedire.

462 1934 548 1970 522.
588 1935 825 1970 Iuramentum
852 1934 987 1969 consilii
1009 1945 1079 1979 pro
1107 1933 1290 1968 Friderico
1317 1943 1404 1977 reqe.
1509 1932 1591 1967 Ian.
1611 1934 1644 1968 7.

340 2007 438 2048 Copia
462 2009 515 2048 (c.)
537 2007 661 2040 ibidem.
685 2027 726 2031 —-
749 2006 809 2039 Ed.
834 2005 924 2039 Verci
946 2006 965 2038 l.
982 2018 1006 2038 c.
1031 2017 1070 2039 ex
1091 2017 1119 2038 c.
1163 2006 1244 2038 Item
1267 2006 1444 2046 repetimus.

335 2094 416 2126 Post
437 2094 498 2126 hec
522 2098 555 2126 et
575 2093 786 2126 incontinenti
809 2093 925 2125 iterato
946 2092 1078 2125 consilio
1094 2092 1177 2125 000
1199 2093 1231 2124 ἰη
1255 2092 1376 2134 palatio
1397 2093 1512 2124 minori
1533 2093 1676 2125 comunis
1692 2093 1879 2134 Tei-(vieini)

229 2155 337 2178 coram
361 2145 545 2188 supradicto
569 2145 699 2177 domino
722 2145 841 2177 vicario
872 2144 914 2176 sd
937 2155 1049 2176 sonum
1073 2154 1229 2186 campane
1260 2147 1294 2176 et
1315 2154 1395 2176 voce
1419 2145 1570 2186 preconia
1593 2144 1780 2177 solemniter
1802 2155 1878 2177 con-

228 2200 364 2240 gregato
386 2201 424 2230 ut
445 2198 544 2230 moris
567 2201 630 2238 est,
663 2196 866 2239 presentibus
889 2196 1024 2228 testibus
1053 2195 1244 2238 supradictis
1273 2199 1308 2237 et
1331 2196 1402 2228 aliis
1430 2196 1472 2228 ad
1500 2196 1560 2228 hec
1590 2197 1775 2238 specialiter
1801 2207 1877 2228 con-

229 2250 367 2290 vocatis,
409 2249 518 2282 delato
561 2260 620 2292 per
658 2250 762 2291 ipsum
799 2248 1016 2280 venerabilem
1058 2252 1183 2290 patrem
1224 2247 1390 2280 dominum
1428 2247 1646 2280 Castellianum
1688 2249 1878 2291 episcopum

229 2300 458 2344 Ter(visinum)
474 2304 674 2334 sacramento
695 2301 867 2342 unicuique
891 2299 932 2332 de
949 2299 1137 2331 consiliariis
1156 2299 1300 2332 eiusdem
1317 2300 1439 2332 consilii
1455 2299 1538 2332 000
1553 2299 1673 2332 ibidem
1689 2300 1878 2339 astantibus,

229 2354 402 2386 consiliarii
435 2353 611 2396 supradicti
643 2353 849 2394 singulariter
880 2353 1066 2384 iuraverunt
1099 2351 1309 2394 corporaliter
1341 2352 1436 2384 tactis
1469 2352 1680 2384 sacrosanctis
1712 2353 1877 2394 scripturis

229 2405 420 2438 fidelitatem
451 2405 586 2447 prefatis
616 2405 732 2447 legatis
767 2404 887 2436 domini
921 2404 1006 2445 regis
1039 2403 1176 2446 predicti
1205 2403 1325 2436 ibidem
1352 2403 1555 2446 presentibus
1587 2407 1620 2435 et
1648 2403 1878 2446 recipientibus

229 2457 359 2489 nomine
387 2460 420 2489 et
441 2457 512 2488 vioe
536 2456 613 2488 dicti
636 2455 756 2488 domini
785 2456 871 2498 regis
899 2459 931 2488 et
953 2455 1090 2487 honores
1123 2458 1156 2487 et
1183 2454 1319 2487 comoda
1348 2456 1448 2498 ipsius
1475 2455 1596 2487 domini
1625 2456 1711 2498 regis
1737 2455 1877 2488 fideliter

229 2511 427 2551 pertractare
451 2511 484 2540 et
506 2507 677 2540 incomoda
700 2509 821 2540 evitare
848 2518 907 2550 pro
934 2517 1030 2549 posse
1057 2510 1091 2538 et
1112 2505 1232 2550 [omnia
1253 2507 1362 2539 facere
1386 2505 1483 2551 que]⁸
1503 2507 1762 2550 magnificentieb
1784 2507 1879 2539 huius

231 2560 351 2593 domini
374 2560 460 2602 regis
483 2559 600 2592 cedere
623 2559 861 2601 dignoscuntur,
884 2560 975 2591 iuxta
998 2568 1108 2590 eorum
1130 2558 1360 2600 possibilitates
1382 2562 1416 2591 et
1438 2559 1531 2591 vires.

333 2653 400 2689 581.
427 2654 452 2687 ⁸)
474 2655 569 2681 Diserti
588 2663 608 2680 σ.
705 2653 729 2685 b)
753 2655 902 2681 Meinroane
921 2663 941 2679 c.
1037 2653 1060 2686 ⁰)
1083 2653 1205 2679 flandrici
1223 2662 1245 2679 ο.
1341 2653 1367 2687 ⁶)
1385 2654 1514 2681 Valdonia
1536 2663 1558 2681 e.
1654 2655 1678 2686 ⁰)
1703 2655 1834 2681 mercurii
1853 2664 1875 2681 ε.

230 2697 250 2732 f)
270 2699 364 2726 excidit
380 2707 400 2724 c.

333 2756 399 2785 522.
427 2759 451 2789 Ιδ)
469 2758 505 2784 nio
520 2758 615 2791 forsan
633 2758 802 2791 mpplendum
822 2766 843 2784 ο.
930 2756 956 2790 b)
974 2757 1168 2790 magnificentia
1184 2765 1205 2783 ο.

337 2826 362 2859 1)
383 2824 424 2858 Cf.
437 2833 521 2859 eupra
539 2832 580 2852 nr.
593 2827 652 2852 467.
