2184 3126
319 178 380 209 772
559 173 655 201 ACTA
674 172 787 199 REGNI
807 170 990 207 LUDEWICI
1010 170 1057 197 IV.
1075 170 1122 197 ΕΤ
1142 169 1327 198 FRIDERICI
1346 170 1396 198 111.
1431 169 1508 197 1324.
1543 169 1666 198 Nr.933.
1684 169 1743 198 934„

511 304 609 350 933.
638 304 737 349 934.
780 301 1127 348 LITTERAE
1157 299 1346 346 REGIS
1374 299 1789 347 ARAGONUM.

993 377 1100 413 1324.
1143 377 1224 413 Iun.
1251 376 1307 413 11.

603 490 689 525 933.
731 489 887 524 Litterae
914 487 962 521 ad
988 485 1140 531 reyinam
1167 486 1417 521 Romanorum.
1523 487 1605 523 Iun.
1634 490 1691 524 11.

428 564 527 604 Copia
552 563 607 605 (c.)
630 564 666 594 in
689 563 849 594 tabulario
871 561 955 601 reyio
970 560 1205 592 Barcinonensi
1222 559 1414 600 ‘Reyistrum
1436 570 1487 592 nr.
1504 562 1581 593 318'
1593 561 1653 604 fol.
1670 563 1723 595 26.
1740 581 1782 586 —
1798 562 1862 595 Ed.
1875 563 1979 595 Zeiss-

315 616 386 656 bery
408 615 472 647 loeo
494 625 597 656 supra
622 615 666 646 ad
686 625 736 646 nr.
752 614 795 644 44
818 613 914 645 citato
930 622 965 652 p.
983 613 1025 642 78
1047 621 1097 643 nr.
1114 612 1156 642 78
1178 622 1217 643 ea:
1239 622 1266 643 c.
1312 611 1495 644 Editionem
1517 613 1697 653 repetimus.
2009 629 2023 648 r·

428 670 477 709 Of.
493 673 601 703 notam
627 670 647 702 l.
664 681 689 702 e.
708 669 955 710 praecedentem.

422 748 561 780 Iacobus
585 752 645 779 etc.
738 748 852 779 illustri
881 746 1011 777 domine
1039 743 1188 776 Elizabet
1217 744 1388 777 karissime
1418 745 1483 778 filie
1511 750 1620 779 nostre
1714 751 1848 790 paterne
1879 748 1979 780 bene-

316 801 469 832 diccionis
492 799 727 842 plenitudinem
752 809 824 830 cum
849 797 963 830 salute.

423 851 500 891 Scit,
523 851 695 883 karissima
717 850 794 891 filia,
817 850 872 881 ille
889 859 1031 880 summus
1048 850 1080 879 et
1097 848 1301 889 omnipotens
1317 847 1390 879 Rex
1407 851 1440 880 et
1455 847 1624 892 Dominus,
1648 851 1703 893 qui
1719 850 1834 883 cuneta
1849 851 1980 894 propria

315 906 477 946 potestate
502 903 655 944 disponit,
680 902 765 944 quod
789 902 871 933 sicut
893 901 974 933 alias
997 899 1038 931 ad
1062 910 1118 930 vos
1142 898 1331 941 detulimus,
1350 899 1454 932 -durus
1476 911 1585 942 casus,
1609 902 1663 945 qui
1686 902 1843 944 contingit
1863 902 1979 935 illustri
1997 912 2024 932 ιο

314 955 490 987 Frederico
521 956 588 987 viro
620 958 724 986 vestro
760 957 868 985 nostro
899 953 1068 984 karissimo
1096 952 1179 992 filio,
1215 951 1442 984 vehementem
1477 963 1607 986 causam
1637 954 1770 986 tristicie
1804 953 1980 986 visceribus

315 1007 431 1038 nostris
454 1006 547 1038 atulit
577 1006 801 1048 doluimusque
831 1008 930 1047 atque
954 1005 1102 1036 dolemus
1125 1014 1244 1046 magne
1268 1006 1301 1035 et
1324 1004 1448 1036 sincere
1474 1003 1659 1037 dileccionis
1682 1008 1817 1047 paterne
1840 1005 1982 1048 fervore,

315 1068 412 1100 quem
441 1057 479 1089 ad
512 1067 586 1088 eum
618 1061 651 1089 et
680 1068 736 1088 vos
766 1056 986 1088 indesinenter
1017 1056 1175 1098 gerimus,
1211 1065 1271 1087 nec
1302 1054 1554 1088 remediabimur
1586 1056 1628 1088 ab
1661 1056 1845 1089 huiusmodi
1873 1057 1979 1097 cordis

315 1109 484 1151 angustiis,
517 1108 620 1140 donec
649 1109 744 1140 aliter
772 1109 869 1140 fuerit
898 1108 1005 1139 divina
1035 1108 1157 1149 pietate
1185 1107 1360 1149 provisum.
1414 1107 1574 1150 Angimur
1605 1109 1723 1150 eciam,
1754 1108 1834 1150 filia,
1865 1108 1978 1141 dolore

315 1160 419 1192 cordis
442 1161 612 1191 intrinseco
637 1163 670 1191 et
692 1163 828 1202 paterna
856 1160 981 1190 viscera
1008 1159 1142 1190 nimium
1166 1161 1425 1198 commoventur,
1456 1158 1533 1190 dum
1557 1163 1675 1191 statum
1698 1163 1855 1201 vestrum,
1879 1171 1976 1202 quem
1996 1171 2020 1190 ιι

314 1211 508 1253 putabamus
531 1212 561 1242 in
586 1211 712 1253 gaudiis
736 1214 769 1243 et
791 1210 967 1242 honoribus
991 1210 1211 1250 constitutum,
1235 1210 1450 1251 conspicimus
1466 1210 1574 1243 taliter
1590 1212 1823 1253 contristatum,
1847 1222 1887 1244 eo
1902 1222 1978 1254 pre-

314 1264 424 1294 sertim
449 1263 523 1304 quia
539 1273 596 1294 vos
621 1262 661 1293 ob
686 1266 844 1298 terrarum
869 1262 1059 1293 distanciam
1083 1271 1143 1293 nec
1161 1260 1272 1292 videre
1296 1261 1337 1293 ad
1361 1262 1620 1294 consolacionem
1643 1266 1788 1295 mutuam
1811 1273 1871 1296 nec
1886 1263 1978 1296 vobis

314 1314 503 1356 impendere
527 1325 695 1356 possumus
718 1314 783 1345 alia
806 1313 952 1345 remedia
976 1324 1038 1355 que
1062 1312 1223 1345 decerent.
1269 1312 1475 1346 Arbitrantes
1490 1317 1599 1346 tamen
1615 1314 1846 1347 discrecionem
1863 1314 1978 1347 celitus

314 1367 405 1398 vobis
429 1366 548 1404 datam,
573 1376 769 1407 quamquam
793 1366 876 1397 intra
892 1376 948 1397 vos
971 1366 1127 1407 avertitis,
1150 1364 1235 1396 unde
1253 1365 1410 1406 originem
1427 1369 1568 1398 vestram
1585 1369 1618 1399 et
1640 1368 1830 1410 sauguinem
1846 1370 1976 1400 natura.-

314 1418 388 1449 liter
410 1418 623 1459 protraxistis,
647 1427 829 1458 pensamus,
854 1417 941 1459 quod
958 1428 1014 1449 vos
1037 1420 1073 1448 ut
1096 1417 1246 1458 discreta,
1270 1417 1400 1459 sapiens
1422 1427 1525 1460 acque
1549 1417 1634 1450 bona
1658 1429 1721 1461 que
1737 1418 1828 1453 Deus
1850 1418 1978 1451 ordinat
1995 1428 2021 1448 2⁰

314 1470 478 1511 pacienter
501 1469 660 1510 suscipitis
684 1471 717 1500 et
739 1467 916 1510 prudenter
943 1469 1039 1510 agitis
1068 1472 1101 1500 et
1130 1478 1193 1510 que
1222 1467 1446 1500 condicionem
1478 1473 1619 1501 vestram
1646 1470 1787 1512 sapiunt,
1815 1469 1976 1512 sperando

314 1521 462 1552 continue
486 1521 517 1552 in
540 1520 625 1552 illius
649 1530 774 1552 summa
797 1520 1034 1561 misericordia,
1060 1521 1112 1562 qui
1137 1520 1285 1552 vulnerat
1308 1523 1341 1552 et
1363 1520 1536 1552 medetur¹
1561 1525 1594 1553 et
1617 1522 1671 1563 qui
1694 1525 1862 1564 sperantes
1885 1522 1917 1553 in
1940 1531 1975 1554 se

313 1573 354 1605 ab
378 1573 465 1604 omni
488 1573 698 1604 tribulacione
722 1571 861 1604 finaliter
884 1573 980 1614 eripit
996 1575 1029 1604 et
1045 1571 1194 1604 custodit.
1240 1572 1354 1614 Igitur,
1378 1573 1549 1604 karissima
1564 1573 1640 1614 filia,
1664 1573 1707 1605 ad
1729 1573 1788 1605 hos
1811 1583 1976 1606 sermones

313 1627 439 1656 nostros
461 1627 612 1666 paternos
630 1624 803 1666 diligenter
826 1624 983 1656 attendite
1007 1628 1040 1656 et
1063 1625 1283 1666 cogitaciones
1298 1627 1422 1656 vestras
1446 1627 1479 1656 et
1494 1634 1595 1667 opera
1616 1626 1650 1656 in
1665 1625 1805 1657 Domino
1821 1625 1974 1657 virtutum

314 1676 509 1716 constituite,
545 1677 599 1718 qui
629 1686 686 1707 vos
713 1676 860 1717 profecto
890 1687 910 1707 a
937 1676 1095 1717 pressuris
1128 1675 1311 1707 huiusmodi
1347 1675 1499 1708 liberabit
1533 1680 1566 1708 et
1593 1680 1758 1719 proteget,
1793 1677 1903 1719 sicque
1932 1677 1975 1709 sit
1991 1687 2017 1707 ²5

313 1729 465 1769 placitum
488 1728 607 1759 nomini
625 1732 734 1759 sancto
757 1729 834 1759 eius.
881 1728 919 1759 In
936 1727 1190 1770 quibuscumque
1206 1732 1316 1760 autem
1331 1728 1464 1760 utilibus
1480 1738 1538 1770 pro
1555 1729 1711 1770 premisso
1728 1739 1804 1760 casu
1820 1729 1974 1770 animum,

314 1779 404 1811 Deus
425 1780 493 1821 scit,
518 1779 676 1811 habemus
700 1783 848 1821 paratum
874 1783 907 1811 et
930 1779 1111 1812 faceremus
1134 1781 1315 1812 voluntarie
1339 1790 1401 1822 que
1425 1790 1602 1822 possemus.
1649 1780 1735 1813 Sane
1758 1781 1896 1813 scientes
1919 1791 1976 1812 vos

314 1832 496 1873 aliqualiter
523 1831 679 1872 recreari,
711 1831 786 1862 dum
814 1834 934 1863 statum
964 1835 1109 1863 nostrum
1141 1835 1174 1864 et
1203 1832 1446 1864 karissimorum
1474 1832 1612 1864 filiorum
1635 1836 1818 1864 nostrorum
1841 1832 1975 1865 fratrum

314 1886 492 1914 vestrorum
516 1883 642 1923 auditis,
667 1883 813 1915 filiationi
830 1886 937 1915 vestre
954 1883 1157 1925 presentibus
1173 1883 1400 1926 significamus,
1426 1883 1513 1926 quod
1529 1894 1587 1916 nos
1603 1888 1636 1916 et
1651 1884 1728 1916 dicti
1743 1884 1844 1916 incliti
1860 1883 1976 1916 fratres

313 1935 411 1966 vestri
434 1945 506 1966 cum
529 1935 637 1966 inclita
661 1934 790 1966 domina
806 1934 960 1967 Elizende
984 1936 1096 1977 regina
1111 1935 1301 1977 Aragonum
1325 1939 1473 1968 consorte
1496 1939 1606 1968 nostra
1627 1935 1798 1968 karissima
1820 1946 1976 1978 corporea
1994 1948 2020 1968 ω

314 1987 468 2028 sospitate
496 1987 656 2028 vigemus,
687 1986 890 2018 notificantes
918 1986 1104 2028 specialiter
1133 1986 1225 2018 vobis
1254 1986 1295 2019 de
1327 1987 1437 2019 inclito
1470 1986 1583 2018 infanti
1606 1987 1743 2019 Alfonso
1771 1986 1837 2019 filio
1865 1990 1975 2019 nostro

313 2038 543 2080 primogenito,
572 2038 658 2080 quod
690 2039 720 2069 in
745 2037 891 2079 partibus
915 2039 1006 2080 regni
1036 2039 1137 2070 nostri
1161 2039 1323 2079 Sardinie,
1354 2037 1411 2081 [in]
1442 2038 1558 2081 quibus
1585 2042 1635 2070 est
1662 2048 1721 2080 pro
1754 2038 1975 2080 adquisicione

315 2090 396 2130 eius,
427 2090 534 2121 divina
562 2090 701 2121 faciente
734 2090 914 2122 clemencia
942 2100 1038 2122 sanus
1065 2091 1142 2122 vivit
1166 2094 1199 2122 et
1221 2091 1253 2122 in
1274 2091 1376 2132 ipsius
1405 2090 1635 2133 adquisicionis
1663 2089 1800 2132 negocio
1831 2089 1975 2122 contritis

314 2140 458 2172 hostibus
481 2141 616 2173 feliciter
640 2145 859 2183 prosperatur.
906 2141 1089 2178 Quesumus
1112 2143 1257 2185 insuper,
1281 2146 1317 2174 ut
1340 2153 1398 2174 nos
1422 2142 1463 2174 de
1486 2145 1572 2174 statu
1594 2145 1702 2174 vestro
1725 2141 1832 2173 velitis
1855 2141 1976 2175 crebris

315 2192 445 2233 vicibus,
470 2195 623 2233 quantum
647 2203 681 2224 se
705 2192 841 2225 facultas
865 2193 1029 2235 obtulerit,
1053 2194 1239 2235 informare,
1263 2195 1340 2237 quia
1363 2194 1583 2227 recreabimur
1605 2194 1779 2236 plurimum
1802 2203 1900 2235 super
1923 2203 1974 2226 eo.
1992 2207 2017 2227 ³⁵

421 2243 541 2275 Datum
577 2244 779 2276 Barchinone
799 2245 875 2278 ,sub
917 2246 1023 2288 sigillo
1057 2250 1167 2279 nostro
1200 2250 1343 2286 secreto,
1385 2246 1447 2278 ΙΠ.
1474 2246 1551 2278 Idus
1584 2246 1683 2286 Iunii,
1724 2255 1808 2278 anno
1842 2245 1974 2278 Domini

315 2293 578 2327 MCCOXXIIII.
1286 2299 1324 2330 B.
1341 2298 1382 2330 de
1406 2298 1576 2330 Aversone
1599 2297 1781 2340 m(andato)
1803 2296 1928 2339 r(egis).

661 2402 747 2438 934.
789 2403 945 2439 Litterae
971 2405 1018 2439 ad
1044 2405 1147 2441 duces
1174 2404 1352 2440 Austriae.
1457 2404 1537 2439 Iun.
1564 2405 1619 2439 11.

426 2474 524 2514 Copia
547 2475 602 2516 (c.)
626 2476 738 2508 ibidem
761 2477 780 2509 I.
797 2489 822 2509 c.
840 2478 899 2519 fol.
916 2480 981 2510 26¹.
1006 2496 1047 2502 —
1069 2478 1133 2510 Ed.
1149 2478 1310 2519 Zeissbevy
1332 2478 1352 2510 l.
1369 2489 1395 2510 c.
1413 2479 1508 2518 1279
1530 2488 1580 2510 nr.
1598 2478 1639 2509 79
1661 2487 1700 2510 ex
1723 2488 1750 2510 c.
1789 2478 1972 2511 Editionem

316 2525 491 2564 repetimus.
1989 2542 2018 2560 ιο

424 2592 564 2635 Egregio
581 2595 648 2626 viro
664 2596 821 2638 Leopollo
845 2598 918 2630 duci
934 2599 1063 2630 Austrie
1086 2603 1119 2631 et
1140 2598 1255 2641 Styrie,
1281 2599 1411 2631 domino
1429 2598 1589 2639 Oarniole,
1611 2598 1783 2641 March[i]e
1807 2602 1841 2631 et
1855 2599 1974 2631 Portus

316 2643 489 2684 Nahonisss,
518 2646 625 2680 comiti
654 2646 693 2679 de
722 2648 873 2691 Asburgb
906 2660 1030 2682 necnon
1061 2650 1229 2693 langrauio
1260 2652 1433 2693 superioris
1460 2651 1590 2683 Alsacie
1619 2650 1764 2692 generali
1791 2661 1828 2682 ac
1856 2650 1973 2683 inclitis

420 2728 488 2756 934.
514 2731 537 2762 ει)
557 2732 674 2757 Mahonis
693 2741 713 2757 c.
801 2733 824 2765 b)
845 2736 948 2769 Arburg
967 2745 987 2762 c.

423 2788 449 2820 1)
468 2788 515 2815 Iob
534 2793 556 2822 5,
577 2793 614 2816 18.
