2184 3126
218 563 263 584 Ian.
274 564 294 583 7.

218 867 263 888 lan.
273 869 294 888 ¹1.

306 215 367 245 668
545 209 641 236 ACTA
660 206 772 234 REGNI
791 203 973 232 LUDEWICI
992 203 1038 230 IV.
1058 202 1103 229 ΕΤ
1122 201 1308 229 FRIDERICI
1327 201 1376 227 111.
1412 199 1489 227 1324.
1524 199 1574 226 Nr.
1586 199 1646 226 844.
1665 198 1724 225 845.

308 309 379 331 cum
413 298 444 328 in
478 296 563 327 dicto
601 303 752 336 processu
789 291 848 323 sibi
884 290 1069 322 duxerimus
1103 287 1329 328 intimandum,
1368 286 1455 328 quod
1491 287 1517 317 si
1554 286 1587 316 in
1616 284 1781 326 premissis
1817 285 1851 316 in
1887 285 1959 326 ipso

309 359 461 391 processu
498 346 655 379 contentis
691 343 773 375 infra
810 342 968 384 prefixum
1010 340 1072 371 sibi
1114 340 1285 370 terminum
1324 337 1524 380 exequendis
1560 336 1665 368 foret·
1701 335 1870 378 negligens
1907 335 1960 367 vel

308 401 468 439 remissus,
495 401 605 429 contra
627 397 732 437 ipsum
755 394 797 426 ad
821 393 1073 435 publicationem
1095 400 1266 432 penarum,
1302 390 1334 420 in
1365 399 1445 431 quas
1473 390 1607 430 propter
1633 397 1786 420 excessus
1811 387 1846 419 in
1873 387 1960 419 dicto

308 450 480 493 processub
507 458 676 490 expressos
703 445 859 477 inciderat
885 443 938 475 vel
966 442 1122 474 incideret
1155 442 1188 472 in
1216 441 1372 479 futurum,
1408 443 1441 472 et
1474 438 1584 480 al(ias)
1618 441 1774 480 quantum
1807 438 1961 470 suaderet

307 503 431 534 iusticia
454 499 700 542 procederemus
724 498 791 529 eius
815 495 979 527 abscentia
1002 504 1066 525 non
1085 493 1244 532 obstante,
1267 491 1515 524 intendebamus
1537 500 1641 533 usque
1664 490 1707 522 ad
1730 490 1810 522 duos
1832 499 1960 522 menses
1986 503 1999 522 s

308 565 327 585 a
343 552 445 593 dat(a)
462 550 657 593 presentium
674 547 904 589 computandos
921 557 940 577 a
958 545 1176 587 publicatione
1194 553 1349 585 penarum
1371 543 1403 574 in
1426 542 1630 584 processibus
1651 541 1834 574 huiusmodi
1856 551 1895 573 ac
1918 540 1960 573 ab

308 603 536 646 aggravatione
559 599 768 642 supersedere
795 608 963 639 processus
990 596 1148 636 eiusdem,
1181 595 1263 626 infra
1290 605 1371 636 quos
1398 594 1568 626 certificari
1590 604 1772 636 possemus,
1802 593 1880 635 quid
1902 603 1961 635 per

308 655 444 687 eundem
466 654 549 685 circa
565 651 719 693 premissa
736 650 879 681 extiterit
895 649 1125 681 refformatum.
1170 647 1235 678 Per
1251 646 1312 677 hoc
1328 648 1438 677 tamen
1453 655 1513 678 nec
1528 645 1717 677 volebamus
1732 654 1792 676 nec
1811 643 1960 676 intende·

307 707 420 738 bamus
442 715 499 736 nos
522 703 722 744 aliquatenus
739 701 892 742 obligare,
917 701 992 742 quin
1009 699 1105 731 etiam
1123 697 1299 729 eorundem
1317 696 1453 728 duorum
1469 697 1628 729 mensium
1644 696 1807 738 pendente
1822 695 1960 727 termino

308 757 350 789 ad
373 756 635 798 aggravationem
658 753 733 784 dicti
748 762 918 794 processus
941 754 974 783 et
989 750 1098 792 al(ias)
1114 759 1282 792 possemus
1305 747 1484 790 procedere
1501 751 1612 780 contra
1626 749 1744 790 ipsum,
1767 748 1794 779 si
1817 750 1850 779 et
1865 749 1962 788 prout
1980 758 2006 779 ιο

308 807 399 840 nobis
423 817 480 848 pro
504 805 744 837 conservatione
767 804 884 835 iurium
908 806 941 835 et
963 802 1094 834 honoris
1122 800 1267 832 eiusdem
1296 800 1433 832 ecclesie
1456 799 1631 832 viderimus
1654 799 1821 841 expedire.
1866 797 1961 829 Hanc

307 860 404 901 igitur
426 857 666 899 responsionem
689 858 831 886 nostram
854 854 907 886 die
924 853 1027 895 dat(e)
1044 853 1240 895 presentium
1257 851 1486 894 publicandam
1509 851 1717 894 providimus,
1739 854 1776 883 ut
1797 849 1840 882 ad
1862 849 1962 892 ipsius

309 911 397 942 ducis
420 913 453 941 et
468 918 670 940 communem
687 907 828 938 omnium
851 907 1001 938 noticiam
1019 905 1206 945 deducatur,
1230 914 1268 935 ac
1282 904 1408 935 litteras
1422 906 1548 935 nostras
1562 902 1703 934 bullatas
1718 902 1963 944 responsionem

307 961 505 993 continentes
529 959 664 990 eandem
688 958 720 989 in
744 958 877 989 ecclesie
901 955 1138 996 Avinion(ensi)
1163 954 1304 996 appendi
1327 954 1440 986 hostiis
1463 953 1598 986 fecimus
1621 956 1672 986 et⁰
1694 952 1814 995 affigi².

415 1023 444 1052 2.
478 1019 531 1051 Ad
554 1019 613 1050 hec
637 1019 771 1050 dilectos
794 1018 876 1049 filios
898 1016 1022 1048 nobiles
1046 1016 1129 1047 viros
1151 1015 1285 1047 Petrum
1310 1014 1510 1046 Germanum
1533 1024 1571 1046 ac
1593 1012 1775 1045 Arnaldum
1795 1012 1906 1045 Duesa
1928 1014 1962 1043 et
1981 1018 2005 1038 ¹⁵

307 1073 442 1104 Petrum
471 1071 512 1102 de
535 1071 598 1102 Via
628 1073 763 1112 nepotes
789 1072 928 1109 nostros,
963 1079 1043 1109 quos
1070 1068 1101 1099 in
1129 1077 1296 1099 occursum
1326 1066 1589 1108 disposueramus
1614 1065 1705 1107 regie
1732 1063 1963 1106 magnitudinis

308 1124 422 1155 nudius
454 1123 630 1162 destinare,
664 1131 735 1152 cum
763 1120 920 1152 adventus
949 1120 1055 1160 regius
1083 1119 1215 1150 vicinior
1243 1128 1341 1160 quam
1364 1127 1532 1159 speremus
1558 1117 1717 1156 extiterit,
1745 1114 1962 1156 nonnullaque

309 1174 508 1216 emergentia
531 1172 744 1215 postmodum,
769 1182 831 1213 que
846 1172 908 1213 ipsi
930 1171 1019 1212 regie
1036 1169 1219 1202 celcitudini
1236 1169 1446 1211 explicabunt
1461 1171 1624 1209 oretenus,
1646 1167 1775 1200 illorum
1797 1175 1963 1199 accessum

308 1225 522 1267 impedierint,
545 1235 641 1266 super
662 1234 753 1255 mora
776 1225 967 1255 excusantes
989 1221 1171 1253 huiusmodi
1195 1221 1299 1253 eidem
1320 1220 1502 1253 celsitudini
1517 1220 1665 1252 affectius
1687 1217 1962 1251 commendamus.

307 1278 466 1309 Verentes
488 1277 596 1318 itaque
612 1279 745 1317 propter
759 1276 882 1307 viarum
898 1274 1091 1314 discrimina,
1114 1284 1155 1305 ne
1171 1273 1316 1305 fortassis
1331 1272 1375 1304 ad
1396 1282 1510 1304 manus
1532 1272 1640 1313 regias
1656 1269 1841 1302 huiusmodi
1855 1269 1962 1302 littere
1980 1279 2008 1299 so

307 1329 536 1370 pervenissent,
559 1327 630 1359 illas
653 1327 711 1358 sub
735 1326 933 1368 presentium
956 1326 1039 1357 serie
1063 1325 1225 1357 destinare
1249 1324 1449 1366 providimus
1471 1325 1600 1355 iterato.

413 1384 532 1415 Datum
554 1386 591 1415 ut
613 1383 739 1424 supra2.

416 1453 457 1483 In
481 1451 640 1483 eundem
663 1451 812 1483 modum
835 1450 944 1482 comiti
968 1449 1105 1481 Vallesii
1127 1449 1256 1481 verbis
1280 1444 1597 1490 competentibus
1620 1447 1790 1479 mutatis.

624 1590 710 1626 845.
751 1591 904 1628 Litterae
931 1590 1060 1626 alterae
1089 1590 1197 1625 eidem
1223 1589 1383 1624 directae.
1488 1586 1569 1622 Ian.
1590 1588 1646 1622 19.

418 1670 515 1710 Copia
530 1669 584 1711 (c.)
600 1669 712 1701 ibidem
728 1671 798 1701 tom.
815 1670 879 1700 112
891 1669 928 1694 ΙΙ
938 1668 993 1708 sol.
1007 1669 1049 1700 14
1063 1679 1114 1700 nr.
1129 1668 1202 1706 549,
1218 1667 1274 1700 ubi
1288 1666 1474 1707 inscriptio:
1488 1665 1575 1708 Regi
1585 1665 1733 1698 Francie.
1764 1663 1964 1697 Gontalimus
1980 1675 2006 1696 a

309 1731 373 1753 rios.
398 1739 437 1744 —
460 1721 521 1752 Ed.
539 1720 821 1761 ‘Oberbayerisches
836 1721 966 1752 Archiv’
989 1720 1019 1757 I,
1044 1721 1084 1751 54
1107 1730 1157 1752 nr.
1174 1719 1216 1750 12
1238 1729 1276 1751 esc
1298 1729 1340 1757 c.;
1364 1718 1477 1760 Fayen
1499 1717 1518 1751 l.
1535 1728 1559 1750 c.
1577 1717 1606 1756 I,
1628 1718 1693 1749 474
1707 1727 1758 1750 nr.
1775 1716 1861 1748 1280
1882 1726 1922 1748 ex
1936 1725 1963 1747 c.

417 1781 561 1819 Bahmer,
584 1780 658 1821 Rey.
683 1781 795 1813 Ludw.
817 1791 850 1820 p.
866 1782 929 1811 305
953 1780 1068 1812 deste
1090 1790 1139 1811 nr.
1156 1780 1230 1811 210.

418 1875 469 1906 Ad
497 1875 613 1917 regalis
643 1875 840 1907 celsitudinis
869 1876 1021 1907 noticiam
1053 1874 1240 1907 deducimus
1269 1884 1327 1916 per
1357 1876 1540 1915 presentes,
1570 1871 1658 1914 quod
1685 1882 1783 1914 super
1811 1881 1966 1914 processu

312 1927 420 1958 habito
454 1931 563 1959 contra
597 1927 651 1958 dil.
686 1928 729 1958 fil.
763 1928 905 1959 nobilem
935 1928 1037 1959 virum
1072 1927 1185 1959 ducem
1223 1926 1399 1958 Brabantie
1436 1925 1477 1957 ad
1516 1925 1703 1957 instantiam
1738 1923 1894 1956 carissimi
1933 1923 1967 1954 in

313 1978 439 2010 Christo
462 1979 517 2010 filii
533 1980 632 2011 nostri
647 1980 798 2011 Iohannis
814 1981 900 2021 regis
915 1979 1051 2011 Boemie
1067 1979 1199 2011 illustris
1214 1989 1273 2020 per
1288 1977 1494 2020 magnificum
1510 1977 1613 2008 virum
1628 1976 1831 2008 Ludovicum
1850 1975 1967 2007 ducem
1984 1987 2011 2009 ω

313 2029 449 2061 Bavarie
473 2031 504 2062 in
527 2031 686 2062 discordia
708 2031 740 2062 in
763 2041 875 2073 regem
897 2031 1120 2063 Romanorum
1144 2031 1283 2062 electum
1306 2030 1383 2070 hoc,
1411 2029 1499 2071 quod
1522 2039 1542 2060 a
1563 2028 1657 2060 nobis
1683 2038 1742 2070 pro
1769 2029 1863 2069 parte
1890 2026 1967 2058 dicti

314 2082 398 2121 regis
426 2082 638 2123 supplicatum
665 2083 824 2123 extiterit,
858 2083 1008 2115 videlicet
1041 2082 1128 2125 quod
1156 2083 1240 2114 circa
1271 2091 1457 2123 processum
1491 2080 1672 2123 predictum
1702 2082 1814 2111 contra
1846 2078 1967 2110 dictum

315 2131 428 2163 ducem
451 2133 624 2166 Brabantie
649 2137 681 2166 et
703 2145 761 2176 pro
785 2145 863 2176 rege
884 2135 1030 2176 predicto
1047 2145 1156 2166 coram
1172 2134 1258 2165 dicto
1275 2133 1356 2165 duce
1371 2132 1510 2165 Bavarie
1525 2131 1673 2164 habitum
1686 2130 1785 2162 nichil
1799 2130 1967 2171 vellemus,

316 2183 341 2213 si
363 2194 420 2224 pro
444 2188 533 2224 parte
558 2185 632 2216 dicti
657 2185 745 2217 ducis
761 2186 935 2218 Brabantie
959 2197 1017 2218 nos
1040 2186 1161 2228 requiri
1177 2186 1387 2227 contingeret,
1412 2184 1598 2226 specialiter
1611 2183 1794 2224 immutare,
1817 2184 1967 2224 prompte

317 2233 463 2265 duximus
486 2237 697 2269 annuendum.
742 2237 918 2269 Processus
940 2241 1048 2270 autem
1073 2241 1184 2270 contra
1201 2237 1321 2269 dictum
1339 2237 1454 2268 ducem
1469 2235 1599 2268 habitos
1619 2233 1800 2277 ex[c]ipere
1816 2244 1836 2265 a
1851 2233 1968 2264 nostris
1986 2246 2011 2266 οε

317 2285 516 2325 processibus
539 2289 605 2319 sine
630 2289 768 2320 evidenti
792 2300 997 2330 processuum
1022 2289 1198 2321 eorundem
1221 2288 1398 2331 preiudicio
1421 2290 1596 2330 nostraque
1619 2286 1814 2326 indecentia,
1836 2285 1920 2316 sicut
1935 2287 1970 2316 et

318 2335 558 2377 circumspectio
582 2342 687 2379 potest
709 2341 876 2382 percipere
899 2342 999 2382 regia,
1023 2342 1239 2383 nequiremus,
1263 2341 1435 2382 presertim
1459 2350 1532 2372 cum
1558 2343 1626 2371 tam
1648 2340 1681 2370 in
1703 2338 1793 2370 curia
1815 2347 1912 2379 quam
1936 2337 1967 2368 in

320 2386 450 2469 {diversis
472 2389 580 2470 mglndi
607 2391 747 2431 partibus
775 2403 942 2432 processus
969 2393 1069 2424 nostri
1097 2393 1233 2434 predicti
1261 2392 1384 2434 absque
1414 2392 1606 2433 exceptione
1634 2400 1805 2432 processus
1833 2389 1968 2421 alicuius

332 2447 421 2468 uerin
458 2450 502 2480 pu
537 2441 618 2471 icati.

427 2493 545 2526 Datum
569 2499 603 2527 ut
624 2498 749 2538 supra2.
1985 2511 2010 2530 ⁴0

423 2607 487 2634 844·
514 2610 537 2641 ⁸)
556 2612 621 2637 fores
639 2621 659 2637 c·
746 2613 770 2646 b)
789 2623 921 2647 processus
939 2625 960 2641 c.
1049 2616 1071 2648 ⁰)
1090 2624 1171 2649 &apra
1190 2616 1285 2641 lineam
1304 2615 1367 2641 add.
1386 2624 1406 2641 c.

425 2683 451 2715 1)
469 2682 557 2717 Supra
575 2693 617 2712 nr.
630 2689 687 2713 839.
719 2687 793 2721 Quae
812 2690 902 2716 omnia
920 2691 975 2717 iam
993 2691 1034 2717 elie
1054 2695 1073 2718 7.
1086 2700 1119 2718 m.
1133 2691 1196 2718 Ian.
1215 2691 1270 2725 regi
1283 2691 1422 2718 Manciae
1433 2691 1536 2725 scripta
1553 2699 1606 2718 esse
1623 2690 1751 2717 ridentum
1769 2692 1794 2716 et
1811 2689 1854 2716 hic
1870 2688 1967 2715 iterum

320 2728 518 2771 propommtur;
535 2729 569 2760 cf.
587 2728 634 2755 lin.
649 2733 682 2755 20
690 2738 725 2763 sq.
812 2732 837 2764 2)
855 2732 972 2760 Dittnae
986 2734 1173 2767 praecedentes
1190 2742 1232 2761 rar.
1245 2739 1293 2761 545
1310 2734 1380 2761 hanc
1399 2735 1496 2761 lineam
1513 2734 1572 2761 dati
1585 2733 1726 2767 praebent:
1749 2733 1815 2760 Dat.
1828 2731 1967 2763 Avinion.›

323 2767 412 2794 XllII.
426 2768 486 2795 Kal.
505 2769 654 2802 Februarii,
674 2780 744 2798 anno
763 2775 869 2801 octavo.
