2124 3132
0 1244 14 1376 'vm-ww·-
0 998 19 1235 *1,⁴²÷÷s=ffr'‹=wvfw“'f,
2 918 18 984 :rs-„³22
5 879 8 882 ’
6 861 7 864 Α
5 826 7 834 -·

129 777 164 804 ,ιο

135 1547 160 1570 86

136 2081 160 2100 at·

136 2357 162 2376 40

136 2618 162 2638 45

625 205 846 235 ΤΒΑΟΤΑἸἪΒ
866 206 910 233 DE
929 205 1141 234 ELEC'rmNE.
1181 207 1254 234 1313.
1292 208 1339 234 Nr.
1356 209 1393 234 12.
1812 216 1831 243 9

291 292 316 327 C
351 293 461 325 Primo
491 291 579 335 quod
607 292 693 324 circa
720 292 999 334 recuperationem
1026 292 1127 324 Terre
1156 292 1273 325 Sancte
1303 298 1352 326 est
1382 298 1449 326 tota
1478 295 1607 327 affectio
1637 302 1670 328 et
1700 299 1832 331 intentio

183 355 250 379 sua.
285 344 534 385 Verumtamen,
567 343 649 376 sicut
676 343 810 376 cuilibet
838 345 916 375 satie
944 347 1055 376 notum
1086 348 1148 384 est,
1179 346 1248 387 ipse
1278 345 1425 378 dominus
1454 357 1511 379 rex
1541 353 1672 390 propter
1700 360 1834 391 guerras

182 395 344 429 Vasconis
367 399 400 429 et
421 394 575 428 Flandrie
591 394 726 432 *diversa
756 397 789 426 et
815 396 927 437 gravia
954 395 1051 427 subiit
1078 406 1176 428 onera
1200 406 1414 438 expensarum
1439 409 1560 430 necnon
1585 410 1667 431 anno
1692 404 1833 443 presenti

183 452 253 486 tam,
275 458 334 490 pro
360 446 480 488 milicia
506 446 643 478 filiorum
673 456 802 487 suorum
830 450 863 478 et
889 446 1029 479 adventu
1057 448 1141 489 regis
1164 448 1281 490 Anglie
1309 459 1346 480 ac
1369 459 1427 491 pro
1451 451 1610 491 exercitu,
1640 463 1735 494 quern
1760 464 1833 495 pre-

181 502 354 543 paraverat
374 501 498 536 contra
532 497 765 538 Flandrenses,
806 508 940 540 magnas
979 498 1057 530 fecit
1095 509 1254 541 expensas
1293 504 1327 532 et
1363 500 1468 533 adhuc
1510 513 1567 544 pro
1606 505 1834 538 munitionibus

181 550 355 584 Flandrie·
389 549 467 584 facit
488 549 695 591 expensas&
730 559 792 591 que
826 549 1003 581 ascendunt
1036 560 1095 591 per
1128 561 1245 583 annum
1280 551 1321 583 ad
1355 563 1512 585 summam
1549 560 1676 587 centum
1711 557 1833 589 milium

174 602 344 641 librarum.
389 599 503 641 Habet
532 601 630 632 etiam
662 600 833 642 providere
866 611 908 632 ex
937 604 1032 642 pacto
1058 625 1089 633 ..
1115 603 1248 644 principi
1277 602 1431 636 Tharenti
1462 605 1502 637 de
1535 610 1623 638 certa
1654 609 1833 649 quantitate

182 654 288 697 gentis
310 655 434 686 armate
458 662 516 695 pro
539 652 675 694 negocio
698 652 826 694 imperii
842 651 1206 694 Constantinopolitani⁶
1227 658 1261 686 et
1280 665 1352 687 cum
1373 655 1445 687 filiis
1463 658 1528 688 suis
1545 657 1688 700 hospicia
1705 661 1834 701 propria

177 705 303 745 ,habere
330 704 525 737 concesserit
553 707 586 736 et
609 714 652 738 ex
675 706 763 735 certa
786 713 882 735 causa
906 703 937 735 in
960 704 1021 735 isto
1046 704 1201 747 principio
1225 705 1360 738 habebit
1383 718 1440 749 pro
1466 709 1511 740 eis
1535 709 1651 741 multas
1675 722 1834 753 expensas

181 757 304 798 subire,
333 753 387 788 vix
415 756 462 788 ita
490 755 596 788 subito
624 754 747 797 absque
775 755 962 796 gravamine
990 766 1046 787 suo
1070 759 1180 797 posset
1203 757 1293 789 iuxta
1316 758 1473 791 intentum
1498 759 1617 792 domini
1642 772 1724 804 pape
1749 762 1833 795 dicte

181 809 281 841 Terre
315 807 501 847 subvenire,
534 807 705 849 presertim
740 806 815 848 quia
850 810 1038 848 opporteret
1067 807 1153 849 quod
1183 808 1360 841 subsidium
1393 812 1631 844 continuaretur
1661 824 1761 856 usque
1792 815 1834 847 ad

181 860 367 903 passagium
395 869 488 891 suum
515 868 574 891 nec
598 861 684 890 esset
706 857 767 890 sibi
790 857 892 889 honor
915 858 976 889 hoc
999 859 1143 898 incoare,
1173 860 1234 891 nisi
1257 861 1504 894 continuaretur.
1551 863 1733 897 Subsidium
1758 877 1834 898 vero

181 910 340 949 deeimale
367 921 431 943 non
459 910 554 942 decet
580 910 685 952 ipsum
710 919 816 951 neque
840 909 907 940 vult
934 910 1121 951 expendere
1145 922 1204 942 nec
1227 911 1268 943 ad
1292 912 1370 944 illud
1394 924 1507 945 manus
1531 916 1709 948 extendere
1733 927 1834 959 usque

181 961 223 996 ad
250 963 448 1011 passagium,
478 962 586 1004 ymmo
615 960 775 993 ordinavit
802 971 836 992 se
864 960 906 992 ad
934 962 1196 1004 congregandum
1226 963 1411 996 thesaurum
1441 965 1481 997 de
1510 967 1717 1007 proventibus
1744 970 1834 1010 regni

180 1015 254 1056 sus,
275 1011 347 1047 cum
374 1024 438 1058 quo
465 1023 529 1045 una
557 1023 628 1045 cum
656 1012 799 1044 subsidio
829 1012 978 1044 decimali
1007 1014 1108 1055 possit
1140 1014 1294 1056 perficere
1325 1019 1433 1047 votum
1461 1027 1563 1049 suum.
1607 1018 1685 1051 Vult
1714 1021 1834 1052 etenim

181 1066 292 1099 debita
314 1065 451 1106 solvere,
473 1065 692 1097 restitutiones
715 1064 835 1105 facere,
859 1065 904 1096 sic
923 1064 1008 1106 quod
1025 1066 1194 1097 servicium
1213 1077 1304 1098 suum
1321 1066 1403 1108 Deo,
1427 1069 1516 1100 cuius
1533 1070 1702 1112 negocium
1719 1072 1834 1112 agitur,

180 1121 307 1161 gratum
332 1127 402 1150 esse
426 1116 546 1149 debeat
562 1119 596 1148 et
610 1118 791 1158 acceptum.
824 1115 981 1148 Preterea
997 1116 1023 1147 si
1040 1116 1109 1158 ipse
1126 1128 1183 1159 pro
1200 1117 1419 1150 subveniendo
1435 1120 1467 1151 in
1484 1122 1625 1162 presenti
1643 1122 1835 1154 extenderet

179 1167 293 1219 manus
315 1169 358 1202 ad
380 1167 591 1219 peccuniam‘i
607 1167 744 1208 decime,
769 1166 1020 1210 obloquerentur
1042 1168 1133 1200 multi
1158 1173 1190 1201 et
1206 1170 1231 1201 si
1248 1169 1395 1202 viderent
1410 1175 1557 1214 tempore
1574 1174 1725 1215 passagii,
1749 1174 1835 1216 quod

180 1221 328 1254 dominus
354 1231 414 1253 rex
440 1230 503 1252 non
530 1218 734 1252 habundaret
756 1220 789 1250 in
812 1220 968 1261 peccunia
991 1223 1024 1252 et
1047 1220 1214 1261 thesauro,
1242 1222 1335 1253 multi
1359 1227 1540 1264 magnates,
1569 1226 1623 1266 qui
1647 1225 1835 1265 transibunt,

179 1275 205 1306 si
231 1274 336 1316 ipsum
364 1268 515 1305 sciverint
539 1271 743 1312 habundare,
774 1271 956 1303 nullatenus
979 1272 1259 1310 transfretabunv,
1289 1274 1365 1316 quia
1388 1279 1519 1316 sperant
1542 1276 1627 1317 quod
1651 1287 1708 1308 rex
1733 1278 1779 1308 eis
1802 1278 1832 1308 in

178 1319 445 1358 neccessitatibus
467 1323 646 1363 subveniat,
670 1322 756 1365 quod
780 1333 843 1354 non
866 1326 976 1364 posset
998 1323 1116 1364 facere,
1139 1325 1199 1355 nisi
1223 1325 1303 1356 sieut
1326 1326 1522 1367 premittitur
1545 1327 1757 1360 habundaret.
1792 1328 1834 1360 Et

180 1387 252 1409 cum
275 1371 634 1408 subsidium'decimale
658 1381 845 1406 concessum
869 1375 910 1406 sit
932 1374 1067 1406 multum
1084 1378 1180 1406 tenue
1197 1375 1239 1407 ad
1255 1379 1378 1408 tantum
1395 1379 1582 1419 negocium'
1596 1380 1832 1422 exequendum,

179 1427 350 1471 provideat
378 1427 462 1459 circa
490 1426 552 1458 heo
579 1425 727 1458 dominus
755 1435 842 1468 papa
870 1428 903 1457 et
930 1426 1012 1457 tales
1039 1426 1287 1459 subventiones«
1310 1429 1377 1460 fieri
1406 1429 1546 1470 ordinet,
1578 1441 1640 1472 que
1671 1442 1732 1462 una
1761 1442 1832 1463 cum

181 1479 273 1512 bonis
293 1479 394 1522 ipsius
416 1479 513 1520 regis,
537 1488 599 1520 que
615 1478 684 1510 vult
706 1480 739 1510 et
761 1477 899 1509 intendit
922 1488 1086 1519 exponere
1103 1489 1160 1520 pro
1177 1479 1248 1521 ipso
1265 1481 1406 1522 negotiO,
1429 1481 1471 1512 ad
1488 1482 1587 1523 ipsius
1604 1484 1832 1524 exequtionem

179 1531 327 1564 sufficere
357 1531 489 1573 possint.
534 1529 577 1562 Et
601 1530 667 1561 vult
695 1529 843 1561 dominus
870 1539 928 1560 rex
956 1529 998 1561 ad
1026 1540 1153 1562 omnem
1181 1531 1395 1572 suspicionem
1424 1532 1615 1572 tollendam,
1647 1534 1731 1576 quod
1759 1535 1833 1566 sub-

179 1583 348 1629 ventiones
382 1581 566 1624 huiusmodi
600 1581 748 1613 faciende
783 1581 1013 1625 recolligantur
1048 1585 1080 1613 et
1115 1582 1339 1624 expendantur
1372 1594 1430 1625 pro
1465 1583 1550 1616 dicto
1581 1587 1711 1627 negotio
1744 1587 1834 1619 iuxta

180 1631 415 1668 ordinationem
449 1634 549 1676 ipsius
584 1632 705 1666 domini
740 1644 840 1675 pape,
876 1644 948 1665 cum
982 1644 1038 1665 rex
1070 1634 1111 1665 ad
1142 1635 1245 1676 ipsum
1276 1635 1446 1676 negocium
1479 1637 1681 1678 purissimam
1714 1637 1834 1670 habeat

130 1683 131 1686 '
180 1687 393 1727 voluntatem,
420 1687 491 1728 ipse
519 1688 628 1718 autem
657 1685 805 1717 dominus
832 1697 891 1717 rex
917 1687 1008 1717 iuxta
1036 1686 1083 1717 sui
1114 1685 1361 1728 possibilitatem
1389 1688 1420 1718 in
1445 1688 1505 1719 hiis
1529 1692 1561 1719 et
1583 1688 1654 1719 aliis
1679 1689 1832 1721 voluntati

180 1739 300 1771 domini
325 1763 331 1770 .
351 1764 357 1771 .
382 1748 468 1780 pape
491 1737 717 1779 obtemperare
742 1737 878 1769 intendit
902 1741 935 1769 et
958 1738 1054 1769 etiam
1079 1748 1114 1769 se
1137 1738 1303 1780 gravare*

273 1802 290 1822 '¹‘
306 1803 341 1835 in
355 1803 442 1834 dorsi
452 1805 547 1844 parte
561 1802 719 1841 superiori
733 1802 821 1842 siyno
831 1803 936 1842 posito
951 1802 1056 1833 eadem
1070 1813 1168 1833 nuznu
1180 1802 1329 1834 additur:
1344 1803 1466 1835 Verum
1483 1815 1539 1836 rex
1557 1809 1590 1836 et
1606 1815 1705 1847 quasy
1722 1816 1833 1838 omnes

222 1854 395 1887 consiliarii
413 1855 490 1886 satis
507 1857 599 1886 erant
614 1853 800 1895 concordes,
824 1854 909 1896 quod
926 1854 1020 1886 fieret
1035 1854 1211 1886 subsidium
1228 1855 1318 1886 iuxta
1334 1854 1411 1887 dicti
1427 1854 1546 1887 domini
1564 1867 1648 1897 pape
1665 1858 1831 1889 intentum.

224 1905 281 1938 set
304 1905 452 1938 dominus
474 1905 721 1948 Ingerrannus¹‚
751 1906 806 1948 qui
828 1907 894 1946 scit,
911 1907 1018 1938 omnia
1042 1910 1167 1938 secreta
1190 1907 1294 1947 regia,
1324 1910 1474 1948 presente
1498 1907 1567 1939 solo
1591 1918 1683 1949 rege,
1707 1910 1834 1950 aperuit

222 1957 320 1990 miehi
346 1957 492 2000 predicto
514 1957 642 2000 P(etro)
672 1968 784 1990 omnes
813 1959 1021 1989 necessitates
1050 1958 1136 1999 regis
1164 1962 1196 1990 et
1220 1957 1333 1998 voluit,
1363 1958 1449 1999 quod
1478 1958 1538 1990 hee
1567 1960 1674 1990 omnia
1704 1959 1834 1992 domino

222 2021 307 2053 pape
331 2010 491 2052 aperirem
515 2013 655 2049 secrete,
687 2010 762 2052 quia
789 2010 858 2051 ipse
882 2009 968 2041 solus
991 2009 1127 2041 haberet
1150 2020 1229 2041 onus
1254 2020 1467 2051 expensarum
1493 2010 1711 2042 faciendarum
1737 2015 1769 2043 et
1792 2012 1833 2044 de

222 2061 284 2094 hoc
313 2061 368 2094 alii
395 2061 567 2093 consiliarii
594 2071 658 2092 non
681 2065 838 2093 curarent.
885 2060 927 2092 Et
950 2064 1082 2102 propter
1105 2061 1164 2092 hec
1189 2061 1357 2093 voluerunt
1379 2060 1526 2093 dominus
1550 2072 1606 2093 rex
1631 2067 1664 2094 et
1687 2062 1834 2095 dominus

223 2113 438 2156 Ingerrannus
466 2112 528 2144 hec
558 2113 666 2144 omnia
696 2115 821 2144 secrete
851 2113 1031 2154 significare
1062 2112 1192 2144 domino
1222 2123 1321 2154 pape.
1354 2116 1388 2144 ut
1418 2113 1565 2145 omnibus
1596 2114 1834 2156 circumspectis

223 2165 293 2208 ipse
317 2165 444 2198 ordinet
467 2164 553 2207 quod
578 2163 694 2196 viderit
717 2164 882 2206 expedire.

288 2238 313 2272 (Σ
345 2238 498 2271 Ceterum
526 2248 597 2269 cum
622 2240 734 2270 vaceet
759 2237 940 2269 Romanum
969 2238 1138 2279 imperium
1169 2238 1201 2268 in
1229 2238 1385 2279 presenti,
1416 2237 1586 2279 expediret
1612 2237 1747 2269 multum
1776 2249 1833 2280 pro

181 2291 282 2324 Terra
309 2290 427 2323 Sancta
457 2293 490 2322 et
518 2300 575 2331 pro
607 2289 744 2321 ecclesia
771 2288 849 2329 Dei,
879 2289 965 2331 quod
994 2289 1067 2320 talis
1093 2289 1296 2331 preficetur’·‚
1326 2290 1380 2330 qui
1410 2288 1515 2320 Deum
1544 2294 1577 2320 et
1604 2289 1774 2321 ecclesiam
1802 2294 1834 2321 et

180 2342 425 2375 christianorum
463 2351 579 2384 pacem
617 2340 768 2383 diligeret
801 2345 834 2372 et
867 2340 907 2372 ad
943 2340 1077 2372 Terram
1112 2339 1263 2372 Sanctam
1298 2351 1409 2382 puram
1444 2340 1654 2372 affeecionem
1689 2341 1832 2373 haberet.

180 2393 320 2435 Propter
342 2392 429 2436 quod
452 2392 616 2425 desiderat
638 2392 725 2424 idem
749 2391 897 2423 dominus
921 2402 993 2430 rex,
1021 2391 1107 2434 quod
1130 2392 1213 2423 filius
1237 2403 1312 2423 suus
1335 2391 1483 2424 dominus
1506 2392 1703 2434 Ph(ilippu)s
1726 2403 1834 2424 comes

179 2444 381 2478 Pictavensis
409 2448 442 2476 et
464 2443 667 2486 Burgundie,
698 2444 751 2486 qui
780 2453 932 2485 magnam
961 2448 1080 2476 terram
1110 2443 1210 2475 habet
1239 2444 1271 2475 in
1301 2444 1436 2485 imperio
1465 2448 1498 2475 et
1525 2443 1643 2475 multos
1666 2449 1834 2485 magnates

181 2499 245 2529 tam
269 2497 300 2529 in
324 2496 493 2539 parentela
517 2506 613 2538 quam
637 2505 679 2527 ex
702 2495 870 2534 affinitate,
895 2498 928 2526 et
951 2496 1035 2537 quia,
1060 2499 1095 2526 ut
1109 2496 1289 2527 comuniter
1304 2496 1507 2537 presumitur,
1531 2496 1591 2527 erit
1608 2495 1703 2526 homo
1720 2495 1833 2533 fidelis,

180 2549 280 2582 iustus
304 2551 337 2580 et
359 2548 476 2580 timens
492 2547 609 2588 Deum,
633 2546 675 2578 ad
698 2547 817 2579 dietum
841 2550 959 2578 statum
984 2551 1210 2579 assumeretur.
1245 2546 1288 2578 Et
1310 2547 1355 2578 sic
1378 2548 1403 2578 si
1428 2548 1496 2588 ipse
1520 2557 1576 2578 rex
1600 2557 1670 2578 cum
1695 2546 1759 2577 filio
1776 2557 1834 2577 suo

179 2610 258 2642 rege
282 2599 399 2642 Anglie
428 2610 466 2632 ac
493 2600 563 2641 ipso
593 2598 723 2630 domino
747 2598 928 2640 Ph(ilipp)o
955 2601 1030 2630 nato
1059 2599 1127 2630 eius
1155 2598 1391 2637 transfretaret,
1421 2608 1511 2629 suum
1541 2608 1673 2639 regnum
1704 2599 1734 2628 in
1765 2602 1832 2628 tuto

285 2684 331 2712 12.
362 2686 386 2718 ⁸)
405 2686 608 2718 aequitumdelee.
628 2686 712 2711 adbuc
731 2694 768 2710 or.
867 2684 891 2716 Ι’)
909 2685 1022 2717 sequitur
1039 2685 1112 2710 deles.
1132 2691 1149 2717 p
1168 2694 1205 2710 or.
1305 2687 1328 2715 0)
1347 2685 1613 2717 Constantaniimlitan
1634 2694 1670 2708 ur.
1764 2682 1789 2713 d)
1810 2684 1833 2708 ia

181 2730 210 2754 i‘n
228 2737 295 2755 corr.
309 2738 346 2755 or.
429 2731 454 2760 ο)
473 2729 656 2760 transstebunt,
675 2729 711 2754 bu
728 2729 754 2753 in
774 2729 829 2753 Ioco
842 2736 903 2753 raso
921 2736 958 2752 or.
1038 2726 1058 2759 s)
1077 2728 1164 2760 incipit
1182 2728 1275 2760 solium
1295 2728 1413 2752 nanuum
1434 2736 1471 2753 or.
1555 2727 1579 2753 Β)
1599 2727 1710 2751 necundo
1731 2735 1746 2751 u
1765 2735 1831 2750 corr.

182 2780 260 2805 super
277 2780 290 2798 s
308 2780 346 2798 or.
435 2770 461 2803 h)
480 2772 517 2797 ιἰα
535 2781 572 2797 or.

286 2840 312 2872 1)
331 2839 374 2872 Of.
391 2839 533 2873 epistolam
551 2839 630 2872 infra
647 2847 690 2866 nr.
704 2842 736 2865 50
754 2837 890 2865 edendam.

285 2898 552 2918 ascensum-nones
572 2900 594 2918 v.
