2184 3126
176 738 201 759 io

174 995 200 1016 1⁶

176 1514 202 1535 23

175 2027 201 2047 85

176 2281 202 2302 4⁰

178 2780 203 2801 4⁵

494 179 590 208 ACTA
609 178 724 207 amm
743 177 929 207 LUDEWIGI
946 177 994 205 IV.
1012 177 1059 205 ET
1077 177 1262 205 FRIDERICI
1282 177 1330 205 111.
1368 177 1443 205 1320.
1479 178 1528 205 Nr.
1541 177 1600 204 569.
1809 181 1870 212 457

327 266 444 299 Nobile
468 277 548 309 opus
571 266 713 299 sedentis
736 265 769 297 in
791 265 871 297 solio
890 265 1067 297 clemencia
1090 264 1246 297 suadente
1264 265 1498 306 prosequimur,
1522 265 1548 295 si
1565 274 1623 305 per
1638 263 1762 295 lubrica
1779 264 1874 306 culpe

220 317 433 351 deliramenta
445 317 654 350 cadentibus·
669 317 710 350 ad
727 316 917 349 sublevandi
933 315 1078 349 remedia
1094 316 1158 348 cito
1173 326 1208 348 se
1223 318 1334 348 nostra
1349 326 1463 348 manus
1479 314 1605 348 abilitat
1621 319 1653 347 et
1669 315 1874 357 indulgemus

221 370 387 402 obnoxiisb
409 372 483 412 post
497 372 633 409 reatum,
656 379 728 401 cum
745 369 832 411 pium
849 371 1036 410 reputemus
1052 369 1178 400 veniam
1202 366 1387 410 petentibus
1410 366 1570 410 par[c]ere
1594 371 1627 398 et
1650 367 1694 398 sic
1718 367 1874 398 martialis

220 421 319 465 gladii
341 421 505 454 refrenare
521 420 699 459 licenciam,
722 423 757 452 ut
779 418 923 452 seviendi
939 419 1103 451 voluntate
1127 420 1232 461 sopita
1248 422 1467 461 temperemus
1490 418 1649 450 interdum
1667 418 1874 450 condimento

219 472 472 505 mansuetudinis
493 472 643 514 rigorem,
667 471 744 503 data
766 470 858 502 nobis
881 470 922 503 ab
946 471 1016 513 ipso
1040 469 1222 513 fragilitatis
1251 470 1390 502 humane
1414 471 1569 513 principio
1593 470 1759 512 voluptate
1783 471 1874 512 quasi

221 524 398 557 domestica
419 522 603 564 miserendi,
631 526 666 554 ut
689 522 765 554 dum
788 522 883 564 primi
906 523 1049 564 parentis
1073 523 1103 554 in
1128 526 1275 564 posteros
1298 522 1444 554 derIvata
1467 521 1650 554 discrimina
1672 522 1703 553 in
1727 521 1875 564 generali

220 574 459 619 quodammodo
497 574 752 616 transgressione
789 585 935 606 normam
975 573 1148 606 defluxisse
1187 574 1425 616 cognoscimus,
1467 574 1694 615 reportationis
1732 572 1877 615 gloriosa

220 627 388 670 suffragria
411 626 551 658 libenter
571 625 769 668 supplicibus
791 625 976 667 largiamur.
1021 625 1106 657 Sane
1131 626 1206 667 quia
1229 625 1303 658 dive
1327 625 1559 657 recordationis
1575 624 1735 656 Henricus
1751 625 1873 657 Roma-

219 689 331 711 norum
354 678 532 720 imperator
553 677 709 719 septimus
731 679 841 708 noster
867 676 1078 719 predecessor
1104 676 1235 708 inclitus
1261 676 1304 708 ad
1331 677 1576 708 refrenandam
1600 676 1810 708 rebellionem
1841 681 1874 709 et

219 729 471 763 inobedientiam
487 724 706 760 comunitatis
734 731 768 760 et
795 727 960 759 hominum
983 727 1123 759 civitatis
1145 727 1273 767 Padue,
1302 733 1485 760 nostrorum
1516 732 1549 759 et
1574 729 1701 770 imperii
1729 727 1873 760 fidelium

219 781 419 822 dilectorum,
443 780 496 822 qui
514 782 671 822 regnante
695 779 780 811 dicto
797 778 940 811 Hem-ico
963 780 1159 821 imperatore
1182 782 1315 821 propter
1330 781 1524 811 imminentis
1540 780 1702 811 maliciam
1719 780 1876 822 temporis

218 833 270 866 vel
292 832 374 864 sicut
396 832 502 864 verius
525 831 701 871 credimus„
719 831 762 863 ad
785 831 884 863 falsas
905 831 1108 872 sugestiones
1132 830 1311 862 emulorum
1335 832 1416 862 sacri
1439 831 1566 872 imperii
1582 831 1660 862 visid
1677 830 1832 874 fuera[n]t
1854 842 1874 863 a

217 884 295 917 fidei
316 884 439 916 semitis
461 883 599 926 predicti
621 882 756 915 Henrici
782 882 956 925 plurimum
983 882 1164 914 declinasse
1193 885 1226 914 et
1253 882 1459 914 seductorum
1483 882 1589 915 verbis
1617 882 1812 925 deceptoriis
1841 886 1875 914 et

218 935 427 968 mendacibus
456 935 489 967 in
519 933 665 967 eiusdem
693 934 810 967 erroris
833 933 971 976 caligine
1001 934 1176 976 improvisa
1206 934 1310 975 magis
1338 944 1435 975 quam
1465 934 1609 966 studiosa
1639 938 1672 966 et
1694 935 1874 967 voluntaria

218 987 407 1031 perstitisse,
430 986 517 1028 ipsos
540 985 687 1018 omnibus
709 985 845 1026 iuribus,
869 985 1089 1028 dignitatibus,
1112 984 1297 1026 honoribus,
1321 985 1585 1027 immunitatibus,
1608 985 1812 1018 libertatibus
1835 997 1873 1018 ac

217 1038 394 1082 privilegiis
417 1038 524 1071 eidem
547 1038 674 1070 comuni
698 1040 732 1069 et
746 1037 868 1069 civitati
883 1036 1039 1069 Paduane
1065 1047 1084 1068 a
1107 1036 1211 1069 felicis
1233 1038 1390 1069 memorie
1414 1037 1663 1079 imperatoribus
1687 1042 1720 1070 et
1742 1038 1874 1080 regibus

217 1090 438 1124 Romanorum
460 1089 578 1122 nostris
600 1088 884 1131 predecessoribus
907 1089 1067 1121 concessis
1098 1091 1131 1120 et
1159 1088 1290 1120 indultis
1314 1089 1451 1130 privavit
1479 1092 1512 1120 et
1541 1089 1687 1131 predicta
1710 1091 1818 1122 omnia
1840 1094 1874 1121 et

217 1141 345 1186 singula
366 1141 602 1174 sententialiter
624 1140 780 1173 enullavit
790 1141 813 1181 ²,
907 1151 966 1172 nos
988 1151 1080 1182 vero,
1111 1141 1165 1182 qui
1194 1150 1236 1172 ex
1259 1141 1368 1172 innata
1391 1140 1483 1172 nobis
1507 1141 1685 1172 clemencia
1707 1141 1749 1173 ad
1772 1141 1873 1173 instar

219 1193 402 1226 Conditor-is
424 1193 574 1233 universi,
598 1193 652 1235 qui
675 1192 874 1234 compunctis
897 1194 931 1223 et
954 1191 1138 1223 dolentibus
1161 1191 1202 1223 de
1223 1192 1368 1224 comissis
1391 1191 1433 1223 ad
1449 1192 1552 1234 ipsum
1570 1191 1675 1224 redire
1691 1192 1872 1225 volentibus

219 1245 302 1277 viam
327 1245 431 1287 gratie
454 1254 516 1276 non
541 1243 682 1286 denegat
705 1253 746 1276 ex
769 1243 890 1285 ingenti
915 1253 973 1274 sua
994 1242 1216 1275 misericordia
1239 1253 1298 1275 nec
1321 1243 1491 1285 precludit,
1515 1253 1588 1275 cum
1609 1244 1753 1285 pulcrum
1769 1255 1873 1286 genus

219 1295 358 1329 vindicte
389 1295 582 1329 extimemus
609 1295 775 1338 ignoscere
806 1298 840 1327 et
868 1295 923 1337 qui
949 1294 1202 1327 misericordiam
1231 1295 1440 1336 preponimus
1470 1295 1589 1326 iudicio
1618 1296 1737 1338 quique
1768 1297 1872 1338 magis

218 1347 387 1390 indulgere
411 1347 561 1388 eligimus
583 1357 679 1389 quam
696 1345 816 1386 ulcisci,
840 1356 952 1378 omnes
967 1356 1147 1388 processus,
1172 1346 1348 1378 sententias
1370 1344 1426 1389 [et]
1450 1345 1657 1379 bannicibnes
1674 1358 1731 1389 per
1747 1358 1871 1380 memo-

219 1402 325 1432 ratum
346 1398 521 1431 Henricum
546 1398 775 1440 imperatorem
799 1401 910 1430 contra
933 1397 1051 1430 dictam
1076 1398 1238 1430 civitatem
1262 1397 1467 1439 Paduanam,
1497 1408 1633 1430 comune
1665 1403 1698 1430 et
1724 1399 1872 1432 homines

219 1449 420 1484 etstudium
447 1449 591 1482 eiusdem
618 1449 756 1481 civitatis
784 1449 881 1482 modo
910 1459 1114 1492 quocumque
1142 1449 1229 1481 facta
1259 1449 1300 1481 de
1330 1450 1399 1481 iure
1428 1449 1479 1482 vel
1506 1449 1548 1481 de
1580 1450 1666 1482 sacto
1696 1450 1736 1483 de
1767 1451 1872 1493 pleni-

220 1502 330 1535 tudine
354 1501 525 1544 potestatis
547 1504 656 1533 nostre
685 1511 757 1532 cum
785 1500 933 1532 omnibus
962 1503 995 1532 et
1026 1501 1159 1542 singulis
1182 1501 1324 1532 articulis
1356 1501 1387 1532 in
1417 1501 1502 1533 dicto
1532 1512 1686 1543 processu
1713 1503 1873 1534 contentis

218 1554 347 1597 penitus
373 1563 576 1592 revocamus,
606 1552 799 1584 remittimus
827 1555 861 1584 et
886 1552 1138 1584 misericorditer
1160 1552 1353 1584 relaxamus.
1399 1552 1608 1594 Recipientes
1632 1563 1758 1586 exnunc
1781 1555 1872 1586 inan·

218 1608 273 1637 tea
295 1604 459 1637 civitatem
482 1604 585 1646 ipsam
613 1606 647 1636 et
669 1603 815 1635 homines
838 1603 1004 1636 universos
1027 1603 1120 1635 nobis
1147 1607 1181 1636 et
1208 1603 1343 1646 imperio
1371 1603 1486 1636 fideles
1512 1615 1584 1636 cum
1614 1604 1706 1637 bonis
1729 1606 1871 1647 ipsorum

218 1656 277 1689 sub
312 1656 380 1688 alas
414 1655 623 1698 protectionis
658 1658 691 1686 et
724 1655 767 1686 ad
800 1655 959 1697 gremium
994 1659 1102 1687 nostre
1137 1655 1241 1697 gratie
1277 1660 1310 1687 et
1342 1655 1474 1695 favoris,
1509 1656 1691 1688 innovando
1726 1657 1873 1699 predicte

218 1708 339 1740 civitati
370 1709 478 1739 nostre
506 1706 678 1748 Paduane,
713 1707 833 1749 populo
868 1710 901 1739 et
935 1707 1062 1739 comuni
1096 1706 1218 1739 ibidem
1253 1711 1286 1739 et
1315 1708 1516 1740 restituendo
1550 1708 1627 1750 ipsis
1654 1709 1761 1740 omnia
1791 1709 1872 1750 iura,

217 1758 401 1803 privilegia,
430 1758 596 1791 libertates
625 1761 658 1790 et
685 1758 807 1801 gratias
835 1768 854 1790 a
876 1758 993 1790 nostris
1016 1758 1299 1800 predecessoribus
1322 1758 1543 1791 Romanorum
1566 1760 1816 1802 imperatoribus
1839 1763 1873 1792 et

217 1810 348 1854 regibus
373 1810 498 1843 indulta
526 1813 559 1842 et
585 1820 738 1842 concessa
772 1820 811 1842 eo
847 1809 962 1849 modo,
996 1810 1066 1842 iure
1101 1813 1134 1842 et
1156 1811 1283 1852 vigore,
1311 1810 1427 1852 quibus
1454 1815 1529 1842 ante
1557 1811 1715 1852 sepedicti
1738 1811 1873 1843 Henrici

217 1862 421 1904 imperatoris
443 1871 630 1904 processum
654 1864 687 1893 et
709 1861 809 1893 latam
839 1861 880 1893 ab
909 1862 979 1903 ipso
1000 1862 1193 1894 sententiam
1215 1863 1281 1894 uti⁰
1304 1862 1390 1893 soliti
1412 1862 1540 1894 fuerant
1563 1866 1595 1893 et
1618 1862 1772 1904 gaudere.
1818 1863 1872 1895 In-

219 1913 388 1957 dulgemus
405 1914 507 1946 eciam
524 1912 669 1956 predicte
686 1913 807 1945 civitati
823 1923 861 1944 ac
877 1913 1078 1945 universitati
1096 1913 1216 1946 ibidem
1232 1914 1263 1945 in
1281 1924 1483 1955 quacumque
1501 1914 1655 1946 facultate
1671 1914 1873 1947 studencium

219 1976 261 1998 ex
283 1966 452 2008 privilegio
475 1965 579 2008 gratie
603 1965 752 2008 specialis
775 1964 818 1997 ad
842 1968 1052 2007 augmentum
1075 1965 1172 1997 studii
1195 1966 1380 2006 memorati,
1410 1970 1445 1997 ut
1472 1966 1619 1997 omnibus
1647 1966 1825 2008 privilegiis
1853 1978 1873 1998 a

218 2016 296 2050 sede
327 2017 506 2059 apostolica
534 2026 591 2048 seu
620 2017 717 2048 etiam
752 2027 771 2048 a
797 2015 1018 2048 Romanorum
1046 2017 1294 2059 imperatoribus
1327 2020 1360 2048 et
1391 2017 1522 2058 regibus
1551 2017 1664 2048 studiis
1687 2017 1872 2059 Parisiensi,

217 2067 431 2108 Bononiensi,
464 2068 691 2100 Aurelianensi
724 2077 762 2099 ac
795 2067 1119 2109 Montispesulanensi
1154 2067 1278 2099 indulta
1313 2071 1346 2099 et
1379 2078 1531 2100 concessa
1566 2068 1667 2100 libere
1706 2079 1743 2100 ac
1778 2069 1872 2112 plene

217 2119 382 2161 gaudeant
405 2123 438 2152 et
460 2119 614 2152 fruantur.
707 2119 747 2151 In
769 2119 858 2151 cuius
881 2119 1124 2160 revocationis¹,
1147 2119 1372 2159 relaxationis,
1395 2120 1624 2160 innovationis,
1648 2122 1873 2161 concessionis,

218 2171 467 2204 confirmationis
484 2173 518 2203 et
532 2171 741 2203 restitutionis
757 2173 864 2203 nostre
881 2170 1076 2203 evidentiam
1092 2170 1266 2203 firmiorem
1282 2170 1427 2213 predicte
1445 2172 1566 2203 civitati
1582 2176 1689 2203 nostre
1706 2171 1873 2213 Paduane,

219 2223 346 2255 comuni
369 2225 402 2256 et
424 2221 544 2265 populo
567 2232 606 2254 ac
628 2222 750 2254 ibidem
774 2222 976 2254 studentibus
1004 2225 1171 2264 presentes
1198 2223 1297 2254 nostri
1320 2223 1441 2265 regalis
1464 2223 1560 2264 sigilli
1583 2222 1700 2255 robore
1724 2224 1873 2255 iussimus

219 2274 416 2306 communiri.

325 2332 422 2365 nats
443 2333 531 2375 apud
559 2332 725 2374 Greiaam,
754 2333 833 2365 1111.
854 2333 1020 2365 Kalendas
1047 2333 1147 2374 Iunii,
1176 2344 1260 2366 anno
1289 2333 1410 2366 domini
1438 2333 1555 2366 MOOC
1579 2335 1747 2375 vicesimo,
1780 2335 1872 2376 regni

219 2383 320 2415 nostri
341 2393 424 2416 anno
446 2384 505 2416 VI.

325 2643 390 2672 56⁹.
418 2644 442 2679 ⁸)
464 2651 490 2672 et
511 2631 674 2680 indulgemus
696 2648 730 2674 ab
758 2649 840 2675 noxiis
861 2654 919 2682 post
941 2654 1038 2676 reatum
1064 2651 1127 2676 add.
1149 2659 1171 2677 c.
1267 2650 1293 2682 b)
1314 2652 1346 2676 nb
1369 2652 1453 2676 noxiis
1475 2660 1495 2677 c.
1594 2651 1617 2683 θ)
1642 2652 1828 2677 reformandam
1848 2661 1869 2676 c.

223 2689 248 2723 d)
267 2690 323 2715 visa
340 2698 362 2715 ο.
449 2687 472 2721 0)
490 2689 556 2716 vnde
573 2697 595 2716 ο.
680 2687 701 2722 s)
718 2690 840 2717 aoid-'m
856 2691 958 2718 videtur
974 2693 1142 2723 remissioni„
1159 2694 1193 2727 cs.
1213 2702 1294 2726 supra
1313 2694 1358 2719 lin.
1370 2696 1408 2719 26.
1498 2694 1523 2726 Β)
1542 2695 1611 2719 Data
1629 2703 1650 2720 c.

327 2774 352 2805 1)
372 2772 461 2805 Supra
479 2774 539 2799 tom.
555 2771 570 2798 1
575 2771 602 2798 V
612 2779 656 2800 nr.
670 2775 729 2800 982.

328 2841 364 2860 u„
384 2839 593 2858 consummans
611 2840 634 2859 v.
1607 2836 1664 2863 583
