2184 3126
173 1435 222 1456 Nov

224 1450 228 1456 .
240 1437 271 1456 11.

294 221 356 252 638
486 216 583 244 ACTA
601 215 714 242 EEGNI
732 212 913 241 LUDEWIOI
932 212 979 239 IV.
998 212 1043 238 ΕΤ
1062 211 1247 238 FRIDERICI
1266 211 1315 238 111.
1352 210 1427 238 1323.
1463 210 1511 238 Nr.
1524 210 1584 237 819.
1601 209 1661 238 820.
1679 208 1739 237 821.

399 303 485 335 Nota
506 301 591 344 quod
613 311 671 332 rex
693 300 834 332 nobilem
853 300 955 330 virum
971 298 1158 330 Heinrioum
1182 297 1332 329 comitem
1357 296 1396 328 de
1413 295 1666 337 Woldenbereh,
1691 296 1746 337 qui
1769 295 1809 328 de
1833 299 1938 330 matre

293 366 349 387 sua
371 354 564 394 Hildeburgi
590 353 655 384 filia
684 351 871 383 marschalci
894 349 1073 391 Ioh(annis)
1097 348 1219 380 servilis
1243 347 1439 380 condicionis
1462 357 1573 379 servus
1595 347 1657 378 fuit
1678 346 1825 378 Heinrioi
1847 347 1940 380 ducis

293 406 554 445 Brfinswieensis‚
584 403 811 435 manumissum
837 411 896 443 per
919 401 1038 432 dictum
1066 400 1181 431 ducem
1205 399 1353 431 liberavit
1382 401 1415 431 et
1442 399 1513 431 iura
1539 399 1735 430 liberorum‘
1758 399 1853 440 plene
1876 398 1937 431 sibi

293 458 402 489 tribuit
425 467 483 498 per
504 459 616 494 totum,
640 455 720 486 sicut
741 454 963 495 progenitores
986 452 1034 483 sui
1057 451 1247 482 habuerunt.
1293 450 1398 492 Super
1420 451 1482 482 hoc
1505 450 1605 482 habet
1626 450 1761 482 litteras.

398 508 471 539 Dat.
492 506 578 548 apud
597 505 797 546 Niirenberg‚
820 504 928 535 XVII.
946 503 1082 535 Kalend.
1099 502 1299 543 Decembris,
1322 512 1405 534 anno
1428 501 1560 534 Domini
1575 501 1823 541 MOOCXXIII,
1846 502 1938 544 regni
1968 516 1982 537 s

293 570 368 591 Vssl'O
392 558 490 590 nOStl'i
513 568 595 589 anno
618 567 711 588 nono.

397 715 470 751 820.
507 711 760 758 QUITATIO
786 710 1155 748 CANCELLARII
1181 711 1352 749 SUPER
1375 711 1550 749 STURA
1572 711 1835 750 RECEPTA.

950 779 1057 815 1323.
1097 778 1190 815 Nov.
1215 779 1271 815 16.

400 872 557 912 Oriyinale
580 872 652 911 (or.)
676 871 710 902 in
732 870 889 902 tabulario
912 871 1051 902 civitatis
1076 870 1318 903 Wetelariensis.
1366 869 1546 910 Descripsit
1567 871 1608 904 E.
1633 870 1744 904 Wiese.
1789 871 1938 913 Siqillum

291 925 495 962 desideratur,
519 923 582 955 loro
604 922 835 954 membranaceo
857 921 972 960 relicto,
996 923 1048 953 cui
1067 922 1270 954 inscribitur:
1295 945 1403 954 .....
1426 922 1538 955 isehen
1557 923 1696 965 kuniges
1715 923 1872 956 caneeler.
1894 943 1936 948 —
1956 934 1982 954 ιο

290 977 352 1008 Ed.
375 975 595 1008 Winkelmann
618 975 710 1006 ‘Acta
732 974 857 1015 imperii
877 973 1014 1005 inedita'
1036 973 1086 1012 II,
1104 975 1166 1005 787
1187 983 1238 1007 nr.
1256 973 1340 1005 1124
1363 984 1401 1006 ex
1425 984 1469 1006 or.

401 1034 448 1074 Of.
472 1034 562 1076 infra
584 1034 627 1066 ad
647 1045 676 1065 a.
695 1034 788 1065 1324.
811 1034 902 1066 Febr.
920 1035 949 1066 8.

396 1121 468 1151 Wir
482 1120 626 1152 Herman
649 1131 710 1151 von
729 1119 939 1161 Liethinberg
962 1119 1019 1151 des
1038 1119 1213 1151 Romechin
1237 1120 1373 1162 kuniges
1389 1120 1585 1163 Ludowiges
1608 1122 1755 1154 canoeler
1775 1121 1939 1155 bekenuin

290 1172 355 1203 und
377 1172 531 1212 verjehen
552 1182 610 1202 uns
633 1171 803 1203 uffenliohe
826 1182 867 1202 an
890 1171 1012 1203 diseme
1035 1173 1292 1214 geginwurtigen
1318 1172 1447 1213 brieffe‚
1478 1172 1538 1204 daz
1560 1173 1619 1204 wir
1640 1183 1703 1205 von
1731 1173 1795 1205 den
1822 1173 1938 1206 erbern

289 1223 393 1263 luden,
418 1223 491 1254 dem
515 1246 546 1253 ..
570 1222 796 1263 sehultheizen,
821 1222 883 1254 den
906 1246 913 1253 .
931 1246 938 1254 .
962 1223 1115 1263 scheffen,
1140 1223 1215 1255 dem
1237 1223 1316 1255 raed
1340 1224 1426 1255 unde
1451 1224 1508 1256 der
1524 1223 1697 1266 gemeinde
1722 1224 1781 1256 der
1803 1225 1875 1257 stad
1898 1236 1938 1258 zu
1956 1233 1982 1254 u

288 1274 464 1305 Wetzfelar
487 1273 544 1304 der
566 1276 651 1304 sture
674 1273 737 1304 und
762 1274 819 1305 der
834 1274 941 1316 hetde,
966 1274 1018 1306 die
1042 1275 1088 1307 sie
1111 1285 1240 1307 unserm
1256 1279 1479 1317 vorgenanten
1501 1277 1618 1308 herren
1641 1276 1742 1319 kunig
1757 1276 1937 1319 Ludowige

287 1336 348 1357 von
365 1325 485 1357 diseme
501 1325 766 1367 geginwortigem
786 1327 857 1366 jare
874 1326 1021 1368 schuldig
1037 1337 1123 1358 ware
1143 1338 1182 1358 zu
1198 1327 1336 1369 gebene,
1359 1338 1418 1370 gar
1433 1327 1519 1360 unde
1536 1328 1738 1370 gentzeliche
1754 1328 1939 1371 gerichteht

285 1377 369 1409 unde
385 1380 505 1418 gewert
521 1377 577 1407 sin.
611 1376 705 1408 Unde
722 1378 813 1418 sagin
835 1378 881 1409 sie
899 1377 956 1409 der
971 1381 1191 1420 vorgenanten
1206 1382 1293 1411 sture
1312 1379 1377 1411 und
1394 1379 1492 1412 betde
1508 1391 1571 1411 von
1586 1390 1699 1411 unsers
1715 1384 1937 1422 vorgenanten

286 1429 400 1460 herren
422 1429 521 1469 kunig
536 1427 731 1470 Ludowiges
746 1429 851 1470 wegin
873 1429 963 1471 ledig
984 1429 1070 1461 unde
1093 1430 1162 1462 loes
1177 1441 1239 1462 von
1264 1434 1355 1462 sante
1371 1431 1506 1463 Martius
1522 1434 1609 1473 tage,
1634 1431 1692 1463 der
1707 1443 1750 1463 nu
1772 1434 1845 1464 nest
1858 1443 1936 1474 was,

287 1479 359 1511 ubir
385 1480 436 1510 ein
458 1482 551 1521 gantz
575 1480 634 1520 jar.
724 1481 771 1511 Zu
794 1480 957 1512 urohunde
982 1481 1030 1512 dis
1053 1481 1197 1523 brieffes,
1229 1482 1290 1514 den
1316 1483 1373 1514 wir
1394 1483 1428 1514 in
1451 1483 1510 1514 dar
1532 1483 1604 1514 ubir
1627 1483 1768 1526 gegebin
1790 1484 1855 1516 han
1877 1484 1938 1516 mit
1955 1495 1983 1515 ao

287 1541 414 1562 unserm
436 1531 591 1573 ingesigel
614 1532 776 1573 versigelt.

391 1582 459 1613 Der
486 1582 625 1624 gegebin
653 1583 694 1614 ist
722 1594 761 1614 zu
787 1583 1017 1623 Frankinford,
1048 1583 1089 1615 do
1119 1595 1193 1616 man
1223 1585 1306 1616 zalte
1335 1596 1399 1618 von
1423 1585 1544 1618 cristes
1573 1586 1709 1629 geburte
1740 1587 1857 1619 dusent
1884 1587 1938 1628 jar

287 1633 533 1664 druzinhundert
558 1635 610 1674 jar
636 1635 668 1665 in
696 1634 790 1666 deme
820 1634 1200 1677 druundezwenzegisten
1226 1637 1313 1677 jare,
1348 1647 1389 1668 an
1417 1637 1476 1670 der
1497 1637 1719 1670 Mittewuchin
1745 1639 1828 1671 nach
1856 1639 1937 1671 sand

288 1684 439 1716 Martines
462 1687 546 1726 tage.

382 1841 613 1888 821—823.
654 1841 968 1890 HOMAGIA
998 1846 1371 1892 CIVITATUM
1399 1846 1846 1894 LOMBARDIAE
1955 1821 1989 1883 ²⁵·
2029 1879 2032 1881 -

824 1913 905 1958 ET
939 1911 1397 1961 PEDEMONTIS.

782 1990 890 2027 1323.
918 1991 1005 2054 Dec.
1027 1992 1147 2028 14.—
1168 1992 1275 2028 1324.
1305 1993 1383 2028 Ian.
1406 1993 1439 2029 7.

399 2068 446 2106 Cf.
470 2080 568 2109 supra
589 2081 638 2102 nr.
657 2072 835 2104 752-756.

335 2164 419 2201 821.
459 2166 695 2204 Iuramentum
726 2169 873 2206 civitatis
899 2171 1100 2207 Laudensis
1129 2174 1260 2208 vicario
1280 2174 1500 2218 praestitum.
1598 2175 1708 2210 1323.
1736 2175 1891 2212 Dee.14.

401 2238 557 2279 Oriyinale
580 2243 651 2284 (or.)
680 2244 716 2275 in
745 2244 903 2277 tabulario
932 2248 1047 2277 secreto
1076 2246 1187 2278 domus
1216 2247 1320 2287 reyiae
1343 2246 1548 2286 Bawarieae,
1578 2248 1634 2280 ubi
1660 2249 1769 2281 statim
1791 2250 1936 2290 sequitur
1954 2258 1982 2279 ³0

294 2289 379 2327 infra
401 2299 451 2321 nr.
467 2291 538 2323 822.
576 2293 619 2324 In
634 2304 718 2326 verso
734 2294 861 2335 leyitur:
885 2296 1085 2339 Homagium
1109 2298 1228 2330 Novar.
1255 2302 1288 2330 et
1311 2298 1457 2330 Lauden.
1494 2299 1545 2331 Ab
1568 2300 1682 2332 eisdem
1704 2302 1841 2334 notariis
1863 2313 1938 2334 exa-

292 2343 365 2371 rata
386 2341 432 2372 vel
453 2343 667 2376 authenticam
693 2349 767 2378 sunt
794 2351 889 2388 atque
914 2349 1161 2381 instrumentum
1183 2360 1284 2390 supra
1306 2360 1357 2383 nr.
1375 2350 1447 2382 752.
1479 2369 1518 2373 —
1549 2351 1622 2384 Iam
1645 2352 1802 2385 edidimus
1824 2354 1939 2386 ‘Neues

294 2391 426 2423 Archiv'
449 2392 583 2432 XXIII,
609 2396 670 2426 329
692 2408 740 2429 nr.
756 2399 798 2429 48
821 2410 858 2431 ex
883 2410 928 2432 or.
977 2400 1067 2441 Quod
1088 2400 1140 2433 hie
1161 2401 1339 2441 repetimus.

399 2477 436 2508 In
458 2480 582 2511 nomine
605 2481 733 2513 Domini
756 2494 859 2516 amen.

400 2529 450 2559 Ad
479 2530 632 2563 honorem
664 2536 887 2576 omnipotentis
916 2537 979 2570 Dei
1010 2542 1042 2570 et
1071 2539 1167 2570 beate
1196 2539 1328 2580 virginis
1356 2539 1459 2571 Marie
1487 2541 1598 2572 matris
1628 2541 1697 2573 eius
1731 2545 1765 2574 et
1794 2543 1936 2575 omnium
1955 2551 1982 2571 ³⁵

294 2582 472 2611 sanctorum
496 2584 529 2612 et
551 2586 728 2616 sanctarum
744 2586 806 2618 Dei
830 2591 862 2619 et
885 2590 982 2621 totius
1006 2591 1092 2622 curie
1116 2591 1254 2622 celestis.
1292 2591 1386 2623 Anno
1403 2591 1534 2623 Domini
1557 2603 1576 2624 a
1598 2593 1766 2626 nativitate
1791 2594 1937 2627 eiusdem

294 2630 461 2662 millesimo
486 2635 706 2667 trecentesimo
730 2638 882 2678 vigesimo
907 2642 1015 2682 tertio,
1038 2641 1213 2674 indictione
1238 2643 1389 2684 septima,
1418 2643 1470 2675 die
1493 2644 1668 2676 Merohurii
1692 2645 1937 2687 quartodecimo

294 2682 410 2712 mensis
426 2681 624 2726 Decembris,
646 2686 678 2717 in
701 2689 963 2733 archiepiscopali
979 2693 1099 2734 palatio
1116 2694 1294 2725 Mediolani
1315 2695 1348 2725 in
1371 2694 1439 2726 sala
1462 2705 1519 2726 seu
1543 2696 1702 2728 caminata
1724 2707 1843 2739 magna
1859 2697 1937 2729 dieti

293 2732 413 2773 palatii,
436 2734 469 2764 in
485 2745 546 2776 quo
570 2736 687 2768 residet
708 2741 892 2780 magnificus
909 2743 1054 2775 dominus
1071 2745 1218 2777 dominus
1234 2745 1408 2778 Bertoldus
1429 2757 1538 2779 eomes
1555 2747 1594 2779 de
1611 2747 1718 2779 Niffen
1742 2749 1937 2781 serenissimi

383 2818 458 2845 819.
489 2819 512 2853 ²²)
531 2829 602 2847 orum
620 2823 647 2848 in
666 2824 719 2849 loeo
737 2834 796 2851 raso
815 2836 834 2852 e.
1953 2842 1982 2862 4⁰
