2190 3172
278 197 338 227 134
549 193 645 222 ACTA
665 193 779 220 REGNI
798 191 982 220 LUDEWICI
1001 191 1049 219 IV.
1068 190 1114 219 ET
1134 190 1319 218 FRIDERICI
1339 189 1388 217 111.
1426 189 1500 217 1314.
1537 187 1586 216 Nr'.
1601 188 1658 216 189.

504 352 600 396 139.
630 351 725 396 140.
765 349 1159 396 PRIVILEGIA
1187 326 1530 396 mmmm
1567 349 1698 396 PRO
1737 324 1739 326 ’

611 413 1150 461 ARCHIEPISCOPO
1180 413 1601 460 COLONIENSI.

944 490 1052 527 1314.
1093 490 1187 527 Nov.
1208 490 1269 528 27.

632 603 715 639 139.
758 602 935 638 Concessio
963 601 1171 638 teloneorum
1192 603 1306 648 prior.
1409 602 1494 638 Nov.
1514 605 1578 639 27.

389 676 549 717 Oriyirtale
572 676 648 719 (or.)
676 677 712 708 in
740 675 897 708 tabulario
924 677 1007 716 reyio
1030 675 1309 716 Dusseldorpiensi
1332 676 1489 708 ‘Kurko'ln
1513 677 1596 709 509³.
1645 678 1845 711 Contulimus
1866 690 1932 713 nos.
1964 698 1976 717 5

278 727 397 759 Pendet
418 727 558 768 siyillum
579 729 645 766 fere
670 727 812 759 illaesum
834 727 900 767 filis
922 728 1033 759 sericis
1054 728 1144 760 rubei
1167 727 1288 760 coloris.
1311 747 1354 751 —
1377 728 1636 761 Ed.'Lacomblet
1657 730 1935 764 ‘Urkundenbuch‘

277 780 348 817 III,
372 780 435 810 104
458 790 508 811 nr.
525 780 588 810 139
611 790 650 811 ex
672 790 718 811 or.
1270 781 1274 783 ’
1483 780 1485 782 ’
1665 779 1668 782 “
1687 779 1690 782 ’
1883 789 1885 791 ·

386 835 535 873 Bo'hmer,
558 835 631 875 Rey.
656 835 768 867 Lu'dw.
787 845 823 875 p.
839 835 905 866 292
927 834 1099 867 Friedrich
1121 844 1172 866 nr.
1188 835 1254 866 253
1276 835 1402 875 (Addit.
1419 836 1442 867 Ι
1435 837 1464 877 ).

390 890 441 932 (ΣΥ.
465 901 565 931 supra
587 901 636 923 nr.
653 890 695 921 25
719 901 790 931 cap.
808 892 827 922 1
850 893 879 923 et
902 891 931 922 4.

386 976 578 1008 Fredericus
601 976 665 1008 Dei
687 977 797 1019 gracia
819 975 1041 1008 Romanorum
1063 987 1123 1008 rex
1146 987 1274 1018 semper
1297 981 1451 1018 augustus
1517 980 1672 1011 universis
1695 981 1777 1012 sacri
1796 981 1936 1014 Romani
1953 995 1980 1015 10

278 1029 405 1070 imperii
428 1028 578 1060 fidelibus
666 1029 804 1060 salutem
829 1031 862 1059 et
884 1027 1162 1069 infrascriptorum
1186 1029 1426 1070 imperpetuum
1449 1039 1646 1071 cognoscere
1668 1033 1849 1068 veritatem.

387 1080 434 1122 (1)
457 1080 546 1112 Inter
568 1080 643 1119 alia,
667 1079 782 1121 quibus
805 1080 985 1112 maiestatis
1007 1082 1115 1111 nostre
1140 1079 1267 1111 culmen
1291 1080 1441 1122 refulget,
1466 1082 1657 1124 precipuum
1680 1088 1878 1126 reputamus,
1902 1090 1939 1118 ut

279 1133 323 1163 sic
352 1132 514 1174 principes
541 1135 667 1163 nostros
699 1134 733 1163 et
762 1131 844 1162 sacri
878 1131 1006 1172 imperii
1036 1134 1202 1172 tamquam
1229 1131 1418 1173 columpnas
1445 1135 1571 1165 nostras
1599 1134 1632 1165 in
1659 1135 1725 1166 suis
1751 1136 1874 1168 iuribus
1904 1141 1939 1170 et

278 1183 482 1215 libertatibus
505 1183 744 1222 confoveamus,
767 1185 803 1213 ut
827 1192 889 1223 quo
914 1182 1052 1223 amplius
1075 1182 1314 1224 confortantur,
1344 1186 1434 1215 tanto
1457 1184 1616 1217 firmiores
1644 1190 1677 1218 et
1700 1187 1882 1221 stabiliores
1905 1190 1939 1222 in

278 1235 394 1266 nostris
419 1238 452 1266 et
474 1235 555 1266 sacri
577 1234 705 1276 imperii
727 1234 931 1265 inveniantur
954 1233 1117 1275 obsequiis
1146 1237 1179 1265 et
1206 1235 1422 1276 promptiores
1446 1238 1600 1278 tempore
1623 1238 1826 1272 succedente.
1871 1240 1937 1272 Ea·
1957 1252 1982 1271 ιε

278 1290 412 1328 propter
439 1285 660 1317 venerabilem
686 1285 864 1317 Henricum
888 1284 1135 1317 Coloniensem⁸
1167 1285 1446 1328 archiepiscopum
1474 1288 1654 1330 principem
1678 1293 1711 1322 et
1733 1290 1940 1334 columpnam

278 1338 405 1379 imperii
440 1338 629 1379 precipuum
663 1337 696 1368 in
729 1337 794 1368 suis
828 1337 995 1378 cupientes
1030 1337 1147 1378 graciis
1182 1341 1215 1369 et
1241 1337 1377 1374 iuribus,
1413 1349 1476 1380 que
1506 1350 1526 1370 a
1554 1350 1645 1372 sacro
1673 1341 1822 1374 Romano
1850 1347 1940 1376 tenet

279 1389 434 1430 imperio,
465 1388 637 1420 confovere
667 1392 700 1420 et
726 1388 849 1430 pariter
878 1388 1037 1427 stabilire,
1061 1387 1102 1420 de
1131 1389 1310 1430 principum
1333 1392 1514 1421 nostrorum
1538 1391 1670 1424 consilio
1694 1393 1859 1426 theolonia
1882 1405 1940 1427 sua

281 1444 313 1472 et
337 1441 472 1472 ecclesie
501 1450 558 1471 sue
586 1440 618 1471 in
640 1440 851 1480 Andernaco,
874 1439 989 1471 Bunna
1013 1442 1047 1471 et
1069 1439 1202 1481 Nussia,
1230 1441 1305 1482 quia
1333 1441 1449 1473 eadem
1478 1441 1645 1475 theolonia
1670 1444 1732 1485 ipsi
1763 1448 1797 1477 et
1822 1446 1939 1488 prede-

280 1492 463 1524 cessoribus
490 1492 555 1523 suis
584 1494 617 1523 et
643 1491 780 1523 ecclesie
804 1491 990 1524 Coloniensi
1012 1502 1032 1523 a
1054 1493 1172 1523 nostris
1195 1492 1480 1534 predecessoribus
1503 1498 1536 1525 et
1558 1495 1695 1537 imperio
1724 1497 1756 1528 in
1777 1499 1936 1531 anteactis
1954 1509 1981 1530 no

280 1543 482 1585 temporibus
517 1546 590 1574 sunt
624 1542 743 1574 donata
778 1546 811 1574 et
845 1554 865 1574 a
899 1543 978 1575 sede
1014 1544 1194 1585 apostolica
1229 1544 1336 1576 eidem
1370 1545 1615 1588 archiepiscopo
1651 1550 1686 1579 et
1714 1548 1851 1580 ecclesie
1881 1561 1938 1583 sue

281 1595 466 1627 Coloniensi
489 1595 677 1626 confirmata
701 1598 734 1626 et
756 1595 938 1636 approbata
963 1598 996 1627 et
1019 1606 1081 1637 que
1105 1595 1271 1627 theolonia
1293 1596 1363 1638 ipse
1386 1599 1420 1628 et
1441 1596 1690 1638 predecessores
1713 1600 1762 1630 sui
1784 1599 1939 1634 hactenus

281 1650 470 1687 tenuerunt,
493 1646 722 1688 possederunt,
746 1650 957 1688 receperunt,
982 1652 1108 1688 tenere,
1132 1647 1299 1688 possidere
1323 1651 1356 1679 et
1377 1648 1523 1690 recipere
1547 1653 1795 1692 consueverunt,
1817 1652 1880 1694 ipsi
1907 1677 1913 1684 .
1932 1678 1939 1685 .

281 1699 525 1740 archiepiscopo
549 1698 787 1730 successoribus
811 1699 876 1730 suis
900 1702 933 1730 et
955 1699 1092 1730 ecclesie
1109 1698 1294 1731 Coloniensi
1317 1699 1516 1740 innovamus,
1540 1700 1624 1733 dono
1649 1701 1785 1734 damusb
1809 1707 1842 1734 et
1864 1714 1940 1736 con-

282 1751 446 1782 firmamus
481 1750 522 1781 ab
558 1750 675 1781 eodem
704 1750 963 1792 archiepiscopo,
993 1751 1058 1781 suis
1087 1751 1326 1782 successoribus
1356 1755 1389 1783 et
1418 1751 1556 1783 ecclesia
1579 1751 1765 1785 Coloniensi
1787 1755 1938 1796 tenenda,
1958 1764 1984 1784 2⁵

281 1802 469 1846 recipienda
491 1805 650 1844 perpetuo
675 1805 708 1834 et
729 1801 891 1833 habenda.
936 1801 988 1834 De
1017 1802 1183 1844 amplioris
1211 1811 1339 1844 quoque
1366 1803 1486 1835 favoris
1509 1803 1717 1845 plenitudine
1731 1806 1939 1839 concedendo

283 1854 399 1895 eidem,
424 1854 511 1895 quod
535 1853 651 1885 eadem
674 1853 840 1885 theolonia
863 1853 927 1885 duo
951 1857 1007 1885 aut
1028 1864 1128 1886 unum
1152 1864 1193 1886 ex
1216 1855 1273 1893 eis,
1296 1855 1323 1886 si
1346 1854 1408 1886 sibi
1423 1855 1601 1896 expediens
1617 1855 1787 1899 videbitur,
1811 1858 1853 1890 ad
1875 1859 1940 1891 alia
1974 1862 1980 1868 '

282 1907 354 1938 loca
383 1905 467 1938 infra
494 1906 648 1937 terminos
678 1905 854 1936 conductus
883 1906 930 1936 sui
954 1906 986 1937 in
1009 1905 1138 1937 Renum
1160 1908 1371 1947 transponere
1395 1906 1504 1938 valeat
1531 1910 1565 1938 et
1593 1907 1715 1940 ibidem
1738 1910 1940 1942 tantumdem

282 1958 428 1999 recipere
464 1957 504 1988 de
539 1957 602 1997 eis,
637 1957 718 1988 sicut
750 1957 782 1987 in
814 1956 893 1988 locis
927 1957 959 1987 in
988 1956 1104 1998 quibus
1137 1967 1220 1988 nunc
1254 1958 1364 1989 iacent
1394 1957 1436 1989 de
1467 1958 1589 1990 eisdem
1619 1960 1774 2001 recipitur
1807 1961 1839 1992 in
1866 1973 1940 2004 pre-

283 2009 375 2041 senti.
466 2010 511 2049 (2)
535 2009 693 2040 Preterea
716 2007 757 2039 de
780 2007 882 2039 tribus
905 2008 1088 2039 theoloneis
1104 2008 1288 2040 forensibus
1299 2010 1476 2050 perpetuis,
1497 2020 1559 2051 que
1575 2009 1663 2042 idem
1679 2011 1941 2055 archiepiscopus
1959 2022 1985 2042 ω

284 2070 322 2091 ac
351 2059 599 2101 predecessores
626 2060 676 2090 sui
704 2062 737 2090 et
765 2058 967 2091 coloniensis
997 2059 1134 2091 ecclesia
1161 2060 1193 2090 in
1225 2059 1326 2091 tribus
1356 2060 1461 2102 opidis
1489 2071 1544 2092 seu
1568 2061 1646 2093 locis
1670 2062 1821 2095 videlicet
1843 2064 1942 2106 Reys,

283 2112 419 2143 Xanctis
443 2114 476 2142 et
498 2110 608 2142 Berka
631 2110 806 2142 hactenus⁰
829 2111 963 2152 singulis
985 2112 1076 2142 annis
1099 2112 1195 2143 certis
1223 2115 1257 2143 et
1279 2112 1436 2144 distinctis
1458 2113 1657 2154 temporibus
1679 2114 1862 2147 habuerunt
1884 2126 1943 2148 seu

285 2163 407 2195 habere
431 2165 676 2203 consueverunt,
700 2172 742 2193 ex
765 2172 901 2204 quorum
924 2162 1128 2194 multitudine
1152 2173 1210 2195 seu
1233 2163 1419 2196 diversitate
1443 2167 1476 2196 et
1491 2165 1595 2196 eciam
1611 2166 1686 2207 quia
1701 2177 1942 2209 nonnumquam

285 2215 370 2246 ultra
393 2217 520 2255 tempus
544 2213 688 2244 debitum
711 2217 821 2254 preter
843 2214 1002 2246 iusticiam
1025 2214 1265 2256 recipiebantur
1287 2219 1321 2247 et
1342 2216 1548 2257 tenebantur,
1572 2221 1771 2249 mercatores
1793 2218 1826 2250 in
1848 2219 1942 2251 alveo

284 2267 369 2298 Reni
391 2266 533 2307 graviter
557 2265 850 2297 exaccionabantur
873 2269 906 2297 et
928 2265 1131 2307 ledebantm,
1147 2267 1180 2298 in
1195 2277 1292 2298 unum
1311 2270 1344 2299 et
1359 2267 1401 2298 ad
1416 2278 1514 2299 unum
1529 2268 1636 2300 locum
1653 2272 1776 2300 tantum
1791 2269 1941 2312 redigere
1960 2276 1988 2295 ³⁵

286 2318 440 2358 volentes,
465 2317 691 2357 ordinavimus,
716 2317 885 2348 statuimus
909 2320 942 2349 et
965 2317 1167 2350 decrevimus
1191 2318 1307 2350 eadem
1333 2318 1504 2350 theolonea
1527 2320 1668 2352 forensia
1690 2320 1777 2362 apud
1798 2320 1884 2363 Reys
1908 2326 1942 2354 et

285 2369 421 2401 Xanctis
444 2371 602 2410 perpetuo
635 2368 756 2400 debere
790 2378 916 2400 cessare
942 2378 1046 2410 eaque
1070 2379 1196 2401 exnunc
1226 2369 1266 2401 de
1289 2370 1389 2411 ipsius
1411 2370 1646 2413 archiepiscopi
1668 2376 1702 2403 et
1725 2372 1861 2404 ecclesie
1885 2384 1942 2405 sue

287 2431 444 2452 consensu
473 2430 663 2452 revocamus
698 2423 731 2452 et
764 2420 955 2462 deponimus
986 2420 1074 2452 nullo
1101 2432 1256 2463 umquam
1278 2424 1425 2464 tempore
1449 2426 1667 2464 resumptura,
1695 2427 1867 2466 receptura
1890 2425 1942 2457 vel

286 2472 437 2503 habitura
463 2472 496 2502 in
527 2471 619 2502 dictis
647 2471 725 2502 locis
754 2472 805 2503 vel
835 2472 943 2514 aliquo
974 2473 1160 2504 eorundem.
1208 2472 1431 2505 Concedentes
1460 2476 1493 2505 et
1522 2473 1679 2506 donantes
1707 2475 1814 2507 eidem
1837 2476 1942 2508 archi-

288 2524 456 2565 episcopo,
485 2523 722 2554 successoribus
751 2524 815 2554 suis
844 2527 877 2554 et
905 2523 1042 2555 ecclesie
1066 2534 1123 2555 sue
1153 2524 1184 2555 in
1208 2524 1321 2556 horum
1345 2535 1588 2566 recompensam
1613 2536 1709 2557 unum
1733 2526 1940 2558 theoloneum
1961 2536 1988 2555 ιο

286 2579 480 2617 perpetuum
509 2574 661 2606 videlicet
688 2578 826 2616 quatuor
854 2575 1057 2607 Turonenses
1085 2587 1214 2617 grossos
1243 2576 1402 2617 regalium
1428 2576 1468 2608 de
1497 2577 1641 2618 qualibet
1668 2581 1794 2609 carrata
1822 2579 1887 2610 vini
1910 2582 1944 2610 et

288 2628 332 2658 sic
366 2626 655 2668 proporcionaliter
689 2626 730 2657 de
764 2626 835 2657 aliis
869 2627 965 2658 rebus
997 2628 1028 2658 in
1063 2638 1198 2660 ascensu
1228 2631 1261 2659 et
1289 2628 1444 2660 descensu
1469 2628 1554 2660 Reni
1585 2629 1788 2671 recipiendos
1817 2640 1943 2662 exnunc

288 2679 418 2709 inantea
448 2677 536 2719 apud
564 2677 673 2708 Berke
702 2678 901 2719 temporibus
931 2679 1096 2720 perpetuis
1124 2680 1157 2710 in
1187 2679 1345 2719 futurum,
1373 2682 1469 2721 prout
1497 2681 1599 2711 eciam
1623 2680 1872 2722 predecessores
1895 2682 1943 2712 sui

289 2728 435 2771 Syfridus
460 2733 493 2760 et
509 2728 744 2760 Wickeboldus
768 2729 977 2762 Colonienses
999 2731 1234 2772 archiepiscopi
1256 2728 1360 2772 ipsum
1385 2731 1591 2763 theoloneum
1609 2733 1771 2773 preteritis
1786 2734 1941 2774 tempori-

392 2806 456 2833 139.
484 2807 507 2839 ³)
528 2825 533 2832 .
548 2826 554 2832 .
573 2808 635 2833 add.
655 2815 693 2833 or.
780 2807 805 2839 b)
825 2808 982 2833 donodamus
1001 2816 1039 2834 or.
1129 2808 1152 2839 e)
1171 2808 1265 2834 abhinc
1283 2814 1379 2835 minato
1399 2809 1457 2835 stilo
1476 2818 1513 2834 or.
1960 2817 1986 2836 45
