2190 3172
264 231 326 262 324
502 227 599 254 ACTA
617 225 730 253 REGNI
749 223 933 252 LUDEWICI
953 222 999 249 IV.
1018 221 1064 249 ET
1082 219 1267 248 FRIDERICI
1286 219 1334 246 ΙΙΙ.
1372 219 1446 246 1317.
1482 217 1532 245 Nr.
1545 216 1604 244 386.
1622 216 1682 244 387.

339 356 413 392 386.
447 353 713 390 LITTERAE
741 348 1029 388 FRIDERICI
1051 349 1128 385 AD
1153 345 1458 385 CIVITATEM
1482 343 1838 381 TERVISINAM.

955 414 1063 449 1317.
1101 413 1178 448 Ian.
1201 412 1234 447 5.

377 508 475 548 Copia
499 507 557 550 (c.)
581 508 616 538 in
639 505 803 538 ‘Raceozta
818 505 932 537 Scotti’
956 507 1026 536 tom.
1052 503 1082 535 V
1097 513 1129 543 ρ.
1149 504 1214 534 357
1236 501 1435 533 bibliothecae
1452 500 1645 532 Tervisinae.
1670 518 1711 522 —
1739 498 1800 530 Ed.
1825 497 1917 530 Verci

265 560 382 592 ‘Storia
404 559 487 591 della
509 568 619 590 marca
646 557 845 597 Triviyiana’
876 556 978 594 VIII,
1002 556 1045 586 46
1071 565 1120 586 nr.
1138 555 1202 585 828
1230 564 1268 585 ex
1291 564 1318 585 c.
1372 552 1554 584 Editionem
1576 551 1747 591 repetimus
1773 549 1825 581 hie
1850 548 1917 581 illio

265 614 443 644 correctam.
1950 615 1962 635 5

373 665 520 702 Bc'hmer,
545 663 620 704 Rey.
638 663 750 695 Ludw.
770 673 803 704 p.
823 664 886 694 170
911 661 1077 694 Friedrich
1099 671 1149 692 nr.
1166 661 1217 692 98.

377 722 426 760 Cf.
450 730 551 759 supra
572 730 622 751 nr.
639 720 703 750 363
725 721 755 750 et
777 718 850 750 364.

372 793 555 825 Fridericus
588 791 652 823 Dei
685 791 790 832 gratia
825 791 1043 822 Romanorum
1082 800 1141 822 rex
1174 799 1303 831 semper
1337 792 1493 830 augustus
1602 786 1812 829 prudentibus
1845 785 1921 817 viris

265 846 433 888 potestati,
468 843 619 882 antianis,
654 841 802 882 consilio,
836 842 963 873 comuni
997 845 1030 873 et
1057 841 1178 883 populo
1209 840 1418 882 Tar(visine),
1452 841 1517 872 suis
1551 842 1585 871 et
1615 839 1743 880 imperii
1771 836 1922 869 fidelibus

266 897 393 928 dilectis
481 894 619 936 gratiam
642 903 733 924 suam
757 896 790 924 et
813 903 906 924 omne
930 893 1060 924 bonum.
1941 903 1967 922 ιο

373 947 560 978 Insinuante
583 947 692 976 nostro
716 944 847 975 culmini
869 945 979 975 inclita
1007 947 1044 975 et
1065 943 1213 985 preclara
1235 942 1411 974 Catharina
1439 942 1583 974 ducissa·
1608 941 1758 973 Oalabrie
1786 938 1921 982 soror[e]

265 1002 375 1030 nostra
409 998 574 1029 carissima
611 996 727 1027 litteris
765 996 966 1036 aliorumque
1004 997 1184 1026 nostrorum
1226 993 1432 1025 familiarium
1470 996 1503 1025 et
1540 992 1684 1025 fidelium
1724 991 1922 1034 presentium

266 1050 436 1081 didicimus
466 1059 507 1080 ex
530 1048 648 1087 relatu,
683 1046 770 1088 quod
793 1047 939 1088 predicte
963 1046 1064 1078 sorori
1086 1048 1194 1077 nostre
1218 1048 1341 1076 vestros
1363 1044 1541 1076 transeunti
1565 1044 1727 1075 districtus
1750 1042 1923 1075 curialibus
1968 1056 1971 1058 >

266 1100 514 1139 curialitatibus,
538 1098 713 1130 honoribus
736 1098 919 1129 honorificis
941 1098 1115 1138 multisque
1139 1097 1210 1128 aliis
1233 1097 1388 1127 virtutum
1411 1099 1445 1127 et
1466 1096 1654 1127 solatiorum
1676 1094 1802 1126 indiciis
1824 1094 1923 1125 fidem

267 1162 305 1184 ac
336 1152 543 1182 dilectionem
567 1149 743 1189 vestra-amb,
775 1159 856 1191 quas
885 1149 927 1180 ad
955 1159 1014 1180 nos
1043 1148 1186 1188 habetis,
1215 1150 1251 1178 ut
1277 1150 1369 1189 patet
1396 1148 1430 1178 in
1455 1146 1600 1188 pluribus
1629 1146 1834 1187 coniecturis,
1866 1156 1923 1177 vos
1944 1159 1967 1178 ιε

267 1203 452 1235 ostendistis
475 1201 651 1233 affectuose
679 1201 786 1241 operis
816 1201 848 1230 in
872 1200 1000 1231 effectu.
1046 1199 1152 1240 Super
1180 1208 1243 1239 quo
1271 1201 1378 1230 vestre
1401 1198 1577 1229 sinceritati
1607 1197 1725 1229 eximie
1748 1198 1925 1239 gratiarum

267 1254 436 1286 referimus
459 1252 688 1294 multiplicatas
711 1252 871 1291 actiones,
902 1250 1048 1282 volentes
1071 1249 1191 1281 abinde
1214 1250 1246 1280 in
1270 1249 1434 1291 omnibus,
1464 1260 1526 1291 que
1549 1251 1692 1280 vestrum
1713 1248 1871 1280 honorem
1893 1251 1927 1280 et

268 1305 441 1336 comodum
464 1303 650 1345 respiciunt,
673 1302 809 1334 inveniri
825 1301 976 1341 benivoli,
999 1301 1139 1333 ultronei
1163 1303 1196 1332 et
1218 1301 1334 1342 parati.
1378 1299 1422 1332 Et
1443 1303 1479 1331 ut
1501 1299 1614 1332 avide⁰
1629 1299 1776 1331 aviditati
1798 1298 1927 1331 vestre‘l

266 1357 300 1388 in
322 1359 504 1387 nostrorum
537 1354 679 1385 felicium
703 1364 910 1385 successuum
933 1353 1158 1395 prosperitatis
1185 1351 1351 1383 auditione
1380 1351 1542 1383 sitibunde
1569 1351 1754 1393 aliqualiter
1782 1350 1927 1392 satisfiat,

267 1407 359 1439 vobis
389 1406 431 1438 ad
453 1405 608 1448 gaudium
631 1406 835 1445 nunciamus,
868 1404 955 1445 quod
980 1405 1123 1436 omnium
1145 1404 1288 1445 regentis
1311 1404 1418 1445 gratia
1440 1406 1550 1435 nostra
1581 1406 1615 1435 et
1642 1403 1770 1445 imperii
1797 1402 1928 1444 negotia
1946 1412 1974 1433 ὀ

268 1469 326 1491 sue
353 1458 495 1500 potentis
522 1458 647 1489 virtutis
675 1457 820 1499 potentia
850 1456 969 1498 ubique
992 1455 1215 1497 potentialiter
1247 1465 1283 1486 se
1311 1454 1497 1496 disponunt,
1532 1455 1577 1486 sic
1611 1453 1698 1496 quod
1726 1453 1838 1486 nobiae
1872 1463 1927 1485 sua

267 1510 503 1553 propiciatione
534 1509 674 1551 propitia
702 1509 816 1540 virium
846 1518 941 1550 posse
971 1508 1062 1540 iuxta
1090 1507 1191 1538 nostri
1214 1506 1368 1538 desiderii
1390 1506 1542 1538 affectum
1571 1507 1657 1538 circa
1678 1504 1932 1547 protectionem¹

267 1573 331 1594 non
362 1562 466 1593 solum
496 1561 640 1592 fidelium
674 1561 707 1591 in
740 1561 810 1591 istis
837 1559 998 1601 partibus,
1034 1569 1145 1590 verum
1174 1559 1273 1590 etiam
1307 1558 1340 1589 in
1368 1559 1488 1593 vestri⁸
1516 1558 1592 1590 boni
1620 1561 1722 1589 status
1745 1557 1928 1595 essentiam,

269 1615 387 1656 quietis
411 1613 548 1645 comoda
572 1617 604 1645 et
626 1613 715 1654 pacis
739 1612 988 1654 pulcritudinem
1012 1611 1165 1653 consequi
1188 1621 1246 1642 nos
1268 1621 1446 1652 speramus.

377 1665 475 1697 Dath
500 1664 655 1705 Scaffuse,
679 1664 761 1696 Non.
786 1663 967 1706 Ian(uarii),
991 1663 1083 1705 regni
1106 1662 1206 1694 nostri
1229 1672 1312 1693 anno
1335 1662 1445 1693 tercio.
1945 1668 1971 1688 25

448 1849 523 1885 387.
558 1847 804 1884 EIUSDEM
826 1844 1095 1883 RECEPTIO
1123 1843 1348 1882 COMITIS
1376 1843 1447 1879 DE
1472 1840 1750 1881 COLLALTO

848 1902 909 1938 IN
933 1899 1352 1939 CONSILIARIUM.

965 1965 1073 2000 1317.
1114 1964 1192 2000 Ian.
1214 1964 1248 2000 5.

384 2057 545 2098 Oriyinale
560 2056 767 2096 deperditum.
791 2074 834 2078 —
857 2055 920 2087 Ed.
933 2054 1073 2087 Biihmer
1093 2056 1187 2086 ‘Acta
1201 2054 1327 2094 imperii
1341 2052 1464 2085 selecta’
1482 2063 1516 2093 p.
1528 2052 1593 2084 472
1607 2063 1656 2084 nr.
1671 2054 1734 2083 673
1749 2051 1794 2083 ad
1808 2051 1931 2091 copiam

273 2120 294 2141 α
310 2108 498 2148 Ghlumecky
513 2110 549 2139 ut
564 2107 689 2139 videtur
704 2117 742 2138 ex
757 2107 936 2147 apoyrapho
952 2117 1031 2138 saec.
1043 2106 1119 2138 XV.
1136 2106 1290 2138 tabularii
1299 2105 1460 2146 principis
1475 2105 1513 2137 de
1527 2104 1657 2137 Collalto
1667 2104 1678 2124 ¹
1697 2105 1761 2135 iam
1773 2103 1931 2135 Brumae
1949 2114 1975 2134 ³0

274 2160 429 2192 asservati
449 2160 582 2200 frictam.
627 2158 808 2190 Editionem
830 2159 1009 2198 repetimus.

382 2215 531 2252 Biihmem
554 2214 630 2253 Req.
648 2214 761 2246 Ludw.
782 2224 815 2253 p.
831 2215 896 2245 384
919 2214 1088 2246 Friedrich
1110 2224 1160 2245 nr.
1177 2213 1243 2244 338
1265 2213 1392 2254 (Addit.
1410 2212 1497 2253 III).

391 2269 439 2309 Cf.
463 2269 556 2311 infra
579 2269 623 2300 ad
643 2279 673 2301 α.
690 2269 784 2300 1318.
809 2269 904 2300 Febr.
920 2269 972 2301 20.

383 2342 567 2374 Fridericus
588 2342 651 2373 Dei
675 2343 779 2383 gratia
796 2342 1015 2374 Romanorum
1039 2352 1098 2374 rex
1122 2351 1250 2384 semper
1273 2343 1429 2382 augustus
1516 2340 1673 2371 universis
1696 2340 1779 2371 sacri
1794 2339 1934 2371 Romani

275 2396 403 2437 imperii
426 2393 587 2433 fidelibus,
611 2393 653 2424 ad
677 2404 756 2435 quos
779 2397 946 2435 presentes
969 2394 1176 2435 pervenerint
1264 2393 1402 2434 gratiam
1425 2402 1517 2423 suam
1541 2394 1574 2423 et
1597 2401 1691 2423 omne
1715 2391 1845 2422 bonum.
1951 2401 1976 2421 ³5

385 2446 466 2477 Cum
489 2455 547 2476 nos
569 2444 712 2476 nobilem
732 2445 835 2476 virum
851 2445 1068 2476 Rambaldum
1092 2445 1243 2476 comitem
1268 2444 1308 2476 de
1326 2443 1453 2475 Oolalto
1476 2445 1619 2474 nostrum
1645 2445 1678 2474 et
1699 2443 1827 2484 imperii
1850 2442 1933 2484 fide-

277 2498 432 2529 lissimum
456 2497 645 2528 servitorem
667 2499 800 2538 propter
822 2497 922 2538 ipsius
946 2500 1047 2538 grata.
1071 2496 1182 2528 fidelia
1204 2499 1237 2528 et
1259 2495 1437 2527 laudabilia
1460 2494 1552 2526 nobis
1576 2498 1608 2526 et
1629 2495 1745 2525 nostris
1767 2494 1934 2536 hucusque

277 2550 423 2590 impensa
454 2547 610 2589 obsequia
640 2550 673 2579 et
701 2548 832 2579 inantea
862 2547 1025 2579 efficacius
1047 2547 1265 2589 impendenda
1294 2547 1327 2578 in
1353 2549 1496 2577 nostrum
1523 2547 1722 2587 presentium
1749 2545 1934 2577 testimonio

277 2600 457 2631 litterarum
472 2600 690 2640 receperimus
707 2599 921 2630 consiliarium
939 2599 1151 2631 domesticum
1175 2602 1208 2630 et
1223 2599 1422 2638 servitorem,
1446 2598 1591 2629 volentes
1614 2598 1719 2639 ipsum
1742 2607 1815 2629 cum
1837 2596 1935 2629 rebus

279 2655 313 2683 et
335 2651 457 2683 familia
480 2650 633 2682 videlicet
662 2651 763 2681 nostri
791 2653 825 2682 et
848 2651 930 2682 sacri
952 2650 1092 2682 Romani
1115 2651 1243 2692 imperii
1265 2651 1466 2692 protectione
1489 2650 1600 2691 vigere
1629 2652 1663 2680 et
1684 2649 1787 2680 tutela
1809 2659 1935 2681 necnon
1952 2658 1979 2678 ιο

382 2726 449 2754 886.
478 2729 501 2759 ἃ)
520 2727 642 2752 duchissa
654 2727 693 2753 ed.
769 2726 794 2758 b)
813 2727 872 2752 fidei
885 2736 915 2753 ac
927 2728 1058 2753 dilectioni
1070 2732 1154 2754 vestre
1167 2728 1206 2754 ed.
1278 2727 1301 2759 ⁰)
1320 2736 1352 2753 av
1365 2728 1390 2753 di
1402 2728 1441 2753 ed.
1513 2726 1537 2760 d)
1557 2731 1643 2753 vestra
1655 2727 1695 2754 ed.
1766 2726 1789 2760 ο)
1808 2727 1882 2753 vobis
1894 2727 1934 2753 ed.

278 2770 299 2804 f)
318 2771 519 2804 procreationem
538 2771 576 2796 ed.
666 2770 690 2802 Β)
709 2771 802 2795 vestris
820 2771 859 2796 ed.
948 2770 973 2803 h)
993 2772 1062 2796 Data
1079 2771 1118 2797 ed.

385 2830 409 2863 1)
430 2829 471 2862 Cf.
489 2829 646 2864 Chlumecky
666 2829 728 2856 ‘Die
748 2829 877 2864 Reqestert
896 2829 943 2856 der
962 2830 1072 2857 Aram-e
1089 2830 1126 2856 im
1144 2830 1383 2865 Markyrafthume
1400 2829 1531 2856 Mdhren'
1550 2829 1571 2856 I
1583 2829 1670 2863 (1856)
1688 2837 1714 2863 p.
1727 2833 1775 2856 221
1796 2837 1839 2856 nr.
1852 2833 1889 2856 16.
