2190 3172
461 190 556 219 ACTA
574 190 687 218 REGNI
705 189 889 218 LUDEWICI
907 188 954 217 lv.
973 188 1018 216 ΕΤ
1038 188 1222 218 FRIDERICI
1241 189 1289 219 111.
1327 190 1400 218 1317.
1437 190 1486 219 Nr.
1497 191 1557 219 450.
1575 191 1634 219 451.
1810 193 1871 224 373

222 279 457 321 comprincipes
480 278 625 319 facimus,
650 278 791 321 ipsorum
814 287 872 310 eos
893 275 1106 309 asscribentes
1129 287 1263 310 numero
1287 281 1319 310 et
1341 277 1510 320 participio
1534 278 1708 320 participes
1728 282 1872 310 statuen-

222 333 280 362 tes.
370 329 577 373 Quapropter
598 329 660 362 hoc
683 328 789 362 edicto
811 327 958 361 volumus
986 328 1077 371 regio
1107 332 1140 361 et
1163 330 1350 371 sanctimus,
1378 332 1414 361 ut
1440 329 1528 362 idem
1550 329 1738 371 Reynaldus
1764 333 1873 361 noster

221 381 358 414 dilectus
380 382 529 424 princeps
552 382 665 424 suique
687 384 725 413 ιιι
743 380 940 424 premittitur
954 378 1093 412 heredes
1109 380 1278 424 privilegio
1301 381 1333 413 in
1350 380 1498 413 omnibus
1513 381 1692 423 principum
1708 381 1873 423 gaudeant

223 436 257 465 et
278 436 422 474 utantur,
449 433 482 465 in
504 433 642 465 monetis
665 431 829 475 videlicet,
859 430 1017 464 theloneis
1044 434 1077 464 et
1103 431 1289 465 officialium
1317 433 1560 473 constitutione,
1590 436 1685 475 prout
1712 433 1872 475 principes

192 499 203 518 ι
222 484 379 518 condecet
401 487 434 517 et
457 487 506 517 est
528 485 641 525 moris,
670 494 794 516 necnon
818 483 1070 527 quibuscumque
1105 484 1177 516 aliis
1206 484 1328 517 iuribus
1354 484 1486 517 indultis
1508 483 1705 526 principibus
1733 488 1767 516 et
1796 495 1871 516 con-

222 537 330 568 cessis.
368 536 420 569 Ita
442 539 478 568 ut
499 536 561 578 ipsi
584 546 604 568 a
626 536 742 568 nostris
764 539 1010 578 nostrorumque
1037 535 1070 567 in
1092 536 1228 578 imperio
1252 546 1472 569 successorum
1495 536 1702 578 sceptrigeris
1725 536 1873 568 manibus

222 587 300 620 dicti
322 588 518 631 principatus
541 587 732 630 dignitatem
759 598 831 620 cum
857 586 979 620 iuribus
1006 586 1068 619 sibi
1094 588 1229 619 annexis
1256 599 1315 630 per
1337 588 1450 631 viginti
1471 587 1664 620 vexillorum
1687 587 1872 631 sollempni-

221 642 323 672 tatem
346 642 379 671 et
401 642 593 682 apparatum
617 649 792 682 congruum
814 639 976 682 suscipere
1000 638 1142 671 debeant
1164 639 1360 673 festivanter.
1399 639 1591 672 Mandantes
1606 639 1697 672 vobis
1716 640 1873 672 universis

222 693 256 724 et
277 690 410 733 singulis
436 693 544 723 nostre
574 691 677 733 gratie
707 691 766 723 sub
798 690 948 732 obtentu,
981 694 1018 723 ut
1049 691 1136 733 ipsos
1165 694 1330 734 tamquam
1358 695 1485 724 nostros
1518 695 1552 724 et
1582 692 1708 734 imperii
1737 691 1872 724 dilectos

180 756 206 778 ιο
221 742 383 785 principes
406 743 536 775 inantea
559 742 706 775 habeatis
735 746 768 775 et
791 742 912 775 honore
936 742 1110 775 honorifico
1133 742 1351 786 impendendo
1375 742 1572 786 principibus
1595 753 1669 775 cum
1692 744 1873 776 reverentia

221 793 396 833 honoretis.
488 793 527 826 In
561 794 650 826 cuius
677 795 725 826 rei
752 794 971 827 testimonium
1000 797 1169 837 presentes
1202 795 1327 827 litteras
1361 795 1457 827 scribi
1491 798 1525 827 et
1557 798 1666 827 nostre
1696 795 1873 827 maiestatis

221 845 326 887 sigillo
350 844 499 877 iussimus
522 846 720 878 communiri.

330 904 404 938 Dat.
424 905 576 946 Wienne,
600 905 673 938 Kal.
690 906 843 948 Augusti,
868 916 951 938 anno
973 906 1104 939 Domini
1126 905 1297 939 millesimo
1322 906 1547 939 trecentesimo
1572 905 1699 938 decimo
1723 907 1872 950 septimo,

221 957 312 1000 regni
335 967 412 991 vero
436 958 535 990 nostri
558 967 641 989 anno
665 958 775 990 tercio.

180 1123 205 1145 u
600 1107 688 1145 451.
729 1107 951 1153 Confirmatio
973 1107 1247 1154 privilegiorum.
1352 1108 1441 1153 Auq.
1460 1109 1494 1144 1.

333 1181 493 1223 Oriyinale
519 1181 594 1224 (or.)
623 1181 747 1214 ibidem.
799 1181 919 1215 Pendet
948 1181 1087 1223 siqillum
1115 1181 1182 1223 fere
1211 1181 1354 1214 illaesum
1382 1181 1448 1223 filis
1476 1182 1586 1214 sericis
1615 1181 1705 1214 rubei
1736 1181 1874 1223 flavique

222 1233 342 1267 coloris.
379 1234 423 1267 In
442 1244 527 1267 verso
546 1233 674 1275 leqitur:
696 1234 899 1267 confirmacio
915 1233 952 1267 F.
969 1235 1055 1277 regis
1078 1233 1120 1266 ad
1143 1234 1259 1267 omnia.
1283 1251 1326 1258 —
1349 1233 1421 1266 Iam
1435 1233 1594 1266 edidimus
1609 1233 1724 1266 ‘Neues
1738 1233 1873 1266 Archiv’

222 1285 360 1324 XXIII,
381 1286 444 1318 321
467 1295 516 1318 nr.
533 1287 576 1317 43
597 1296 636 1318 ex
658 1296 703 1318 or.

330 1345 477 1385 B5hmer,
500 1345 577 1387 Req.
593 1346 706 1379 Dudw.
724 1356 761 1387 p.
776 1346 842 1378 332
863 1345 1032 1379 Friedrich
1054 1356 1104 1379 nr.
1119 1345 1186 1378 277
1207 1345 1334 1387 (Addit.
1351 1344 1416 1384 ΙΙ).

179 1452 206 1473 2„
330 1431 513 1464 Fridericus
536 1431 599 1464 Dei
622 1433 727 1475 gratia
745 1432 965 1465 Romanorum
988 1442 1047 1464 rex
1070 1442 1200 1474 semper
1222 1435 1377 1474 augustus
1458 1430 1614 1463 universis
1636 1431 1719 1463 sacri
1736 1431 1874 1463 Romani

221 1484 348 1528 imperii
371 1483 521 1516 fidelibus
543 1487 711 1527 presentes
734 1484 858 1516 litteras
881 1484 1071 1527 inspecturis
1159 1484 1298 1526 gratiam
1321 1493 1413 1515 suam
1436 1486 1470 1515 et
1492 1493 1587 1514 omne
1610 1482 1741 1514 bonum.

330 1536 463 1569 Totiens
496 1538 586 1579 regie
616 1535 814 1568 celsitudinis
847 1539 1010 1578 sceptrum
1044 1535 1208 1568 extollitur
1243 1535 1339 1567 altius
1380 1538 1413 1567 et
1450 1534 1550 1576 ipsius
1584 1537 1685 1566 status
1718 1534 1875 1567 solidatur

222 1587 369 1629 solidius,
399 1588 547 1630 quotiens
569 1587 713 1620 fidelium
736 1588 927 1620 devotorum
949 1591 1026 1619 vota
1047 1587 1187 1630 benigno
1214 1587 1426 1629 respiciuntur
1453 1585 1572 1618 affectu
1602 1589 1636 1618 et
1663 1585 1705 1618 ad
1731 1586 1874 1628 ipsorum

222 1640 292 1672 iura
315 1643 348 1672 et
370 1639 491 1682 gratias
513 1639 687 1671 servandas
709 1639 851 1682 gratiosa.
874 1639 1033 1681 protectio
1057 1638 1209 1681 principis
1231 1638 1400 1670 invenitur.
1439 1637 1520 1670 Cum
1544 1638 1630 1670 enim
1653 1638 1756 1670 omnis
1771 1637 1874 1681 gloria

179 1705 205 1727 a
223 1691 291 1724 sive
314 1691 511 1734 principatus
534 1691 680 1733 potentia
706 1691 738 1722 in
766 1690 968 1723 subditorum
996 1691 1150 1733 precipue
1179 1690 1332 1722 consistat
1354 1689 1493 1722 solidata
1515 1689 1664 1730 fortunis,
1694 1689 1874 1732 expediens

223 1742 416 1775 arbitramur
440 1746 473 1775 et
495 1743 691 1783 condecens,
720 1745 757 1774 ut
783 1743 882 1774 simus
905 1742 1056 1775 subiectis
1080 1746 1113 1775 et
1135 1743 1167 1774 in
1190 1742 1317 1774 iusticia
1339 1742 1452 1774 faciles
1475 1745 1509 1774 et
1530 1742 1563 1773 in
1585 1741 1689 1784 gratia
1712 1741 1873 1774 liberales.

223 1795 379 1828 Noverint
408 1795 506 1837 igitur
528 1794 683 1833 universi,
718 1794 805 1836 quod
833 1805 892 1826 nos
919 1794 1043 1836 integre
1073 1793 1150 1826 fidei
1172 1794 1346 1836 puritatem
1377 1796 1411 1826 et
1438 1793 1561 1825 sincere
1590 1792 1770 1826 devotionis
1797 1803 1873 1825 con·

223 1847 388 1888 stantiam,
416 1846 532 1889 quibus
558 1846 692 1879 illustris
713 1846 902 1888 Reynaldus
926 1856 1035 1878 comes
1059 1845 1169 1878 Gelrie
1197 1845 1347 1888 princeps
1373 1848 1482 1878 noster
1503 1845 1692 1877 karissimus
1715 1855 1793 1887 erga
1815 1855 1873 1877 nos

223 1902 258 1932 et
279 1908 404 1931 sacrum
419 1897 602 1930 Romanum
618 1898 790 1940 imperium
813 1898 946 1930 sinceris
970 1901 1003 1929 et
1025 1896 1242 1929 laudabilibus
1257 1897 1372 1929 claruit
1387 1895 1523 1935 actibus,
1546 1895 1702 1928 hactenus
1724 1896 1874 1939 gratiosis

179 1965 206 1986 ω
224 1950 324 1983 oculis
346 1950 518 1990 intuentes,
542 1949 782 1982 considerantes
805 1959 934 1992 quoque
958 1949 1139 1992 benignius,
1163 1959 1259 1992 quam
1274 1951 1368 1991 grata
1384 1958 1545 1991 quamque
1562 1947 1725 1980 fmctuosa
1740 1948 1873 1980 nimium

224 2004 258 2035 et
293 2005 428 2044 accepta
465 2001 539 2034 dive
573 2001 805 2034 recordationis
842 2001 959 2033 nostris
993 2000 1252 2044 progenitoribus
1288 2003 1321 2033 et
1355 1999 1638 2043 predecessoribus
1671 2000 1703 2031 in
1736 2000 1872 2042 imperio

222 2053 382 2096 impendit
404 2053 562 2096 obsequia
595 2057 629 2086 et
656 2053 762 2086 adhuc
790 2052 979 2096 impendere
1008 2053 1129 2095 poterit
1153 2053 1312 2095 gratiora,
1346 2051 1472 2084 devotis
1498 2052 1563 2084 suis
1585 2051 1873 2094 supplicationibus

222 2105 421 2148 benignitate
445 2105 540 2137 solita
563 2108 741 2138 annuentes
767 2115 805 2137 ac
829 2105 974 2137 volentes
1004 2105 1070 2136 suis
1096 2104 1186 2136 iustis
1209 2103 1419 2146 petitionibus
1446 2107 1513 2135 tam
1537 2102 1711 2145 benignum
1735 2102 1872 2145 prebere

223 2167 427 2199 consensum,
456 2156 543 2200 quod
573 2167 632 2189 sua
659 2156 778 2189 devota
800 2155 940 2189 fidelitas
970 2159 1004 2188 et
1030 2155 1135 2188 fidelis
1162 2155 1291 2188 devotio
1318 2155 1509 2198 promptiori
1531 2154 1638 2187 studio
1662 2154 1704 2187 ad
1727 2165 1781 2195 ea,
1810 2165 1873 2197 que

180 2221 208 2243 u
223 2209 353 2242 honoris
375 2212 449 2242 sunt
470 2209 597 2251 imperii
620 2211 718 2251 atque
744 2209 863 2246 nostri,
896 2207 1143 2241 ferventioribus
1171 2207 1285 2240 animis
1311 2217 1346 2239 se
1371 2206 1532 2249 disponat,
1564 2207 1671 2239 omnia
1694 2206 1872 2249 privilegia,

223 2260 308 2301 iura,
338 2259 524 2302 libertates,
557 2260 781 2293 concessiones
811 2263 845 2292 et
866 2259 987 2302 gratias
1013 2259 1074 2291 sibi
1103 2269 1123 2291 a
1150 2259 1266 2291 nostris
1288 2258 1572 2302 predecessoribus
1594 2258 1710 2290 inclitis
1733 2258 1872 2301 impera-

224 2311 346 2345 toribus
368 2315 401 2344 et
423 2311 554 2354 regibus
576 2310 797 2344 Romanorum
820 2311 998 2343 illustribus
1021 2310 1155 2343 traditas
1188 2314 1222 2343 et
1249 2310 1389 2343 indultas
1411 2311 1613 2351 innovamus,
1643 2309 1872 2352 approbamus,

224 2363 418 2396 ratificamus
446 2366 479 2396 et
506 2363 664 2406 presentis
691 2363 799 2406 scripti
828 2363 1005 2405 patrocinio
1034 2363 1275 2395 communimus.
1323 2362 1412 2394 Nulli
1445 2372 1524 2404 ergo
1551 2362 1679 2394 omnino
1707 2361 1872 2394 hominum

225 2415 338 2457 liceat,
370 2415 452 2447 hanc
474 2419 582 2447 nostre
605 2415 834 2456 innovationis,
864 2415 1120 2457 approbationis,
1148 2414 1368 2447 ratificationis
1395 2418 1429 2446 et
1451 2413 1699 2446 confirmationis
1721 2414 1872 2456 paginam

179 2482 208 2503 ω
225 2467 399 2509 infringere
422 2466 474 2499 vel
497 2466 528 2499 ei
549 2466 582 2498 in
605 2466 712 2509 aliquo
735 2477 815 2499 ausu
838 2467 1012 2499 temerario
1029 2466 1197 2499 contraire.
1236 2465 1331 2503 Quod
1351 2467 1405 2509 qui
1420 2468 1614 2508 attemptare
1630 2465 1872 2508 presumpserit,

226 2528 357 2561 gravem
380 2521 521 2550 nostram
543 2517 797 2560 indignationem
824 2528 859 2551 se
886 2519 1012 2551 noverit
1034 2518 1214 2550 incurrisse.
1302 2517 1340 2550 In
1363 2517 1452 2550 cuius
1481 2518 1528 2549 rei
1554 2517 1771 2549 testimonium
1798 2527 1871 2559 pre-

224 2572 331 2603 sentes
353 2570 477 2602 litteras
499 2569 596 2602 scribi
619 2573 652 2602 et
674 2573 782 2602 nostre
805 2570 984 2602 maiestatis
1008 2569 1113 2612 sigillo
1137 2569 1285 2601 iussimus
1308 2568 1505 2601 communiri.

332 2629 407 2662 Dat.
424 2629 580 2670 Wienne,
603 2629 676 2663 Kal.
692 2630 845 2673 Augusti,
869 2640 952 2661 anno
976 2629 1106 2662 Domini
1129 2629 1299 2662 millesimo
1323 2630 1549 2663 trecentesimo
1572 2630 1699 2662 decimo
1722 2631 1871 2672 septimo.

226 2682 317 2724 regni
340 2691 416 2714 vero
440 2682 540 2714 nostri
563 2691 646 2714 anno
669 2682 779 2716 terci0.
