2158 3138
294 210 334 240 82
710 204 926 232 TRACTATUS
945 204 991 230 DE
1009 203 1221 231 ELECTIONE.
1258 204 1334 232 1314.
1370 203 1418 231 Nr.
1431 203 1473 231 86.
1492 204 1533 231 87.

400 294 467 325 Nos
497 293 614 325 Petrus
641 293 706 324 Dei
733 293 838 334 gratia
866 294 974 323 sancte
1004 291 1193 332 Maguntine
1223 291 1309 323 sedis
1337 291 1598 333 archiepiscopus
1627 290 1709 321 sacri
1736 290 1864 332 imperii
1886 301 1945 332 per

291 346 499 378 Germaniam
531 343 831 376 archicancellarius
861 343 1121 384 recognoscimus
1144 343 1176 374 in
1199 342 1261 374 hiis
1290 343 1432 384 scriptis,
1460 342 1546 384 quod
1569 342 1790 383 procuratorio
1814 343 1943 374 nomine

291 408 349 440 pro
380 397 494 429 illustri
522 397 651 427 domino
682 395 857 426 Ludowico
889 395 1006 425 comite
1037 394 1180 436 palatino
1207 394 1292 426 Reni
1320 394 1401 426 duce
1424 395 1562 426 Bavarie
1590 394 1732 436 speciale
1755 393 1944 425 mandatum

289 449 334 480 ad
361 449 422 480 hoc
452 448 609 479 habentes
639 457 711 478 cum
741 446 926 477 venerabile
958 449 1050 487 patre
1087 446 1216 478 domino
1244 446 1434 478 Eberhardo
1462 445 1632 477 Fuldensis
1661 446 1798 477 ecclesie
1825 445 1944 477 abbate

290 501 497 532 tractavimus
520 500 553 530 in
575 499 658 530 hunc
682 498 826 529 modum:
1975 507 1988 527 s

404 555 430 583 1.
467 550 561 587 Quod
584 551 654 592 ipse
677 550 804 591 prefato
829 549 958 580 domino
982 548 1186 590 Lud(ewico)
1209 559 1307 591 super
1330 549 1539 591 adipiscendo
1569 559 1669 590 regno
1693 548 1944 590 Roman(orum)

292 604 324 634 in
347 602 583 634 Franckenfort
605 601 664 632 sub
688 601 839 642 expensis
861 601 961 642 ipsius
984 600 1073 632 ducis
1096 601 1225 632 assistet
1246 601 1386 633 fideliter
1406 611 1477 632 cum
1498 603 1627 632 centum
1650 601 1752 642 galeis
1769 604 1802 631 et
1816 601 1946 631 inantea

288 654 333 686 ad
357 665 454 685 unum
478 663 595 684 annum
620 663 696 683 suus
720 653 780 684 erit
803 655 995 693 cooperator
1017 652 1157 683 consiliis
1180 655 1214 684 et
1236 652 1364 684 auxiliis
1386 663 1424 684 ac
1447 652 1583 684 adiutor.

399 707 428 736 2.
463 705 577 736 Dictus
601 714 729 745 quoque
754 703 902 735 dominus
924 703 1144 746 Ludew(icus)
1167 707 1301 745 propter
1315 704 1432 735 merita
1455 708 1488 736 et
1503 708 1596 746 grata
1612 703 1757 735 eiusdem
1779 701 1946 746 [domini]·

289 757 462 788 Fuldensis
485 756 620 788 servicia
643 755 704 786 sibi
726 755 944 797 impendenda
968 755 1074 786 eidem
1098 755 1227 787 domino
1250 755 1406 787 Fuldensi
1429 756 1490 787 tria
1513 755 1602 787 milia
1618 765 1796 786 marcarum
1820 754 1947 796 argenti
1968 764 1992 783 ιο

292 808 384 840 dabit
408 812 441 840 et
464 807 607 849 donabit,
632 817 728 849 quam
753 806 885 848 quidem
907 807 1076 848 pecuniam
1100 810 1174 848 post
1195 808 1441 839 coronacionem
1469 817 1560 839 suam
1584 807 1686 848 Aquis
1716 806 1836 838 factam
1864 806 1948 838 infra

289 860 373 892 duos
396 870 525 891 menses
554 859 584 890 in
610 859 762 890 theloneo
791 859 824 889 in
846 858 1066 890 Ludensdorff
1085 859 1135 890 vel
1165 859 1228 890 alio
1252 862 1340 890 certo
1363 859 1436 891 loco
1459 858 1702 900 percipiendam
1724 859 1850 900 integre
1873 868 1947 899 pre-

291 911 376 943 dicto
401 911 531 942 domino
553 910 708 942 Fuldensi
732 909 910 951 deputabit.

401 965 429 995 3.
466 963 500 994 Si
528 973 603 994 vero
638 963 670 993 in
704 965 827 993 tantum
861 962 1100 993 coronationem
1133 973 1222 993 suam
1261 962 1381 994 differri
1411 963 1629 1004 contingeret,
1665 965 1782 993 extunc
1814 961 1947 993 terciam

174 1025 273 1047 Dec.25.
292 1018 418 1057 partem
454 1015 487 1046 in
521 1014 604 1045 festo
638 1014 814 1045 nativitatis
841 1013 971 1045 Domini
1001 1014 1164 1055 proximo,
1199 1014 1373 1046 secundam
1401 1018 1527 1056 partem
1560 1015 1593 1045 in
1625 1013 1835 1055 subsequenti
1864 1012 1948 1044 festo
1969 1023 1992 1043 15

167 1062 275 1108 Mffif'fiffi
291 1067 435 1107 Pasche,
466 1066 628 1097 residuam
657 1075 734 1097 vero
758 1066 892 1097 terciam
921 1066 952 1096 in
980 1065 1063 1096 festo
1087 1064 1240 1096 Iohannis
1268 1065 1409 1107 baptiste
1437 1065 1584 1107 proximo
1609 1065 1692 1096 dicte
1715 1065 1851 1106 pecunie
1875 1074 1948 1106 per-

175 1112 268 1133 ¹¹¹¹¹·²⁴·
292 1118 397 1150 solvet
421 1118 550 1149 domino
575 1117 686 1149 abbati
709 1120 889 1148 memorato
913 1119 947 1148 et
969 1117 1030 1158 ipsi
1053 1127 1151 1158 super
1174 1127 1213 1148 eo
1237 1116 1361 1148 litteras
1391 1117 1548 1159 sepedicti
1576 1117 1698 1148 domini
1725 1116 1829 1157 ducis,
1854 1126 1950 1158 quam

295 1171 433 1212 primum
457 1169 500 1201 ad
523 1172 632 1211 partes
655 1168 739 1200 Reni
762 1168 904 1208 redierit,
928 1168 970 1199 ad
992 1169 1149 1199 maiorem
1173 1168 1398 1200 certitudinem
1423 1168 1605 1200 curabimus
1628 1168 1778 1199 ordinare
1787 1168 1809 1199 ².

400 1224 429 1253 4.
466 1221 499 1252 Si
528 1231 603 1252 vero
636 1220 723 1251 idem
752 1220 900 1251 dominus
933 1219 998 1251 dux
1027 1220 1058 1250 in
1090 1220 1254 1251 solucione
1278 1220 1363 1251 dicte
1385 1220 1522 1262 pecunie
1546 1220 1710 1260 deficeret,
1736 1222 1855 1251 extunc
1877 1229 1951 1261 pre-

292 1273 395 1305 fatum
418 1273 583 1304 dominum
607 1272 759 1304 abbatem
783 1272 965 1303 iuvabimus
989 1271 1030 1303 ad
1055 1271 1315 1313 consequendum
1339 1271 1521 1304 huiusmodi
1544 1272 1716 1313 pecuniam
1737 1271 1853 1303 nostris
1873 1281 1950 1302 con·
1969 1281 1995 1301 a)

292 1325 371 1356 siliis
395 1327 427 1356 et
452 1324 580 1356 auxiliis
604 1324 778 1365 oportunis.

404 1379 432 1407 5.
469 1375 605 1417 Insuper
628 1378 677 1406 est
699 1375 872 1415 adiectum,
897 1373 984 1416 quod
1007 1373 1188 1406 honorabili
1211 1375 1280 1406 viro
1307 1375 1462 1417 magistro
1486 1374 1621 1407 Nicolao
1650 1374 1774 1416 phisico
1798 1374 1951 1406 canonico

287 1429 325 1459 >in
350 1427 468 1469 Hauge
493 1430 526 1458 et
549 1430 700 1458 strennuo
723 1427 792 1457 viro
816 1425 949 1467 Symoni
972 1425 1013 1457 de
1037 1425 1305 1458 Blanckenwaldt
1327 1427 1516 1459 consiliariis
1535 1426 1673 1470 predicti
1689 1426 1809 1458 domini
1825 1425 1953 1458 abbatis

294 1480 439 1522 prefatus
462 1479 610 1510 dominus
633 1478 700 1509 dux
723 1478 815 1509 dabit
838 1477 993 1509 ducentas
1015 1487 1140 1509 marcas
1163 1479 1298 1519 argenti.

403 1534 432 1563 6.
468 1531 528 1562 Est
550 1531 653 1562 eciam
677 1534 803 1570 actum,
828 1529 913 1571 quod
938 1530 964 1560 si
987 1529 1151 1571 predictus
1175 1530 1323 1561 dominus
1352 1530 1419 1561 dux
1446 1530 1479 1561 in
1510 1540 1621 1571 regem
1644 1529 1866 1561 Romanorum
1888 1539 1952 1561 non
1971 1541 1995 1561 πε

290 1583 448 1625 eligetur,
481 1585 599 1614 extunc
635 1581 722 1623 apud
760 1592 851 1622 eum,
883 1591 979 1623 quem
1011 1581 1043 1611 in
1077 1581 1298 1613 Romanorum
1326 1591 1437 1623 regem
1466 1581 1638 1623 eligemus,
1670 1581 1776 1613 eidem
1799 1581 1952 1613 dominob

296 1635 450 1667 Fuldensi
474 1633 735 1676 cooperabimur,
767 1637 803 1664 ut
833 1632 893 1664 sibi
923 1632 963 1664 de
993 1633 1059 1663 suis
1082 1632 1230 1675 dampnis
1258 1636 1292 1664 et
1313 1632 1478 1664 laboribus
1500 1633 1644 1664 satisfiat.
1733 1633 1771 1664 In
1794 1633 1883 1664 cuius
1905 1634 1952 1665 rei

296 1687 518 1719 testimonium
542 1689 711 1728 presentes
733 1685 858 1716 litteras
882 1684 977 1726 sigilli
1001 1685 1101 1716 nostri
1123 1685 1299 1717 munimine
1322 1685 1478 1717 tradimus
1501 1686 1715 1726 consignatas.

402 1742 523 1774 Datum
546 1741 724 1783 Maguntie,
748 1752 830 1772 anno
854 1740 985 1771 Domini
1008 1739 1240 1777 MCOOXIHI,
1264 1740 1325 1772 III.
1349 1740 1426 1772 Idus
1450 1739 1609 1772 Octobris.

686 1877 746 1912 87.
787 1876 961 1921 Scriptum
988 1877 1085 1911 ducis
1111 1876 1314 1911 Bawariae.
1420 1876 1489 1912 Oct.
1509 1878 1566 1912 18.
1969 1892 1996 1911 ω

407 1946 568 1988 Oriyinale
598 1946 804 1986 dem-ditum.
841 1965 880 1970 —
914 1947 978 1978 Ed.
1007 1946 1171 1978 Schannat
1205 1946 1225 1979 l.
1253 1957 1278 1978 ι’.
1309 1956 1343 1988 p.
1367 1946 1433 1978 232
1465 1957 1514 1978 nr.
1544 1947 1606 1978 130
1635 1950 1683 1978 ‘ex
1715 1945 1950 1986 authoyrapho’.

295 1998 474 2031 Editionem
497 1999 665 2038 repetimus
687 1998 740 2030 hic
760 1997 828 2030 illic
850 2002 1027 2030 correctam.

403 2059 550 2097 Bahmem
575 2059 651 2099 Rey.
667 2059 781 2091 Ludw.
799 2069 837 2099 p.
853 2059 918 2090 238
933 2059 1166 2091 Reichssachen
1180 2069 1229 2091 nr.
1242 2061 1294 2090 37.
1330 2058 1481 2099 Reyesten
1496 2059 1552 2091 der
1566 2058 1778 2102 Pfalzyrafen
1792 2069 1842 2092 nr.
1856 2058 1950 2090 1920.

403 2154 471 2186 Nos
494 2154 666 2185 Ludwicus
689 2154 752 2185 Dei
775 2155 880 2195 gratia
904 2165 1012 2186 comes
1035 2155 1196 2196 palatinus
1211 2154 1296 2186 Reni
1319 2154 1385 2186 dux
1401 2154 1549 2186 Bawarie
1570 2154 1840 2196 recognoscimus,
1864 2153 1952 2195 quod

297 2217 369 2238 cum
393 2205 569 2237 venerabili
593 2210 685 2247 patre
711 2206 840 2238 domino
863 2206 1054 2238 Eberhardo
1077 2206 1248 2238 Fuldensis
1271 2207 1407 2239 ecclesie
1437 2206 1556 2238 abbate
1580 2207 1787 2238 tractavimus
1812 2207 1845 2237 in
1867 2206 1951 2237 hunc
1970 2215 1995 2235 ³⁵

294 2257 441 2289 modum:

228 2332 279 2351 e.1.
411 2312 436 2341 1.
473 2309 566 2346 Quod
595 2310 663 2351 ipse
694 2309 787 2341 nobis
821 2321 917 2352 super
948 2310 1157 2352 adipiscendo
1188 2321 1288 2352 regno
1318 2310 1539 2342 Romanorum
1568 2311 1600 2341 in
1629 2309 1861 2342 Frankenvord
1891 2309 1950 2341 sub

297 2362 448 2403 expensis
471 2362 587 2392 nostris
611 2361 740 2393 assistet
761 2361 902 2393 fideliter
925 2373 997 2393 curn
1022 2365 1149 2394 centum
1172 2362 1276 2404 galeis
1304 2365 1337 2394 et
1359 2363 1489 2393 inantea
1517 2361 1558 2394 ad
1581 2373 1678 2393 unum
1701 2372 1820 2393 annum
1842 2365 1952 2393 noster

296 2413 356 2444 erit
379 2416 571 2454 cooperator
596 2413 734 2444 consiliis
758 2417 791 2444 et
814 2413 942 2444 auxiliis
965 2418 998 2446 et
1021 2413 1158 2446 adiutor.

229 2482 281 2501 ca.
405 2466 433 2495 2.
469 2464 539 2495 Nos
571 2475 697 2506 quoque
725 2469 857 2507 propter
880 2466 994 2497 merita
1024 2469 1057 2497 et
1079 2469 1172 2507 grata
1196 2465 1341 2497 eiusdem
1365 2465 1483 2496 domini
1507 2464 1678 2496 Fuldensis
1701 2465 1835 2496 servicia
1857 2463 1950 2495 nobis
1970 2470 1994 2489 ⁴⁰

296 2515 512 2558 impendenda
537 2515 643 2547 eidem
667 2516 797 2548 domino
822 2516 974 2548 Fuldensi
998 2518 1059 2548 tria
1082 2517 1170 2548 milia
1194 2527 1373 2548 marcarum
1389 2518 1514 2558 argenti
1531 2516 1689 2557 dabimus,
1707 2526 1804 2558 quam
1819 2515 1949 2557 quidem

296 2569 466 2610 pecuniam
497 2572 570 2609 post
601 2569 840 2600 coronationem
869 2572 1012 2600 nostram
1039 2569 1143 2610 Aquis
1170 2568 1289 2600 factam
1318 2568 1402 2600 infra
1429 2568 1509 2600 duos
1537 2578 1665 2600 menses
1687 2568 1721 2599 in
1744 2567 1896 2599 theloneo
1919 2567 1951 2598 in

294 2619 504 2652 Ludensdorf
530 2619 581 2650 vel
610 2620 672 2651 alio
704 2624 791 2651 certo
820 2621 892 2652 loco
921 2620 1164 2663 percipiendam
1190 2621 1316 2662 integre
1344 2620 1489 2662 predicto
1518 2619 1647 2652 domino
1671 2619 1825 2651 Fuldensi
1848 2618 1950 2660 depu-

295 2671 444 2703 tabimus

400 2766 446 2793 86.
474 2767 497 2798 ⁸)
517 2767 585 2792 deest
603 2776 622 2792 c.
711 2766 737 2800 b)
756 2768 800 2792 din-1
819 2777 839 2793 c.
1966 2772 1992 2790 ⁴5

402 2836 426 2868 l)
447 2836 526 2868 Infra
546 2843 587 2861 nr.
602 2839 641 2862 87.
