2184 3126
331 229 395 259 842
555 224 650 251 ACTA
670 223 782 250 REGNI
800 221 983 251 LUDEWICI
1002 221 1048 248 IV.
1066 220 1113 247 ET
1132 219 1318 247 FRIDERICI
1337 220 1386 248 111.
1421 219 1497 247 1324.
1533 219 1582 247 Nr.
1596 219 1672 248 1011.
1690 219 1765 248 1012.

526 337 616 368 1011.
651 335 792 366 Litterae
808 334 941 373 priores.

706 394 747 425 A.

394 447 529 479 Dilectis
552 446 624 478 filiis
641 445 748 477 Sancti
767 444 956 476 Maximiani
973 447 1006 475 et
1022 443 1130 475 Sancti

328 500 453 532 Mathie
478 501 568 530 extra
591 508 698 528 muros
722 497 894 527 'Pi-everen.
918 495 1129 526 monasterio-

330 561 403 588 rum
420 549 590 581 abbatibus
613 559 650 579 ac
674 548 838 589 preposito
863 546 998 578 ecclesie
1015 546 1130 577 Treve-

330 601 469 642 ren(sis).

399 656 424 684 1.
450 651 605 683 Volentes
629 650 715 692 quod
738 660 906 691 processus
930 648 1047 680 dudum
1073 658 1131 689 per

330 715 388 735 nos
411 706 521 734 contra
543 701 742 734 Ludovicum
766 700 880 732 ducem
904 700 1042 732 Bavarie
1066 699 1131 730 suis

327 754 513 786 enormibus
554 753 740 785 excessibus
780 755 813 783 et
846 752 948 793 culpis
982 751 1132 793 gravibus

328 805 535 847 exigentibus
563 805 602 836 de
636 805 770 836 fratrum
796 806 977 835 nostrorum
1000 802 1131 834 consilio

331 857 431 889 habiti
447 856 632 898 privationis
648 856 839 887 sententiam
863 865 883 886 a
905 855 984 895 iure,
1007 855 1033 885 si
1056 853 1132 895 quid

328 910 360 940 ei
384 919 425 940 ex
449 908 618 948 electione,
641 917 704 949 que
728 906 768 938 de
791 907 861 948 ipso
883 906 917 937 in
936 915 1048 947 regem
1064 905 1131 936 Ro-

329 959 525 1001 man(orum)
548 958 825 1000 promovendumn
848 958 880 988 in
903 958 1130 998 imperatorem

329 1011 494 1043 celebrata
510 1011 607 1042 fuisse
627 1009 795 1041 dicebatur
810 1010 843 1040 in
859 1008 1027 1049 discordia,
1051 1019 1131 1050 quo-

330 1062 508 1094 modolibet
538 1061 759 1102 competebat,
782 1061 865 1092 inter
892 1063 1002 1092 cetera
1029 1059 1130 1091 conti-

331 1116 444 1145 nentes
473 1114 504 1144 in
535 1113 663 1144 civitate
695 1123 732 1144 ac
761 1112 881 1144 diocesi
908 1115 941 1143 et
967 1111 1130 1153 provincia

330 1164 547 1206 Treveren(si)
564 1164 737 1195 solenniter
759 1163 972 1205 publicentur,
995 1173 1130 1195 venera-

330 1216 448 1248 bilibus
482 1215 633 1247 fratribus
669 1216 785 1246 nostris
814 1239 821 1246 .
846 1239 852 1246 .
887 1214 1130 1256 archiepiscopo

328 1267 520 1298 Treverensi
547 1268 681 1308 eiusque
717 1266 927 1308 suffraganeis
959 1277 1018 1308 per
1051 1266 1130 1298 alias

330 1321 453 1349 nostras
476 1318 599 1350 litteras
609 1319 630 1358 ¹,
654 1318 686 1349 in
709 1317 825 1359 quibus
852 1317 1028 1350 eorundem
1054 1328 1129 1359 pro-

330 1380 476 1402 cessuum
510 1369 551 1401 de
587 1369 685 1401 verbo
718 1368 759 1401 ad
787 1369 919 1401 verbum
949 1370 1050 1401 series
1081 1373 1130 1401 est

329 1422 462 1461 inserta,
494 1420 607 1452 damus
639 1421 812 1452 districtius
840 1421 872 1452 in
894 1421 1068 1462 mandatis,
1094 1424 1130 1452 ut

330 1483 388 1514 per
403 1483 437 1504 se
461 1483 498 1503 ac
514 1472 605 1512 alios,
622 1472 662 1503 de
680 1472 794 1514 quibus
809 1472 947 1504 viderint
963 1472 1128 1514 expedire,

330 1524 361 1555 in
392 1524 535 1555 ecclesiis
563 1527 595 1555 et
629 1524 708 1555 locis
737 1534 867 1556 suarum
898 1525 1062 1556 civitatum
1097 1527 1130 1556 et

329 1575 503 1617 dioc(esis),
526 1576 558 1606 in
582 1575 696 1616 quibus
719 1576 896 1617 expediens
918 1575 1030 1618 fuerit,
1054 1587 1129 1618 pro-

330 1637 437 1658 cessus
461 1626 590 1658 cosdem
621 1627 795 1659 solenniter
823 1627 987 1669 publicare
1014 1638 1128 1669 procu-

331 1679 429 1710 rentb.

396 1732 424 1761 2.
448 1730 492 1761 Ut
507 1733 615 1761 autem
638 1730 679 1761 de
695 1731 933 1772 presentatione
948 1731 1128 1763 litterarum

331 1784 507 1812 nostrarum
532 1781 711 1813 huiusmodi
734 1782 861 1823 prefato
885 1782 1128 1824 archiepiscopo

332 1832 479 1863 facienda
514 1836 547 1864 et
583 1833 709 1864 illarum
747 1834 938 1866 executione
977 1835 1129 1866 certiores

333 1883 417 1915 effici
439 1884 613 1922 valeamus,
637 1884 820 1916 discretioni
840 1888 945 1917 vestre
968 1896 1028 1927 per
1050 1897 1128 1928 apo-

332 1935 445 1966 stolica
468 1936 586 1976 scripta
615 1936 647 1966 in
669 1937 784 1968 virtute
812 1940 921 1968 sancte
945 1937 1129 1970 obedientie

333 1996 370 2017 ac
392 1986 449 2017 sub
473 1987 810 2019 excommunicationis
832 1999 930 2030 pena,
954 1999 1050 2030 quam
1073 2000 1130 2021 vos

333 2040 366 2068 et
396 2037 571 2078 quemlibet
600 2042 755 2079 vestrum,
786 2040 840 2081 qui
870 2041 902 2070 in
938 2041 1130 2073 executione

333 2089 489 2129 presentis
505 2089 647 2120 mandati
662 2091 763 2121 nostri
784 2091 951 2133 negligens
967 2092 1064 2124 fuerit
1078 2092 1130 2124 vel

333 2140 497 2181 remissus,
539 2141 700 2172 incurrere
738 2142 884 2174 volumus
924 2143 995 2184 ipso
1033 2144 1129 2184 facto,

334 2190 504 2222 districtius
526 2193 733 2233 precipiendo
757 2194 955 2235 mandamus,
980 2196 1130 2236 quatinus

334 2251 390 2272 vos
413 2243 463 2273 vel
487 2242 549 2274 duo
573 2247 628 2274 aut
650 2245 732 2275 alter
754 2248 894 2277 vestrum
917 2256 976 2287 per
998 2257 1055 2278 vos
1079 2247 1130 2278 vel

335 2292 430 2323 alium
455 2303 511 2324 seu
527 2294 606 2326 alios
622 2295 782 2336 predictas
797 2297 920 2329 litteras
943 2308 1023 2339 quas
1039 2298 1130 2330 vobis

335 2343 490 2375 mittimus
529 2345 633 2377 eidem
666 2347 908 2390 archiepiscopo
942 2354 1128 2391 presentare

336 2404 373 2424 ac
388 2395 491 2435 ipsum
508 2406 549 2427 ex
565 2400 654 2437 parte
671 2401 779 2430 nostra
793 2399 949 2432 instanter
964 2402 1129 2443 requirere

337 2445 502 2486 studeatis,
530 2451 565 2478 ut
587 2458 644 2489 per
666 2460 700 2481 se
725 2449 890 2492 dictosque
911 2452 1130 2494 suffraganeos

336 2495 478 2536 prefatos
508 2508 672 2539 processus
699 2500 788 2532 iuxta
815 2505 961 2534 tenorem
995 2507 1028 2535 et
1055 2515 1130 2536 con-

337 2546 502 2579 tinentiam
525 2550 698 2582 eorundem
728 2552 891 2592 publicare
919 2559 1068 2596 procuret
1098 2559 1130 2587 et

337 2597 443 2639 alfiae)
461 2602 609 2631 contenta
632 2602 663 2632 in
681 2603 726 2633 eis
742 2603 924 2645 diligentius
941 2610 1128 2648 exequatur.

442 2691 523 2718 1011.

441 2750 524 2778 1012.
552 2753 575 2785 ²)
593 2762 635 2779 arc
653 2755 680 2780 in
698 2757 752 2781 loco
770 2766 830 2783 raso
850 2759 880 2784 Β.

550 2692 573 2726 ⁸²)
593 2697 762 2727 promovendo
782 2698 815 2724 A.
901 2699 927 2732 b)
947 2707 1113 2734 procurarent
1132 2703 1166 2728 A.

440 2827 465 2859 l)
486 2826 525 2859 Of.
537 2836 621 2862 supra
639 2838 681 2856 nr.
695 2834 750 2858 945.

1375 333 1467 363 1012.
1502 331 1645 363 Litterae
1667 330 1795 363 alterae.

1566 391 1609 422 B.

1248 442 1388 474 Eisdem.

1251 650 1277 679 1.
1301 647 1458 679 Volentes
1482 650 1543 679 etc.
1566 649 1608 679 ut
1630 657 1746 689 supra
1768 654 1988 691 usque'pro-

1183 701 1303 730 curent.

2006 813 2032 833 10

2006 1070 2032 1091 1⁸

1247 1732 1275 1761 2.
1310 1729 1353 1761 Et
1385 1734 1421 1761 ut
1455 1729 1495 1762 de
1529 1729 1770 1771 presentatione
1803 1728 1983 1762 litterarum

1181 1784 1362 1814 nostrarum
1377 1781 1562 1814 huiusmodi
1577 1781 1704 1823 prefato
1721 1774 1985 1824 archiepiscopo*

1182 1833 1331 1865 facienda
1365 1836 1399 1865 et
1434 1833 1562 1865 illarum
1601 1834 1793 1866 executione
1832 1833 1986 1866 certiores
2003 1845 2033 1866 ιο

1183 1885 1268 1917 effici
1296 1885 1476 1926 valeamus,
1504 1885 1596 1917 vobis
1623 1888 1657 1917 et
1683 1888 1826 1918 vestrum
1853 1885 1988 1927 singulis

1182 1947 1242 1979 per
1255 1937 1336 1969 alias
1350 1939 1476 1969 nostras
1487 1938 1568 1969 certi
1583 1938 1704 1969 tenoris
1717 1937 1843 1969 litteras
1858 1936 1987 1969 dedisoe

1182 1989 1387 2020 meminimus
1416 1989 1448 2020 in
1471 1989 1648 2030 mandatis,
1679 1991 1717 2020 ut
1743 1988 1851 2021 eidem
1881 1987 1986 2021 archi-

1183 2041 1336 2082 episcopo
1369 2040 1532 2082 predictas
1565 2040 1690 2072 litteras
1723 2040 1882 2073 dictorum
1910 2050 1987 2082 pro-

1183 2102 1331 2124 cessuum
1380 2092 1497 2124 seriem
1548 2093 1750 2124 continentes
1797 2095 1986 2134 presentare
2004 2103 2030 2124 u

1182 2144 1351 2186 ipsumque
1375 2154 1433 2186 pro
1457 2147 1550 2186 parte
1565 2147 1676 2176 nostra
1690 2145 1867 2186 requirere,
1888 2146 1925 2175 ut
1943 2143 1987 2176 ad

1183 2196 1409 2228 executionem
1425 2206 1536 2228 earum
1551 2206 1612 2239 per
1633 2206 1668 2228 se
1689 2195 1856 2238 dictosque
1871 2195 1987 2227 suffra-

1182 2257 1305 2288 ganeos
1340 2246 1573 2291 procedere[t]‚
1607 2248 1771 2280 curaretis.
1829 2247 1988 2284 Quocirca

1183 2298 1368 2330 discretioni
1405 2302 1512 2332 vestre
1549 2300 1609 2341 per
1650 2299 1829 2341 apostolica
1868 2299 1988 2341 scripta

1182 2350 1387 2392 mandamus,
1426 2351 1576 2393 quatinus
1614 2349 1804 2383 mandatum
1842 2354 1986 2384 nostrum
2005 2363 2032 2382 ω

1182 2401 1366 2434 huiusmodi
1390 2402 1562 2445 diligenter
1584 2403 1703 2445 exequi
1725 2402 1883 2435 studeatis
1905 2405 1939 2434 et
1960 2403 1988 2434 si

1183 2453 1271 2496 quod
1293 2453 1377 2485 absit
1399 2453 1533 2486 forsitan
1555 2455 1772 2496 contingeret,
1799 2454 1887 2497 quod
1913 2464 1988 2496 pre-

1182 2505 1268 2537 fatus
1283 2505 1544 2548 archiepiscopus
1563 2517 1623 2548 per
1639 2516 1674 2538 se
1690 2506 1858 2549 dictosque
1873 2506 1988 2539 suffra-

1182 2567 1304 2599 ganeos
1326 2557 1359 2588 in
1382 2557 1584 2600 publicandis
1607 2558 1700 2591 dictis
1725 2558 1930 2601 processibus
1954 2561 1988 2590 et

1182 2608 1360 2640 litterarum
1383 2610 1524 2651 ipsarum
1542 2611 1734 2642 executione
1758 2620 1794 2642 se
1816 2610 1985 2652 negligen-
2002 2622 2030 2642 u
