2184 3126
219 417 266 437 Ian.
277 419 295 437 7.

308 223 370 253 664
495 217 591 245 ACTA
610 215 722 243 REGNI
740 212 922 242 LUDEWICI
942 211 989 238 IV.
1007 209 1054 237 ΕΤ
1071 207 1257 236 FRIDERICI
1275 207 1325 234 111.
1362 207 1437 234 1324.
1473 206 1522 233 Nr.
1535 205 1595 233 840.
1613 204 1673 232 841.
1691 204 1740 231 841
1748 212 1773 232 a.

306 306 444 338 maniam
468 307 500 336 et
514 303 684 344 magistros
699 298 886 332 Ernestum‘
908 298 948 330 de
966 295 1114 329 Sebeche
1136 293 1398 326 archidiaconum
1413 291 1689 333 Herbipolensem
1706 300 1745 323 ac
1759 290 1959 322 Henrioumh

306 357 347 388 de
370 356 498 388 Throno
526 354 711 386 canonicum
738 353 936 392 Pragensem
964 347 1109 380 eiusdem
1136 346 1226 377 ducis
1252 346 1478 387 procuratores
1511 345 1544 375 et
1570 342 1699 374 nuntios
1727 342 1761 373 in
1787 344 1898 374 nostra
1925 345 1960 374 et

307 408 440 440 fratrum
470 408 649 437 nostrorum
683 405 792 435 sancte
821 402 967 433 Romane
999 398 1134 431 ecclesie
1162 396 1374 429 cardinalium
1401 395 1566 436 presentia
1599 393 1752 425 videlicet
1781 393 1857 426 VII.
1879 393 1959 425 Idus

307 458 464 501 presentis
486 456 603 488 mensis
618 454 757 486 Ianuarii
773 453 961 484 constitutos
977 453 1099 482 certam
1115 448 1357 490 responsionem
1381 446 1526 487 fecimus,
1550 455 1647 487 quam
1662 455 1704 477 ne
1720 447 1832 487 posset
1851 444 1959 483 eidem

308 510 383 541 addi
405 508 457 540 vel
479 507 602 539 detrahi
626 516 683 537 seu
698 506 868 547 quicquam
890 503 967 544 fingi
982 501 1110 533 veritati
1126 510 1223 541 super
1238 499 1299 530 hiis
1324 498 1464 538 obvium,
1487 498 1604 529 nostris
1619 496 1838 528 annotandum
1853 497 1960 538 provi-
1991 508 2004 528 s

309 561 411 592 dimus
433 559 556 590 litteris.
601 557 743 593 Quarum
766 559 858 587 tenor
882 554 1056 585 dinoscitur
1079 561 1150 584 esse
1174 550 1261 582 talis:

413 618 582 649 ‘Iohannes
605 616 774 657 episcopus
797 624 907 646 servus
923 631 964 636 —
979 613 1079 644 nostri
1102 621 1185 642 anno
1209 610 1346 642 octavo.²
1379 619 1480 649 supra
1501 619 1550 641 nr.
1567 610 1641 640 839.

414 677 570 713 Quocirca
592 674 783 707 fraternitati
807 677 859 705 tue
883 684 942 715 per
964 671 1141 714 apostolica
1164 671 1282 712 scripta
1298 669 1498 709 mandamus,
1523 669 1671 712 quatinus
1687 669 1719 700 in
1742 669 1807 700 tuis
1829 667 1960 700 civitate

307 734 339 762 et
362 728 482 760 diocesi
503 728 535 758 in
557 727 646 767 locis,
669 726 709 757 de
734 725 848 766 quibus
871 724 1026 766 expedire
1048 723 1177 763 videris,
1202 721 1320 753 dictam
1343 721 1587 762 responsionem
1610 723 1644 752 et
1666 720 1730 752 alia
1754 722 1906 752 contenta
1928 720 1961 751 in

308 780 429 813 eisdem
450 779 566 810 litteris
588 788 647 819 per
669 781 701 809 te
725 777 775 808 vel
801 787 860 818 per
882 776 980 807 alium
1009 784 1066 806 seu
1093 774 1172 806 alios
1195 772 1395 805 solemniteri
1417 772 1583 814 publicare
1606 782 1771 815 procures,
1795 771 1882 804 clero
1907 770 1960 804 et*
1979 782 2006 802 m

307 831 424 874 populo
453 829 515 861 loci
545 829 713 861 cuiuslibet
741 828 772 859 in
802 827 1019 869 publicatione
1053 824 1236 857 huiusmodi
1270 825 1462 856 convocatis.
1514 817 1585 856 Nos*
1612 824 1652 857 de
1684 824 1736 856 die
1766 824 1962 867 receptionis

307 882 502 924 presentium
525 884 558 913 et
579 880 641 912 hiis
665 891 726 922 que
749 889 846 921 super
868 879 1031 920 premissis
1054 877 1162 909 facere
1186 879 1218 908 te
1243 876 1424 918 continget,
1453 875 1638 908 redditurus
1665 885 1724 918 per
1750 876 1962 907 instrumenta

306 933 435 975 publica
458 932 532 963 inde
555 931 752 963 conficienda
773 931 998 962 nichilominus
1021 929 1185 961 certiores.

413 986 488 1017 Dat.
513 983 706 1025 Avinion(e)‚
730 983 769 1014 V.
793 982 882 1014 Idusl
905 982 1056 1022 Ianuarii,
1080 980 1284 1022 pontificatus
1306 973 1407 1011 nostri
1430 989 1514 1010 anno
1538 981 1690 1011 octavo-².

555 1167 628 1203 841.
651 1166 711 1202 841
720 1177 752 1202 a.
788 1162 1112 1202 PUBLICATIO
1138 1161 1276 1199 PROC
1283 1163 1315 1199 Ε
1322 1162 1348 1199 S
1355 1161 1447 1199 SUS
1476 1159 1714 1199 SECUNDI
1981 1169 2006 1188 ²⁸

883 1219 918 1255 A
927 1217 1158 1255 VINIONE
1187 1216 1291 1255 FAC
1299 1217 1381 1254 TA.

980 1286 1088 1323 1324.
1129 1287 1206 1322 Ian.
1232 1286 1289 1322 13.

412 1382 644 1414 Imbreviatura
660 1380 680 1412 J
702 1379 748 1411 vel
769 1379 880 1411 notula
901 1378 1106 1410 instrumenti
1126 1388 1223 1417 super
1238 1377 1456 1418 publicatione
1470 1375 1603 1408 secundi
1625 1385 1790 1416 processus
1804 1375 1965 1408 Avinionc

308 1435 438 1473 consecti
454 1434 487 1465 in
501 1432 644 1473 Regi-stro
659 1431 840 1463 notularum
852 1430 1008 1462 Durandi
1020 1429 1213 1461 Mercatoris
1226 1429 1348 1461 notarii
1362 1438 1506 1460 camerae
1516 1426 1656 1469 papalis,
1675 1428 1768 1459 cuius
1778 1426 1965 1469 fraqmnta

309 1487 432 1518 exstant
457 1486 493 1516 in
519 1483 676 1516 tabulario
705 1482 857 1514 Vaticano
880 1482 1076 1514 ‘Collectoria
1098 1481 1186 1519 379⁹,
1210 1480 1271 1522 fol.
1286 1480 1372 1513 217⁴.
1417 1479 1548 1512 Detexit
1574 1482 1604 1512 et
1630 1489 1661 1511 a.
1685 1479 1780 1511 1900.
1803 1479 1964 1512 nobiscum
1981 1489 2010 1509 so

309 1537 510 1569 benivolenter
536 1535 773 1567 communicavit
800 1534 843 1566 H.
860 1533 1050 1574 Poyatscher
1058 1534 1080 1564 ¹.
1129 1532 1311 1565 Cancellata
1341 1535 1387 1564 est
1414 1531 1656 1570 imbreviatum,
1691 1531 1825 1563 adiectis
1850 1531 1967 1563 verbis:

310 1589 349 1621 de
372 1588 586 1630 suprascripta
614 1589 690 1618 nota
717 1588 765 1618 est
792 1588 973 1627 grossatum
1000 1585 1247 1616 instrumentum
1275 1587 1309 1616 et
1336 1593 1395 1626 per
1423 1594 1476 1616 me
1505 1584 1690 1616 restitutum
1717 1582 1803 1615 dicto
1835 1582 1966 1615 domino

311 1640 496 1672 camerario.
524 1657 566 1662 —
589 1638 760 1670 Ineditum.

415 1699 546 1731 Minuta
567 1698 601 1730 M
623 1697 669 1729 vel
693 1700 769 1729 nota
795 1697 830 1728 in
853 1696 948 1728 Notis
977 1697 1258 1727 instrumentorum
1287 1696 1427 1728 eiusdem
1456 1695 1591 1734 notari-i,
1622 1704 1759 1735 quarum
1785 1694 1966 1735 fraymenta

310 1753 477 1791 supersunt
505 1750 541 1781 in
568 1749 704 1781 eiusdem
732 1748 884 1780 tabularii
906 1748 982 1788 Rey.
1007 1747 1166 1779 ‘Avinion
1190 1747 1246 1778 85²
1275 1747 1330 1786 fol.
1352 1747 1427 1779 454.
1483 1747 1564 1779 Item
1592 1745 1741 1786 praebuit
1766 1745 2012 1786 Poqatschenu

315 1801 492 1834 Canoellata
514 1804 558 1833 est
579 1803 667 1839 nota,
693 1800 814 1832 additis
838 1800 954 1831 verbis:
978 1799 1134 1831 Grossata
1162 1802 1211 1831 est
1237 1800 1455 1841 suprascripta
1485 1801 1563 1831 nota
1586 1801 1638 1831 et·
1660 1798 1809 1830 restituta
1832 1807 1892 1839 per
1913 1790 1968 1829 me

313 1854 396 1886 dicto
421 1853 548 1885 domino
571 1853 775 1884 camerari02.
801 1870 841 1875 —-
865 1851 1036 1883 Ineditum.

501 1935 572 1966 841.
606 1934 836 1965 Imbreviatura
859 1933 916 1975 (J).
1384 1935 1481 1965 841³..
1516 1932 1652 1964 Minuta
1675 1931 1747 1974 (M).

1225 1993 1263 2024 In
1286 1994 1415 2025 nomine
1438 1992 1569 2024 Domini
1592 2002 1698 2024 amen.

331 2081 334 2084 Δ
375 2046 478 2086 Anno,
501 2046 562 2085 die,
587 2055 706 2086 mense,
723 2046 803 2086 loco,
820 2045 895 2086 ind.,
920 2045 1107 2086 pontificatu
1223 2045 1319 2076 Anno
1332 2054 1351 2076 a
1363 2044 1532 2076 nativitate
1545 2044 1691 2076 eiusdem
1703 2042 1968 2083 MCCGXXIIH,
1987 2051 2015 2071 ω

314 2100 346 2128 et
356 2097 488 2129 testibus
499 2097 650 2138 predictis
659 2097 860 2138 presentibus
872 2100 905 2128 et
915 2097 1106 2138 requisitis2.
1161 2096 1214 2128 die
1247 2096 1342 2128 XIII.
1368 2096 1488 2127 mensis
1525 2095 1681 2135 Ianuarii,
1718 2094 1783 2126 ind.
1819 2094 1968 2136 septima,

1159 2147 1365 2189 pontificatus
1377 2146 1568 2178 sanctissimi
1579 2147 1681 2188 patris
1693 2149 1726 2178 et
1739 2145 1860 2178 domini
1868 2145 1969 2177 nostri

1161 2199 1282 2231 domini
1312 2198 1465 2230 Iohannis
1497 2197 1605 2230 divina
1640 2197 1848 2239 providencia
1882 2206 1968 2238 pape

1159 2250 1270 2282 XXII.
1294 2260 1378 2282 anno
1403 2252 1527 2281 octavo.

420 2333 489 2361 840.
519 2334 540 2366 f)
559 2337 698 2370 Ernestrup
719 2337 740 2363 1.
753 2336 777 2362 2.
789 2337 820 2369 43
842 2338 991 2370 Ernespurg
1008 2338 1076 2362 male
1093 2337 1117 2363 3.
1209 2337 1234 2369 Β)
1253 2337 1352 2362 Sebach
1370 2335 1394 2362 3.
1483 2334 1510 2367 h)
1528 2335 1680 2361 Hsinricum
1698 2334 1722 2360 3.
1810 2333 1830 2367 ¹)
1849 2334 1969 2367 sollemp-
1986 2338 2013 2358 ³5

320 2377 385 2402 niter
402 2376 426 2402 3.
536 2377 562 2409 ¹¹)
581 2378 647 2404 deest
664 2379 688 2405 4.
792 2379 812 2411 ¹)
832 2381 886 2405 loco
905 2381 935 2405 V.
949 2381 1010 2405 Idus
1028 2379 1060 2405 3:
1088 2381 1172 2406 Idus.
1279 2380 1311 2412 ¹¹¹)
1331 2379 1400 2404 lima
1420 2379 1477 2404 dati
1493 2379 1522 2403 in
1539 2378 1571 2404 4:
1597 2379 1710 2403 Datum
1734 2381 1771 2403 ut
1792 2386 1903 2411 supra,
1926 2376 1971 2402 ubi

318 2424 455 2451 sequuntur
473 2421 534 2446 haec
551 2422 641 2446 verba.-
663 2423 696 2447 In
715 2423 843 2448 eundem
862 2423 984 2448 modum
1002 2423 1135 2449 dilectis
1154 2424 1237 2449 filiis
1255 2423 1408 2456 capitulo
1428 2422 1574 2447 Tun-icen.
1593 2421 1726 2446 mutatis
1745 2421 1917 2446 mutandis.

421 2468 472 2495 841
480 2477 509 2506 ug
534 2472 557 2502 ἢ)
576 2474 787 2499 ‹it—camerario
804 2479 900 2499 mutato
918 2475 995 2500 ductu
1008 2479 1068 2507 post
1086 2475 1179 2500 addita
1196 2483 1248 2501 esse
1265 2475 1384 2500 videniur
1402 2474 1440 2500 M.

362 2570 367 2575 ⁴
424 2529 449 2561 1)
469 2528 510 2560 Cf.
524 2529 600 2555 etiam
613 2530 647 2556 E.
662 2530 749 2557 Goller
762 2531 910 2559 ‘Romische
924 2533 1150 2566 Quartalschaifl’
1164 2533 1223 2560 XV
1233 2534 1326 2567 (1901)
1339 2542 1369 2567 p.
1380 2536 1432 2560 426
1443 2535 1472 2559 ‘et
1486 2532 1587 2559 XXII
1593 2533 1683 2566 (1908)
1691 2540 1721 2566 p.
1735 2536 1783 2558 144
1792 2539 1840 2566 sq„
1859 2532 1972 2565 itemque

320 2569 382 2617 ‘Die
395 2571 542 2617 papstliche
559 2571 775 2600 Paenitentiam-w
793 2575 813 2601 Ι
829 2576 915 2609 (1905)
937 2584 966 2609 p.
983 2580 1033 2603 272
1040 2585 1092 2610 sqq.
1189 2577 1216 2610 2)
1239 2576 1276 2603 111
1292 2579 1329 2603 est
1348 2576 1406 2611 (fol.
1419 2577 1507 2609 2169:
1533 2576 1615 2603 Anno
1639 2584 1657 2603 a
1679 2574 1833 2602 nativitate
1856 2573 1970 2602 Domini
1987 2579 2016 2599 ⁴⁰

320 2612 467 2660 millesimo
481 2613 660 2660 eccxxnn,
679 2616 735 2643 ind.
748 2617 875 2651 septima,
894 2619 939 2645 die
958 2619 1032 2646 XIII.
1045 2619 1148 2647 mensis
1166 2619 1297 2651 Ianuarii,
1316 2619 1499 2654 pontificatus
1518 2617 1689 2646 sanctissimi
1707 2617 1798 2653 patris
1816 2619 1846 2644 et
1863 2617 1970 2644 domini

321 2656 407 2702 nostri
427 2656 529 2682 dommi
543 2657 673 2685 Iohannis
691 2659 786 2686 divina
804 2661 981 2694 providentia
999 2671 1073 2697 pape
1086 2663 1174 2690 XXII.
1194 2671 1267 2690 anuo
1286 2664 1401 2694 octavo3
1424 2662 1540 2696 itemque
1557 2661 1591 2696 (f.
1604 2661 1676 2696 217):
1693 2662 1767 2688 Acta
1784 2661 1898 2689 fuerunt
1916 2660 1969 2687 hec

322 2698 481 2746 Ay{n10n(e{
493 2701 557 2746 ante
570 2702 678 2733 portam
690 2702 819 2729 maiorem
833 2703 948 2731 ecclesie
961 2705 1131 2733 cathedralis
1144 2705 1372 2738 Avinion(ensis),
1385 2705 1564 2740 presentibus
1576 2703 1786 2732 venerabilibus
1798 2705 1829 2731 et
1841 2702 1970 2731 discretis

323 2749 390 2766 vms
409 2741 526 2767 dominis
544 2742 681 2770 Bernardo
704 2744 737 2771 de
756 2745 964 2774 Montevalrano
983 2748 1180 2776 archidiacono
1199 2748 1443 2783 Tran[s]ligerensi
1465 2748 1495 2775 in
1513 2747 1633 2775 ecclesia
1651 2747 1790 2774 Turonen.
1808 2748 1838 2774 et
1857 2746 1970 2773 domino

324 2784 404 2830 Petro
418 2783 518 2830 Marini
530 2787 635 2812 rectore
648 2787 762 2814 ecclesie
775 2788 808 2814 de
817 2789 960 2816 Avalhaco
972 2790 1119 2819 Caturcen.
1132 2791 1202 2819 dioc.
1217 2794 1246 2819 et
1258 2791 1395 2827 magistro
1404 2791 1547 2819 Bernardo
1560 2791 1595 2818 de
1607 2791 1712 2818 Sancta
1720 2789 1819 2825 Speria
1832 2789 1969 2824 scriptore
1987 2797 2017 2818 4⁵

322 2825 426 2852 domini
446 2835 519 2860 pape
538 2827 654 2854 testibus
673 2829 707 2854 ad
726 2830 858 2862 premissa
877 2832 983 2859 vocatis
1001 2836 1030 2861 ct
1048 2834 1163 2869 rogatis.
