2190 3172
478 167 573 195 ACTA
591 167 704 196 amm
723 167 908 196 LUDEWIOI
926 167 973 195 IV.
993 167 1038 196 m·
1058 168 1242 197 FRIDERICI
1262 169 1310 198 111.
1348 170 1422 198 1815.
1459 170 1508 198 Nr.
1520 170 1579 198 260.
1792 174 1854 204 223

199 254 390 287 Valenciam
420 259 452 287 et
479 254 620 287 nondum
647 255 752 288 rediit.
798 254 857 288 Set
880 259 1035 298 quantum
1059 266 1136 298 ego,
1164 257 1218 299 qui
1242 256 1414 299 diligenter
1441 257 1625 299 exploravi,
1650 258 1853 299 perpendere

198 307 304 348 potui,
336 306 482 339 dominus
505 306 688 339 Hostiensis
717 310 750 339 et
773 306 894 339 domini
917 306 1055 339 Iacobus
1083 311 1117 339 et
1139 307 1283 349 P(etrus)
1307 307 1348 340 de
1371 307 1565 350 Gollumpna
1587 308 1675 340 nullo
1699 309 1795 340 modo
1819 320 1854 341 se

198 358 409 391 transferrent
440 357 482 390 ad
516 361 636 390 terram
670 357 897 390 iurisdictionis
931 359 1017 400 regis
1050 358 1196 391 Roberti.
1253 359 1419 401 Reputant
1454 360 1539 391 enim
1571 370 1645 392 eum
1680 360 1852 402 capitalem

197 409 371 450 inimicum,
394 409 480 442 unde
503 410 590 442 nullo
614 409 711 442 modo
734 420 769 442 se
793 409 964 442 crederent
986 411 1016 443 ei
1039 414 1172 453 propter
1193 411 1335 453 aliquam
1359 412 1575 443 securitatem.

166 474 179 494 υ
307 465 355 507 (7)
378 465 462 497 Item
485 465 646 507 intellexi,
670 465 757 508 quod
780 466 836 498 illa
858 467 971 509 regina
994 466 1139 499 Navarre
1163 467 1246 499 aduc
1270 468 1347 499 vivit
1369 471 1403 499 et
1429 467 1488 499 sibi
1513 467 1664 499 alleviata
1689 471 1738 500 est
1762 470 1852 510 peni-

197 516 312 548 tencia.
360 515 434 548 Non
457 517 543 548 enim
566 527 625 549 rex
648 516 784 550 Francie
808 521 858 550 est
879 527 976 550 ausus
998 518 1103 560 ipsam
1126 518 1286 558 occidere,
1310 518 1461 550 dubitans
1477 517 1564 561 quod
1581 522 1649 551 tota
1664 519 1853 561 Burgundia

196 568 379 610 insurgeret
400 571 512 600 contra
535 579 620 600 eum.
666 567 724 601 Set
746 572 795 601 est
817 570 947 601 inventa
968 570 1035 608 via,
1059 580 1119 611 per
1141 580 1239 612 quam
1269 573 1302 602 et
1323 571 1383 612 ipsi
1407 571 1520 612 regine
1547 570 1765 603 reservabitur
1787 573 1852 604 vita

197 622 232 663 et
258 630 298 652 ea
325 620 453 652 vivente
483 630 541 652 rex
568 621 688 662 poterit
715 620 906 652 contrahere
935 621 1175 653 matrimonium
1203 631 1275 653 cum
1299 621 1451 653 secunda.
1495 620 1622 653 Dicitur
1644 623 1740 662 enim,
1765 623 1853 665 quod

199 670 276 702 licet
297 673 459 713 tempore,
487 681 551 713 quo
574 681 633 703 rex
655 670 801 704 Navarre
829 675 920 712 tunc,
951 683 1034 704 nune
1064 672 1201 704 Francie
1231 674 1391 705 contraxit
1413 674 1651 705 matrimonium
1675 684 1747 705 cum
1771 675 1852 716 ipsa,

153 731 180 751 ιο
197 721 295 755 fuerit
317 722 536 765 dispensatum
559 733 656 764 super
677 722 909 765 impedimento
933 724 1248 766 consanguinitatis⁶‚
1279 735 1343 766 qua
1372 724 1434 756 sibi
1463 725 1495 755 in
1518 724 1620 766 gradu
1643 724 1782 766 proibito
1810 725 1852 757 ad

196 774 333 807 invicem
368 773 549 815 atinebant,
580 774 612 805 in
646 773 718 816 ipsa
749 773 994 816 dispensacione
1023 785 1086 807 non
1118 775 1178 807 fuit
1210 775 1295 807 facta
1325 776 1451 808 mencio
1482 775 1522 807 de
1554 776 1694 817 quadam
1724 776 1851 818 publice

195 825 374 858 honestatis
408 825 549 865 iusticia,
583 835 646 867 que
679 825 881 867 impediebat
913 827 1154 859 matrimonium
1188 827 1335 859 contrahi
1363 828 1447 859 inter
1481 837 1551 868 eos,
1583 830 1616 859 et
1645 828 1691 859 sic
1719 831 1853 870 propter

196 876 361 909 defectum
389 876 641 919 dispensacionis
669 887 733 909 non
762 878 867 919 potuit
893 879 1132 910 matrimonium
1162 879 1308 911 contrahi
1334 880 1420 910 inter
1445 879 1533 920 ipsos
1563 883 1596 910 et
1624 879 1669 910 sic
1702 889 1765 911 non
1792 879 1853 910 fuit

194 938 288 970 uxor,
311 931 361 961 set
383 928 540 961 adultera.
586 928 701 960 Utrum
730 932 839 961 autem
870 929 931 962 hoc
953 939 1066 962 verum
1093 931 1148 971 sit,
1176 930 1266 962 Deus
1292 931 1361 962 scit.
1405 929 1500 962 Unde
1525 929 1611 962 idem
1635 941 1693 962 rex
1716 930 1852 962 intendit

153 989 178 1010 ιε
196 979 388 1012 contrahere
417 990 490 1012 oum
517 980 583 1012 lilia
610 979 719 1012 Caroli
746 980 902 1022 Martelli,
931 991 1049 1031 sorore-
1069 982 1154 1023 regis
1180 981 1337 1024 Ungarie,
1368 991 1431 1024 que
1455 985 1505 1013 est
1527 981 1677 1023 Neapoli.
1722 981 1766 1013 Et
1787 983 1851 1014 iam

195 1031 323 1064 iverunt
345 1042 403 1074 pro
428 1041 467 1064 ea
489 1031 652 1063 Iohannes
677 1035 710 1064 et
733 1031 849 1074 Guydo
872 1032 1001 1064 Delfini.
1046 1033 1131 1065 Nam
1158 1033 1228 1075 ipse
1251 1033 1413 1065 Iohannes
1435 1032 1554 1065 Delfini
1582 1033 1682 1065 habet
1707 1043 1851 1065 sororem

195 1082 294 1115 aliam
316 1083 349 1114 in
370 1093 515 1115 uxorem.
561 1082 680 1115 Nescio
703 1084 730 1115 si
753 1083 815 1115 hoc
837 1085 946 1116 veniet
970 1084 1012 1116 ad
1035 1084 1175 1116 efectum
1199 1084 1251 1117 vel
1274 1085 1300 1116 si
1315 1084 1406 1116 Deus
1422 1086 1574 1126 permitet
1593 1088 1716 1116 tantam
1737 1085 1852 1127 iniqui-

194 1136 297 1166 tatem
321 1137 354 1167 et
376 1137 501 1166 tantum
525 1135 639 1177 scelus,
663 1134 751 1177 quod
773 1135 828 1168 ille
852 1146 911 1168 rex
933 1135 1014 1168 duas
1037 1136 1131 1168 simul
1154 1137 1256 1178 possit
1278 1136 1400 1168 habere
1423 1146 1551 1168 uxores.

305 1190 353 1230 (8)
376 1189 460 1222 Item
490 1191 616 1222 noverit
643 1191 734 1232 regia
761 1190 932 1223 celsitudo:
962 1190 1184 1234 Engerranus,
1212 1191 1372 1223 secundus
1399 1202 1457 1224 rex
1484 1192 1516 1223 in
1546 1191 1699 1232 Francia,
1723 1193 1850 1224 vivente

152 1251 179 1271 so
195 1241 305 1274 inclite
328 1242 484 1274 memorie
508 1241 638 1274 domino
661 1241 779 1284 Filipo,
804 1242 863 1274 fuit
887 1246 1000 1285 captus
1023 1243 1063 1275 de
1080 1243 1263 1275 enormibus
1283 1242 1467 1275 criminibus
1483 1243 1608 1275 delatus
1631 1247 1665 1275 et
1686 1244 1852 1285 impetitus

195 1303 255 1335 per
282 1292 446 1325 dominum
476 1293 629 1325 Oarolum
656 1297 807 1335 patruum
835 1295 922 1336 regis
952 1298 985 1326 et
1017 1305 1076 1336 per
1098 1295 1254 1335 maiores,
1278 1295 1332 1337 qui
1355 1295 1418 1326 sint
1439 1295 1471 1326 in
1494 1305 1594 1336 regno
1617 1294 1763 1326 Francie.
1808 1294 1851 1326 Et

194 1343 272 1377 licet
294 1344 493 1387 aliquociens
517 1343 638 1376 dietum
661 1344 768 1387 fuerit,
792 1345 879 1388 quod
902 1346 963 1378 fuit
985 1356 1168 1388 suspensus,
1192 1350 1301 1378 tamen
1324 1345 1438 1378 didisci
1460 1357 1480 1378 a
1503 1347 1647 1388 personis
1669 1345 1849 1388 fidedignis,

195 1397 282 1439 quod
311 1399 483 1438 tractatur,
514 1395 600 1439 quod
634 1397 767 1428 mitatur
792 1397 824 1428 in
855 1397 988 1429 exilium
1017 1401 1050 1429 et
1077 1397 1241 1439 relegetur
1269 1398 1300 1429 in
1323 1397 1460 1429 insulam
1484 1397 1525 1430 de
1547 1397 1663 1437 Redis,
1687 1408 1849 1439 nunquam

195 1447 357 1480 rediturus
386 1449 447 1480 nisi
478 1448 518 1480 dc
546 1447 700 1480 mandato
731 1447 852 1480 domini
882 1448 990 1481 Caroli
1019 1448 1071 1480 vel
1098 1448 1235 1481 filiorum
1265 1459 1405 1481 suorum.
1460 1448 1511 1480 De
1540 1448 1602 1480 hoc
1629 1449 1758 1480 autem'
1780 1473 1787 1480 .
1805 1473 1812 1480 .
1831 1473 1849 1488 .,

153 1511 178 1533 a
196 1500 272 1542 quia
294 1499 489 1532 venerabilis
512 1500 560 1531 vir
591 1499 738 1531 dominus
765 1500 898 1532 sacrista
921 1500 1157 1540 Maiorieensis,
1187 1500 1319 1532 nuncius
1341 1504 1448 1532 vestre
1478 1500 1568 1542 regie
1596 1500 1794 1532 excellencie
1818 1501 1849 1532 in

195 1550 367 1584 Franciam
389 1551 542 1583 seriosius
566 1554 598 1583 et
621 1551 724 1592 magis
747 1551 880 1583 fundate
889 1552 928 1591 (?)
953 1551 1013 1583 hec
1037 1555 1070 1583 et
1092 1551 1156 1583 alia
1178 1562 1261 1583 nova
1284 1552 1371 1583 curie
1394 1552 1481 1593 regis
1503 1551 1640 1583 Francie
1663 1551 1848 1593 explicabit.

303 1606 352 1648 (9)
379 1606 453 1639 Hiis
482 1606 596 1638 diebus
625 1610 877 1648 supervenerunt
905 1617 988 1638 nova
1016 1606 1057 1638 de
1084 1607 1214 1638 civitate
1242 1606 1408 1647 Ianuensi,
1436 1606 1522 1648 quod
1554 1610 1686 1648 propter
1712 1606 1848 1649 bugam,

196 1669 258 1702 que
281 1659 342 1691 fuit
371 1659 455 1690 intei-
478 1658 639 1700 quendam
669 1657 709 1690 de
733 1657 865 1701 Spinola
893 1661 926 1690 et
948 1658 1047 1690 alium
1071 1658 1111 1690 de
1135 1658 1265 1699 mesco,
1290 1657 1335 1689 illi
1357 1658 1397 1690 de
1421 1657 1499 1690 Oria
1525 1669 1589 1690 una
1611 1669 1683 1689 cum
1707 1659 1785 1700 ipsis
1807 1658 1848 1690 de

195 1709 310 1743 Flesco
341 1709 534 1752 expulerunt
564 1719 676 1741 omnes
705 1709 747 1742 de
776 1709 909 1752 Spinola
938 1713 971 1741 et
994 1709 1138 1741 fautores
1160 1709 1302 1752 ipsorum
1326 1709 1367 1741 dc
1391 1710 1537 1750 civitate,
1561 1710 1606 1741 ita
1628 1709 1713 1751 quod
1738 1720 1850 1742 omnes

151 1772 180 1794 ιο
197 1761 340 1794 fautores
363 1762 449 1804 regis
470 1760 606 1793 Roberti
631 1760 670 1793 de
694 1760 796 1793 Ianua
819 1764 892 1792 sunt
915 1761 1052 1803 expulsi,
1076 1762 1174 1792 etiam
1197 1760 1409 1793 admirantius
1432 1771 1516 1792 suus.
1562 1760 1691 1792 Dictum
1716 1761 1775 1793 fuit
1798 1761 1849 1792 hic

195 1811 311 1856 pridie,
345 1812 432 1855 quod
466 1823 524 1844 rex
557 1811 720 1844 Robertus
753 1812 814 1844 fuit
844 1812 987 1844 infirmus
1021 1815 1054 1843 et
1088 1811 1174 1854 quod
1205 1813 1422 1844 convaluerat.
1477 1811 1570 1843 Nunc
1603 1811 1734 1852 dicitur,
1763 1812 1848 1854 quod

195 1864 394 1897 recidivavit.

304 1920 374 1963 (10)
397 1920 473 1952 Alia
495 1930 559 1952 non
582 1923 655 1951 sunt
677 1930 760 1952 nova
783 1920 955 1962 magestati
978 1920 1067 1961 regie
1090 1919 1295 1958 notificanda,
1318 1919 1378 1951 hoc
1403 1922 1542 1961 excepto
1558 1918 1645 1961 quod
1661 1919 1849 1961 magnificus

195 1971 346 2014 princeps
368 1971 517 2004 dominus
540 1971 732 2003 Fredericus
755 1981 814 2003 rex
837 1971 1057 2003 Romanorum
1081 1970 1212 2002 illustris
1234 1971 1318 2002 filius
1340 1974 1374 2002 et
1395 1981 1496 2012 gener
1512 1975 1618 2002 vester
1640 1981 1711 2002 cum
1736 1981 1848 2003 excer-

151 2036 178 2057 u
197 2023 263 2055 oitu
290 2022 404 2066 grandi
433 2023 576 2055 existens
602 2023 694 2054 iuxta
721 2023 886 2055 civitatem
916 2022 957 2054 de
981 2021 1092 2064 Spita,
1122 2022 1153 2053 in
1182 2032 1246 2064 qua
1273 2025 1343 2054 erat
1365 2021 1420 2054 ille
1442 2022 1624 2054 Lodovicus
1648 2022 1849 2054 adversarius

195 2085 282 2116 suus,
306 2085 378 2107 cum
401 2078 535 2117 propter
558 2074 797 2106 multitudinem
821 2074 926 2116 gentis
937 2074 979 2115 (ἲ)
1002 2074 1178 2106 deficerent
1201 2073 1261 2105 sibi
1286 2077 1319 2105 et
1333 2074 1422 2115 genti
1439 2084 1495 2105 sue
1513 2074 1674 2114 victualia,
1697 2074 1729 2106 in
1752 2084 1848 2106 manu

195 2126 320 2169 potenti
343 2129 376 2158 et
399 2126 531 2158 brachio
562 2130 696 2158 extenso
724 2126 828 2168 ipsam
856 2126 1020 2157 civitatem
1048 2126 1210 2167 ingressus
1238 2125 1363 2167 fugavit
1390 2124 1609 2156 adversarium
1637 2136 1739 2157 suum.
1786 2125 1847 2162 Qui

195 2187 260 2210 non
283 2181 456 2220 expectato
481 2179 549 2210 eius
571 2179 717 2220 ingressu
740 2177 876 2220 aufugit,
899 2180 996 2219 prout
1019 2176 1139 2208 domini
1163 2176 1341 2217 Teutonici,
1367 2177 1421 2218 qui
1444 2177 1564 2208 suntin
1580 2177 1678 2217 curia,
1695 2177 1847 2217 referunt,

195 2232 361 2262 aserentes
384 2240 419 2262 se
442 2239 539 2271 super
561 2229 622 2260 hoc
646 2229 756 2261 literas
778 2230 952 2270 recepisse.

149 2298 179 2319 ω
305 2284 376 2327 (11)
403 2284 457 2317 Ad
483 2285 545 2317 hec
575 2285 651 2327 quia
678 2295 740 2327 que
768 2285 881 2316 ultimo
909 2284 1071 2324 dicuntur,
1103 2283 1252 2315 eficacius
1275 2284 1432 2315 memorie
1456 2283 1702 2324 comendantur,
1726 2285 1847 2315 sereni-

196 2339 297 2369 tatem
325 2336 448 2379 regiam
475 2336 556 2368 scire
587 2336 698 2378 cupio,
728 2335 815 2378 quod
842 2335 919 2367 licet
940 2339 1048 2367 vestra
1078 2335 1323 2377 magnificencia
1350 2334 1447 2366 michi
1470 2334 1502 2366 in
1525 2334 1702 2367 subsidium
1727 2346 1846 2377 expen-

195 2398 303 2420 sarum
337 2388 501 2420 annuatim
535 2387 624 2419 mille
659 2387 863 2419 Turonenses
898 2386 1100 2418 mandaverit
1133 2387 1306 2418 ministrari
1335 2389 1367 2418 et
1396 2397 1415 2418 a
1443 2390 1588 2427 tempore
1616 2387 1848 2428 procurationis

195 2442 301 2472 vestre
324 2439 422 2471 michi
445 2439 613 2471 commisse
637 2438 883 2481 quadriennium
907 2439 949 2470 sit
973 2437 1129 2479 elapsum,
1152 2448 1215 2469 non
1239 2441 1348 2469 tamen
1372 2438 1477 2479 gratia
1501 2448 1559 2479 per
1573 2448 1630 2469 vos
1653 2438 1750 2469 michi
1773 2448 1847 2469 con-

196 2501 287 2524 cessa
314 2491 374 2523 fuit
401 2491 463 2523 nisi
491 2501 550 2533 pro
576 2491 670 2522 unico
699 2501 782 2522 anno
810 2500 869 2532 per
895 2494 1037 2521 vestrum
1067 2489 1302 2521 thesaurarium
1331 2490 1510 2521 ministrata
1535 2514 1542 2521 .
1564 2513 1572 2520 .
1594 2513 1601 2520 .
1625 2488 1756 2531 Suplico
1780 2512 1787 2520 .
1810 2513 1817 2520 .

151 2554 179 2575 α
197 2542 354 2584 quatinus
369 2542 456 2585 quod
479 2542 667 2575 solvendum
691 2545 792 2574 restat
813 2541 911 2574 michi
935 2541 976 2573 de
1000 2545 1146 2583 tempore
1170 2542 1325 2583 preterito
1355 2541 1485 2573 racione
1512 2541 1620 2582 gracie
1644 2541 1740 2572 michi
1764 2541 1848 2572 facte

196 2603 256 2636 per
277 2593 363 2626 out-ie
387 2597 493 2627 vestre
516 2594 751 2626 thesaurarium
774 2593 929 2625 mandare
952 2593 1128 2635 dignemini
1151 2592 1246 2624 michi
1269 2592 1350 2623 solvi
1375 2617 1381 2624 .
1400 2617 1431 2625 ..

303 2644 430 2687 Scripta
454 2645 625 2686 minione,
647 2644 765 2677 xum
788 2644 955 2676 Kalendas
978 2644 1064 2676 Maii.

301 2788 367 2817 800-
394 2789 418 2822 ⁸)
436 2790 681 2824 consanguineitatis
699 2790 740 2817 ed.
827 2789 848 2823 ἲ)
866 2790 969 2816 verbum
987 2790 1055 2816 deest
1073 2799 1111 2816 or.
1199 2791 1225 2821 ε)
1245 2790 1319 2815 xnu
1338 2799 1375 2815 cr.
