2190 3172
307 268 368 299 308
541 265 638 293 ACTA
657 265 770 292 REGNI
787 264 971 291 LUDEWICI
990 263 1035 290 IV.
1055 263 1100 289 ET
1120 262 1304 290 FRIDERICI
1323 263 1372 290 111.
1408 264 1484 291 1316.
1520 264 1568 291 Nr.
1581 264 1640 292 368.
1658 264 1717 292 369.

305 353 416 395 procul
440 352 538 384 dubio
570 355 603 383 et
625 352 802 383 absolvent.
848 351 984 391 Insuper
1013 350 1106 381 dictis
1133 349 1329 391 principibus
1358 351 1475 382 nostris
1504 351 1536 382 in
1566 361 1696 382 recessu
1723 361 1780 383 suo
1812 361 1831 383 a
1861 351 1954 383 nobis

304 415 406 447 usque
431 404 584 446 oppidum
608 402 816 435 Rotenburch
840 402 891 433 vel
912 401 1135 432 Windesheim
1159 401 1400 442 providebimus
1426 402 1530 444 plenis
1557 402 1704 434 similiter
1732 403 1765 434 iu
1793 404 1952 445 expensis.

306 456 410 498 Super
432 456 595 498 premissis
619 455 765 486 omnibus
789 457 822 485 et
844 453 977 494 singulis
1000 453 1133 484 firmiter
1156 452 1364 484 observandis
1387 453 1500 485 damus
1523 454 1570 485 eis
1592 454 1797 486 fideiussores
1821 457 1854 486 et
1876 465 1952 487 con-

306 508 466 539 stituimus
489 507 707 548 infrascriptos
727 505 879 536 videlicet
900 504 1040 535 nobilem
1057 504 1160 535 virum
1176 503 1376 536 Friderioum
1400 505 1440 536 de
1457 505 1708 547 Truhendingen
1732 509 1765 537 et
1785 508 1954 539 strennuos

305 561 390 591 viros
412 559 611 600 Wulfingum
641 557 680 589 de
709 556 883 597 Goltecke,
913 555 1103 587 Bertoldum
1132 555 1314 597 dapiferum
1342 555 1382 588 de
1410 556 1632 597 Chunllental,
1662 557 1885 590 Hermannum
1913 558 1954 591 de

305 610 528 651 Haldenberg,
553 608 723 640 Albertum
747 608 867 639 dictum
891 606 1080 647 Iudenman,
1104 606 1274 638 Albertum
1298 607 1418 639 dictum
1441 608 1664 649 Rindesmaul,
1689 608 1887 651 Wigelinum
1911 609 1952 642 de

306 661 497 693 Trauznicht
521 664 554 692 et
576 660 718 692 Ulricum
745 659 864 690 dictum
887 658 1013 700 Haspel
1035 659 1271 690 vicedominum
1299 661 1331 691 in
1355 660 1524 692 Monacho.
1619 661 1657 692 In
1680 662 1768 693 cuius
1791 662 1839 693 rei
1862 662 1954 693 testi·

304 714 445 744 monium
469 713 551 743 hanc
574 712 716 742 litteram
739 711 844 752 sigillo
868 713 976 742 nostro
1000 713 1125 742 secreto
1149 711 1298 742 iussimus
1321 713 1519 744 communiri.

411 765 485 795 Dat.
510 764 541 794 in
564 763 662 803 Rain,
690 763 722 793 in
751 762 803 793 die
827 762 916 794 beati
938 761 1049 792 Iacobi
1072 762 1225 803 apostoli,
1256 773 1339 794 anno
1362 763 1492 795 Domini
1515 763 1732 805 MOCCXVI,
1763 765 1854 806 regni
1877 775 1954 797 vero

303 816 402 847 nostri
425 826 506 846 anno
531 814 682 846 secundo.

595 1020 669 1055 369.
706 1018 1077 1057 PROTESTATIO
1102 1019 1384 1058 CIVITATIS
1414 1021 1657 1059 PISANAE.

983 1089 1091 1124 1316.
1133 1088 1200 1125 Iul.
1222 1088 1282 1124 27.

415 1189 576 1230 OriyinaZe
600 1189 673 1231 (or.)
697 1190 733 1221 in
756 1190 914 1222 tabulario
936 1190 1019 1230 reyio
1034 1189 1167 1221 Pisano.
1195 1208 1232 1212 —
1257 1189 1319 1222 Ed.
1336 1190 1431 1231 Kopp
1446 1189 1759 1222 ‘Geschichtsbldcter’
1776 1189 1821 1221 II
1838 1190 1954 1230 (1856)

297 1253 332 1283 p.
349 1243 412 1274 206
435 1253 473 1274 esc
496 1252 559 1280 or.,·
581 1241 697 1273 Ficker
720 1241 910 1274 ‘Urkunden
931 1253 989 1274 zur
1007 1241 1117 1274 Gesch.
1134 1241 1187 1273 des
1202 1241 1407 1282 Rb‘merzuys'
1427 1251 1460 1281 p.
1477 1242 1498 1272 4
1520 1251 1570 1273 nr.
1586 1242 1607 1272 8
1629 1251 1668 1273 ex
1691 1252 1737 1274 or.
1773 1241 1955 1274 Editiemem

304 1295 387 1326 hane
408 1295 588 1334 repetimus.

415 1351 462 1391 Cf.
487 1362 523 1382 ea
545 1362 626 1391 quae
649 1353 739 1382 notat
761 1351 857 1391 Kopp
880 1351 900 1383 l.
917 1361 942 1382 c.
964 1361 996 1390 p.
1011 1350 1076 1381 208
1088 1360 1152 1390 sqq.

413 1437 576 1469 Universis
611 1441 644 1468 et
673 1437 804 1478 singulis
837 1440 903 1468 tam
937 1437 1135 1479 principibus
1165 1447 1262 1478 quam
1294 1435 1467 1468 baronibus
1502 1438 1535 1466 et
1567 1435 1750 1477 comitibus,
1784 1436 1955 1477 nobilibus,

304 1489 550 1521 comunitatibus
584 1493 618 1520 et
650 1489 865 1530 singularibus
895 1490 1054 1530 personis,
1090 1489 1132 1520 ad
1166 1499 1303 1531 quorum
1337 1487 1537 1530 presenciam
1572 1490 1740 1529 presentes
1768 1487 1957 1520 advenerint

302 1542 410 1573 littere
498 1541 690 1572 Franciscus
714 1541 755 1572 de
778 1541 960 1572 Mirandula
984 1541 1025 1573 de
1048 1541 1172 1572 Mutina
1193 1541 1384 1572 Pisanorum
1407 1542 1566 1581 potestas,
1589 1538 1760 1571 Rainerius
1783 1550 1892 1571 comes
1915 1539 1955 1571 de

1973 827 1999 846 10

1973 1302 1999 1321 15

302 1593 522 1624 Donnoratico
547 1593 735 1634 capitaneus
759 1597 792 1624 et
815 1594 935 1625 antiani
958 1593 1068 1624 Pisani
1091 1593 1217 1634 populi,
1242 1591 1409 1624 consilium
1433 1595 1467 1623 et
1489 1601 1625 1623 comune
1648 1591 1786 1623 civitatis
1808 1591 1956 1623 Pisarum
2015 1612 2018 1614 -

303 1656 393 1676 sacro
419 1645 527 1676 devoti
551 1644 699 1676 Romano
724 1646 859 1687 imperio
891 1649 924 1677 et
951 1645 1064 1677 fideles
1159 1644 1476 1676 recomendationem
1505 1644 1553 1674 sui
1576 1643 1751 1675 maioribus
1781 1653 1819 1675 ac
1847 1644 1893 1675 eis
1923 1647 1957 1675 et

303 1696 374 1727 aliis
398 1696 554 1728 honorum
578 1697 776 1728 incrementa
799 1697 941 1728 felicium
966 1707 1038 1728 cum
1062 1697 1175 1728 salute.

412 1749 458 1788 (1)
482 1748 535 1779 Ad
559 1748 764 1789 premiandas
787 1749 922 1780 virtutes
946 1753 979 1780 et
1001 1749 1078 1780 vitia
1100 1747 1307 1790 reprimenda
1335 1747 1478 1779 decrevit
1498 1747 1697 1788 Altissimus,
1728 1747 1814 1788 quod
1838 1748 1956 1779 veritas

303 1799 538 1831 incomutabilis
561 1804 767 1840 permaneret
795 1804 828 1832 et
855 1801 900 1832 nil
928 1803 1038 1842 posset
1064 1800 1134 1831 fieri
1161 1802 1228 1831 tam
1252 1799 1428 1839 occultum,
1459 1799 1536 1841 quin
1564 1799 1606 1831 ad
1635 1800 1782 1831 notitiam
1805 1790 1958 1831 deveniat

303 1852 453 1891 aliorum,
485 1852 706 1883 simulatorum
730 1852 925 1883 velaminum
954 1852 1151 1894 refragantia
1179 1862 1244 1882 non
1266 1850 1424 1882 obstante.
1471 1850 1556 1883 Sane
1578 1851 1725 1883 volentes
1752 1861 1824 1882 cum
1847 1854 1957 1892 preter

304 1903 447 1934 debitum
470 1904 652 1935 universale
676 1904 847 1936 cuiuslibet
870 1904 911 1936 de
928 1904 1139 1945 infrascriptis
1163 1903 1203 1934 sit
1223 1902 1316 1934 nobis
1332 1903 1518 1945 precipuum
1535 1903 1666 1935 cuilibet
1681 1902 1818 1934 reddere
1835 1902 1956 1934 famam

303 1965 410 1995 suam,
442 1959 478 1986 ut
500 1955 752 1997 subscriptorum
775 1957 991 1987 virtuosorum
1021 1956 1172 1997 legalitas
1202 1955 1334 1997 dignum
1357 1954 1476 1996 ubique
1504 1955 1608 1987 laudis
1631 1955 1818 1996 preconium
1842 1965 1955 1986 conse-

304 2009 433 2047 quatur,
466 2007 668 2048 infrascripte
698 2008 745 2038 rei
773 2008 889 2040 seriem
918 2008 1061 2049 presenti
1089 2007 1208 2049 pagina
1230 2006 1384 2048 simplicis
1406 2007 1548 2048 undique
1571 2007 1716 2038 veritatis
1739 2006 1957 2038 testimonium

303 2058 441 2089 allatura
470 2062 536 2089 tam
560 2059 743 2100 legentibus
773 2069 870 2100 quam
900 2059 1105 2091 audientibus
1139 2058 1318 2099 declarare,
1349 2069 1425 2090 ecce
1453 2058 1588 2090 dicimus
1618 2058 1704 2100 quod
1732 2058 1807 2089 dum
1836 2057 1956 2089 Pisana

304 2110 415 2140 civitas
438 2110 470 2140 in
494 2110 639 2151 partibus
663 2110 771 2142 Ytalie
795 2111 944 2142 Romano
974 2111 1110 2152 imperio
1141 2110 1329 2141 fidelissima
1353 2114 1534 2142 ceterarum
1565 2121 1623 2152 pro
1653 2110 1895 2142 conservatione
1923 2112 1956 2142 et

305 2160 491 2192 defensione
515 2162 653 2193 nominis
676 2163 802 2204 imperii
833 2164 966 2205 eiusque
994 2163 1138 2194 fidelium
1171 2165 1204 2193 et
1233 2161 1411 2194 infidelium
1438 2162 1679 2194 conculcatione
1706 2162 1793 2193 finali
1817 2161 1955 2203 partium

304 2212 519 2254 predictarum
549 2213 770 2255 infrascriptos
801 2215 927 2246 nobiles
956 2214 1167 2246 banderarios
1196 2217 1229 2246 et
1256 2214 1337 2245 alios
1366 2213 1644 2255 Ultramontanos,
1675 2213 1716 2245 de
1748 2213 1864 2255 quibus
1893 2223 1956 2244 non

305 2264 399 2295 aliter
426 2274 522 2305 quam
552 2265 592 2296 de
616 2265 742 2297 Pisanis
769 2266 963 2298 fidelissimis
987 2266 1182 2307 confidebat,
1215 2267 1280 2298 suis
1307 2265 1475 2308 stipendiis
1509 2269 1542 2298 et
1569 2265 1802 2298 excellentibus
1831 2265 1957 2307 guagiis

305 2316 460 2347 retineret
482 2316 673 2348 multimode
697 2317 872 2350 honoratos
907 2330 979 2350 cum
1013 2319 1117 2360 pactis
1151 2321 1184 2350 et
1213 2317 1495 2358 conventionibus,
1530 2317 1572 2349 ad
1606 2328 1669 2359 que
1699 2317 1893 2349 tenebantur
1924 2320 1957 2349 et

306 2370 397 2398 erant
425 2367 580 2399 ultroneis
604 2370 882 2411 promissionibus,
911 2371 1099 2402 iuramentis
1132 2370 1207 2401 fidei
1243 2373 1276 2401 et
1309 2369 1380 2400 aliis
1403 2369 1649 2401 solennitatibus
1673 2369 1822 2410 obligati,
1856 2369 1956 2400 hostis

305 2417 444 2450 humane
468 2422 580 2451 nature
604 2424 729 2452 mentes
762 2425 795 2452 et
823 2422 920 2453 corda
944 2421 1143 2463 quorundam
1166 2422 1308 2463 ipsorum
1333 2420 1463 2452 seduxit
1485 2422 1517 2452 in
1540 2424 1664 2452 tantum
1691 2431 1711 2452 a
1734 2424 1822 2453 recte
1846 2421 1956 2462 cogni-

306 2470 401 2501 tionis
423 2470 556 2512 iudicio,
591 2472 678 2513 quod
706 2473 864 2504 stantibus
892 2477 967 2505 tunc
989 2473 1116 2505 Pisanis
1150 2483 1223 2504 cum
1253 2473 1375 2504 eisdem
1410 2474 1442 2504 in
1477 2473 1599 2514 campis
1630 2476 1741 2504 contra
1769 2472 1893 2504 emulos
1923 2473 1957 2504 in

306 2521 450 2562 partibus
473 2522 528 2554 ubi
552 2523 668 2555 dicitur
691 2524 794 2556 Vallis
816 2526 912 2566 Arni,
948 2526 1175 2567 promissiones
1207 2528 1241 2556 et
1273 2525 1454 2557 iuramenta
1487 2535 1544 2556 sua
1571 2524 1698 2566 prefata
1726 2528 1850 2556 temere
1880 2535 1956 2556 con-

307 2576 513 2615 tenpnentes,
547 2575 634 2606 fama
668 2579 700 2607 et
723 2576 844 2608 honore
868 2577 1041 2618 legalitatis
1064 2576 1247 2608 venerande
1271 2577 1471 2618 postpositis,
1503 2577 1773 2618 conspirationem
1802 2580 1835 2608 et
1857 2576 1956 2618 ligam

308 2624 366 2655 sub
382 2626 471 2656 novis
495 2629 528 2657 et
544 2627 688 2658 orrendis
704 2628 889 2660 iuramentis
913 2632 946 2660 et
966 2629 1173 2660 clandestinis
1188 2628 1452 2670 promissionibus
1468 2631 1579 2660 contra
1594 2628 1731 2660 Pisanos
1755 2631 1788 2660 et
1803 2628 1956 2660 Pisanam

308 2676 471 2708 civitatem
497 2681 529 2709 et
551 2679 582 2709 in
606 2679 704 2720 ipsius
728 2681 865 2711 civitatis
887 2681 986 2712 letale
1010 2680 1222 2722 preiudicium
1246 2683 1483 2712 contraxerunt.
1522 2680 1575 2711 Ad
1599 2691 1694 2722 quam
1715 2680 1814 2722 ligam
1831 2684 1957 2712 ceteros

307 2727 569 2760 Ultramontanos
596 2731 628 2761 in
653 2731 738 2762 dicto
762 2731 953 2763 Pisanorum
977 2733 1123 2764 exercitu
1157 2735 1189 2763 et
1217 2731 1371 2773 obsequio
1401 2732 1578 2763 existentes
1605 2733 1737 2764 secretis
1770 2735 1803 2764 et
1836 2731 1956 2764 sedulis

308 2779 545 2812 seductionibus
561 2782 739 2814 invitabant
763 2787 795 2814 et
812 2784 968 2815 reducere
986 2784 1192 2823 conabantur,
1218 2783 1303 2825 quod
1319 2784 1474 2825 perficere
1491 2784 1627 2815 aliorum
1644 2785 1698 2826 qui
1714 2784 1956 2816 subscribuntur

308 2831 431 2863 sincere
462 2833 636 2874 legalitatis
667 2837 699 2865 et
726 2834 802 2866 fidei
830 2837 1009 2867 constantia
1037 2836 1258 2877 nequiverunt.
1313 2835 1384 2872 Quo
1415 2835 1553 2868 deducto
1589 2836 1630 2867 ad
1660 2837 1808 2868 notitiam
1839 2835 1956 2867 ducum

1974 1862 1999 1882 25

1975 2379 2000 2398 :3⁵

308 2883 424 2923 prefati
448 2883 638 2916 Pisanorum
663 2887 838 2927 exercitus,
873 2889 977 2928 ipsum
1002 2888 1180 2919 exercitum
1208 2889 1350 2929 oportuit
1377 2898 1434 2928 pro
1461 2888 1575 2919 maiori
1599 2888 1748 2920 evitando
1773 2887 1955 2919 discrimine
1974 2897 1999 2916 ⁴⁵
