2190 3172
183 985 208 1005 ss

181 2020 208 2041 ⁸5

183 2532 209 2551 ⁴5

503 167 599 196 ACTA
618 167 732 196 REGNI
750 168 934 197 LUDEWICI
953 168 999 196 lv.
1018 168 1064 196 ΕΤ
1083 167 1270 196 FRIDERICI
1288 168 1337 196 111.
1375 168 1449 196 1316.
1486 168 1534 196 Nr.
1546 169 1605 196 351.
1819 172 1882 203 295

230 255 300 296 bus,
324 254 586 287 ministerialibus
609 265 707 297 quam
731 255 902 297 oppidanis
925 259 958 288 et
981 255 1140 288 ruralibus
1162 266 1200 288 ac
1223 255 1295 288 aliis
1317 255 1438 288 iuribus
1461 255 1716 297 quibuscumque
1741 257 1771 287 in
1796 256 1882 289 dicto

227 306 350 349 oppido
374 310 407 339 et
429 306 513 339 valle
537 306 729 339 cedentibus
757 307 799 339 ad
826 318 885 340 nos
906 318 963 340 seu
987 307 1178 350 dignitatem
1202 308 1374 340 comitatus
1398 307 1531 349 palatini
1554 305 1638 339 Reni
1662 309 1883 349 spectantibus

229 359 316 391 omni
340 368 380 390 eo
403 358 488 398 iure,
521 368 584 400 quo
617 368 675 390 nos
698 358 890 391 tenebamus
917 369 975 391 seu
999 362 1109 391 tenere
1133 359 1371 398 consuevimus,
1403 358 1510 390 eidem
1533 358 1793 401 archiepiscopo,
1817 362 1882 392 suis

228 410 466 442 successoribus
482 413 516 442 et
532 409 668 442 ecclesie
684 410 877 443 Treverensi
899 411 992 443 titulo
1007 411 1150 453 pignoris
1165 421 1222 443 seu
1238 410 1397 453 ypothece
1413 409 1605 452 obligamus,
1628 410 1725 442 nichil
1750 411 1882 444 dominii

228 461 320 494 nobis
343 471 440 504 quam
463 461 518 493 diu
541 461 613 503 ipsa
636 460 796 504 obligacio
820 462 984 494 duraverit
1005 461 1085 494 inibi
1108 461 1321 503 reservando,
1345 461 1501 503 tenenda,
1532 461 1728 503 possidenda
1751 466 1785 495 et
1808 474 1881 505 per·

226 513 378 555 cipienda
407 513 471 545 una
498 522 571 544 cum
600 515 739 555 quatuor
765 514 884 554 grossis
907 513 1184 546 Thoronensiumb
1208 517 1242 546 et
1269 514 1403 546 dimidio
1431 513 1471 546 de
1500 513 1646 555 qualibet
1668 517 1795 546 carrata
1818 516 1882 547 vini

228 568 262 596 et
285 564 326 596 de
350 564 497 597 omnibus
520 564 592 596 aliis
614 565 830 596 mercimoniis
853 565 944 597 iuxta
967 569 1154 598 consuetam
1171 566 1412 598 estimacionem
1437 575 1496 607 per
1510 564 1594 597 Reni
1618 565 1744 597 alveum
1769 576 1882 598 ascen-

227 615 380 648 dentibus
403 619 436 648 et
456 615 726 648 descendentibus
741 616 958 659 percipiendis
981 628 1040 659 per
1061 627 1136 648 suos
1158 618 1301 658 nuncios,
1324 621 1391 649 tam
1415 617 1470 648 diu
1494 621 1527 649 et
1550 627 1719 659 quousque
1743 617 1784 649 de
1807 628 1881 660 pre·

228 666 322 700 dictis
349 668 559 710 pecuniarum
589 667 721 699 summis
751 671 817 700 tam
852 678 910 710 pro
945 668 1057 700 debito
1091 679 1148 701 suo
1177 669 1307 711 proprio
1336 679 1434 711 quam
1464 679 1522 711 pro
1552 668 1663 701 debito
1692 669 1769 700 dicti
1796 670 1882 711 regis

228 718 397 760 Bohemie,
420 721 456 750 ut
478 729 668 761 expressum
692 722 742 751 est
764 720 922 761 superius,
945 720 1142 752 solucionem
1166 720 1344 762 plenariam
1367 719 1465 752 fuerit
1479 724 1678 752 consecutus.
1760 723 1807 761 (3)
1830 721 1881 753 De

228 770 346 813 quibus
367 770 585 812 percipiendis
608 770 733 802 solvere
757 774 790 803 et
813 772 978 814 assignare
1001 771 1166 803 tenebitur
1188 774 1296 803 nostro
1320 772 1450 804 nomine
1473 771 1574 803 nobili
1596 772 1664 804 viro
1680 772 1815 804 Iohanni
1840 772 1881 804 de

227 820 453 854 Praunshorn⁰
476 821 669 863 quingentas
692 831 818 855 marcas
841 824 913 864 puri
940 823 1064 865 argenti
1093 826 1151 855 aut
1173 823 1414 855 estimacionem
1438 822 1599 863 eiusdem,
1630 827 1664 855 et
1693 823 1767 855 dum
1793 834 1880 855 com-

227 873 351 915 pletam
373 872 571 905 solucionem
594 873 695 905 idem¹
717 874 978 916 archiepiscopus
1001 874 1042 907 de
1065 875 1131 906 suis
1153 874 1271 906 debitis
1286 877 1477 907 consecutus
1499 874 1606 915 fuerit,
1629 875 1791 907 nobilibus
1807 875 1882 906 viris

226 923 344 967 Egidio
369 924 499 956 domino
523 925 564 957 de
587 925 847 966 Rodenmschra,
871 926 974 958 Paulo
999 926 1040 958 de
1063 925 1189 968 Eyche,
1212 925 1365 958 Heinrico
1389 925 1476 958 dicto
1499 925 1628 958 Pam-0¹¹
1652 926 1694 958 de
1717 926 1881 968 Popardia

227 980 261 1008 et
283 975 466 1008 Hertwico¹
489 976 530 1008 de
555 975 753 1019 Winningen
782 977 920 1010 sculteto
949 977 1229 1020 Confluen(tine)¹¹¹
1256 977 1410 1010 militibus
1439 981 1610 1010 sexcentas
1637 988 1763 1010 marcas
1790 979 1881 1010 iuxta

226 1038 356 1060 suarum
391 1028 624 1060 continenciam
659 1029 838 1061 litterarum
874 1039 998 1062 necnon
1031 1030 1188 1071 magistro
1222 1029 1364 1061 Frcunt¹¹
1393 1039 1471 1061 coco
1507 1029 1619 1071 ipsius¹
1646 1027 1881 1072 archicpiscopi

225 1082 358 1112 centum
381 1090 508 1112 marcas
535 1080 682 1112 eiusdem
712 1081 899 1123 pagamenti
928 1091 966 1113 ac
996 1082 1128 1113 notariis
1157 1081 1302 1113 eiusdem
1331 1081 1518 1123 octuaginta
1545 1081 1644 1113 libras
1666 1081 1880 1122 Hallensium‚

226 1131 342 1174 quibus
376 1132 472 1164 certis
503 1131 544 1163 de
575 1132 679 1163 causis
709 1142 818 1164 sumus
852 1132 1029 1164 efficaciter
1057 1132 1202 1175 obligati.
1294 1131 1344 1174 (4)
1373 1131 1526 1174 Expense
1553 1136 1662 1165 autem
1691 1134 1880 1166 nunciorum

226 1182 413 1215 theloneum
438 1182 664 1224 colligencium
689 1186 723 1214 et
743 1183 838 1215 unius
860 1184 975 1215 notarii
998 1184 1108 1225 nostri,
1132 1184 1187 1226 qui
1210 1183 1401 1226 colligendis
1424 1187 1458 1216 et
1473 1183 1701 1216 distribuendis
1724 1195 1766 1216 ex
1789 1190 1880 1226 parte

224 1238 335 1267 nostra
358 1234 500 1275 intersit,
529 1244 568 1266 ac
590 1235 790 1277 purgravii⁰‚
826 1235 1052 1276 castrensium,
1084 1235 1266 1277 custodum,
1297 1235 1428 1276 vigilum
1457 1238 1633 1267 castrorum
1661 1235 1881 1277 predictorum

223 1287 326 1328 recipi
350 1286 484 1326 debent,
513 1285 568 1318 ubi
596 1296 698 1328 usque
726 1297 809 1318 nunc
838 1287 938 1328 recipi
961 1290 1210 1327 consueverunt,
1240 1287 1273 1318 in
1302 1286 1557 1318 defalcacionem
1584 1288 1755 1319 memorati
1778 1287 1880 1320 debiti

224 1338 410 1370 nullatenus
433 1337 626 1370 defalcande
656 1340 690 1370 et
717 1338 861 1380 quicquit
887 1338 972 1370 ultra
1001 1338 1062 1370 hec
1086 1339 1290 1380 exposuerit,
1321 1337 1382 1369 sibi
1406 1337 1620 1370 defalcabitur
1642 1337 1683 1370 de
1707 1340 1878 1380 perceptis.

224 1389 349 1422 Verum
379 1390 478 1421 etiam
513 1390 539 1421 si
570 1390 634 1421 iam
667 1389 775 1431 aliqua
804 1389 943 1431 pecunia
972 1389 1012 1421 de
1041 1390 1200 1422 theloneis
1227 1389 1405 1421 Bacheraci
1433 1394 1528 1421 vacat
1557 1389 1608 1421 vel
1636 1390 1739 1431 ipsam
1763 1400 1879 1422 vacare

224 1441 419 1483 contingerit
445 1441 478 1472 in
508 1441 594 1472 dicto
618 1440 712 1472 Reno
740 1441 825 1473 ultra
854 1442 917 1473 iam
948 1451 1103 1483 expresso
1131 1441 1293 1483 superius,
1323 1441 1468 1473 volumus
1497 1444 1534 1472 ut
1559 1441 1675 1473 eadem
1703 1442 1879 1474 venerabili

225 1493 362 1534 principi
385 1494 494 1523 nostro
518 1491 727 1534 Maguntinov
750 1492 1005 1534 archiepiscopo,
1029 1493 1080 1524 cui
1103 1503 1144 1525 ex
1167 1493 1264 1524 certis
1278 1493 1383 1524 causis
1404 1493 1436 1524 in
1460 1495 1533 1524 octo
1549 1493 1679 1525 milibus
1700 1503 1880 1525 marcarum

225 1544 353 1587 argenti
369 1554 478 1575 sumus
493 1543 640 1585 obligati,
656 1554 780 1576 necnon
798 1543 944 1586 predicto
960 1543 1164 1576 Treverensi'
1190 1544 1432 1586 archiepiscopo
1449 1543 1566 1575 cedant
1581 1554 1640 1586 per
1662 1554 1697 1576 se
1720 1548 1754 1576 et
1769 1555 1880 1576 eorum

226 1596 359 1627 nuncios
383 1605 466 1637 eque
490 1595 715 1637 percipienda,
738 1595 878 1627 levanda
901 1599 935 1627 et
957 1595 1155 1637 colligenda,
1179 1599 1213 1627 et
1235 1595 1380 1637 quicquit
1401 1596 1607 1637 perceperint
1630 1595 1670 1627 de
1694 1597 1881 1628 memoratis

226 1647 346 1680 debitis
373 1646 466 1678 nobis
496 1646 698 1678 defalcanda.
743 1646 786 1678 Et
816 1657 911 1689 quam
940 1648 1003 1679 cito
1031 1647 1118 1679 idem
1145 1647 1371 1690 MaguntinusP
1394 1647 1655 1689 archiepiscopus
1683 1648 1880 1680 solucionem

227 1699 314 1732 dicte
337 1699 472 1742 pecunie
496 1708 553 1730 sue
577 1701 767 1731 consecutus
790 1699 887 1730 fuerit
909 1699 1099 1740 plenariam,
1123 1701 1226 1730 totum
1242 1698 1429 1731 theloneum
1452 1699 1494 1730 ad
1513 1699 1617 1741 ipsum
1634 1699 1880 1731 Treverensem¹

227 1750 505 1792 archiepiscopum
535 1759 595 1792 per
624 1760 698 1782 suos
727 1750 860 1782 nuncios
887 1749 1103 1792 colligendum
1132 1753 1165 1782 et
1187 1750 1374 1791 levandum,
1406 1760 1574 1792 quousque
1596 1749 1657 1782 sibi
1681 1750 1880 1783 satisfactum

226 1802 334 1843 fuerit,
358 1801 547 1834 devolvetur
569 1811 628 1834 nec
644 1801 771 1844 aliquos
793 1802 874 1833 alios
897 1801 939 1833 ad
954 1802 1203 1843 percepcionem
1226 1801 1390 1833 theloneiq
1412 1802 1512 1843 ipsius
1534 1801 1710 1843 aliqualem
1734 1802 1765 1834 in
1788 1806 1880 1844 parte

226 1854 278 1886 vel
301 1854 334 1886 in
350 1857 418 1885 toto
434 1852 668 1895 assignabimus
685 1856 795 1895 preter
817 1853 877 1884 hos
899 1853 955 1895 qui
978 1854 1042 1885 iam
1066 1853 1099 1884 in
1121 1854 1335 1895 percepcione
1359 1853 1536 1885 consistunt
1558 1857 1614 1885 aut
1635 1864 1776 1885 summas
1799 1854 1881 1886 alias

225 1908 335 1948 preter
358 1905 422 1936 iam
446 1905 613 1946 impositas
628 1904 894 1946 superaddemus.
932 1903 1056 1936 Dantes
1081 1904 1187 1936 eidem
1205 1904 1408 1936 Treverensi¹
1424 1904 1667 1946 archiepiscopo
1684 1909 1880 1946 potestatem

225 1956 405 1999 plenariam
428 1955 598 1988 ordinandi
621 1959 654 1988 et
677 1955 867 1997 disponendi
897 1955 937 1987 de
966 1955 1153 1987 custodibus
1182 1955 1341 1987 dictorum
1369 1955 1610 1997 theloneorum,
1642 1960 1738 1998 prout
1764 1957 1881 1988 nostris

225 2007 417 2040 utilitatibus
441 2010 474 2039 et
489 2007 664 2039 honoribus
687 2017 725 2039 ac
749 2007 813 2039 suis
828 2007 932 2039 visum
955 2006 1053 2039 fuerit
1068 2006 1234 2048 expedire.
1323 2007 1371 2049 (5)
1396 2005 1455 2038 Est
1478 2007 1581 2039 eciam
1596 2006 1770 2047 adiectum,
1794 2007 1880 2049 quod

226 2059 333 2092 eidem
358 2058 563 2091 Treverensi¹
586 2059 832 2100 archiepiscopo
855 2058 1065 2091 medietatem
1089 2059 1231 2090 omnium
1254 2058 1448 2099 reddituum,
1471 2061 1695 2101 proventuum,
1719 2058 1881 2091 fructuum

226 2114 261 2142 et
292 2110 524 2142 obvencionum
559 2109 668 2152 oppidi
700 2109 922 2151 Reynbfillenr
953 2120 1024 2141 cum
1057 2111 1122 2141 suis
1145 2110 1351 2151 pertinenciis
1380 2112 1414 2142 et
1439 2110 1472 2141 in
1499 2109 1755 2152 quibuscumque
1782 2110 1879 2142 rebus

226 2162 298 2194 aliis
321 2161 582 2202 consistentibus,
615 2161 768 2193 videlicet
794 2162 826 2193 in
856 2161 1055 2201 hominibus,
1086 2161 1314 2203 cuiuscumque
1341 2161 1552 2203 condicionis,
1581 2172 1678 2194 sexus
1701 2166 1757 2193 aut
1779 2166 1881 2194 status

227 2213 383 2254 existant,
406 2211 592 2255 oppidanis,
615 2211 713 2250 villis,
738 2212 851 2254 pratis,
875 2213 1017 2254 pascuis,
1042 2212 1241 2254 nemoribus,
1265 2213 1400 2255 stagnis,
1424 2213 1531 2255 aquis,
1554 2212 1699 2255 piscinis,
1727 2214 1880 2253 serviciis,

226 2263 498 2296 iurisdictionibus
522 2267 556 2296 et
577 2263 674 2296 rebus
697 2264 769 2296 aliis
791 2263 911 2306 ubique
934 2274 1031 2306 supra
1054 2266 1198 2296 montem
1220 2264 1305 2296 infra
1327 2264 1432 2296 exitus
1454 2264 1587 2296 vallium
1610 2264 1651 2296 de
1667 2264 1824 2307 Dyepach
1848 2269 1881 2297 et

226 2314 415 2347 Bacherach
447 2314 487 2347 ad
519 2325 576 2347 nos
603 2318 637 2348 et
662 2316 798 2348 comites
832 2315 1039 2357 palat(inos)·
1068 2315 1153 2348 chi
1183 2315 1404 2358 spectantibus
1434 2316 1521 2353 omni
1549 2326 1588 2348 eo
1611 2317 1680 2348 iure
1710 2320 1743 2349 et
1766 2317 1880 2356 forma,

227 2369 324 2409 prout
347 2365 468 2398 eidem¹
491 2366 736 2409 archiepiscopo
760 2367 881 2399 dictum
906 2367 1060 2409 oppidum
1083 2366 1273 2399 Bscherach
1296 2370 1330 2399 et
1344 2367 1462 2400 vallem
1486 2366 1712 2410 obligavimus,
1736 2369 1880 2410 assigna-

227 2426 299 2449 mus
321 2417 528 2458 levand(am)‚
550 2417 822 2460 percipiend(am)
846 2421 879 2451 et
901 2418 1144 2460 colligend(am)
1167 2419 1258 2450 annis
1281 2419 1414 2460 singulis
1436 2429 1475 2450 ac
1491 2418 1584 2451 nobis
1599 2423 1754 2462 percepta
1770 2419 1879 2451 huius·

228 2467 316 2500 modi
339 2467 601 2510 defalcandoun).
690 2470 737 2511 (6)
760 2469 928 2502 Debemus
957 2470 1061 2502 eciam
1091 2480 1149 2501 nos
1178 2469 1274 2502 ambo
1298 2469 1411 2502 unum¹
1435 2469 1610 2502 officiatum
1639 2481 1736 2513 supra
1760 2470 1880 2502 dictum

227 2522 370 2551 montem
394 2520 600 2562 constituere,
623 2520 651 2552 si
673 2521 706 2552 in
726 2520 789 2554 hoc
812 2521 1008 2554 concordare
1031 2531 1211 2563 possumus,
1234 2521 1286 2554 vel
1309 2521 1423 2554 saltem
1448 2521 1529 2554 duos
1550 2522 1624 2554 hinc
1647 2522 1721 2554 indc
1746 2533 1765 2553 a
1788 2522 1880 2554 nobis

227 2570 448 2611 assumendos,
472 2571 527 2614 qui
549 2571 619 2603 iura
640 2574 750 2604 nostra
765 2572 999 2605 conservabunt
1020 2583 1058 2604 ac
1082 2572 1123 2604 de
1146 2573 1224 2614 ipsis
1247 2572 1369 2605 iuribus
1391 2573 1634 2616 respondebunt
1655 2573 1749 2606 nobis
1773 2573 1880 2615 equali

227 2623 380 2665 porcione
404 2632 442 2654 ac
464 2622 541 2664 ipsi¹
565 2622 819 2666 archiepiscopo,
842 2624 907 2656 suis
929 2623 1166 2656 successoribus
1190 2627 1223 2656 et
1246 2624 1382 2656 ecclesie
1405 2624 1597 2657 Treverensi
1621 2624 1732 2657 debita
1757 2629 1879 2667 presta-

227 2672 308 2705 bunt
331 2677 364 2705 et
386 2674 521 2715 prestari
544 2673 664 2707 faciant
686 2674 822 2707 servicia
845 2678 879 2707 et
895 2675 1053 2718 obsequia
1076 2675 1118 2708 ad
1134 2676 1233 2717 ipsius
1256 2685 1314 2708 seu
1329 2677 1516 2708 nunciorum
1540 2677 1609 2708 eius
1631 2677 1878 2719 requisicionem

329 2741 396 2769 851.
424 2741 450 2775 Ι1)
468 2744 599 2769 Turonsn.
617 2742 642 2770 2.
727 2742 747 2776 ¹)
765 2762 772 2770 .
786 2762 792 2770 .
811 2743 876 2770 add.
893 2742 917 2770 2.
1010 2743 1036 2777 ¹¹)
1055 2746 1141 2771 naum
1158 2744 1183 2771 2.
1276 2743 1296 2777 ¹)
1313 2746 1458 2772 uenowioo
1475 2746 1500 2773 2.
1593 2747 1626 2777 ¹¹²)
1644 2746 1836 2772 Confluensi
1854 2744 1879 2770 2.

185 2789 211 2810 ⁸0
229 2785 255 2818 ΙΙ)
274 2781 357 2811 Frfint
368 2784 393 2811 2.
474 2785 498 2817 ⁰)
517 2786 650 2819 burgravii
661 2785 686 2812 2.
767 2785 794 2818 1))
811 2787 930 2820 Mogunt.
942 2786 967 2813 2.
1046 2788 1072 2818 (ι)
1091 2788 1204 2820 nequitur
1215 2788 1240 2813 nl
1253 2796 1320 2814 eme,
1333 2788 1358 2814 2.
1440 2789 1462 2821 1’)
1481 2787 1577 2814 Rinbdl
1590 2788 1614 2814 2.
1695 2788 1717 2818 ⁸)
1737 2789 1842 2821 pslntini
1855 2787 1881 2814 2.
