2190 3172
452 166 548 195 ACTA
567 165 681 194 Rssom
700 165 884 194 LUDEWICI
903 165 950 193 lv.
969 164 1016 192 ET
1035 163 1219 192 mezfflcl
1240 164 1288 191 111.
1325 164 1400 192 1317.
1437 164 1485 191 Nr.
1497 164 1557 192 407.
1575 165 1636 192 408.
1806 169 1869 198 345

346 325 596 372 407—409.
640 324 919 371 SCRIPTA
947 321 1281 369 LUDEWICI
1311 322 1386 369 IN
1420 322 1739 370 FAVOREM

699 387 972 436 COMITIS
1004 386 1386 434 CLEVENSIS.

821 469 930 505 1317.
971 468 1054 505 Mai.
1075 467 1262 504 20.—-22.

467 593 554 629 407.
595 593 754 630 Privatio
781 593 916 629 comitis
942 593 983 627 de
1010 592 1139 627 Marca
1167 604 1189 626 ιι
1215 593 1343 636 feudis.
1453 592 1543 628 Mai.
1562 596 1624 628 20.

186 680 199 699 s
329 667 488 709 Ori9inale
499 667 705 707 deperditum.
744 666 858 707 Copiae
868 676 933 698 non
944 669 1078 698 eac-stant.
1096 684 1136 690 —
1152 666 1216 698 Ed.
1230 666 1493 699 Teschenmacher
1506 667 1660 700 ‘Annales
1674 667 1794 701 Cliniae
1805 669 1871 701 etc?

216 719 386 763 (Francos.
404 719 503 757 1721)
527 719 613 751 ‘GooL
630 718 864 759 diplomaticus’
883 729 916 758 p.
933 718 974 749 35
996 728 1046 749 nr.
1058 719 1109 750 44.
1149 718 1329 751 Editionem
1347 719 1399 751 hic
1417 719 1484 751 illic
1503 723 1672 752 correctam
1691 721 1870 760 repetimus.

327 780 475 819 Βόἶιηιεν,
499 780 575 821 Req.
590 779 702 812 Iasdw.
721 790 757 820 p.
775 781 817 811 15
838 790 888 812 nr.
904 779 978 811 244.

326 866 518 900 Ludowicus
539 865 602 897 Dei
625 866 730 907 gratia
749 865 970 898 Romanorum
992 876 1050 898 rex
1073 875 1203 908 semper
1224 870 1378 908 augustus
1458 868 1615 899 universis
1637 868 1719 898 sacri
1734 866 1872 899 Romani

218 919 346 962 imperii
368 917 517 950 fidelibus
539 920 707 959 presentes
730 917 855 949 litteras
877 918 1069 960 inspecturis
1155 919 1294 959 gratiam
1317 927 1408 949 suam
1433 922 1466 949 et
1489 928 1583 950 omne
1606 918 1735 950 bonum.

176 979 202 999 ιο
325 969 498 1012 Indignum
514 972 573 1010 est,
596 971 631 1000 ut
646 968 738 1000 bonis
754 979 812 1001 seu
827 968 932 1001 feudis
948 968 1168 1011 imperialibus
1185 968 1325 1001 debeant
1341 967 1449 1011 [frui]·
1470 972 1503 1001 et
1518 969 1671 1010 gaudere,
1696 971 1749 1011 qui
1765 980 1872 1002 sacra-

218 1023 319 1055 menti
352 1021 518 1053 fidelitatis
552 1021 687 1063 irnperio
722 1021 846 1063 prestiti
876 1021 1082 1052 immemores
1115 1023 1268 1062 tanquam
1303 1021 1421 1062 ingrati
1455 1021 1487 1052 in
1516 1020 1728 1053 rebellionem
1763 1026 1874 1053 contra

218 1074 389 1115 imperium
422 1083 461 1104 ao
494 1072 607 1104 fideles
640 1072 739 1114 ipsius
772 1083 807 1104 se
842 1073 968 1115 erigere
1001 1082 1064 1104 non
1100 1071 1283 1104 formidant.
1341 1072 1518 1114 Cupientes
1551 1073 1648 1114 igitur
1681 1073 1722 1104 ab
1753 1073 1873 1116 Engel-

218 1125 313 1158 berto
347 1126 464 1158 comite
499 1124 539 1157 de
569 1124 697 1164 Marsa,
732 1125 786 1166 qui
820 1135 855 1156 se
888 1127 1031 1157 nostrum
1066 1134 1104 1156 ac
1138 1125 1266 1166 imperii
1299 1124 1462 1156 inimicum
1497 1125 1661 1155 constituit
1693 1135 1728 1156 se
1762 1130 1875 1157 contra

219 1178 350 1211 honoris
380 1181 413 1210 et
439 1177 576 1209 nominis
605 1176 705 1208 nostri
734 1178 852 1208 statum
883 1176 1085 1208 inimicorum
1117 1180 1298 1208 nostrorum
1325 1175 1536 1208 familiaritati
1566 1180 1599 1207 et
1627 1177 1786 1208 consortio
1815 1177 1874 1209 ad-

177 1238 201 1258 u
220 1228 422 1272 stringendo,
457 1231 546 1261 tante
569 1227 720 1270 superbie
748 1230 781 1260 et
803 1228 979 1270 pertinacia
1002 1228 1173 1259 materiam
1195 1230 1379 1269 amputare,
1414 1231 1450 1258 ut
1477 1228 1586 1269 punite
1613 1229 1877 1270 transgressionis

220 1281 362 1315 vindicta
389 1280 461 1312 aliis
488 1282 632 1312 transeat
660 1280 693 1311 in
721 1279 917 1321 exemplum,
941 1279 1059 1322 ipsum,
1094 1279 1183 1311 cuius
1211 1289 1364 1311 excessus
1391 1278 1474 1310 adeo
1502 1282 1575 1310 sunt
1602 1280 1733 1320 notorii,
1767 1280 1875 1322 quodb

221 1332 487 1375 tergiversatione
510 1331 618 1374 aliqua
641 1330 767 1373 palliari
790 1341 853 1363 non
877 1334 1050 1373 potuerunt
1071 1331 1123 1363 vel
1146 1331 1259 1372 celari,
1287 1330 1435 1363 omnibus
1458 1334 1492 1362 et
1514 1331 1647 1372 singulis
1670 1331 1777 1372 bonis,
1811 1343 1875 1374 que

220 1384 263 1416 ab
285 1384 421 1426 imperio
450 1382 544 1415 titulo
571 1381 693 1414 feodali
719 1385 776 1414 aut
804 1382 934 1414 nomine
957 1383 1100 1424 pignoris
1129 1382 1286 1414 hactenus
1312 1382 1432 1422 tenuit,
1467 1383 1629 1424 privamus
1659 1386 1692 1414 ct
1714 1383 1876 1424 privatum

220 1444 390 1468 remanere
413 1434 615 1466 decernimus
637 1434 758 1466 iustitia
781 1434 944 1475 exigente.
1032 1433 1071 1466 In
1093 1434 1182 1466 cuius
1204 1434 1252 1466 rei
1275 1437 1309 1466 et
1331 1437 1439 1466 nostre
1456 1435 1643 1476 privationis
1658 1435 1876 1467 testimonium

179 1494 206 1515 ω
222 1490 390 1530 presentes
413 1485 569 1518 conscribi
593 1488 626 1517 et
647 1488 755 1517 nostre
778 1485 958 1518 maiestatis
981 1485 1086 1527 sigillo
1109 1486 1259 1517 iussimus
1282 1486 1481 1518 communiri.

328 1542 449 1574 Datum
473 1542 504 1573 in
528 1541 759 1582 Frankent'urt,
792 1541 887 1573 XIII.
904 1541 1044 1573 Kalend.
1067 1541 1166 1582 Iunii,
1199 1551 1283 1573 anno
1306 1541 1437 1573 Domini
1461 1541 1632 1574 millesimo
1656 1543 1875 1575 tricentesimo

223 1593 501 1636 septimodecimo,
523 1593 615 1634 regni
637 1602 714 1624 vero
737 1593 837 1625 nostri
859 1603 943 1625 anno
966 1593 1073 1625 tertio.

522 1731 611 1767 408.
652 1729 827 1776 Scriptum
854 1730 1105 1775 infeudationis
1129 1731 1296 1776 qenerale.
1402 1730 1490 1766 Mai.
1511 1732 1576 1766 22.

337 1803 499 1846 originale
519 1805 572 1837 hic
593 1804 661 1837 iaie
681 1815 842 1838 corrosum
863 1805 900 1836 in
921 1804 1081 1837 tabulario
1103 1805 1186 1846 reyio
1208 1804 1497 1845 Dusseworpiemi.
1549 1792 1787 1846 Descripsimus
1808 1815 1876 1837 ms.

184 1867 210 1888 as
229 1855 376 1897 Siqillum
390 1856 511 1889 laesum
526 1857 645 1897 pendet
664 1855 731 1896 filis
745 1857 855 1888 sericis
869 1857 960 1889 rubei
973 1856 1111 1897 flavique
1125 1857 1247 1890 coloris.
1270 1874 1314 1880 -—
1335 1856 1398 1888 Ed.
1418 1856 1682 1888 Teschmmacher
1703 1856 1724 1889 l.
1739 1868 1765 1888 c.
1783 1867 1820 1897 p.
1835 1859 1879 1888 35

227 1918 278 1941 nr.
293 1908 336 1940 43
357 1911 387 1940 et
408 1908 450 1940 45
472 1908 537 1949 (bis
558 1908 736 1948 insertum).

334 1968 480 2007 Biffimer,
503 1968 578 2009 Rey.
595 1968 708 2000 Ludw.
727 1979 760 2009 p.
780 1969 821 2000 15
842 1979 891 2001 nr.
908 1969 981 2001 246.

332 2054 526 2087 Ludowicus
540 2054 603 2087 Dei
626 2055 731 2097 gratia
746 2054 966 2087 Romanorum
989 2065 1048 2087 rex
1063 2065 1193 2097 semper
1208 2057 1362 2097 augustus
1450 2055 1619 2096 spectabili
1642 2055 1710 2087 viro
1727 2054 1879 2087 Theode-

226 2106 292 2138 rico
316 2106 426 2138 comiti
449 2105 608 2145 Oleveusi,
633 2107 870 2148 consanguineo
893 2117 951 2138 suo
975 2106 1094 2138 dilecto
1182 2107 1320 2148 gratiam
1343 2117 1434 2138 suam
1458 2110 1491 2138 et
1514 2117 1607 2138 omne
1631 2106 1760 2139 bonum.

184 2170 211 2192 ιο
334 2157 412 2190 ‘ruis
438 2157 643 2200 exigentibus
669 2158 793 2190 meritis
826 2156 883 2201 [e]t
915 2161 951 2190 ut
977 2157 1070 2190 nobis
1104 2161 1138 2190 et
1166 2158 1302 2200 imperio
1330 2157 1444 2190 fortius
1473 2157 1515 2190 ad
1543 2157 1813 2202 obsequ[e]ndum
1847 2162 1881 2190 et

229 2208 413 2251 diligentius
440 2210 641 2251 astringaris,
675 2208 808 2253 om[nia]
843 2213 876 2241 et
902 2209 1028 2252 singula
1062 2209 1148 2242 bona
1178 2208 1406 2252 [qu]ocumque
1440 2211 1569 2242 nomine
1597 2214 1790 2242 censeantur
1822 2220 1882 2252 per

228 2259 459 2302 Engelbertum
483 2261 633 2293 comitem
665 2260 706 2292 de
729 2261 839 2293 Marca
868 2271 887 2293 a
909 2261 1002 2293 nobis
1026 2264 1059 2294 et
1081 2261 1217 2303 imperio
1240 2261 1343 2303 tytulo
1367 2260 1489 2293 feodali
1512 2260 1594 2304 [seu]
1618 2262 1731 2303 quovis
1754 2261 1879 2303 obliga·

230 2312 325 2344 tionis
346 2311 444 2346 modo
466 2312 621 2345 haetenus
643 2311 755 2344 habita
785 2315 819 2344 et
840 2322 1003 2355 possessa,
1038 2313 1153 2355 quibus
1176 2314 1280 2355 ipsum
1304 2316 1438 2355 propter
1466 2323 1524 2345 sua
1547 2313 1706 2345 demerita
1729 2312 1880 2356 n[ec]non

229 2362 466 2405 ingratitudinis
492 2363 604 2396 vitium
636 2366 669 2396 et
696 2362 905 2395 rebellionem
933 2364 1139 2396 manifestam
1167 2367 1278 2396 contra
1307 2375 1366 2397 nos
1396 2368 1429 2397 et
1451 2365 1622 2407 imperium
1646 2365 1791 2397 habitam
1821 2375 1881 2407 per

187 2427 212 2448 ω
231 2414 311 2447 alias
332 2417 456 2446 nostras
477 2414 622 2447 litteras¹
644 2413 865 2458 privavi[mus]
889 2415 929 2447 de
952 2415 1152 2458 plenitudiue
1179 2417 1270 2458 regie
1292 2417 1473 2459 potestatis,
1502 2416 1560 2448 tibi
1585 2420 1749 2459 tamquam
1781 2416 1879 2448 bene-

232 2466 346 2498 merito
378 2465 419 2497 de
442 2465 574 2508 speciali
600 2466 705 2508 gratia
727 2466 921 2498 conferimus
948 2470 982 2499 et
1009 2468 1050 2499 de
1078 2467 1155 2509 ipsis
1185 2470 1218 2499 te
1245 2469 1436 2500 auctoritate
1460 2469 1656 2511 presentium
1680 2469 1876 2500 investimus.

230 2516 387 2549 Volentes
412 2520 448 2548 ut
475 2516 591 2548 eadem
618 2521 684 2549 tam
711 2519 746 2549 tu
768 2527 865 2559 quam
888 2517 1026 2550 heredes
1055 2520 1101 2550 tui
1124 2518 1261 2562 legitimi
1289 2519 1330 2552 de
1358 2523 1414 2552 tuo
1437 2530 1572 2562 corpore
1596 2519 1832 2552 descendentes
1861 2530 1880 2551 a

231 2568 324 2601 nobis
347 2571 380 2600 et
401 2568 536 2610 imperio
563 2566 688 2611 tyt[u]lo
712 2568 832 2602 feodali
855 2570 992 2602 teneatis
1020 2573 1055 2602 et
1076 2570 1271 2612 possideatis
1292 2581 1331 2604 ac
1353 2571 1453 2604 etiam
1477 2581 1710 2614 recognoscere
1734 2570 1882 2603 debeatis

232 2619 383 2662 quodque
417 2619 509 2652 nobis
542 2622 576 2651 et
608 2619 845 2652 successoribus
877 2621 994 2653 nostris
1026 2621 1274 2663 imperatoribus
1307 2626 1342 2655 et
1374 2621 1529 2666 regi[bn]s
1557 2622 1714 2655 Romanis
1744 2621 1880 2664 proinde

189 2723 217 2743 4⁰
337 2703 404 2742 40⁷.
431 2715 454 2747 ι)
473 2715 510 2740 aa
526 2715 582 2748 sm
599 2714 777 2748 summam.
865 2714 891 2748 ι»)
909 2716 954 2748 qui
971 2716 1011 2742 aa

337 2783 363 2817 1)
382 2782 475 2817 Supra
492 2790 534 2810 nr.
548 2786 604 2810 407.

338 2847 377 2867 u..
390 2846 615 2866 consu-runcum
627 2846 652 2865 v.
1640 2843 1674 2868 ⁴4
