2184 3126
418 139 515 190 ACTA
533 161 647 190 REGNI
665 162 847 190 LUDEWICI
866 162 912 190 1v.
932 162 978 190 m*
997 162 1183 191 FRIDERIOI
1201 162 1250 191 111.
1288 163 1362 190 1321.
1400 163 1448 190 Nr.
1461 163 1520 191 682.
1539 164 1598 192 633.
1772 170 1831 198 501

178 311 423 357 632—636.
459 311 1262 424 ΙιΠΒΕΨΙΟΙΤΞΒἙῙξΤΙΙΙΞΤὲᾸΝΙέῗΟ
1291 311 1832 361 ARCHIEPISCOPO

712 453 819 490 1321.
862 454 958 500 Aug.
983 454 1039 491 19.
1057 475 1106 480 —
1122 455 1224 500 Sept.
1250 455 1306 491 17.

476 555 562 592 632.
604 556 772 592 Facultas
798 557 885 593 bona
910 557 1046 604 imperii
1069 558 1252 595 reemendi.
1358 558 1448 604 Aug.
1469 560 1526 593 19.

146 634 157 654 ⁵
288 628 448 670 Oriyinale
477 629 554 672 (or.)
583 629 620 661 in
648 630 806 663 tabulario
833 633 917 673 reyio
947 631 1178 671 Confluentino.
1224 632 1403 672 Descripsit
1432 631 1473 664 R.
1495 632 1644 664 Ludieke.
1691 631 1834 664 Pendeat

175 680 275 722 siyilli
296 681 476 721 fraqmenta
498 681 563 714 loro
585 682 827 716 membranaceo.
872 683 914 715 In
935 694 1022 716 verso
1045 683 1176 724 leyitur:
1210 684 1251 722 R,
1273 684 1422 724 itemque:
1456 683 1551 721 Quod
1575 683 1636 716 dfis
1658 683 1832 716 Treveren.

174 732 346 773 redimere,
369 742 515 766 reemere
539 736 573 765 et
595 739 723 766 emere·
747 735 848 776 possit
871 736 978 768 omnia
1001 735 1099 768 feoda
1121 735 1163 767 ab
1186 736 1322 778 imperio
1346 735 1490 778 obligata
1556 735 1638 768 Lud.
1704 734 1799 767 Bald.

283 792 428 832 Bo'hmer,
451 792 527 834 Rey.
545 793 661 826 Ludw.
677 804 714 834 1³-
730 794 774 825 26
795 805 847 828 nr.
861 795 936 828 450.

286 852 336 892 Os.
359 863 459 893 supra
480 863 529 885 nr.
547 855 589 884 63
612 863 680 893 cap.
699 854 748 892 11,
771 865 820 887 nr.
839 855 902 886 159
923 865 991 895 cap.
1007 855 1030 886 2
1051 858 1080 887 et
1102 866 1152 887 nr.
1169 856 1242 887 350.

131 937 157 959 ιο
281 929 475 962 Ludowicus
497 930 560 962 Dei
583 932 693 973 gracia
711 931 932 964 Romanorum
955 943 1014 964 rex
1036 943 1166 975 semper
1188 936 1342 975 august-us
1408 933 1565 965 universis
1587 933 1669 964 sacri
1691 932 1830 965 Romani

172 981 301 1023 imperii
323 981 472 1014 fidelibus
497 986 530 1014 et
553 982 704 1014 subiectis
770 984 913 1025 graciam
935 994 1024 1016 suam
1049 987 1082 1016 et
1105 994 1200 1016 omne
1222 983 1355 1017 bonum.

280 1033 399 1065 Metuit
414 1033 606 1066 venerabilis
622 1034 808 1066 Baldwinus
819 1034 1053 1078 Trever(ensis)
1076 1035 1337 1078 archiepiscopus
1352 1035 1502 1078 princeps
1525 1039 1634 1068 noster
1649 1035 1831 1067 carissimus

172 1084 427 1127 gratissimorum
451 1085 678 1127 obsequiorum
703 1089 768 1118 tam
792 1097 850 1128 per
873 1097 963 1118 suam
979 1097 1151 1129 personam
1175 1086 1289 1119 studiis
1306 1087 1431 1119 bellicis
1453 1098 1511 1129 pro
1528 1087 1716 1119 defensione
1740 1087 1831 1129 regni

171 1134 312 1168 Romani
335 1139 369 1168 et
391 1136 438 1168 rei
454 1137 582 1178 publice
598 1138 732 1170 viriliter
754 1138 929 1170 insistendo
947 1138 1149 1171 exhibicione
1165 1149 1263 1181 quam
1286 1149 1361 1171 snos
1376 1139 1493 1170 nostris
1515 1139 1657 1171 serviciis
1673 1140 1832 1171 attencius

128 1195 153 1215 ιε
172 1187 390 1230 invigilantes,
420 1191 456 1220 ut
477 1189 582 1230 ipsum
605 1189 849 1231 precellenciori
871 1190 981 1232 gracia
1003 1200 1252 1233 prosequamur,
1283 1201 1346 1233 qua
1375 1194 1408 1222 et
1434 1191 1503 1232 ipse
1533 1191 1597 1222 suis
1619 1190 1724 1231 magis
1746 1189 1830 1222 effici

171 1238 280 1270 valeat
302 1240 466 1281 graciosus
489 1242 523 1271 et
545 1241 661 1272 nostris
683 1240 838 1273 reddatur
859 1242 1044 1283 prompcior
1065 1242 1098 1274 in
1121 1241 1264 1284 agendis.
1299 1241 1549 1274 Deliberacione
1572 1242 1670 1283 igitur
1685 1241 1831 1284 diligenti

171 1293 206 1323 et
226 1293 353 1323 matura
376 1301 472 1323 cause
489 1292 675 1334 cognicione
692 1292 869 1334 prehabitis
892 1293 954 1335 ipsi
968 1292 1137 1325 Baldwino
1161 1293 1404 1335 archiepiscopo
1421 1294 1636 1325 concessimus
1660 1296 1693 1325 et
1715 1303 1830 1324 conce-

171 1341 287 1380 dimus,
310 1342 501 1374 indulsimus
525 1346 558 1375 et
572 1342 786 1386 indulgemus,
810 1347 846 1375 ut
868 1343 954 1376 idem
971 1343 1232 1386 archiepiscopus
1255 1345 1364 1376 omnia
1387 1348 1420 1376 et
1442 1344 1568 1387 singula
1583 1343 1668 1376 bona
1683 1343 1829 1376 ubicum-

170 1403 233 1435 que
261 1392 302 1425 ab
329 1393 468 1435 imperio
492 1393 728 1436 dependencia,
757 1405 820 1437 que
844 1396 974 1427 inventa
997 1394 1116 1428 fuerint
1137 1396 1354 1438 impignorata
1377 1395 1428 1428 vel
1456 1395 1514 1427 sub
1537 1406 1594 1438 spe
1618 1396 1831 1438 reempcionis

126 1453 152 1474 ὀ
169 1443 301 1476 vendita
324 1445 391 1477 sive
416 1455 478 1485 que
501 1445 571 1487 ipse
587 1446 848 1489 archiepiscopus
865 1457 974 1479 emere
989 1447 1138 1488 voluerit,
1161 1448 1193 1479 in
1217 1448 1339 1487 castris,
1362 1447 1539 1488 fortaliciis,
1562 1447 1700 1489 oppidis,
1727 1449 1830 1479 muni-

170 1495 329 1538 cionibus,
361 1496 591 1538 castrensibus,
621 1498 784 1535 fidelibus,
815 1498 1076 1531 ministerialibus
1107 1502 1141 1530 et
1163 1498 1358 1540 hominibus,
1389 1499 1617 1540 cuiuscumque
1648 1509 1744 1530 sexus
1775 1504 1832 1531 aut

170 1546 366 1579 condicionis
396 1548 625 1590 existentibus,
656 1549 911 1582 iurisdieionibus
941 1550 1014 1582 altis
1038 1554 1071 1582 et
1093 1549 1209 1591 bassis,
1238 1561 1327 1583 mero
1360 1554 1393 1582 et
1421 1551 1523 1582 mixto
1547 1551 1697 1592 imperio,
1727 1551 1830 1591 terris,

170 1598 291 1640 fundis,
314 1599 507 1641 redditibus,
536 1600 656 1632 iuribus
680 1605 713 1633 et
736 1612 846 1634 eorum
870 1603 1075 1644 pertinenciis
1097 1602 1268 1643 universis,
1300 1602 1432 1634 eciamsi
1454 1602 1733 1644 presentaciones,
1763 1601 1830 1633 col-

171 1649 314 1682 laciones
337 1651 389 1682 vel
412 1652 611 1693 provisiones
635 1653 923 1685 ecclesiastieorum
952 1653 1182 1686 beneficiorum
1212 1664 1283 1686 cum
1313 1663 1390 1685 cura
1412 1653 1463 1685 vel
1493 1653 1649 1695 dignitate
1679 1656 1735 1685 aut
1762 1652 1830 1684 sine

125 1711 152 1732 π
171 1702 217 1734 eis
232 1702 481 1735 nichilhominus
505 1704 536 1735 in
552 1703 785 1746 temporalibus
801 1715 943 1737 annexas
958 1705 1100 1737 habeant
1114 1705 1166 1738 vel
1182 1705 1388 1747 dependeant
1403 1704 1445 1736 ab
1462 1705 1595 1744 eisdem,
1619 1705 1830 1737 consistencia

169 1754 239 1796 ipse
269 1754 531 1796 archiepiscopus
560 1755 735 1796 redimere,
766 1766 912 1788 reemere
942 1757 992 1788 vel
1021 1767 1145 1797 emere,
1177 1756 1444 1799 quandocumque
1478 1760 1511 1788 et
1538 1757 1829 1799 quocienscumque

169 1805 308 1837 voluerit
337 1809 371 1838 et
394 1809 488 1848 prout
511 1805 698 1839 detentores
727 1817 784 1839 seu
807 1818 1009 1849 possessores
1038 1808 1215 1840 eorundem
1244 1807 1399 1840 tenebant
1429 1818 1486 1840 seu
1508 1807 1673 1840 habebant
1702 1807 1828 1843 eadem,

168 1857 240 1898 ipsa
256 1856 340 1889 bona
356 1860 467 1889 tenere
484 1860 518 1889 et
597 1858 718 1891 habere
735 1869 772 1890 ac
789 1859 892 1890 eciam
909 1859 1071 1891 deservire
1087 1860 1195 1891 valeat
1210 1863 1308 1901 atque
1324 1860 1435 1901 possit.
1472 1858 1594 1891 Verum
1611 1859 1722 1891 licebit
1738 1859 1829 1891 nobis

170 1910 204 1940 et
220 1908 460 1940 successoribus
482 1910 599 1941 nostris
614 1909 833 1942 Romanorum
856 1910 996 1952 regibus,
1021 1911 1091 1952 ipsa
1107 1910 1193 1942 bona
1215 1911 1260 1942 sic
1283 1911 1462 1952 redempta,
1484 1914 1631 1952 reempta
1646 1910 1698 1942 vel
1719 1914 1829 1952 empta

128 1969 154 1989 ιο
170 1958 342 2001 redimere,
365 1970 511 1992 reemere
527 1961 579 1992 vel
603 1970 712 1993 emere
729 1961 806 1993 data
821 1961 947 1993 sfimma
963 1963 1108 2004 pecunie,
1133 1973 1190 2003 pro
1207 1972 1271 2004 qua
1294 1962 1364 2004 ipsa
1380 1961 1465 1994 bona
1480 1961 1659 2003 redempta,
1683 1965 1829 2003 reempta

167 2009 219 2042 vel
252 2013 362 2053 empta
386 2010 505 2043 fuerint
536 2015 570 2044 et
598 2012 703 2044 soluta
730 2013 818 2055 prius
848 2013 1091 2055 archiepiscopo
1122 2016 1302 2045 memorato
1331 2023 1390 2044 seu
1418 2013 1655 2045 successoribus
1683 2012 1827 2044 eiusdem

167 2061 418 2104 archiepiscopis
450 2062 685 2106 Trever(ensis)
719 2065 856 2096 ecclesie
890 2065 1085 2106 supradicte.
1185 2065 1221 2096 In
1256 2075 1391 2106 quorum
1427 2064 1627 2096 evidenciam
1661 2068 1829 2106 presentes

167 2112 291 2144 litteras
315 2113 474 2145 conscribi
497 2117 531 2146 et
551 2117 660 2147 nostre
683 2117 861 2148 maiestatis
884 2116 989 2158 sigillo
1014 2117 1162 2148 iussimus
1185 2116 1383 2148 communiri.

276 2167 352 2200 Dat.
363 2169 554 2211 Bacharaci,
571 2170 652 2202 feria
666 2172 777 2213 quinta
792 2174 867 2213 post
882 2171 1138 2214 assumpcionem
1154 2171 1270 2203 beateb
1282 2171 1395 2211 Marie,
1411 2182 1495 2204 anno
1508 2171 1638 2204 Domini
1654 2171 1826 2203 millesimo

125 2228 152 2249 ω
169 2220 394 2252 trecentesimo
417 2221 569 2254 vicesimo
593 2223 706 2264 primo,
731 2224 821 2265 regni
844 2233 920 2255 vero
944 2223 1043 2255 nostri
1066 2233 1149 2255 anno
1172 2223 1320 2264 septimo.

169 2341 255 2378 633.
297 2341 471 2388 Scriptum
493 2354 598 2389 super
616 2344 819 2390 obliqatione,
843 2345 1007 2381 bonorum
1030 2346 1078 2381 ad
1100 2346 1283 2390 imperium
1306 2345 1564 2382 devolventium.
1669 2347 1760 2392 Auy.
1771 2348 1826 2382 19.

278 2414 439 2455 Oriyinale
471 2416 544 2457 (or.)
575 2416 697 2449 ibidem.
755 2418 992 2458 Desa-ipsimae
1020 2429 1087 2450 nos.
1143 2417 1291 2459 Sigillum
1318 2429 1440 2459 pamm
1468 2418 1589 2452 laesum
1619 2420 1732 2460 pendet
1761 2420 1826 2452 loro

168 2465 411 2499 membranaceo.
455 2467 498 2499 In
524 2478 611 2500 verso
633 2468 763 2509 leyitur:
797 2470 842 2508 R,
872 2470 1019 2510 itemque:
1057 2469 1226 2511 Obligacio
1251 2469 1420 2502 feodorum
1449 2470 1492 2503 ad
1518 2472 1690 2514 imperium
1714 2471 1824 2504 devol-

168 2517 340 2559 ven(tium)
363 2527 465 2560 usque
489 2518 532 2550 ad
547 2518 624 2551 VIM
641 2530 820 2552 marcarum
845 2522 971 2563 argenti
994 2521 1157 2553 redditus·
1212 2521 1295 2553 Lud.
1351 2521 1464 2561 Bald.,·
1485 2525 1515 2555 et
1535 2533 1637 2565 supra
1658 2523 1730 2556 stilo
1750 2534 1827 2555 aeu-

121 2577 150 2597 ω
169 2569 244 2600 tiori
265 2569 436 2608 sem‘pmm:
459 2569 545 2611 quod
568 2570 600 2602 .f.
624 2570 666 2603 ad
689 2572 860 2614 imperium
884 2572 955 2604 aad.

276 2628 423 2668 Bo‘hmer,
445 2629 520 2669 Rey.
537 2630 650 2662 Ludw.
668 2641 704 2671 p.
720 2632 786 2663 272
807 2643 855 2664 nr.
872 2634 957 2664 2645
981 2632 1107 2673 (Addit.
1125 2632 1169 2673 I).

270 2721 338 2749 882.
366 2723 391 2755 ὓ)
409 2731 521 2749 reemere
539 2727 564 2750 et
581 2733 666 2751 emere
683 2734 760 2759 nuper
778 2726 873 2752 lineam
891 2726 979 2752 eadem
997 2735 1077 2751 manu
1095 2726 1158 2752 add.
1251 2726 1276 2759 ὓ)
1295 2735 1376 2760 ηιμ-α
1395 2728 1491 2754 lineam
1510 2729 1572 2755 add.
1593 2739 1629 2755 or.

273 2773 339 2802 ⁸88.
365 2775 389 2808 ¹)
408 2776 523 2802 redditus
541 2778 642 2810 argenti
659 2786 716 2803 eum
734 2779 805 2812 siquo
824 2779 1019 2812 naviaeponendi.
