2190 3172
294 198 356 228 412
492 194 590 222 ACTA
609 194 723 222 REGNI
742 194 926 222 LUDEWICI
945 195 991 222 IV.
1010 194 1056 221 ΕΤ
1075 194 1259 221 FRIDERICI
1279 194 1327 220 111.
1364 193 1438 220 1318.
1475 193 1524 221 Nr.
1537 194 1595 221 511.
1615 194 1673 221 512.
1692 193 1751 222 513.

295 285 327 314 et
351 282 482 325 opidum
505 283 589 315 ultra
612 283 757 315 redditus
780 282 822 314 ad
845 283 914 324 ipsa
931 282 1128 324 pertinentes
1143 281 1265 321 fecerit,
1290 281 1417 323 prefato
1442 305 1447 312 .
1466 305 1472 312 .
1497 280 1739 322 archiepiscopo
1757 284 1790 312 et
1806 279 1942 312 ecclesie

293 345 350 366 sue
375 335 478 366 teneri
493 335 639 366 volumus
663 335 806 376 obligati.
845 333 888 365 Et
910 344 969 375 pro
993 333 1055 364 illis
1070 333 1221 375 expensis
1244 336 1276 364 et
1294 333 1436 374 inpensis
1460 331 1576 364 eadem
1593 335 1733 363 castrum
1757 334 1790 363 et
1812 331 1943 374 opidum

294 386 355 417 sibi
379 389 412 418 et
435 397 491 418 sue
516 387 651 418 ecclesie
675 386 865 428 obligamus,
889 385 1033 416 volentes
1057 395 1153 426 super
1172 386 1314 426 ipsarum
1331 385 1496 416 taxatione
1519 385 1585 416 sive
1602 384 1779 425 quantitate
1801 387 1887 415 stare
1911 386 1944 415 et

294 437 427 470 credere
450 437 527 469 fidei
551 462 557 469 .
576 462 582 468 .
608 437 840 478 archiepiscopi
863 429 1046 478 supradicti.
1092 436 1134 467 Et
1157 437 1232 478 quia
1255 447 1317 468 non
1341 435 1548 478 ambigimus,
1579 436 1656 478 quin
1677 436 1710 467 in
1733 435 1943 467 custodiendo

294 489 380 521 dicta
403 492 542 521 castrum
566 492 599 521 et
619 488 751 530 opidum
766 489 836 530 ipse
860 512 868 519 .
886 513 892 520 .
917 488 1178 530 archiepiscopus
1193 487 1347 520 adhibeat
1362 487 1563 530 diligentiam
1579 491 1780 529 oportunam,
1797 487 1944 519 volumus

293 544 329 572 ut
352 542 378 572 si
400 541 508 583 aliquo
533 551 609 572 casu
625 540 755 572 fortuito
772 539 924 572 videlicet
943 540 1199 581 expugnationis,
1223 539 1372 580 incendii,
1396 539 1577 571 traditionis
1591 539 1644 571 vel
1661 549 1852 581 quocunque
1868 539 1951 571 casu

294 592 357 624 alio
382 592 609 634 perderentur,
642 591 729 634 quod
752 592 825 623 talis
847 591 987 633 perditio
1010 602 1073 623 non
1096 592 1158 633 ipsi
1180 591 1423 633 archiepiscopo
1447 590 1567 623 debeat
1589 591 1773 633 aliqualiter
1794 591 1944 632 inputari,

294 647 344 675 set
367 643 454 685 quod
476 643 518 675 ad
541 644 657 684 omnia,
682 654 739 684 pro
763 642 878 685 quibus
901 642 962 674 sibi
985 646 1018 674 et
1041 643 1177 674 ecclesie
1194 653 1257 677 sue
1273 642 1420 684 predicta
1435 645 1575 675 castrum
1599 645 1632 674 et
1654 642 1785 684 opidum
1802 642 1945 684 obligata

294 696 446 737 existunt,
470 696 551 727 sicut
573 695 662 737 prius
677 695 901 726 nichilominus
917 698 1094 726 teneamur.
1132 694 1256 726 Dantes
1279 694 1338 726 has
1360 694 1484 726 litteras
1506 695 1606 726 nostri
1629 694 1725 736 sigilli
1746 695 1944 736 appensione

294 747 432 779 munitas
455 747 487 778 in
511 746 729 781 testimonium
753 756 850 787 super
873 755 922 777 eo.

402 790 522 830 Datum
546 799 578 829 in
601 798 713 829 castris
736 801 811 828 ante
827 796 1059 838 Wisenbaden,
1083 797 1140 829 VI.
1158 797 1295 829 Kalend.
1312 797 1498 838 Novembr.,
1521 808 1604 829 anno
1620 797 1753 828 Domini
1774 797 1945 830 millesimo

294 851 522 882 trecentesimo
547 849 672 883 decimo
698 851 822 889 octavo,
847 849 938 891 regni
960 859 1036 881 vero
1061 849 1162 880 nostri
1184 859 1266 880 anno
1292 852 1415 891 quarto.

560 962 633 992 512.
656 962 729 992 513.
765 959 954 992 SCRIPTA
978 959 1122 992 SUPER
1145 957 1353 991 TELONEO
1377 958 1426 990 IN
1447 958 1678 991 LANSTEIN.

954 1021 1045 1052 1318.
1077 1019 1159 1052 Nov.
1176 1021 1289 1051 7.—8.

591 1109 676 1145 512.
717 1109 891 1155 Scriptum
919 1109 1166 1154 archiepiscopi
1195 1108 1403 1154 Moyuntini.
1508 1108 1599 1144 Nov.
1621 1088 1665 1144 7(

405 1180 566 1221 Oriyinale
593 1180 629 1211 in
657 1178 816 1211 tabulario
846 1179 930 1219 reyio
957 1178 1170 1217 Wisbadensi,
1203 1189 1242 1210 ex
1271 1178 1410 1210 archivis
1437 1178 1727 1219 archiepiscopatus
1752 1178 1946 1211 Trevirensis

289 1232 485 1272 proveniens.
530 1231 709 1271 Descripsit
731 1230 772 1262 E.
789 1230 921 1262 Schaus.
968 1230 1088 1262 Pendet
1109 1229 1248 1270 sigillum
1271 1233 1424 1262 secretum
1446 1229 1512 1262 loro
1534 1240 1573 1261 ex
1592 1229 1667 1270 ipsa
1687 1230 1868 1262 membrana
1890 1241 1945 1263 cx-

293 1286 384 1316 secto.
429 1283 471 1315 In
493 1293 579 1314 verso
602 1282 735 1323 legitur:
758 1283 790 1320 R
856 1282 927 1314 Bal.
949 1282 990 1314 de
1013 1281 1091 1314 thel.
1113 1282 1297 1314 Loenstein.
1326 1301 1368 1305 —
1397 1281 1570 1314 Ineditum.

403 1338 478 1379 Rey.
495 1338 600 1370 Sauer
623 1338 740 1371 ‘Codeoe
762 1338 889 1378 diplom.
906 1338 1094 1371 Nassoicus'
1117 1339 1146 1375 I,
1169 1341 1190 1369 3
1207 1349 1243 1378 p.
1260 1339 1323 1369 108
1345 1348 1395 1370 nr.
1413 1337 1506 1370 1658.

402 1407 470 1439 Nos
493 1407 637 1448 P(etrus)
667 1407 730 1439 Dei
758 1407 863 1448 gratia
886 1409 995 1438 sancte
1019 1406 1208 1448 Moguntine
1236 1406 1323 1437 sedis
1350 1405 1610 1448 archiepiscopus
1633 1407 1716 1438 sacri
1738 1406 1866 1449 imperii
1887 1417 1948 1449 per

296 1459 504 1491 Germaniam
528 1459 827 1491 archicancellarius
857 1462 967 1490 notum
999 1459 1134 1490 facimus
1162 1458 1318 1489 universis
1349 1461 1382 1490 et
1407 1458 1664 1500 recognoscimus
1687 1469 1747 1501 per
1769 1462 1947 1500 presentes,

295 1510 383 1553 quod
404 1511 437 1542 in
460 1511 626 1552 theloneo,
656 1510 742 1553 quod
765 1511 986 1542 serenissimus
1009 1510 1156 1542 dominus
1179 1513 1289 1542 noster
1312 1509 1460 1541 dominus
1482 1510 1703 1552 Lud(owicus)
1725 1510 1946 1542 Romanorum

294 1573 354 1594 rex
377 1573 506 1604 semper
529 1566 682 1604 augustus
714 1563 822 1594 levare
851 1562 989 1594 intendit
1016 1562 1058 1593 ad
1087 1566 1216 1603 tempus
1244 1572 1302 1604 pro
1330 1562 1576 1593 necessitatibus
1605 1563 1670 1594 suis
1696 1563 1729 1593 in
1750 1562 1844 1594 Reno
1871 1565 1946 1594 ante

297 1614 429 1656 opidum
452 1617 595 1646 nostrum
618 1614 795 1654 Loinstein,
827 1625 886 1646 nos
918 1625 981 1645 non
1009 1613 1165 1646 debemus
1192 1624 1252 1645 nec
1281 1624 1449 1655 possumus
1475 1613 1568 1646 nobis
1594 1613 1646 1646 vel
1673 1613 1809 1646 ecclesie
1835 1617 1945 1645 nostre

295 1666 484 1708 Moguntine
509 1669 564 1698 aut
587 1667 776 1708 cuicumque
800 1666 894 1698 alteri
917 1665 1039 1708 aliquid
1061 1666 1283 1708 proprietatis,
1309 1665 1454 1705 dominii,
1483 1666 1560 1697 iuris
1582 1669 1639 1697 aut
1660 1666 1871 1708 possessionis
1894 1665 1946 1697 vel

297 1719 388 1760 quasi
415 1719 447 1749 in
470 1721 635 1760 posterum
663 1719 787 1749 ratione
811 1728 894 1750 nove
917 1718 1128 1749 institucionis
1151 1717 1334 1749 huiusmodi
1356 1717 1537 1749 vendicare.
1582 1717 1657 1749 Iure
1680 1717 1824 1749 thelonei
1846 1717 1946 1749 nostri

296 1770 419 1811 antiqui
442 1770 474 1800 in
497 1770 664 1801 Loinstein
694 1770 786 1801 nobis
817 1773 849 1801 et
877 1769 1014 1801 ecclesie
1038 1772 1146 1800 nostre
1170 1769 1360 1811 Moguntine
1384 1779 1513 1810 semper
1535 1769 1634 1800 salvo.
1727 1769 1766 1800 In
1788 1769 1877 1800 cuius
1899 1769 1947 1801 rei

296 1821 515 1853 testimonium
541 1821 679 1863 sigillum
704 1824 848 1853 nostrum
872 1824 920 1852 est
943 1822 1126 1862 appositum
1150 1821 1224 1852 huic
1247 1821 1374 1862 scripto.

404 1873 480 1904 Dat.
504 1874 535 1904 in
560 1874 672 1905 castris
695 1879 769 1905 ante
786 1873 1006 1915 Wysebaden,
1030 1872 1372 1913 V11.1‹1.Novembr.‚
1396 1882 1479 1903 anno
1503 1871 1634 1904 Domini
1657 1871 1902 1904 MCCOXVIII.

766 1979 851 2015 513.
893 1979 1101 2015 Protestatio
1128 1980 1231 2025 reglis.
1336 1979 1423 2014 Nov.
1442 1980 1479 2013 8.

409 2048 568 2089 Oriyinale
593 2048 667 2090 (or.)
691 2049 813 2080 ibidem.
867 2048 1046 2090 Descripsit
1068 2049 1202 2082 Schaus.
1253 2049 1372 2081 Pendet
1393 2048 1532 2089 siyillum
1560 2048 1679 2080 laesum
1705 2048 1771 2081 loro
1793 2049 1946 2081 membra-

296 2111 401 2133 naceo.
447 2101 490 2133 In
511 2111 614 2132 verso:
648 2111 708 2132 rex
730 2101 768 2132 L.
793 2104 925 2143 propter
936 2101 984 2143 (?)
1009 2101 1117 2143 quoda
1139 2101 1218 2133 thel.
1238 2102 1272 2132 in
1293 2101 1471 2133 Loenstein
1498 2103 1547 2132 est
1573 2100 1615 2132 ad
1643 2103 1778 2143 tempus.
1810 2119 1850 2124 —
1883 2100 1945 2132 Ed.

298 2152 402 2184 Sauer
424 2152 443 2183 l.
459 2163 484 2183 c.
507 2163 556 2184 nr.
576 2153 667 2184 1659.
915 2154 918 2159 '

404 2208 551 2247 Bcffimer,
576 2208 651 2248 Rey.
667 2207 780 2240 Ludw.
799 2218 832 2249 p.
849 2208 912 2239 271
936 2218 984 2239 nr.
1001 2209 1087 2239 2633
1109 2208 1234 2249 (Addit.
1252 2208 1276 2240 I
1270 2210 1296 2248 ).

406 2277 474 2308 Nos
497 2277 692 2309 Ludowicus
714 2277 777 2309 Dei
799 2277 903 2319 gratia
926 2276 1147 2309 Romanorum
1170 2287 1229 2309 rex
1252 2287 1380 2319 semper
1403 2279 1557 2318 augustus
1586 2280 1697 2308 notum
1720 2276 1854 2308 facimus
1877 2277 1946 2308 uni-

298 2329 397 2360 versis
421 2332 454 2360 et
476 2330 735 2371 recognoscimus
757 2329 887 2370 publice
910 2339 968 2370 per
991 2334 1174 2371 presentes,
1207 2328 1294 2371 quod
1320 2329 1353 2360 in
1380 2328 1539 2368 thelonio,
1570 2328 1657 2370 quod
1686 2339 1744 2370 pro
1771 2329 1888 2360 nostris
1916 2332 1949 2360 et

298 2380 426 2422 imperii
449 2391 573 2412 necnon
595 2380 771 2422 reipublice
795 2380 1041 2412 necessitatibus
1069 2384 1102 2412 et
1125 2380 1362 2413 accommodisb
1385 2380 1594 2423 procurandis
1621 2381 1730 2413 levare
1753 2381 1948 2414 intendimus

298 2432 342 2463 ad
369 2436 496 2474 tempus
523 2433 554 2463 in
577 2432 670 2464 Reno
702 2442 803 2474 prope
833 2432 987 2474 oppidum
1013 2433 1203 2475 Laynstein,
1238 2443 1302 2464 non
1336 2432 1491 2464 debemus
1518 2443 1578 2464 nec
1604 2433 1752 2464 volumus
1780 2432 1873 2464 nobis
1895 2433 1948 2465 vel

298 2484 434 2525 imperio
451 2487 506 2515 aut
521 2484 711 2525 cuicumque
727 2483 822 2516 alteri
837 2495 896 2526 per
910 2484 971 2516 hoc
988 2485 1158 2527 quicquam
1174 2485 1390 2527 proprietatis,
1408 2485 1550 2522 dominii,
1574 2485 1652 2516 iuris
1666 2488 1723 2517 aut
1737 2485 1948 2527 possessionis

299 2535 351 2567 vel
374 2536 465 2577 quasi
487 2536 519 2566 in
542 2539 706 2577 posterum
727 2535 910 2567 vendicare.
998 2536 1036 2567 In
1060 2538 1148 2568 cuius
1170 2537 1218 2568 rei
1241 2537 1458 2568 testimonium
1480 2540 1648 2578 presentes
1671 2536 1820 2568 dedimus
1842 2536 1947 2579 sigillo

298 2590 407 2619 nostro
431 2588 653 2619 communitas.

407 2639 481 2671 Dat.
505 2640 535 2670 in
560 2640 671 2671 castris
694 2638 780 2680 apud
796 2639 998 2679 Wisbadem,
1021 2639 1078 2671 VI.
1094 2639 1173 2671 Idus
1195 2639 1386 2680 Novembr.,
1410 2650 1493 2671 anno
1516 2639 1646 2671 Domini
1670 2639 1840 2672 millesimo
1865 2639 1947 2673 CCC

300 2690 425 2723 decimo
450 2694 573 2731 octavo,
598 2691 689 2732 regni
711 2701 789 2722 vero
812 2692 912 2723 nostri
935 2702 1018 2723 anno
1043 2694 1167 2733 quarto.

403 2819 466 2846 513.
494 2819 519 2853 ⁸)
539 2820 632 2847 abhinc
651 2822 705 2847 alia
724 2829 804 2845 manu
822 2822 950 2854 scriptum.
1040 2823 1064 2855 b)
1083 2831 1136 2849 acc.
1155 2831 1222 2848 corr.
1241 2831 1271 2848 ex
1290 2823 1337 2848 ade
1355 2830 1393 2847 or.

1965 757 1990 777 10

1963 1130 1988 1150 15

1965 1422 1991 1443 20

1964 1681 1989 1701 2³

1965 2294 1992 2315 85

1966 2553 1992 2572 40
