2190 3172
500 190 597 219 ACTA
616 190 730 219 REGNI
748 190 933 219 LUDEwlcl
951 191 999 219 1v.
1017 190 1064 219 ΕΤ
1082 190 1266 219 FRIDERICI
1284 191 1334 219 111.
1372 191 1447 220 1316.
1484 191 1532 219 Nr.
1546 192 1605 219 838.
1624 192 1684 220 839.
1851 195 1914 227 235

263 286 300 315 ut
326 281 447 315 rediret
476 281 518 314 ad
545 292 602 314 vos
628 292 701 314 cum
729 282 865 314 nostris·
892 282 1007 314 litteris
1034 282 1237 324 responsivis.
1283 281 1502 315 Veruntamen
1526 283 1660 315 fecimus
1688 294 1760 315 cum
1785 284 1914 324 effectu,

264 333 351 377 quod
374 333 460 366 dicte
483 334 591 367 littere
614 337 720 366 vestre
752 337 786 366 et
808 333 934 376 prefate
957 333 1068 375 regine
1095 333 1366 375 presentabuntur
1395 337 1429 366 et
1450 335 1618 366 mittentur
1645 336 1713 378 regi
1740 335 1914 368 Frederieo

263 385 447 469 predmgat.
470 436 684 478 Barchinone,
708 437 783 470 vn.
800 437 877 470 Idus
900 437 1051 478 Ianuarii,
1074 448 1158 470 anno
1181 437 1312 470 Domini
1335 437 1529 470 MCCOXV.

223 508 236 529 s
372 496 519 530 Similis
534 497 611 529 fuit
624 498 745 530 missa
759 498 909 530 domine
924 497 1368 531 ElizabetRomanorum
1385 498 1517 541 regine
1534 497 1622 531 filie
1640 498 1783 531 domini
1800 500 1914 541 regis.

1767 550 1871 583 Idem.

627 646 713 683 339.
754 646 912 684 Litterae
937 648 1058 684 tertiae
1086 649 1134 684 ad
1160 649 1313 685 eundem.
1418 649 1496 685 Ian.
1516 650 1553 684 8.

372 720 471 760 Copia
493 719 549 763 (c.)
574 720 688 753 ibidem
710 720 730 752 l.
746 731 772 753 c.
794 721 849 761 fol.
866 722 917 754 13.
941 739 984 745 —
1006 721 1068 755 Ed.
1090 721 1250 763 Zeissbery
1272 722 1292 755 l.
1309 733 1334 755 c.
1352 733 1388 764 p.
1404 723 1448 754 42
1469 733 1518 755 nr.
1535 725 1578 754 36
1599 733 1639 755 ex
1660 733 1687 755 c.
1732 723 1912 756 Editionem

259 772 436 813 repetimus.

218 858 244 878 ιο
370 849 583 882 Serenissimo
607 860 645 882 ac
668 850 861 893 magnifico·
885 851 1020 894 principi
1043 851 1173 884 domino
1196 851 1370 884 Frederico
1393 851 1457 885 Dei
1478 854 1588 895 gracia
1603 852 1822 885 Romanorum
1846 854 1914 896 regi

262 911 392 943 semper
422 905 562 943 augusto
586 901 759 934 benedicto
793 905 826 934 et
861 902 1014 935 karisimo
1046 902 1112 934 filio
1147 914 1204 935 suo
1300 903 1439 936 Iacobus
1473 914 1532 946 per
1561 904 1711 937 eamdem
1746 915 1803 937 rex
1830 907 1914 938 Ara·

262 962 383 996 gonum
412 956 472 985 etc.
568 953 705 986 salutem
736 957 769 986 et
799 964 871 986 cum
901 954 997 997 pleno
1030 957 1164 997 paterne
1194 954 1381 987 dileccionis
1408 955 1527 988 affectu
1553 957 1660 988 votive
1692 957 1915 999 prosperitatis

261 1007 480 1047 augmentum.

369 1057 417 1098 (1)
444 1056 604 1090 Litteram
635 1060 777 1090 vestram
805 1058 918 1090 ultimo
947 1059 1077 1091 missam
1106 1058 1173 1091 leta
1205 1069 1303 1091 manu
1331 1059 1518 1101 recipimus,
1553 1060 1622 1092 eius
1648 1061 1764 1093 seriem
1792 1061 1913 1094 intente

219 1119 244 1139 ιο
262 1107 442 1141 audivimus
465 1118 503 1140 ac
526 1107 671 1150 plenario
695 1109 885 1151 collegimus
908 1109 1083 1142 intellectu.
1127 1109 1181 1142 Ad
1204 1113 1354 1142 contenta
1376 1113 1487 1143 autem
1509 1112 1540 1143 in
1565 1113 1668 1154 prima
1690 1117 1783 1154 parte
1806 1113 1914 1146 littere

265 1159 460 1202 supradicte,
483 1160 514 1191 in
539 1171 602 1202 qua
625 1159 788 1202 colligitur
810 1171 867 1193 vos
883 1161 1051 1193 consilium
1074 1164 1216 1194 nostrum
1232 1161 1343 1194 datum
1366 1161 1408 1194 de
1430 1172 1494 1194 non
1510 1163 1669 1206 eligendis
1691 1164 1753 1196 hoc
1768 1167 1914 1207 tempore

260 1212 345 1244 inter
373 1211 572 1244 reverendos
606 1214 716 1254 patres
745 1212 893 1244 dominos
923 1212 1104 1246 cardinales
1127 1213 1365 1255 promotoribus
1392 1225 1489 1246 cause
1518 1218 1623 1247 vestre
1646 1219 1814 1258 gratanter
1842 1227 1913 1249 esse

259 1263 463 1306 amplexum,
499 1263 667 1305 cupientes
689 1267 799 1297 nostra
827 1265 860 1296 in
889 1264 951 1297 hiis
979 1268 1013 1297 et
1040 1265 1112 1297 aliis
1135 1266 1249 1297 vestris
1271 1265 1406 1308 agendis
1428 1266 1562 1298 consilia
1583 1267 1717 1308 imitari,
1748 1269 1914 1301 serenitati

261 1318 368 1349 vestre
390 1315 606 1356 rescribimus,
637 1315 723 1358 quod
745 1326 804 1348 nos
826 1317 1068 1359 promocionem
1090 1320 1232 1349 vestram
1255 1320 1289 1349 et
1311 1320 1417 1350 vestra
1439 1319 1574 1360 negocia
1596 1322 1631 1351 ut
1652 1322 1762 1351 nostra
1784 1321 1912 1362 propria

218 1375 245 1397 ιο
262 1370 319 1400 aut
340 1368 441 1400 nostri
463 1367 519 1399 filii
536 1367 776 1400 racionabiliter
790 1371 989 1410 reputantes,
1012 1367 1207 1400 intendimus
1228 1378 1286 1400 vos
1308 1371 1342 1400 et
1364 1379 1404 1400 ea
1427 1372 1461 1401 et
1482 1369 1622 1401 consiliis
1645 1373 1679 1402 et
1701 1371 1816 1413 quibus
1838 1382 1912 1414 pos-

262 1420 361 1452 simus
383 1419 547 1452 favoribus
575 1419 697 1452 utiliter
719 1419 859 1462 dirigere
889 1423 922 1452 et
945 1422 1093 1452 tractare.
1183 1421 1230 1460 (2)
1252 1419 1401 1452 Secunda
1430 1431 1506 1453 vero
1534 1431 1608 1463 pars
1631 1421 1716 1454 dicte
1740 1423 1846 1455 littere
1868 1425 1912 1455 sie

261 1470 418 1507 habebat.
449 1470 536 1513 quod
560 1471 635 1513 quia
659 1470 875 1503 desiderabile
898 1471 1014 1502 animis
1037 1471 1150 1503 vestris
1173 1471 1270 1512 inest,
1301 1474 1335 1503 ut
1357 1482 1475 1504 nexum
1500 1473 1663 1515 sanguinis
1686 1474 1769 1506 inter
1795 1485 1851 1506 vos
1881 1480 1914 1507 et

262 1533 320 1555 nos
336 1525 544 1564 contractum,
568 1523 644 1555 licet
659 1522 866 1565 principalior
889 1532 959 1554 esse
982 1533 1045 1554 non
1061 1523 1172 1565 possit,
1196 1523 1228 1554 in
1244 1522 1360 1565 quibus
1373 1524 1520 1565 poteritis
1542 1525 1574 1556 in
1589 1526 1760 1557 accesoriis
1777 1525 1913 1559 dilatare

263 1577 297 1607 et
325 1575 495 1607 intimastis
529 1574 621 1607 nobis
649 1575 834 1617 negocium,
869 1574 955 1617 quod
989 1574 1030 1606 ad
1059 1575 1279 1617 sugestionem
1308 1575 1466 1608 sinceram
1497 1577 1708 1618 quorumdam
1737 1578 1913 1610 amicorum

218 1633 245 1655 ss
262 1626 393 1659 illustris
415 1626 582 1659 Frederici
613 1627 699 1668 regis
722 1625 830 1658 Sicilie
859 1626 1004 1658 karisimi
1033 1625 1139 1658 fratris
1166 1627 1263 1658 nostri
1287 1626 1427 1658 ordinari
1450 1629 1659 1670 concepistis,
1689 1629 1715 1660 si
1745 1629 1786 1661 de
1814 1630 1914 1662 nostri

262 1678 394 1710 consilio
418 1681 452 1710 et
475 1677 516 1710 de
539 1681 648 1710 nostra
670 1678 865 1720 processerit
879 1677 1056 1719 voluntate,
1079 1677 1231 1710 videlicet
1254 1678 1295 1710 de
1318 1679 1477 1721 conyugio
1499 1680 1704 1722 primogeniti
1729 1680 1805 1712 dicti
1828 1682 1914 1724 regis

265 1729 372 1762 Sicilie
402 1740 460 1772 pro
486 1729 633 1772 preclara
657 1729 809 1762 Oaterina
837 1739 947 1761 sorore
978 1732 1099 1771 vestra,
1134 1732 1167 1761 et
1193 1729 1279 1772 quod
1307 1729 1382 1762 inde
1413 1730 1503 1762 vobis
1526 1731 1778 1773 significaremus
1806 1738 1914 1766 nostre

263 1780 436 1813 voluntatis
462 1781 631 1814 intentum.
675 1780 719 1813 Et
746 1780 862 1823 quibus
891 1780 975 1813 bene
999 1781 1209 1813 consideratis
1237 1781 1296 1813 sub
1326 1781 1387 1814 hoc
1415 1782 1523 1814 taliter
1547 1783 1792 1825 respondemus,
1827 1785 1914 1826 quod

264 1833 381 1864 nostris
403 1832 572 1865 affectibus
595 1832 771 1865 admodum
795 1833 1027 1875 complacetur,
1059 1834 1085 1864 si
1108 1833 1192 1866 inter
1214 1833 1345 1865 domum
1369 1837 1508 1866 vestram
1533 1838 1566 1866 et
1588 1838 1729 1867 nostram
1753 1836 1858 1868 eficax
1881 1842 1914 1869 et

219 1893 246 1914 ω
263 1886 362 1916 tenax
385 1888 418 1916 et
435 1883 657 1917 indissolubile
672 1884 832 1916 vinculum
856 1885 920 1916 iam
944 1887 1142 1916 contractum
1165 1888 1276 1927 posset
1295 1884 1548 1928 quibuscumque
1571 1885 1642 1918 aliis
1665 1887 1817 1920 roborari.
1857 1888 1915 1921 Set

264 1945 341 1967 ecce
369 1935 471 1978 quod,
505 1936 597 1968 sicuti
630 1935 767 1968 vidimus
793 1946 853 1978 per
881 1939 1010 1968 tenores
1033 1935 1245 1978 quorumdam
1269 1937 1459 1979 scriptorum
1486 1938 1579 1970 nobis
1602 1938 1722 1970 dudum
1745 1940 1914 1972 missorum

266 1986 489 2020 confectorum
514 1998 555 2020 ex
578 1988 681 2031 pactis
704 1988 800 2020 certis
823 1988 899 2020 olim
922 1988 1008 2020 initis
1031 1988 1115 2020 inter
1138 1987 1223 2020 bone
1241 1989 1396 2021 memorie
1412 1988 1589 2021 Henricum
1611 1989 1830 2023 Romanorum
1853 1992 1914 2024 im-

263 2041 447 2081 peratorem
472 2042 506 2072 et
527 2042 741 2072 memoratum
765 2039 900 2072 fratrum
923 2042 1066 2072 nostrum
1089 2049 1200 2082 regem
1224 2039 1349 2079 Sicilie,
1376 2040 1462 2073 idem
1486 2041 1662 2083 imperator
1684 2042 1857 2075 affirmavit
1878 2054 1914 2076 se

264 2091 462 2123 contraxisse
487 2094 521 2124 et
535 2091 679 2124 firmasse
696 2092 889 2134 sponsalicio.
912 2095 946 2123 et
960 2091 1197 2123 matrimonium
1219 2102 1278 2134 per
1299 2091 1400 2124 verba
1423 2091 1464 2125 de
1480 2094 1622 2135 presenti
1645 2093 1735 2126 iuxta
1751 2105 1913 2127 sacrorum

221 2149 246 2170 ⁸·
265 2151 422 2174 canonum
453 2143 600 2175 instituta
630 2143 714 2175 inter
741 2144 882 2175 inclitam
906 2143 1087 2175 Beatricem
1118 2143 1217 2175 filiam
1244 2154 1334 2175 suam
1363 2154 1405 2176 ex
1435 2154 1499 2176 una
1527 2148 1619 2186 parte
1647 2148 1680 2177 et
1702 2146 1914 2188 spectabilem

264 2193 382 2235 prefati
397 2194 484 2236 regis
499 2193 608 2227 Sicilie
625 2195 875 2238 primogenitum
899 2205 940 2227 ex
957 2194 1070 2235 altera,
1093 2204 1191 2236 super
1213 2204 1253 2227 eo
1269 2196 1411 2237 prestitis
1426 2196 1642 2228 iuramentis¹.
1682 2196 1914 2231 Convertentes

367 2286 433 2316 888.
460 2288 486 2321 “)
503 2297 584 2322 supra
602 2290 696 2315 lineam
714 2289 776 2316 aad.
794 2298 815 2316 c.

365 2351 431 2380 88⁹.
457 2353 482 2386 ⁸)
499 2361 531 2380 no
548 2354 684 2388 magnifico
701 2362 783 2387 supra
800 2354 895 2380 lineam
913 2353 975 2380 add.
992 2362 1013 2379 c.

368 2428 395 2462 1)
413 2427 469 2456 1150
491 2429 523 2456 ia
546 2429 722 2457 adnotatione
738 2438 838 2464 ponere
854 2429 932 2457 liceat
950 2430 1053 2456 litteras
1079 2428 1117 2456 ad
1134 2429 1244 2456 eandem
1268 2438 1325 2457 rem
1341 2431 1470 2464 facientes
1488 2431 1624 2459 Bata-ains
1647 2433 1834 2467 ardtiepi'scopi
1854 2433 1914 2460 Tre-

221 2480 248 2500 ιο
265 2470 388 2504 norma,
405 2479 474 2505 quae
491 2471 560 2499 anai
572 2471 739 2500 &manum
755 2475 853 2506 cuv-erte,
870 2480 937 2507 quas
955 2481 981 2500 a.
996 2475 1064 2500 1315.
1083 2472 1121 2499 nel
1139 2475 1206 2500 1310.
1224 2473 1401 2501 οὲκαίωηᾱω
1418 2483 1474 2502 em
1489 2475 1654 2502 crediderim.
1685 2475 1832 2503 Sermonem
1850 2477 1879 2502 in
1893 2476 1913 2503 Ι,

263 2512 448 2540 ‘Gallae-tamis
458 2513 568 2548 Budelli
578 2514 669 2542 Losae'
679 2523 745 2543 saec.
752 2515 833 2543 XIV.
847 2515 885 2543 ιἠ.
897 2515 965 2548 [οἰδ
975 2516 1014 2550 (3)
1026 2515 1155 2542 tabidam
1164 2515 1404 2544 Damdadsensis.
1430 2517 1599 2545 Comatam:
1610 2526 1666 2546 aas.
1680 2534 1713 2538 —
1726 2519 1781 2547 Ed.
1796 2519 1913 2547 WinkeI-

264 2564 349 2583 maan
365 2556 444 2584 ‘Acta
460 2556 566 2592 ιἠῳοηῖ
582 2557 695 2586 ἰηοᾱίεα’
713 2558 757 2591 II,
777 2562 820 2585 771
837 2566 879 2585 nr.
893 2562 958 2586 1108
974 2566 1008 2585 ex
1026 2558 1055 2586 L.

368 2599 524 2628 Excellsnti
537 2600 657 2636 principi
670 2601 782 2629 domino
796 2601 963 2636 Foederico)
976 2601 1027 2629 Dei
1046 2601 1142 2637 gracia
1159 2601 1255 2630 Sicilie
1267 2602 1327 2638 regi
1346 2602 1451 2631 illustri
1504 2603 1702 2638 sudavimus)
1721 2607 1774 2633 etc.
1827 2605 1912 2633 dilec-

265 2641 478 2678 tionis'integre
497 2643 687 2671 constanciam
705 2644 897 2679 sincerumque
915 2643 1047 2672 affectum
1066 2643 1096 2671 in
1114 2645 1242 2672 omuibus
1261 2645 1462 2680 complacendi.

220 2697 247 2717 45
369 2685 533 2714 Serenitatis
553 2688 643 2715 vestre
660 2687 771 2715 litteras
794 2696 857 2715 cum
882 2696 916 2715 ea
937 2696 993 2722 qua
1011 2687 1106 2715 decuit
1124 2688 1284 2716 reverencia
1301 2688 1456 2724 recepimus
1474 2692 1503 2717 et
1520 2698 1575 2725 que
1593 2689 1673 2717 nobis
1691 2691 1841 2725 prudentes
1860 2692 1911 2719 viri

265 2728 392 2756 dominus
415 2728 601 2763 Thom(asius)
624 2731 654 2757 et
680 2729 795 2758 Thicius
819 2731 905 2759 vestri
928 2731 1082 2759 familiares
1107 2741 1140 2759 ex
1163 2734 1244 2767 purte
1269 2736 1361 2761 vestm
1384 2737 1550 2762 curaverunt
1577 2733 1692 2769 provide
1715 2736 1743 2761 et
1770 2735 1913 2769 sapienter

266 2780 415 2807 exponere,
439 2771 522 2807 pleno
547 2772 710 2808 collegimus
728 2773 889 2807 intellectu,
914 2783 947 2802 ex
965 2774 1067 2808 quibus
1095 2776 1200 2802 statum
1218 2776 1379 2804 serenitatis
1398 2779 1488 2804 vestre
1506 2786 1603 2804 sanum
1628 2780 1655 2804 et
1674 2776 1781 2811 ‚vim-em
1800 2787 1912 2812 coguos-

266 2815 361 2842 centes
379 2814 619 2843 consolacionibus
633 2815 735 2843 fuimus
753 2816 886 2844 uberibus
903 2817 1029 2846 recreati.
1066 2817 1103 2844 Et
1122 2818 1188 2852 quia
1206 2827 1289 2854 super
1306 2822 1383 2847 statu
1403 2819 1501 2847 inclite
1513 2820 1623 2847 domine
1636 2819 1795 2853 fflentrieis)
1815 2822 1913 2848 matris
