2184 3126
430 192 526 221 ACTA
544 191 658 220 REGNI
678 190 863 220 LUDEWICI
882 191 929 219 1v.
948 190 995 219 ET
1013 189 1201 219 FRIDERICI
1219 191 1268 219 111.
1307 191 1381 219 1323.
1418 191 1466 218 Nr.
1479 191 1538 219 738.
1558 192 1616 219 739.
1796 195 1860 225 575

307 279 501 312 Ludowicus
516 278 580 311 Dei
603 280 713 322 gracia
728 278 948 312 Romanorum
970 289 1029 311 rex
1052 288 1182 321 semper
1204 282 1360 321 augustus
1448 277 1659 321 prudentibus
1683 278 1759 310 viris
1782 289 1860 311 con-

198 331 322 364 sulibus
346 335 380 364 et
401 331 602 363 universitati
624 331 742 363 civium
770 332 802 363 in
825 330 1027 372 Mammam,
1054 329 1204 362 fidelibus
1231 330 1297 362 suis
1327 329 1454 362 dilectis
1542 331 1686 372 graciam
1710 340 1801 362 suam
1826 335 1859 362 et

199 394 294 418 omne
319 382 448 415 bonum.

306 434 470 467 Noveritis
492 433 535 466 ad
558 433 741 466 serenitatis
764 436 872 466 nostre
895 433 1098 466 audienciam
1122 434 1319 476 pervenisse,
1344 433 1430 476 quod
1454 443 1514 475 per
1537 432 1699 475 quendam
1723 432 1858 466 abusum

167 498 180 518 z
198 486 229 518 in
253 485 382 518 casibus
404 485 514 518 multis
536 488 634 527 atque
658 485 773 526 causis,
796 495 859 528 que
882 485 1036 518 iudicium
1060 485 1313 518 ecclesiasticum
1336 485 1470 518 minime
1493 485 1691 527 contingant,
1715 486 1858 517 citemini

197 536 240 570 ad
263 537 366 570 forum
392 537 646 570 ecclesiasticum
674 540 708 569 et
737 547 779 569 ex
801 537 984 570 huiusmodi
1017 536 1228 570 citacionibus
1262 536 1354 569 vobis
1376 536 1507 569 labores
1529 546 1646 579 graves
1668 537 1860 579 proveniant

197 591 231 621 et
253 598 407 631 expense.
452 589 483 621 A
511 599 575 631 quo
603 588 839 621 inconvenienti
867 588 926 621 sub
955 592 1064 621 nostre
1088 588 1223 621 obtentu
1246 588 1376 631 gracieb
1399 589 1597 631 precipimus
1626 589 1758 621 inantea
1785 588 1857 620 abs-

197 640 301 681 tineri,
325 640 370 672 sic
394 639 482 683 quod
505 650 564 682 per
588 650 645 672 vos
669 639 786 672 talibus
809 640 1020 673 citacionibus
1044 641 1175 672 minime
1197 644 1357 683 pareatur.
1398 639 1560 673 Citatores
1582 650 1659 672 vero
1682 640 1724 672 ab
1748 639 1857 672 huius-

196 690 285 724 modi
301 691 528 724 vocacionibus
550 701 610 733 per
632 692 700 723 vias
723 694 756 723 et
771 691 884 723 modos
901 702 981 734 quos
996 692 1143 734 poteritis
1159 692 1351 724 auctoritate
1377 692 1467 734 regia
1483 691 1639 724 desistere
1656 692 1858 734 conpellatis.

155 753 180 775 ιο
198 741 264 776 Sed
292 753 400 775 coram
424 742 531 775 iudice
562 742 700 774 civitatis
728 746 834 775 vestre
863 753 974 775 omnes
1003 748 1119 775 causee
1143 753 1205 775 non
1233 753 1322 775 mere
1352 743 1528 785 spiritales,
1556 746 1652 786 prout
1674 743 1706 775 in
1729 743 1800 775 aliis
1823 743 1859 774 fit

198 794 392 836 civitatibus,
414 794 574 826 iusticiam
597 793 864 836 prosequanturd.

304 845 395 878 Dat.⁰
418 845 505 888 apud
521 845 744 887 Nurenberch,
768 846 800 878 in
823 846 961 878 erastino
980 845 1149 878 beatorum
1165 845 1383 888 apostolorum
1401 846 1554 889 Phylippi
1578 850 1611 879 et
1628 846 1749 887 Iacobi,
1772 857 1856 878 anno

196 896 328 929 Domini
351 896 523 930 millesimo
549 897 775 930 trecentesimo
802 898 954 930 vicesimo
978 898 1091 939 tercio,
1114 898 1207 940 regni
1229 907 1307 930 vero
1331 899 1431 930 nostri
1454 909 1538 930 anno
1562 909 1656 930 nono.

823 989 1234 1012 --——r—-

415 1094 490 1131 739.
526 1093 630 1131 PRO
638 1093 721 1131 VIS
729 1094 782 1132 10
807 1092 1050 1132 CIVITATI
1057 1093 1084 1131 S
1108 1094 1173 1131 ΤΕ
1181 1093 1444 1131 RVISINAE
1468 1094 1598 1133 SUPE
1605 1095 1641 1132 R

152 1157 177 1177 ¹⁵
663 1148 829 1187 SUCCE
836 1149 862 1186 S
869 1149 895 1186 S
901 1149 1026 1187 IONE
1052 1150 1106 1187 VI
1111 1149 1218 1188 CAR
1224 1149 1392 1188 IATUS.

866 1218 974 1255 1323.
1016 1218 1108 1264 Apr.
1129 1218 1190 1256 25.

306 1308 467 1351 Oriyinale
490 1311 561 1351 (or.)
585 1309 620 1341 in
643 1307 802 1341 tabulario
818 1319 962 1342 caesareo
984 1309 1216 1342 Vindobonensi
1226 1310 1248 1342 ¹.
1287 1308 1526 1350 Descripsimus
1547 1320 1605 1343 nos
1627 1309 1671 1341 ad
1685 1310 1853 1351 imayinem

191 1361 472 1403 photoyraphicam
493 1371 514 1392 a
536 1361 619 1393 socio
642 1363 749 1393 nostro
765 1359 808 1392 H.
822 1359 941 1392 Hirsch
957 1363 1122 1401 paratam.
1164 1360 1429 1402 Orthoyraphiam
1444 1362 1571 1394 omnino
1586 1361 1789 1394 servavimus.
1811 1379 1853 1385 —

194 1413 366 1446 Ineditum.

149 1501 176 1522 ὀ
303 1490 347 1531 (S.
364 1490 417 1531 N.)
464 1488 502 1522 In
525 1489 644 1523 Christi
667 1490 797 1523 nomine
820 1500 926 1523 amen.

299 1543 394 1575 Anno
426 1541 557 1574 Domini
591 1542 762 1575 millesimo
795 1543 1024 1574 trecentesimo
1056 1542 1214 1584 vigesimo
1247 1543 1365 1580 tercio,
1401 1542 1496 1574 indic.
1532 1546 1640 1582 sexta,
1675 1542 1727 1575 die
1762 1543 1853 1575 Lune

191 1594 350 1638 vigesimo
374 1594 486 1636 quinto
508 1594 639 1636 Aprilis.
685 1594 790 1626 Ouriis
819 1594 1029 1633 ancianorum
1061 1597 1095 1626 et
1129 1594 1296 1626 consulum
1327 1595 1466 1626 civitatis
1489 1594 1646 1626 Tarvisii·
1672 1595 1705 1626 in
1728 1594 1855 1626 camino

193 1646 413 1686 ancianorum‚
436 1648 473 1677 ut
494 1646 593 1677 moris
617 1649 675 1687 est,
699 1645 742 1677 ad
765 1655 879 1678 sonum
895 1655 1052 1687 campane
1076 1648 1109 1678 et
1125 1655 1239 1677 vocem
1259 1647 1408 1688 preconis
1423 1645 1634 1687 solempniter
1649 1646 1855 1687 congregatis

194 1707 303 1730 coram
326 1697 427 1730 nobili
450 1700 483 1729 et
506 1698 631 1739 potenti
653 1697 755 1729 milite
779 1696 910 1729 domino
927 1696 1048 1729 Iacobo
1072 1696 1113 1728 de
1129 1696 1254 1730 Rubeis
1277 1696 1318 1729 de
1335 1697 1506 1729 Florencia
1529 1700 1691 1739 potestate
1707 1697 1855 1729 Tarvisii.

148 1759 175 1781 2⁵
193 1749 283 1782 Petit
309 1749 397 1782 idem
425 1748 574 1781 dominus
604 1751 750 1791 potestas
773 1747 836 1780 sibi
859 1747 1075 1791 [consi]lium¹’
1098 1748 1233 1789 exiberi,
1263 1748 1341 1790 quid
1364 1749 1405 1781 sit
1428 1748 1613 1781 faciendum
1635 1759 1734 1791 super
1756 1749 1855 1781 infra-

193 1801 312 1843 scripta
335 1799 546 1844 [provi]si0ne
569 1801 656 1833 facta
678 1811 737 1842 per
760 1800 865 1832 curias
887 1800 1008 1833 domini
1032 1801 1212 1842 potestatis,
1237 1801 1445 1833 ancianorum
1469 1804 1502 1832 et
1524 1799 1691 1832 consulum
1714 1799 1755 1832 de
1778 1811 1853 1832 con-

193 1852 265 1885 silio
288 1863 385 1895 quam
410 1852 551 1894 plurium
575 1852 768 1894 sapientum.
814 1852 913 1884 Cuius
936 1855 1029 1884 tenor
1052 1852 1126 1884 talis
1148 1855 1211 1884 est:

344 1910 369 1945 G
390 1911 457 1944 ‘Ad
479 1912 627 1954 laudem,
659 1911 796 1954 gloriam
830 1916 863 1945 et
893 1912 1049 1944 honorem
1074 1913 1304 1955 omnipotentis
1325 1912 1389 1944 Dei
1413 1916 1446 1944 et
1468 1912 1608 1954 gloriose
1632 1911 1728 1945 beate
1751 1912 1854 1944 Mai-ie

235 1964 367 2006 virginis
385 1967 419 1996 et
433 1963 603 1996 beatorum
619 1964 712 1996 Petri
735 1967 770 1996 et
785 1964 879 1996 Pauli
903 1967 937 1996 et
954 1964 1040 1996 beati
1057 1964 1216 2005 Liberalis
1232 1964 1426 1996 confessoris
1441 1967 1476 1996 et
1490 1964 1594 1996 tocius
1609 1965 1696 1996 curie
1715 1963 1854 2001 celestis,

149 2025 176 2046 ιο
236 2015 280 2048 ad
302 2015 460 2048 honorem
484 2018 518 2047 et
539 2015 817 2058 magnificenciam
841 2019 874 2047 et
898 2016 1136 2048 exaltacionem
1160 2015 1291 2047 illustris
1317 2019 1352 2048 et
1373 2015 1536 2058 magnifici
1559 2015 1681 2047 domini
1704 2015 1856 2047 Iohannis

234 2067 369 2100 Hem-ici
385 2066 516 2100 Goricie
539 2070 573 2099 et
588 2067 704 2099 Tirolis
727 2067 853 2099 comitis
876 2071 909 2100 et
932 2067 1070 2099 civitatis
1086 2067 1222 2099 Tarvisii
1246 2070 1280 2099 et
1302 2067 1464 2099 districtus
1480 2067 1590 2099 vicarii
1613 2067 1774 2109 generalis
1796 2078 1855 2109 pro

235 2119 326 2161 regia
348 2119 535 2158 maiestate,
559 2119 602 2151 ad
625 2119 744 2151 bonum
768 2122 802 2151 et
825 2119 996 2161 pacificum
1019 2122 1138 2151 statum
1163 2119 1301 2151 civitatis
1324 2119 1461 2151 Tarvisii
1484 2122 1518 2151 et
1541 2118 1717 2159 districtus,
1744 2118 1855 2151 habita

236 2170 476 2203 deliberacione
505 2173 538 2202 et
569 2171 772 2203 comunicato
800 2171 932 2203 consilio
961 2181 1058 2213 quam
1090 2170 1229 2213 plurium
1261 2171 1442 2213 sapientum
1473 2173 1507 2203 et
1535 2170 1691 2203 nobilium
1718 2171 1855 2203 civitatis

235 2222 373 2255 Tarvisii
403 2222 599 2254 unanimiter
633 2225 667 2254 et
698 2221 902 2254 concorditer
931 2222 1185 2265 provider(unt)‚
1221 2222 1308 2264 quod
1343 2222 1507 2264 prefactue
1540 2221 1671 2254 illustris
1707 2221 1855 2254 dominus

149 2281 176 2303 ³³
235 2273 397 2307 Iohannes
419 2273 581 2306 Henricus
604 2283 712 2306 comes
736 2274 875 2316 eligatur
898 2277 931 2307 et
954 2274 1161 2306 confirmetur
1185 2273 1333 2306 dominus
1357 2277 1389 2306 et
1405 2274 1542 2306 vicarius
1565 2274 1702 2306 civitatis
1718 2274 1854 2306 Tarvisii

236 2329 270 2358 et
300 2325 462 2358 districtus
493 2336 551 2367 pro
575 2326 666 2368 regia
689 2325 877 2366 maiestate,
908 2326 1084 2358 secundum
1114 2325 1201 2368 quod
1234 2329 1305 2358 erat
1332 2325 1418 2357 clare
1448 2325 1680 2358 recordationis
1706 2325 1854 2358 dominus

235 2376 397 2410 Hem-icus
425 2377 494 2409 eius
520 2378 656 2419 genitor.
702 2376 745 2409 Et
773 2377 861 2420 quod
891 2377 1007 2410 nobilis
1036 2380 1071 2410 et
1099 2381 1214 2419 potens
1243 2377 1392 2409 dominus
1422 2376 1496 2420 Ugo
1523 2377 1565 2410 de
1587 2377 1705 2420 Duyno
1735 2377 1854 2410 debeat

237 2438 309 2461 esse
336 2431 370 2461 et
396 2427 614 2472 rema[nere]¹’
642 2429 710 2461 eius
738 2429 877 2461 vicarius
904 2430 937 2461 in
967 2429 1097 2461 civitate
1122 2428 1258 2460 Tarvisii
1281 2439 1353 2461 cum
1377 2432 1475 2471 gente
1499 2432 1532 2461 et
1555 2428 1687 2470 familia,
1711 2440 1773 2472 que
1798 2428 1853 2472 [ei]

237 2479 409 2512 videbatur
431 2479 588 2522 expedire
611 2491 669 2522 pro
686 2481 934 2513 conservacione
957 2483 991 2512 et
1014 2483 1100 2512 statu
1123 2481 1223 2522 ipsius
1246 2480 1395 2512 civitatis.
1431 2479 1475 2512 Et
1498 2480 1585 2523 quod
1601 2481 1688 2513 idem
1705 2481 1854 2513 dominus

151 2540 179 2560 σο
238 2531 312 2573 Ugo
340 2534 491 2563 teneatur
519 2534 553 2564 et
579 2532 662 2563 iuret
690 2542 881 2564 conservare
911 2535 944 2564 et
971 2542 1086 2574 regere
1115 2532 1218 2573 ipsam
1246 2532 1410 2564 civitatem
1440 2535 1474 2564 et
1496 2532 1675 2565 districtum
1699 2537 1732 2565 et
1754 2533 1853 2574 ipsius

237 2582 308 2614 iura
331 2585 365 2614 et
386 2581 607 2615 iurisdiciones
623 2582 798 2615 secundum
821 2587 941 2616 statuta
964 2586 997 2616 et
1012 2581 1262 2615 consuetudines
1285 2583 1384 2625 ipsius
1406 2583 1545 2616 civitatis
1568 2587 1601 2616 et
1624 2595 1696 2616 cum
1721 2584 1852 2616 consilio

300 2676 364 2705 ¹188.
392 2677 416 2709 ⁸)
430 2678 611 2704 Nox-chusan
625 2677 650 2704 2.
714 2677 741 2711 b)
754 2679 807 2705 obt.
817 2686 887 2712 grac.
899 2683 985 2704 nostre
996 2677 1022 2704 2.
1087 2678 1110 2711 ⁰)
1123 2686 1214 2704 causas
1228 2678 1251 2704 1.
1263 2677 1287 2704 2.
1353 2677 1379 2712 ⁸¹)
1391 2684 1583 2713 persequantur
1595 2678 1620 2706 2.
1681 2680 1704 2712 θ)
1719 2681 1813 2705 Datum
1830 2679 1852 2704 1.

299 2736 365 2765 789.
392 2737 416 2770 ⁸)
436 2738 480 2764 ta?
492 2746 590 2770 smper
607 2747 646 2765 or.
734 2737 759 2771 Ι1)
778 2739 851 2764 uncis
869 2739 970 2764 inclusa
989 2738 1102 2765 abscim·
1119 2743 1178 2764 eune
1197 2748 1235 2765 or.

302 2814 327 2848 1)
349 2813 390 2847 Of.
402 2813 484 2848 Kopp
502 2813 667 2841 ‘Gaea-'ome
684 2813 732 2841 der
750 2813 973 2849 eugendus-‘sclam
993 2813 1105 2842 Bende'
1129 2814 1159 2848 V,
1174 2820 1187 2842 1
1202 2823 1230 2849 p.
1244 2819 1291 2843 104
1309 2818 1364 2843 noe.
1376 2818 1399 2843 2.
