<?xml version="1.0" encoding="UTF-8"?>
<!DOCTYPE html PUBLIC "-//W3C//DTD XHTML 1.0 Transitional//EN"
    "http://www.w3.org/TR/xhtml1/DTD/xhtml1-transitional.dtd">
<html xmlns="http://www.w3.org/1999/xhtml" xml:lang="en" lang="en">
 <head>
  <title>
</title>
<meta http-equiv="Content-Type" content="text/html;charset=utf-8" />
  <meta name='ocr-system' content='tesseract 3.04.00' />
  <meta name='ocr-capabilities' content='ocr_page ocr_carea ocr_par ocr_line ocrx_word'/>
</head>
<body>
  <div class='ocr_page' id='page_1' title='image "./monumentagerma05geseuoft_0677.png"; bbox 0 0 2184 3126; ppageno 0'>
   <div class='ocr_carea' id='block_1_1' title="bbox 434 188 1898 227">
    <p class='ocr_par' dir='ltr' id='par_1_1' title="bbox 434 188 1898 227">
     <span class='ocr_line' id='line_1_1' title="bbox 434 188 1898 227; baseline 0 -9"><span class='ocrx_word' id='word_1_1' title='bbox 434 190 532 219; x_wconf 79' lang='lat' dir='ltr'>ACTA</span> <span class='ocrx_word' id='word_1_2' title='bbox 549 189 665 227; x_wconf 73' lang='lat' dir='ltr'>REGNI</span> <span class='ocrx_word' id='word_1_3' title='bbox 683 188 869 218; x_wconf 81' lang='lat' dir='ltr'><strong>LUDEWICI</strong></span> <span class='ocrx_word' id='word_1_4' title='bbox 888 188 936 217; x_wconf 88' lang='lat' dir='ltr'><strong>lV.</strong></span> <span class='ocrx_word' id='word_1_5' title='bbox 955 188 1000 215; x_wconf 84' lang='lat' dir='ltr'><strong>ET</strong></span> <span class='ocrx_word' id='word_1_6' title='bbox 1021 188 1207 216; x_wconf 81' lang='lat' dir='ltr'><strong>FRIDERICl</strong></span> <span class='ocrx_word' id='word_1_7' title='bbox 1228 189 1276 217; x_wconf 92' lang='lat'><strong>111.</strong></span> <span class='ocrx_word' id='word_1_8' title='bbox 1315 190 1390 217; x_wconf 82' lang='lat'><strong>1323.</strong></span> <span class='ocrx_word' id='word_1_9' title='bbox 1427 190 1475 218; x_wconf 89' lang='lat' dir='ltr'><strong>Nr.</strong></span> <span class='ocrx_word' id='word_1_10' title='bbox 1487 190 1547 218; x_wconf 80' lang='lat'><strong>817.</strong></span> <span class='ocrx_word' id='word_1_11' title='bbox 1565 191 1625 217; x_wconf 88' lang='grc'><strong>818.</strong></span> <span class='ocrx_word' id='word_1_12' title='bbox 1644 191 1704 219; x_wconf 84' lang='grc'><strong>819.</strong></span> <span class='ocrx_word' id='word_1_13' title='bbox 1834 194 1898 224; x_wconf 82' lang='grc'><strong>637</strong></span> 
     </span>
    </p>
   </div>
   <div class='ocr_carea' id='block_1_2' title="bbox 196 275 1900 1351">
    <p class='ocr_par' dir='ltr' id='par_1_2' title="bbox 196 275 1900 1351">
     <span class='ocr_line' id='line_1_2' title="bbox 241 275 1897 319; baseline -0.001 -9"><span class='ocrx_word' id='word_1_14' title='bbox 241 277 491 310; x_wconf 86' lang='lat' dir='ltr'><strong>Ierosolimitani</strong></span> <span class='ocrx_word' id='word_1_15' title='bbox 520 287 578 319; x_wconf 87' lang='lat' dir='ltr'><strong>per</strong></span> <span class='ocrx_word' id='word_1_16' title='bbox 601 277 805 310; x_wconf 80' lang='lat' dir='ltr'><strong>Alamaniam</strong></span> <span class='ocrx_word' id='word_1_17' title='bbox 832 285 958 308; x_wconf 81' lang='lat' dir='ltr'><strong>necnon</strong></span> <span class='ocrx_word' id='word_1_18' title='bbox 985 275 1175 317; x_wconf 78' lang='lat' dir='ltr'><strong>magistrum</strong></span> <span class='ocrx_word' id='word_1_19' title='bbox 1198 276 1390 309; x_wconf 82' lang='lat' dir='ltr'><strong>Ernestum‘</strong></span> <span class='ocrx_word' id='word_1_20' title='bbox 1416 277 1458 309; x_wconf 87' lang='lat' dir='ltr'><strong>de</strong></span> <span class='ocrx_word' id='word_1_21' title='bbox 1481 277 1608 310; x_wconf 86' lang='lat' dir='ltr'><strong>Sebech</strong></span> <span class='ocrx_word' id='word_1_22' title='bbox 1636 277 1897 310; x_wconf 81' lang='lat' dir='ltr'><strong>archidiaconum</strong></span> 
     </span>
     <span class='ocr_line' id='line_1_3' title="bbox 241 326 1899 371; baseline -0.001 -9"><span class='ocrx_word' id='word_1_23' title='bbox 241 328 515 371; x_wconf 86' lang='lat' dir='ltr'><strong>Herbipolensem</strong></span> <span class='ocrx_word' id='word_1_24' title='bbox 538 332 571 361; x_wconf 91' lang='lat' dir='ltr'><strong>et</strong></span> <span class='ocrx_word' id='word_1_25' title='bbox 593 329 782 371; x_wconf 82' lang='lat' dir='ltr'><strong>magistrum</strong></span> <span class='ocrx_word' id='word_1_26' title='bbox 804 326 1003 360; x_wconf 71' lang='lat' dir='ltr'><strong>Hem-icum!</strong></span> <span class='ocrx_word' id='word_1_27' title='bbox 1024 326 1066 358; x_wconf 87' lang='lat' dir='ltr'><strong>de</strong></span> <span class='ocrx_word' id='word_1_28' title='bbox 1082 327 1212 359; x_wconf 86' lang='lat' dir='ltr'><strong>Throno</strong></span> <span class='ocrx_word' id='word_1_29' title='bbox 1236 329 1426 361; x_wconf 88' lang='lat' dir='ltr'><strong>canonicum</strong></span> <span class='ocrx_word' id='word_1_30' title='bbox 1441 328 1641 371; x_wconf 81' lang='lat' dir='ltr'><strong>Pragensem</strong></span> <span class='ocrx_word' id='word_1_31' title='bbox 1666 328 1842 361; x_wconf 75' lang='lat' dir='ltr'>familiares</span> <span class='ocrx_word' id='word_1_32' title='bbox 1865 334 1899 360; x_wconf 91' lang='lat' dir='ltr'><strong>et</strong></span> 
     </span>
     <span class='ocr_line' id='line_1_4' title="bbox 241 379 1897 423; baseline -0.001 -10"><span class='ocrx_word' id='word_1_33' title='bbox 241 380 431 413; x_wconf 72' lang='lat' dir='ltr'>secretarios</span> <span class='ocrx_word' id='word_1_34' title='bbox 453 383 580 411; x_wconf 88' lang='lat' dir='ltr'><strong>nostros</strong></span> <span class='ocrx_word' id='word_1_35' title='bbox 596 379 742 421; x_wconf 86' lang='lat' dir='ltr'><strong>dilectos,</strong></span> <span class='ocrx_word' id='word_1_36' title='bbox 766 379 966 412; x_wconf 72' lang='lat' dir='ltr'><strong>exhibitores</strong></span> <span class='ocrx_word' id='word_1_37' title='bbox 987 379 1196 420; x_wconf 86' lang='lat' dir='ltr'><strong>presentium,</strong></span> <span class='ocrx_word' id='word_1_38' title='bbox 1219 383 1345 412; x_wconf 89' lang='lat' dir='ltr'><strong>nostros</strong></span> <span class='ocrx_word' id='word_1_39' title='bbox 1362 390 1456 412; x_wconf 85' lang='lat' dir='ltr'><strong>veros</strong></span> <span class='ocrx_word' id='word_1_40' title='bbox 1479 383 1513 412; x_wconf 89' lang='lat' dir='ltr'><strong>et</strong></span> <span class='ocrx_word' id='word_1_41' title='bbox 1534 381 1567 412; x_wconf 94' lang='lat' dir='ltr'><strong>in</strong></span> <span class='ocrx_word' id='word_1_42' title='bbox 1590 380 1727 412; x_wconf 90' lang='lat' dir='ltr'><strong>solidum</strong></span> <span class='ocrx_word' id='word_1_43' title='bbox 1744 391 1897 423; x_wconf 89' lang='lat' dir='ltr'><strong>procura·</strong></span> 
     </span>
     <span class='ocr_line' id='line_1_5' title="bbox 242 429 1897 474; baseline -0.001 -10"><span class='ocrx_word' id='word_1_44' title='bbox 242 434 329 464; x_wconf 88' lang='lat' dir='ltr'><strong>tores</strong></span> <span class='ocrx_word' id='word_1_45' title='bbox 351 430 534 474; x_wconf 54' lang='lat' dir='ltr'><strong>legitimos*</strong></span> <span class='ocrx_word' id='word_1_46' title='bbox 551 434 584 463; x_wconf 86' lang='lat' dir='ltr'><strong>et</strong></span> <span class='ocrx_word' id='word_1_47' title='bbox 606 431 735 463; x_wconf 89' lang='lat' dir='ltr'><strong>nuntios</strong></span> <span class='ocrx_word' id='word_1_48' title='bbox 757 430 916 473; x_wconf 76' lang='lat' dir='ltr'><strong>speciales</strong></span> <span class='ocrx_word' id='word_1_49' title='bbox 932 429 1066 462; x_wconf 78' lang='lat' dir='ltr'><strong>fecimus</strong></span> <span class='ocrx_word' id='word_1_50' title='bbox 1089 433 1122 462; x_wconf 90' lang='lat' dir='ltr'><strong>et</strong></span> <span class='ocrx_word' id='word_1_51' title='bbox 1146 430 1363 463; x_wconf 74' lang='lat' dir='ltr'><strong>ordinavimus</strong></span> <span class='ocrx_word' id='word_1_52' title='bbox 1386 433 1418 463; x_wconf 89' lang='lat' dir='ltr'><strong>in</strong></span> <span class='ocrx_word' id='word_1_53' title='bbox 1435 431 1498 463; x_wconf 90' lang='lat' dir='ltr'><strong>hiis</strong></span> <span class='ocrx_word' id='word_1_54' title='bbox 1520 433 1647 474; x_wconf 89' lang='lat' dir='ltr'><strong>scriptis</strong></span> <span class='ocrx_word' id='word_1_55' title='bbox 1669 431 1710 463; x_wconf 87' lang='lat' dir='ltr'><strong>ad</strong></span> <span class='ocrx_word' id='word_1_56' title='bbox 1734 432 1897 474; x_wconf 90' lang='lat' dir='ltr'><strong>inquiren-</strong></span> 
     </span>
     <span class='ocr_line' id='line_1_6' title="bbox 209 481 1898 525; baseline -0.001 -9"><span class='ocrx_word' id='word_1_57' title='bbox 209 492 222 511; x_wconf 68' lang='lat'><strong>»</strong></span> <span class='ocrx_word' id='word_1_58' title='bbox 242 482 330 516; x_wconf 82' lang='lat' dir='ltr'><strong>dum¹</strong></span> <span class='ocrx_word' id='word_1_59' title='bbox 353 485 387 515; x_wconf 88' lang='lat' dir='ltr'><strong>et</strong></span> <span class='ocrx_word' id='word_1_60' title='bbox 409 481 596 515; x_wconf 62' lang='lat' dir='ltr'><strong>sciendum*</strong></span> <span class='ocrx_word' id='word_1_61' title='bbox 620 482 706 524; x_wconf 87' lang='lat' dir='ltr'><strong>apud</strong></span> <span class='ocrx_word' id='word_1_62' title='bbox 728 482 910 514; x_wconf 85' lang='lat' dir='ltr'><strong>Romanam</strong></span> <span class='ocrx_word' id='word_1_63' title='bbox 933 481 1069 523; x_wconf 87' lang='lat' dir='ltr'><strong>curiam,</strong></span> <span class='ocrx_word' id='word_1_64' title='bbox 1101 491 1142 513; x_wconf 85' lang='lat' dir='ltr'><strong>an</strong></span> <span class='ocrx_word' id='word_1_65' title='bbox 1165 482 1296 524; x_wconf 89' lang='lat' dir='ltr'><strong>quidam</strong></span> <span class='ocrx_word' id='word_1_66' title='bbox 1326 493 1496 525; x_wconf 76' lang='lat' dir='ltr'><strong>processus</strong></span> <span class='ocrx_word' id='word_1_67' title='bbox 1523 494 1595 523; x_wconf 84' lang='lat' dir='ltr'><strong>nos,</strong></span> <span class='ocrx_word' id='word_1_68' title='bbox 1625 493 1740 515; x_wconf 86' lang='lat' dir='ltr'><strong>causas</strong></span> <span class='ocrx_word' id='word_1_69' title='bbox 1767 487 1801 516; x_wconf 89' lang='lat' dir='ltr'><strong>et</strong></span> <span class='ocrx_word' id='word_1_70' title='bbox 1829 484 1898 515; x_wconf 85' lang='lat' dir='ltr'><strong>iura</strong></span> 
     </span>
     <span class='ocr_line' id='line_1_7' title="bbox 241 531 1897 576; baseline 0 -9"><span class='ocrx_word' id='word_1_71' title='bbox 241 537 350 567; x_wconf 86' lang='lat' dir='ltr'><strong>nostra</strong></span> <span class='ocrx_word' id='word_1_72' title='bbox 373 534 596 576; x_wconf 85' lang='lat' dir='ltr'><strong>contingentes</strong></span> <span class='ocrx_word' id='word_1_73' title='bbox 620 544 679 575; x_wconf 88' lang='lat' dir='ltr'><strong>per</strong></span> <span class='ocrx_word' id='word_1_74' title='bbox 702 534 938 566; x_wconf 86' lang='lat' dir='ltr'><strong>sanctissimum</strong></span> <span class='ocrx_word' id='word_1_75' title='bbox 961 533 994 565; x_wconf 91' lang='lat' dir='ltr'><strong>in</strong></span> <span class='ocrx_word' id='word_1_76' title='bbox 1017 531 1146 565; x_wconf 87' lang='lat' dir='ltr'><strong>Christo</strong></span> <span class='ocrx_word' id='word_1_77' title='bbox 1170 538 1295 575; x_wconf 86' lang='lat' dir='ltr'><strong>patrem</strong></span> <span class='ocrx_word' id='word_1_78' title='bbox 1320 538 1354 566; x_wconf 91' lang='lat' dir='ltr'><strong>et</strong></span> <span class='ocrx_word' id='word_1_79' title='bbox 1376 535 1541 567; x_wconf 88' lang='lat' dir='ltr'><strong>dominum</strong></span> <span class='ocrx_word' id='word_1_80' title='bbox 1565 539 1709 567; x_wconf 86' lang='lat' dir='ltr'><strong>nostrum</strong></span> <span class='ocrx_word' id='word_1_81' title='bbox 1733 534 1897 567; x_wconf 89' lang='lat' dir='ltr'><strong>dominum</strong></span> 
     </span>
     <span class='ocr_line' id='line_1_8' title="bbox 241 583 1899 628; baseline 0 -10"><span class='ocrx_word' id='word_1_82' title='bbox 241 585 420 618; x_wconf 78' lang='lat' dir='ltr'><strong>Iohannem</strong></span> <span class='ocrx_word' id='word_1_83' title='bbox 450 584 558 617; x_wconf 86' lang='lat' dir='ltr'><strong>divina</strong></span> <span class='ocrx_word' id='word_1_84' title='bbox 591 583 795 627; x_wconf 83' lang='lat' dir='ltr'><strong>providentia</strong></span> <span class='ocrx_word' id='word_1_85' title='bbox 827 595 987 618; x_wconf 87' lang='lat' dir='ltr'><strong>summum</strong></span> <span class='ocrx_word' id='word_1_86' title='bbox 1016 584 1202 627; x_wconf 89' lang='lat' dir='ltr'><strong>pontificem</strong></span> <span class='ocrx_word' id='word_1_87' title='bbox 1230 596 1333 628; x_wconf 82' lang='lat' dir='ltr'><strong>nuper</strong></span> <span class='ocrx_word' id='word_1_88' title='bbox 1366 587 1397 618; x_wconf 90' lang='lat' dir='ltr'><strong>in</strong></span> <span class='ocrx_word' id='word_1_89' title='bbox 1430 586 1546 618; x_wconf 89' lang='lat' dir='ltr'><strong>eadem</strong></span> <span class='ocrx_word' id='word_1_90' title='bbox 1575 587 1664 619; x_wconf 90' lang='lat' dir='ltr'><strong>curia</strong></span> <span class='ocrx_word' id='word_1_91' title='bbox 1697 591 1731 619; x_wconf 88' lang='lat' dir='ltr'><strong>ut</strong></span> <span class='ocrx_word' id='word_1_92' title='bbox 1761 586 1899 619; x_wconf 83' lang='lat' dir='ltr'><strong>refertur</strong></span> 
     </span>
     <span class='ocr_line' id='line_1_9' title="bbox 241 636 1898 679; baseline 0.001 -10"><span class='ocrx_word' id='word_1_93' title='bbox 241 636 344 670; x_wconf 87' lang='lat' dir='ltr'><strong>habiti</strong></span> <span class='ocrx_word' id='word_1_94' title='bbox 371 637 434 669; x_wconf 89' lang='lat' dir='ltr'><strong>sint</strong></span> <span class='ocrx_word' id='word_1_95' title='bbox 460 639 493 669; x_wconf 93' lang='lat' dir='ltr'><strong>et</strong></span> <span class='ocrx_word' id='word_1_96' title='bbox 522 636 613 678; x_wconf 85' lang='lat' dir='ltr'><strong>facti,</strong></span> <span class='ocrx_word' id='word_1_97' title='bbox 644 647 724 679; x_wconf 83' lang='lat' dir='ltr'><strong>quos</strong></span> <span class='ocrx_word' id='word_1_98' title='bbox 754 636 895 669; x_wconf 89' lang='lat' dir='ltr'><strong>nondum</strong></span> <span class='ocrx_word' id='word_1_99' title='bbox 922 639 1012 669; x_wconf 84' lang='lat' dir='ltr'><strong>certa</strong></span> <span class='ocrx_word' id='word_1_100' title='bbox 1037 636 1252 668; x_wconf 79' lang='lat' dir='ltr'><strong>insinuatione</strong></span> <span class='ocrx_word' id='word_1_101' title='bbox 1278 637 1341 669; x_wconf 79' lang='lat' dir='ltr'><strong>vel¹</strong></span> <span class='ocrx_word' id='word_1_102' title='bbox 1364 638 1520 670; x_wconf 83' lang='lat' dir='ltr'><strong>relatione</strong></span> <span class='ocrx_word' id='word_1_103' title='bbox 1544 642 1670 670; x_wconf 86' lang='lat' dir='ltr'><strong>constat</strong></span> <span class='ocrx_word' id='word_1_104' title='bbox 1698 639 1730 670; x_wconf 90' lang='lat' dir='ltr'><strong>in</strong></span> <span class='ocrx_word' id='word_1_105' title='bbox 1757 641 1898 670; x_wconf 87' lang='lat' dir='ltr'><strong>nostram</strong></span> 
     </span>
     <span class='ocr_line' id='line_1_10' title="bbox 241 687 1898 730; baseline 0.001 -10"><span class='ocrx_word' id='word_1_106' title='bbox 241 687 389 721; x_wconf 82' lang='lat' dir='ltr'><strong>notitiam</strong></span> <span class='ocrx_word' id='word_1_107' title='bbox 412 687 590 721; x_wconf 80' lang='lat' dir='ltr'><strong>devenisse.</strong></span> <span class='ocrx_word' id='word_1_108' title='bbox 628 687 670 720; x_wconf 90' lang='lat' dir='ltr'><strong>Et</strong></span> <span class='ocrx_word' id='word_1_109' title='bbox 698 689 760 720; x_wconf 90' lang='lat' dir='ltr'><strong>hoc</strong></span> <span class='ocrx_word' id='word_1_110' title='bbox 783 690 948 730; x_wconf 85' lang='lat' dir='ltr'><strong>comperto</strong></span> <span class='ocrx_word' id='word_1_111' title='bbox 971 687 1014 720; x_wconf 82' lang='lat' dir='ltr'><strong>ad</strong></span> <span class='ocrx_word' id='word_1_112' title='bbox 1037 688 1324 730; x_wconf 86' lang='lat' dir='ltr'><strong>representandum</strong></span> <span class='ocrx_word' id='word_1_113' title='bbox 1347 699 1382 721; x_wconf 89' lang='lat' dir='ltr'><strong>se</strong></span> <span class='ocrx_word' id='word_1_114' title='bbox 1406 690 1438 721; x_wconf 91' lang='lat' dir='ltr'><strong>in</strong></span> <span class='ocrx_word' id='word_1_115' title='bbox 1461 689 1605 722; x_wconf 88' lang='lat' dir='ltr'><strong>eiusdem</strong></span> <span class='ocrx_word' id='word_1_116' title='bbox 1629 689 1750 722; x_wconf 88' lang='lat' dir='ltr'><strong>domini</strong></span> <span class='ocrx_word' id='word_1_117' title='bbox 1773 690 1898 722; x_wconf 79' lang='lat' dir='ltr'><strong>nostrim</strong></span> 
     </span>
     <span class='ocr_line' id='line_1_11' title="bbox 200 739 1899 782; baseline 0.001 -10"><span class='ocrx_word' id='word_1_118' title='bbox 200 745 224 764; x_wconf 88' lang='lat'><strong>¹⁰</strong></span> <span class='ocrx_word' id='word_1_119' title='bbox 242 740 358 773; x_wconf 86' lang='lat' dir='ltr'><strong>summi</strong></span> <span class='ocrx_word' id='word_1_120' title='bbox 373 740 535 782; x_wconf 79' lang='lat' dir='ltr'><strong>pontificis</strong></span> <span class='ocrx_word' id='word_1_121' title='bbox 548 741 722 782; x_wconf 81' lang='lat' dir='ltr'><strong>presentia,</strong></span> <span class='ocrx_word' id='word_1_122' title='bbox 746 740 921 782; x_wconf 89' lang='lat' dir='ltr'><strong>petendum</strong></span> <span class='ocrx_word' id='word_1_123' title='bbox 939 742 972 773; x_wconf 92' lang='lat' dir='ltr'><strong>et</strong></span> <span class='ocrx_word' id='word_1_124' title='bbox 986 739 1207 782; x_wconf 87' lang='lat' dir='ltr'><strong>recipiendum</strong></span> <span class='ocrx_word' id='word_1_125' title='bbox 1224 741 1353 773; x_wconf 90' lang='lat' dir='ltr'><strong>nomine</strong></span> <span class='ocrx_word' id='word_1_126' title='bbox 1369 744 1478 773; x_wconf 86' lang='lat' dir='ltr'><strong>nostro</strong></span> <span class='ocrx_word' id='word_1_127' title='bbox 1495 741 1537 774; x_wconf 90' lang='lat' dir='ltr'><strong>ab</strong></span> <span class='ocrx_word' id='word_1_128' title='bbox 1554 752 1592 774; x_wconf 91' lang='lat' dir='ltr'><strong>eo</strong></span> <span class='ocrx_word' id='word_1_129' title='bbox 1609 752 1682 773; x_wconf 84' lang='lat' dir='ltr'><strong>eum</strong></span> <span class='ocrx_word' id='word_1_130' title='bbox 1697 741 1899 774; x_wconf 77' lang='lat' dir='ltr'><strong>reverentia¹²</strong></span> 
     </span>
     <span class='ocr_line' id='line_1_12' title="bbox 241 790 1899 834; baseline 0.001 -11"><span class='ocrx_word' id='word_1_131' title='bbox 241 794 276 824; x_wconf 89' lang='lat' dir='ltr'><strong>et</strong></span> <span class='ocrx_word' id='word_1_132' title='bbox 298 790 471 824; x_wconf 74' lang='lat' dir='ltr'><strong>devotione</strong></span> <span class='ocrx_word' id='word_1_133' title='bbox 490 791 683 824; x_wconf 77' lang='lat' dir='ltr'><strong>&#39;dilationem</strong></span> <span class='ocrx_word' id='word_1_134' title='bbox 700 792 827 824; x_wconf 85' lang='lat' dir='ltr'><strong>termini</strong></span> <span class='ocrx_word' id='word_1_135' title='bbox 845 791 1058 834; x_wconf 87' lang='lat' dir='ltr'><strong>competentis</strong></span> <span class='ocrx_word' id='word_1_136' title='bbox 1065 795 1090 832; x_wconf 85' lang='lat'><strong>¹¹,</strong></span> <span class='ocrx_word' id='word_1_137' title='bbox 1114 792 1145 823; x_wconf 90' lang='lat' dir='ltr'><strong>in</strong></span> <span class='ocrx_word' id='word_1_138' title='bbox 1162 801 1226 833; x_wconf 88' lang='lat' dir='ltr'><strong>quo</strong></span> <span class='ocrx_word' id='word_1_139' title='bbox 1243 802 1303 833; x_wconf 91' lang='lat' dir='ltr'><strong>per</strong></span> <span class='ocrx_word' id='word_1_140' title='bbox 1317 792 1467 824; x_wconf 87' lang='lat' dir='ltr'><strong>solennes</strong></span> <span class='ocrx_word' id='word_1_141' title='bbox 1482 796 1707 834; x_wconf 85' lang='lat' dir='ltr'><strong>procuratores</strong></span> <span class='ocrx_word' id='word_1_142' title='bbox 1723 796 1756 825; x_wconf 88' lang='lat' dir='ltr'><strong>et</strong></span> <span class='ocrx_word' id='word_1_143' title='bbox 1771 794 1899 825; x_wconf 79' lang='lat' dir='ltr'><strong>nuntios</strong></span> 
     </span>
     <span class='ocr_line' id='line_1_13' title="bbox 240 841 1899 887; baseline 0.001 -12"><span class='ocrx_word' id='word_1_144' title='bbox 240 845 367 876; x_wconf 87' lang='lat' dir='ltr'><strong>nostros</strong></span> <span class='ocrx_word' id='word_1_145' title='bbox 391 842 588 876; x_wconf 83' lang='lat' dir='ltr'><strong>sufficienter</strong></span> <span class='ocrx_word' id='word_1_146' title='bbox 611 843 783 875; x_wconf 87' lang='lat' dir='ltr'><strong>instructos</strong></span> <span class='ocrx_word' id='word_1_147' title='bbox 804 843 837 875; x_wconf 88' lang='lat' dir='ltr'><strong>in</strong></span> <span class='ocrx_word' id='word_1_148' title='bbox 861 847 927 876; x_wconf 87' lang='lat' dir='ltr'><strong>tam</strong></span> <span class='ocrx_word' id='word_1_149' title='bbox 950 841 1051 875; x_wconf 88' lang='lat' dir='ltr'><strong>arduo</strong></span> <span class='ocrx_word' id='word_1_150' title='bbox 1074 843 1206 885; x_wconf 82' lang='lat' dir='ltr'><strong>negotio</strong></span> <span class='ocrx_word' id='word_1_151' title='bbox 1230 854 1326 885; x_wconf 89' lang='lat' dir='ltr'><strong>super</strong></span> <span class='ocrx_word' id='word_1_152' title='bbox 1346 845 1508 886; x_wconf 86' lang='lat' dir='ltr'><strong>expressis</strong></span> <span class='ocrx_word' id='word_1_153' title='bbox 1531 848 1563 876; x_wconf 88' lang='lat' dir='ltr'><strong>et</strong></span> <span class='ocrx_word' id='word_1_154' title='bbox 1586 845 1744 876; x_wconf 85' lang='lat' dir='ltr'><strong>contentis</strong></span> <span class='ocrx_word' id='word_1_155' title='bbox 1767 845 1799 876; x_wconf 92' lang='lat' dir='ltr'><strong>in</strong></span> <span class='ocrx_word' id='word_1_156' title='bbox 1822 845 1899 887; x_wconf 88' lang='lat' dir='ltr'><strong>ipsis</strong></span> 
     </span>
     <span class='ocr_line' id='line_1_14' title="bbox 241 894 1898 937; baseline 0.002 -11"><span class='ocrx_word' id='word_1_157' title='bbox 241 894 446 937; x_wconf 80' lang='lat' dir='ltr'><strong>processibus</strong></span> <span class='ocrx_word' id='word_1_158' title='bbox 479 897 515 927; x_wconf 91' lang='lat' dir='ltr'><strong>ut</strong></span> <span class='ocrx_word' id='word_1_159' title='bbox 538 894 653 927; x_wconf 87' lang='lat' dir='ltr'><strong>dicitur</strong></span> <span class='ocrx_word' id='word_1_160' title='bbox 680 905 752 935; x_wconf 85' lang='lat' dir='ltr'><strong>nos,</strong></span> <span class='ocrx_word' id='word_1_161' title='bbox 783 905 896 927; x_wconf 83' lang='lat' dir='ltr'><strong>causas</strong></span> <span class='ocrx_word' id='word_1_162' title='bbox 924 897 958 927; x_wconf 92' lang='lat' dir='ltr'><strong>et</strong></span> <span class='ocrx_word' id='word_1_163' title='bbox 983 894 1054 927; x_wconf 80' lang='lat' dir='ltr'><strong>iura</strong></span> <span class='ocrx_word' id='word_1_164' title='bbox 1082 897 1192 926; x_wconf 81' lang='lat' dir='ltr'><strong>nostra</strong></span> <span class='ocrx_word' id='word_1_165' title='bbox 1220 894 1261 927; x_wconf 90' lang='lat' dir='ltr'><strong>de</strong></span> <span class='ocrx_word' id='word_1_166' title='bbox 1288 895 1357 927; x_wconf 88' lang='lat' dir='ltr'><strong>iure</strong></span> <span class='ocrx_word' id='word_1_167' title='bbox 1387 896 1546 937; x_wconf 89' lang='lat' dir='ltr'><strong>possimus</strong></span> <span class='ocrx_word' id='word_1_168' title='bbox 1574 895 1749 928; x_wconf 83' lang='lat' dir='ltr'><strong>defendere</strong></span> <span class='ocrx_word' id='word_1_169' title='bbox 1778 900 1830 928; x_wconf 83' lang='lat' dir='ltr'><strong>et⁰</strong></span> <span class='ocrx_word' id='word_1_170' title='bbox 1857 896 1898 929; x_wconf 87' lang='lat' dir='ltr'><strong>de</strong></span> 
     </span>
     <span class='ocr_line' id='line_1_15' title="bbox 196 945 1900 989; baseline 0.001 -11"><span class='ocrx_word' id='word_1_171' title='bbox 196 970 198 973; x_wconf 84' lang='lat'><strong>.</strong></span> <span class='ocrx_word' id='word_1_172' title='bbox 241 946 364 978; x_wconf 82' lang='lat' dir='ltr'><strong>iustitia</strong></span> <span class='ocrx_word' id='word_1_173' title='bbox 386 945 540 979; x_wconf 85' lang='lat' dir='ltr'><strong>adiuvare</strong></span> <span class='ocrx_word' id='word_1_174' title='bbox 563 949 771 988; x_wconf 83' lang='lat' dir='ltr'><strong>nostramque</strong></span> <span class='ocrx_word' id='word_1_175' title='bbox 795 946 1012 979; x_wconf 89' lang='lat' dir='ltr'><strong>innocentiam</strong></span> <span class='ocrx_word' id='word_1_176' title='bbox 1035 945 1217 987; x_wconf 85' lang='lat' dir='ltr'><strong>declarare,</strong></span> <span class='ocrx_word' id='word_1_177' title='bbox 1247 947 1389 979; x_wconf 78' lang='lat' dir='ltr'><strong>maxime</strong></span> <span class='ocrx_word' id='word_1_178' title='bbox 1416 957 1489 979; x_wconf 90' lang='lat' dir='ltr'><strong>cum</strong></span> <span class='ocrx_word' id='word_1_179' title='bbox 1513 948 1680 987; x_wconf 88' lang='lat' dir='ltr'><strong>terminus,</strong></span> <span class='ocrx_word' id='word_1_180' title='bbox 1706 948 1760 989; x_wconf 90' lang='lat' dir='ltr'><strong>qui</strong></span> <span class='ocrx_word' id='word_1_181' title='bbox 1784 948 1900 980; x_wconf 87' lang='lat' dir='ltr'><strong>dicitur</strong></span> 
     </span>
     <span class='ocr_line' id='line_1_16' title="bbox 200 997 1900 1041; baseline 0.001 -12"><span class='ocrx_word' id='word_1_182' title='bbox 200 1003 224 1023; x_wconf 71' lang='lat'><strong>¹⁵</strong></span> <span class='ocrx_word' id='word_1_183' title='bbox 243 997 275 1029; x_wconf 91' lang='lat' dir='ltr'><strong>in</strong></span> <span class='ocrx_word' id='word_1_184' title='bbox 299 997 423 1030; x_wconf 88' lang='lat' dir='ltr'><strong>eisdem</strong></span> <span class='ocrx_word' id='word_1_185' title='bbox 446 997 650 1040; x_wconf 87' lang='lat' dir='ltr'><strong>processibus</strong></span> <span class='ocrx_word' id='word_1_186' title='bbox 673 998 895 1039; x_wconf 64' lang='lat' dir='ltr'><strong>constitutus»,</strong></span> <span class='ocrx_word' id='word_1_187' title='bbox 925 997 968 1030; x_wconf 91' lang='lat' dir='ltr'><strong>ad</strong></span> <span class='ocrx_word' id='word_1_188' title='bbox 996 1001 1063 1030; x_wconf 84' lang='lat' dir='ltr'><strong>tam</strong></span> <span class='ocrx_word' id='word_1_189' title='bbox 1094 997 1230 1030; x_wconf 88' lang='lat' dir='ltr'><strong>arduum</strong></span> <span class='ocrx_word' id='word_1_190' title='bbox 1259 999 1440 1040; x_wconf 81' lang='lat' dir='ltr'><strong>negotium,</strong></span> <span class='ocrx_word' id='word_1_191' title='bbox 1471 1004 1531 1031; x_wconf 64' lang='lat' dir='ltr'><strong>exv</strong></span> <span class='ocrx_word' id='word_1_192' title='bbox 1555 1010 1618 1041; x_wconf 91' lang='lat' dir='ltr'><strong>quo</strong></span> <span class='ocrx_word' id='word_1_193' title='bbox 1646 999 1687 1031; x_wconf 86' lang='lat' dir='ltr'><strong>ad</strong></span> <span class='ocrx_word' id='word_1_194' title='bbox 1711 1010 1768 1030; x_wconf 85' lang='lat' dir='ltr'><strong>nos</strong></span> <span class='ocrx_word' id='word_1_195' title='bbox 1795 1001 1900 1041; x_wconf 87' lang='lat' dir='ltr'><strong>potuit</strong></span> 
     </span>
     <span class='ocr_line' id='line_1_17' title="bbox 241 1048 1899 1092; baseline 0.001 -11"><span class='ocrx_word' id='word_1_196' title='bbox 241 1049 426 1091; x_wconf 83' lang='lat' dir='ltr'><strong>pervenire,</strong></span> <span class='ocrx_word' id='word_1_197' title='bbox 456 1053 563 1082; x_wconf 83' lang='lat' dir='ltr'><strong>arctus</strong></span> <span class='ocrx_word' id='word_1_198' title='bbox 585 1050 718 1082; x_wconf 89' lang='lat' dir='ltr'><strong>nimium</strong></span> <span class='ocrx_word' id='word_1_199' title='bbox 742 1050 783 1082; x_wconf 85' lang='lat' dir='ltr'><strong>sit</strong></span> <span class='ocrx_word' id='word_1_200' title='bbox 813 1054 846 1082; x_wconf 89' lang='lat' dir='ltr'><strong>et</strong></span> <span class='ocrx_word' id='word_1_201' title='bbox 874 1049 996 1092; x_wconf 57' lang='lat' dir='ltr'><strong>brevis.</strong></span> <span class='ocrx_word' id='word_1_202' title='bbox 1034 1048 1160 1082; x_wconf 78' lang='lat' dir='ltr'><strong>Dantes</strong></span> <span class='ocrx_word' id='word_1_203' title='bbox 1183 1049 1276 1082; x_wconf 85' lang='lat' dir='ltr'><strong>dictis</strong></span> <span class='ocrx_word' id='word_1_204' title='bbox 1299 1049 1561 1092; x_wconf 84' lang='lat' dir='ltr'><strong>procuratoribus</strong></span> <span class='ocrx_word' id='word_1_205' title='bbox 1587 1055 1621 1083; x_wconf 88' lang='lat' dir='ltr'><strong>et</strong></span> <span class='ocrx_word' id='word_1_206' title='bbox 1642 1051 1761 1082; x_wconf 86' lang='lat' dir='ltr'><strong>nuntiis</strong></span> <span class='ocrx_word' id='word_1_207' title='bbox 1784 1051 1899 1083; x_wconf 85' lang='lat' dir='ltr'><strong>nostris</strong></span> 
     </span>
     <span class='ocr_line' id='line_1_18' title="bbox 242 1100 1898 1144; baseline 0.001 -11"><span class='ocrx_word' id='word_1_208' title='bbox 242 1103 276 1133; x_wconf 87' lang='lat' dir='ltr'><strong>et</strong></span> <span class='ocrx_word' id='word_1_209' title='bbox 297 1100 431 1134; x_wconf 88' lang='lat' dir='ltr'><strong>cuilibet</strong></span> <span class='ocrx_word' id='word_1_210' title='bbox 453 1107 587 1133; x_wconf 73' lang='lat' dir='ltr'><strong>eorum‘1</strong></span> <span class='ocrx_word' id='word_1_211' title='bbox 602 1101 635 1132; x_wconf 94' lang='lat' dir='ltr'><strong>in</strong></span> <span class='ocrx_word' id='word_1_212' title='bbox 658 1100 794 1133; x_wconf 87' lang='lat' dir='ltr'><strong>solidum</strong></span> <span class='ocrx_word' id='word_1_213' title='bbox 818 1101 850 1133; x_wconf 91' lang='lat' dir='ltr'><strong>in</strong></span> <span class='ocrx_word' id='word_1_214' title='bbox 871 1101 1036 1143; x_wconf 88' lang='lat' dir='ltr'><strong>premissis</strong></span> <span class='ocrx_word' id='word_1_215' title='bbox 1059 1103 1093 1132; x_wconf 89' lang='lat' dir='ltr'><strong>et</strong></span> <span class='ocrx_word' id='word_1_216' title='bbox 1115 1101 1199 1133; x_wconf 88' lang='lat' dir='ltr'><strong>circa</strong></span> <span class='ocrx_word' id='word_1_217' title='bbox 1214 1102 1372 1143; x_wconf 88' lang='lat' dir='ltr'><strong>premissa</strong></span> <span class='ocrx_word' id='word_1_218' title='bbox 1395 1105 1428 1133; x_wconf 87' lang='lat' dir='ltr'><strong>et</strong></span> <span class='ocrx_word' id='word_1_219' title='bbox 1451 1112 1562 1134; x_wconf 89' lang='lat' dir='ltr'><strong>eorum</strong></span> <span class='ocrx_word' id='word_1_220' title='bbox 1578 1101 1747 1144; x_wconf 89' lang='lat' dir='ltr'><strong>quodlibet</strong></span> <span class='ocrx_word' id='word_1_221' title='bbox 1769 1103 1898 1144; x_wconf 83' lang='lat' dir='ltr'><strong>plenam</strong></span> 
     </span>
     <span class='ocr_line' id='line_1_19' title="bbox 242 1152 1900 1196; baseline 0.001 -12"><span class='ocrx_word' id='word_1_222' title='bbox 242 1156 276 1185; x_wconf 89' lang='lat' dir='ltr'><strong>et</strong></span> <span class='ocrx_word' id='word_1_223' title='bbox 299 1152 436 1185; x_wconf 85' lang='lat' dir='ltr'><strong>liberam</strong></span> <span class='ocrx_word' id='word_1_224' title='bbox 453 1155 566 1185; x_wconf 90' lang='lat' dir='ltr'><strong>tenore</strong></span> <span class='ocrx_word' id='word_1_225' title='bbox 582 1153 781 1195; x_wconf 85' lang='lat' dir='ltr'><strong>presentium</strong></span> <span class='ocrx_word' id='word_1_226' title='bbox 797 1152 995 1185; x_wconf 85' lang='lat' dir='ltr'><strong>facultatem.</strong></span> <span class='ocrx_word' id='word_1_227' title='bbox 1083 1152 1120 1184; x_wconf 90' lang='lat' dir='ltr'><strong>In</strong></span> <span class='ocrx_word' id='word_1_228' title='bbox 1137 1153 1227 1184; x_wconf 83' lang='lat' dir='ltr'><strong>cuius</strong></span> <span class='ocrx_word' id='word_1_229' title='bbox 1250 1153 1298 1185; x_wconf 88' lang='lat' dir='ltr'><strong>rei</strong></span> <span class='ocrx_word' id='word_1_230' title='bbox 1321 1153 1539 1185; x_wconf 83' lang='lat' dir='ltr'><strong>testimonium</strong></span> <span class='ocrx_word' id='word_1_231' title='bbox 1555 1157 1721 1196; x_wconf 87' lang='lat' dir='ltr'><strong>presentes</strong></span> <span class='ocrx_word' id='word_1_232' title='bbox 1743 1154 1900 1186; x_wconf 88' lang='lat' dir='ltr'><strong>conscribi</strong></span> 
     </span>
     <span class='ocr_line' id='line_1_20' title="bbox 243 1203 1132 1246; baseline 0 -10"><span class='ocrx_word' id='word_1_233' title='bbox 243 1207 277 1236; x_wconf 90' lang='lat' dir='ltr'><strong>et</strong></span> <span class='ocrx_word' id='word_1_234' title='bbox 300 1203 406 1246; x_wconf 85' lang='lat' dir='ltr'><strong>sigillo</strong></span> <span class='ocrx_word' id='word_1_235' title='bbox 429 1204 608 1237; x_wconf 77' lang='lat' dir='ltr'><strong>maiestatis</strong></span> <span class='ocrx_word' id='word_1_236' title='bbox 630 1207 739 1236; x_wconf 88' lang='lat' dir='ltr'><strong>nostre</strong></span> <span class='ocrx_word' id='word_1_237' title='bbox 762 1204 910 1236; x_wconf 91' lang='lat' dir='ltr'><strong>iussimus</strong></span> <span class='ocrx_word' id='word_1_238' title='bbox 933 1204 1132 1236; x_wconf 87' lang='lat' dir='ltr'><strong>communiri.</strong></span> 
     </span>
     <span class='ocr_line' id='line_1_21' title="bbox 198 1255 1898 1299; baseline 0.001 -11"><span class='ocrx_word' id='word_1_239' title='bbox 198 1261 225 1281; x_wconf 81' lang='lat'><strong>²⁰</strong></span> <span class='ocrx_word' id='word_1_240' title='bbox 351 1255 472 1289; x_wconf 85' lang='lat' dir='ltr'><strong>Datum</strong></span> <span class='ocrx_word' id='word_1_241' title='bbox 496 1256 581 1299; x_wconf 89' lang='lat' dir='ltr'><strong>apud</strong></span> <span class='ocrx_word' id='word_1_242' title='bbox 605 1256 835 1299; x_wconf 76' lang='lat' dir='ltr'><strong>Nuremberg¹‚</strong></span> <span class='ocrx_word' id='word_1_243' title='bbox 858 1256 902 1288; x_wconf 91' lang='lat' dir='ltr'><strong>II.</strong></span> <span class='ocrx_word' id='word_1_244' title='bbox 918 1256 967 1289; x_wconf 93' lang='lat' dir='ltr'><strong>Id.</strong></span> <span class='ocrx_word' id='word_1_245' title='bbox 983 1255 1186 1297; x_wconf 74' lang='lat' dir='ltr'><strong>Novembr.&#39;,</strong></span> <span class='ocrx_word' id='word_1_246' title='bbox 1214 1267 1298 1288; x_wconf 91' lang='lat' dir='ltr'><strong>anno</strong></span> <span class='ocrx_word' id='word_1_247' title='bbox 1322 1256 1452 1289; x_wconf 87' lang='lat' dir='ltr'><strong>Domini</strong></span> <span class='ocrx_word' id='word_1_248' title='bbox 1475 1257 1647 1289; x_wconf 89' lang='lat' dir='ltr'><strong>millesimo</strong></span> <span class='ocrx_word' id='word_1_249' title='bbox 1671 1259 1898 1291; x_wconf 83' lang='lat' dir='ltr'><strong>trecentesimo</strong></span> 
     </span>
     <span class='ocr_line' id='line_1_22' title="bbox 242 1307 1590 1351; baseline 0.001 -12"><span class='ocrx_word' id='word_1_250' title='bbox 242 1307 396 1340; x_wconf 86' lang='lat' dir='ltr'><strong>vicesimo</strong></span> <span class='ocrx_word' id='word_1_251' title='bbox 419 1307 515 1340; x_wconf 86' lang='lat' dir='ltr'><strong>tertio</strong></span> <span class='ocrx_word' id='word_1_252' title='bbox 524 1313 545 1349; x_wconf 82' lang='lat'><strong>⁸,</strong></span> <span class='ocrx_word' id='word_1_253' title='bbox 569 1308 661 1351; x_wconf 85' lang='lat' dir='ltr'><strong>regni</strong></span> <span class='ocrx_word' id='word_1_254' title='bbox 684 1318 761 1340; x_wconf 87' lang='lat' dir='ltr'><strong>vero</strong></span> <span class='ocrx_word' id='word_1_255' title='bbox 784 1308 884 1340; x_wconf 86' lang='lat' dir='ltr'><strong>nostri</strong></span> <span class='ocrx_word' id='word_1_256' title='bbox 907 1317 990 1340; x_wconf 89' lang='lat' dir='ltr'><strong>anno</strong></span> <span class='ocrx_word' id='word_1_257' title='bbox 1013 1317 1108 1340; x_wconf 91' lang='lat' dir='ltr'><strong>nono.</strong></span> <span class='ocrx_word' id='word_1_258' title='bbox 1586 1312 1590 1313; x_wconf 52' lang='lat'><em>⁷</em></span> 
     </span>
    </p>
   </div>
   <div class='ocr_carea' id='block_1_3' title="bbox 617 1498 1524 1605">
    <p class='ocr_par' dir='ltr' id='par_1_3' title="bbox 617 1498 1524 1605">
     <span class='ocr_line' id='line_1_23' title="bbox 617 1498 1524 1537; baseline 0 -1"><span class='ocrx_word' id='word_1_259' title='bbox 617 1499 693 1536; x_wconf 84' lang='lat'><strong>818.</strong></span> <span class='ocrx_word' id='word_1_260' title='bbox 727 1498 967 1537; x_wconf 85' lang='lat' dir='ltr'>EIUSDEM</span> <span class='ocrx_word' id='word_1_261' title='bbox 997 1498 1238 1537; x_wconf 88' lang='lat' dir='ltr'><strong>EXEMTIO</strong></span> <span class='ocrx_word' id='word_1_262' title='bbox 1262 1500 1299 1536; x_wconf 94' lang='lat' dir='ltr'>A</span> <span class='ocrx_word' id='word_1_263' title='bbox 1322 1499 1524 1537; x_wconf 84' lang='lat' dir='ltr'><strong>STURIS.</strong></span> 
     </span>
     <span class='ocr_line' id='line_1_24' title="bbox 910 1567 1232 1605; baseline 0.003 -1"><span class='ocrx_word' id='word_1_264' title='bbox 910 1568 1018 1605; x_wconf 70' lang='lat'><strong>1323.</strong></span> <span class='ocrx_word' id='word_1_265' title='bbox 1056 1567 1150 1605; x_wconf 88' lang='lat' dir='ltr'><strong>Nov.</strong></span> <span class='ocrx_word' id='word_1_266' title='bbox 1175 1568 1232 1605; x_wconf 88' lang='lat'><strong>13.</strong></span> 
     </span>
    </p>
   </div>
   <div class='ocr_carea' id='block_1_4' title="bbox 198 1666 1898 1752">
    <p class='ocr_par' dir='ltr' id='par_1_4' title="bbox 198 1666 1898 1752">
     <span class='ocr_line' id='line_1_25' title="bbox 350 1666 1898 1709; baseline 0.001 -10"><span class='ocrx_word' id='word_1_267' title='bbox 350 1666 545 1699; x_wconf 73' lang='lat' dir='ltr'><strong>Extractum</strong></span> <span class='ocrx_word' id='word_1_268' title='bbox 558 1667 595 1699; x_wconf 82' lang='lat' dir='ltr'><strong>in</strong></span> <span class='ocrx_word' id='word_1_269' title='bbox 610 1667 708 1700; x_wconf 83' lang='lat' dir='ltr'><strong>Libro</strong></span> <span class='ocrx_word' id='word_1_270' title='bbox 724 1667 931 1700; x_wconf 77' lang='lat' dir='ltr'><strong>camellariae</strong></span> <span class='ocrx_word' id='word_1_271' title='bbox 946 1666 1111 1700; x_wconf 79' lang='lat' dir='ltr'><strong>Ludewici</strong></span> <span class='ocrx_word' id='word_1_272' title='bbox 1125 1668 1216 1709; x_wconf 76' lang='lat' dir='ltr'><strong>reyis,</strong></span> <span class='ocrx_word' id='word_1_273' title='bbox 1239 1668 1276 1700; x_wconf 85' lang='lat' dir='ltr'><strong>de</strong></span> <span class='ocrx_word' id='word_1_274' title='bbox 1298 1679 1359 1709; x_wconf 75' lang='lat' dir='ltr'><strong>quo</strong></span> <span class='ocrx_word' id='word_1_275' title='bbox 1381 1679 1407 1700; x_wconf 91' lang='lat' dir='ltr'><strong>v.</strong></span> <span class='ocrx_word' id='word_1_276' title='bbox 1423 1678 1523 1708; x_wconf 78' lang='lat' dir='ltr'><strong>supra</strong></span> <span class='ocrx_word' id='word_1_277' title='bbox 1547 1668 1591 1700; x_wconf 82' lang='lat' dir='ltr'><strong>ad</strong></span> <span class='ocrx_word' id='word_1_278' title='bbox 1612 1678 1661 1700; x_wconf 83' lang='lat' dir='ltr'><strong>nr.</strong></span> <span class='ocrx_word' id='word_1_279' title='bbox 1679 1668 1752 1706; x_wconf 82' lang='lat'><strong><em>679,</em></strong></span> <span class='ocrx_word' id='word_1_280' title='bbox 1771 1667 1829 1709; x_wconf 79' lang='lat' dir='ltr'><strong>fol.</strong></span> <span class='ocrx_word' id='word_1_281' title='bbox 1846 1669 1898 1700; x_wconf 87' lang='grc'><strong>81.</strong></span> 
     </span>
     <span class='ocr_line' id='line_1_26' title="bbox 198 1717 580 1752; baseline 0.003 -1"><span class='ocrx_word' id='word_1_282' title='bbox 198 1725 224 1746; x_wconf 74' lang='lat'><strong>⁹⁶</strong></span> <span class='ocrx_word' id='word_1_283' title='bbox 247 1717 387 1751; x_wconf 78' lang='lat' dir='ltr'><strong>Contulit</strong></span> <span class='ocrx_word' id='word_1_284' title='bbox 409 1718 452 1750; x_wconf 87' lang='lat' dir='ltr'><strong>H.</strong></span> <span class='ocrx_word' id='word_1_285' title='bbox 468 1718 580 1752; x_wconf 85' lang='lat' dir='ltr'><strong>Herre.</strong></span> 
     </span>
    </p>
   </div>
   <div class='ocr_carea' id='block_1_5' title="bbox 352 1778 1004 1820">
    <p class='ocr_par' dir='ltr' id='par_1_5' title="bbox 352 1778 1004 1820">
     <span class='ocr_line' id='line_1_27' title="bbox 352 1778 1004 1820; baseline 0.002 -9"><span class='ocrx_word' id='word_1_286' title='bbox 352 1778 499 1819; x_wconf 76' lang='lat' dir='ltr'><strong>Bb&#39;hmer,</strong></span> <span class='ocrx_word' id='word_1_287' title='bbox 523 1779 599 1820; x_wconf 75' lang='lat' dir='ltr'><strong>Rey.</strong></span> <span class='ocrx_word' id='word_1_288' title='bbox 615 1779 729 1812; x_wconf 81' lang='lat' dir='ltr'><strong>Ludw.</strong></span> <span class='ocrx_word' id='word_1_289' title='bbox 746 1790 783 1820; x_wconf 78' lang='lat' dir='ltr'><strong>p.</strong></span> <span class='ocrx_word' id='word_1_290' title='bbox 801 1780 844 1812; x_wconf 88' lang='grc'><strong>38</strong></span> <span class='ocrx_word' id='word_1_291' title='bbox 865 1790 914 1812; x_wconf 82' lang='lat' dir='ltr'><strong>nr.</strong></span> <span class='ocrx_word' id='word_1_292' title='bbox 932 1781 1004 1812; x_wconf 85' lang='grc'><strong>659.</strong></span> 
     </span>
    </p>
   </div>
   <div class='ocr_carea' id='block_1_6' title="bbox 198 1855 1963 2146">
    <p class='ocr_par' dir='ltr' id='par_1_6' title="bbox 242 1855 1963 2003">
     <span class='ocr_line' id='line_1_28' title="bbox 350 1855 1899 1900; baseline 0.002 -13"><span class='ocrx_word' id='word_1_293' title='bbox 350 1855 437 1888; x_wconf 87' lang='lat' dir='ltr'><strong>Nota</strong></span> <span class='ocrx_word' id='word_1_294' title='bbox 454 1855 542 1898; x_wconf 90' lang='lat' dir='ltr'><strong>quod</strong></span> <span class='ocrx_word' id='word_1_295' title='bbox 557 1855 706 1889; x_wconf 87' lang='lat' dir='ltr'><strong>dominus</strong></span> <span class='ocrx_word' id='word_1_296' title='bbox 728 1867 786 1889; x_wconf 85' lang='lat' dir='ltr'><strong>rex</strong></span> <span class='ocrx_word' id='word_1_297' title='bbox 810 1856 887 1890; x_wconf 86' lang='lat' dir='ltr'><strong>fecit</strong></span> <span class='ocrx_word' id='word_1_298' title='bbox 909 1857 1047 1900; x_wconf 83' lang='lat' dir='ltr'><strong>gratiam</strong></span> <span class='ocrx_word' id='word_1_299' title='bbox 1071 1857 1193 1890; x_wconf 88' lang='lat' dir='ltr'><strong>civibus</strong></span> <span class='ocrx_word' id='word_1_300' title='bbox 1215 1858 1247 1889; x_wconf 91' lang='lat' dir='ltr'><strong>in</strong></span> <span class='ocrx_word' id='word_1_301' title='bbox 1263 1857 1450 1889; x_wconf 88' lang='lat' dir='ltr'><strong>Niunburch</strong></span> <span class='ocrx_word' id='word_1_302' title='bbox 1474 1860 1549 1889; x_wconf 89' lang='lat' dir='ltr'><strong>ante</strong></span> <span class='ocrx_word' id='word_1_303' title='bbox 1565 1857 1698 1898; x_wconf 86' lang='lat' dir='ltr'><strong>Nemus,</strong></span> <span class='ocrx_word' id='word_1_304' title='bbox 1722 1857 1810 1900; x_wconf 93' lang='lat' dir='ltr'><strong>quod</strong></span> <span class='ocrx_word' id='word_1_305' title='bbox 1826 1863 1899 1890; x_wconf 89' lang='lat' dir='ltr'><strong>sunt</strong></span> 
     </span>
     <span class='ocr_line' id='line_1_29' title="bbox 243 1907 1963 1958; baseline 0.002 -19"><span class='ocrx_word' id='word_1_306' title='bbox 243 1907 388 1949; x_wconf 89' lang='lat' dir='ltr'><strong>exempti</strong></span> <span class='ocrx_word' id='word_1_307' title='bbox 416 1907 458 1940; x_wconf 92' lang='lat' dir='ltr'><strong>ab</strong></span> <span class='ocrx_word' id='word_1_308' title='bbox 482 1908 568 1940; x_wconf 90' lang='lat' dir='ltr'><strong>omni</strong></span> <span class='ocrx_word' id='word_1_309' title='bbox 591 1910 701 1940; x_wconf 85' lang='lat' dir='ltr'><strong>steura</strong></span> <span class='ocrx_word' id='word_1_310' title='bbox 733 1912 766 1941; x_wconf 85' lang='lat' dir='ltr'><strong>et</strong></span> <span class='ocrx_word' id='word_1_311' title='bbox 789 1909 964 1941; x_wconf 82' lang='lat' dir='ltr'><strong>exaccione</strong></span> <span class='ocrx_word' id='word_1_312' title='bbox 989 1908 1031 1941; x_wconf 90' lang='lat' dir='ltr'><strong>ab</strong></span> <span class='ocrx_word' id='word_1_313' title='bbox 1055 1909 1239 1952; x_wconf 84' lang='lat' dir='ltr'><strong>epyphania</strong></span> <span class='ocrx_word' id='word_1_314' title='bbox 1262 1909 1393 1941; x_wconf 91' lang='lat' dir='ltr'><strong>Domini</strong></span> <span class='ocrx_word' id='word_1_315' title='bbox 1417 1909 1564 1951; x_wconf 85' lang='lat' dir='ltr'><strong>proxime</strong></span> <span class='ocrx_word' id='word_1_316' title='bbox 1588 1912 1722 1941; x_wconf 85' lang='lat' dir='ltr'><strong>ventura</strong></span> <span class='ocrx_word' id='word_1_317' title='bbox 1745 1920 1803 1952; x_wconf 89' lang='lat' dir='ltr'><strong>per</strong></span> <span class='ocrx_word' id='word_1_318' title='bbox 1825 1914 1899 1942; x_wconf 83' lang='lat' dir='ltr'><strong>octo</strong></span> <span class='ocrx_word' id='word_1_319' title='bbox 1914 1914 1963 1958; x_wconf 51' lang='grc' dir='ltr'><strong>,ἐξ</strong></span> 
     </span>
     <span class='ocr_line' id='line_1_30' title="bbox 242 1959 1899 2003; baseline 0.001 -13"><span class='ocrx_word' id='word_1_320' title='bbox 242 1969 343 1991; x_wconf 87' lang='lat' dir='ltr'><strong>annos</strong></span> <span class='ocrx_word' id='word_1_321' title='bbox 359 1959 536 2000; x_wconf 87' lang='lat' dir='ltr'><strong>continuos,</strong></span> <span class='ocrx_word' id='word_1_322' title='bbox 558 1962 692 2002; x_wconf 86' lang='lat' dir='ltr'><strong>propter</strong></span> <span class='ocrx_word' id='word_1_323' title='bbox 706 1960 768 1993; x_wconf 92' lang='lat' dir='ltr'><strong>hoc</strong></span> <span class='ocrx_word' id='word_1_324' title='bbox 784 1960 870 2003; x_wconf 91' lang='lat' dir='ltr'><strong>quod</strong></span> <span class='ocrx_word' id='word_1_325' title='bbox 887 1962 1051 1994; x_wconf 84' lang='lat' dir='ltr'><strong>civitatem</strong></span> <span class='ocrx_word' id='word_1_326' title='bbox 1075 1971 1165 1993; x_wconf 89' lang='lat' dir='ltr'><strong>suam</strong></span> <span class='ocrx_word' id='word_1_327' title='bbox 1182 1961 1416 1993; x_wconf 89' lang='lat' dir='ltr'><strong>municionibus</strong></span> <span class='ocrx_word' id='word_1_328' title='bbox 1439 1964 1472 1992; x_wconf 87' lang='lat' dir='ltr'><strong>et</strong></span> <span class='ocrx_word' id='word_1_329' title='bbox 1494 1960 1566 1992; x_wconf 88' lang='lat' dir='ltr'><strong>aliis</strong></span> <span class='ocrx_word' id='word_1_330' title='bbox 1582 1961 1706 2002; x_wconf 86' lang='lat' dir='ltr'><strong>possint</strong></span> <span class='ocrx_word' id='word_1_331' title='bbox 1729 1971 1768 1993; x_wconf 91' lang='lat' dir='ltr'><strong>eo</strong></span> <span class='ocrx_word' id='word_1_332' title='bbox 1784 1961 1899 1994; x_wconf 86' lang='lat' dir='ltr'><strong>melius</strong></span> 
     </span>
    </p>

    <p class='ocr_par' dir='ltr' id='par_1_7' title="bbox 198 2009 431 2043">
     <span class='ocr_line' id='line_1_31' title="bbox 198 2009 431 2043; baseline 0 -1"><span class='ocrx_word' id='word_1_333' title='bbox 198 2019 226 2038; x_wconf 72' lang='grc' dir='ltr'><em>ω</em></span> <span class='ocrx_word' id='word_1_334' title='bbox 244 2009 431 2043; x_wconf 81' lang='lat' dir='ltr'><strong>reformare.</strong></span> 
     </span>
    </p>

    <p class='ocr_par' dir='ltr' id='par_1_8' title="bbox 349 2061 1898 2106">
     <span class='ocr_line' id='line_1_32' title="bbox 349 2061 1898 2106; baseline 0.001 -12"><span class='ocrx_word' id='word_1_335' title='bbox 349 2062 424 2094; x_wconf 88' lang='lat' dir='ltr'><strong>Dat.</strong></span> <span class='ocrx_word' id='word_1_336' title='bbox 448 2062 481 2094; x_wconf 86' lang='lat' dir='ltr'><strong>in</strong></span> <span class='ocrx_word' id='word_1_337' title='bbox 502 2061 706 2105; x_wconf 84' lang='lat' dir='ltr'><strong>Nurenberg,</strong></span> <span class='ocrx_word' id='word_1_338' title='bbox 729 2062 901 2096; x_wconf 79' lang='lat' dir='ltr'><strong>Dominics¹</strong></span> <span class='ocrx_word' id='word_1_339' title='bbox 924 2067 997 2106; x_wconf 89' lang='lat' dir='ltr'><strong>post</strong></span> <span class='ocrx_word' id='word_1_340' title='bbox 1020 2064 1160 2105; x_wconf 74' lang='lat' dir='ltr'><strong>Martini,</strong></span> <span class='ocrx_word' id='word_1_341' title='bbox 1184 2074 1267 2095; x_wconf 90' lang='lat' dir='ltr'><strong>anno</strong></span> <span class='ocrx_word' id='word_1_342' title='bbox 1286 2063 1417 2095; x_wconf 86' lang='lat' dir='ltr'><strong>Domini</strong></span> <span class='ocrx_word' id='word_1_343' title='bbox 1434 2062 1682 2104; x_wconf 80' lang='lat' dir='ltr'><strong>Mcccxxm,</strong></span> <span class='ocrx_word' id='word_1_344' title='bbox 1706 2063 1798 2106; x_wconf 80' lang='lat' dir='ltr'><strong>regni</strong></span> <span class='ocrx_word' id='word_1_345' title='bbox 1821 2073 1898 2096; x_wconf 80' lang='lat' dir='ltr'><strong>vero</strong></span> 
     </span>
    </p>

    <p class='ocr_par' dir='ltr' id='par_1_9' title="bbox 243 2113 568 2146">
     <span class='ocr_line' id='line_1_33' title="bbox 243 2113 568 2146; baseline 0.003 -1"><span class='ocrx_word' id='word_1_346' title='bbox 243 2113 344 2146; x_wconf 87' lang='lat' dir='ltr'><strong>nostri</strong></span> <span class='ocrx_word' id='word_1_347' title='bbox 367 2124 450 2146; x_wconf 86' lang='lat' dir='ltr'><strong>anno</strong></span> <span class='ocrx_word' id='word_1_348' title='bbox 474 2125 568 2146; x_wconf 92' lang='lat' dir='ltr'><strong>nono.</strong></span> 
     </span>
    </p>
   </div>
   <div class='ocr_carea' id='block_1_7' title="bbox 1971 1941 1991 1959">
    <p class='ocr_par' dir='ltr' id='par_1_10' title="bbox 1971 1941 1991 1959">
     <span class='ocr_line' id='line_1_34' title="bbox 1971 1941 1991 1959; baseline -0.05 0"><span class='ocrx_word' id='word_1_349' title='bbox 1971 1941 1991 1959; x_wconf 76' lang='lat'><strong>⁶.</strong></span> 
     </span>
    </p>
   </div>
   <div class='ocr_carea' id='block_1_8' title="bbox 459 2253 1682 2348">
    <p class='ocr_par' dir='ltr' id='par_1_11' title="bbox 459 2253 1682 2348">
     <span class='ocr_line' id='line_1_35' title="bbox 459 2253 1682 2293; baseline 0.002 -3"><span class='ocrx_word' id='word_1_350' title='bbox 459 2254 534 2290; x_wconf 84' lang='lat'><strong>819.</strong></span> <span class='ocrx_word' id='word_1_351' title='bbox 568 2253 813 2292; x_wconf 86' lang='lat' dir='ltr'><strong>EIUSDEM</strong></span> <span class='ocrx_word' id='word_1_352' title='bbox 835 2253 1162 2292; x_wconf 87' lang='lat' dir='ltr'><strong>LIBERTATIO</strong></span> <span class='ocrx_word' id='word_1_353' title='bbox 1186 2253 1436 2292; x_wconf 85' lang='lat' dir='ltr'><strong>HEINRICI</strong></span> <span class='ocrx_word' id='word_1_354' title='bbox 1459 2254 1682 2293; x_wconf 87' lang='lat' dir='ltr'>COMITIS</span> 
     </span>
     <span class='ocr_line' id='line_1_36' title="bbox 808 2310 1339 2348; baseline 0.002 -2"><span class='ocrx_word' id='word_1_355' title='bbox 808 2310 880 2347; x_wconf 88' lang='lat' dir='ltr'><strong>DE</strong></span> <span class='ocrx_word' id='word_1_356' title='bbox 904 2310 1339 2348; x_wconf 85' lang='lat' dir='ltr'><strong>WOLDENBURCH.</strong></span> 
     </span>
    </p>
   </div>
   <div class='ocr_carea' id='block_1_9' title="bbox 200 2378 1239 2415">
    <p class='ocr_par' dir='ltr' id='par_1_12' title="bbox 200 2378 1239 2415">
     <span class='ocr_line' id='line_1_37' title="bbox 200 2378 1239 2415; baseline 0 -1"><span class='ocrx_word' id='word_1_357' title='bbox 200 2394 226 2414; x_wconf 70' lang='lat' dir='ltr'><strong>u</strong></span> <span class='ocrx_word' id='word_1_358' title='bbox 444 2413 446 2415; x_wconf 87' lang='grc'><strong>,</strong></span> <span class='ocrx_word' id='word_1_359' title='bbox 912 2378 1021 2415; x_wconf 71' lang='lat'><strong>1323.</strong></span> <span class='ocrx_word' id='word_1_360' title='bbox 1062 2378 1156 2415; x_wconf 88' lang='lat' dir='ltr'><strong>Nov.</strong></span> <span class='ocrx_word' id='word_1_361' title='bbox 1181 2378 1239 2414; x_wconf 84' lang='lat'><strong>15.</strong></span> 
     </span>
    </p>
   </div>
   <div class='ocr_carea' id='block_1_10' title="bbox 245 2466 1901 2557">
    <p class='ocr_par' dir='ltr' id='par_1_13' title="bbox 245 2466 1901 2557">
     <span class='ocr_line' id='line_1_38' title="bbox 354 2466 1901 2514; baseline 0.003 -15"><span class='ocrx_word' id='word_1_362' title='bbox 354 2466 547 2501; x_wconf 74' lang='lat' dir='ltr'><strong>Extractum</strong></span> <span class='ocrx_word' id='word_1_363' title='bbox 574 2467 627 2510; x_wconf 89' lang='lat' dir='ltr'><strong>(c.)</strong></span> <span class='ocrx_word' id='word_1_364' title='bbox 654 2468 691 2500; x_wconf 73' lang='lat' dir='ltr'><strong>in</strong></span> <span class='ocrx_word' id='word_1_365' title='bbox 716 2468 814 2502; x_wconf 78' lang='lat' dir='ltr'><strong>Libro</strong></span> <span class='ocrx_word' id='word_1_366' title='bbox 838 2469 1047 2502; x_wconf 75' lang='lat' dir='ltr'><strong>camellariae</strong></span> <span class='ocrx_word' id='word_1_367' title='bbox 1074 2471 1239 2503; x_wconf 78' lang='lat' dir='ltr'><strong>Ludewici</strong></span> <span class='ocrx_word' id='word_1_368' title='bbox 1266 2471 1356 2512; x_wconf 76' lang='lat' dir='ltr'><strong>reyis,</strong></span> <span class='ocrx_word' id='word_1_369' title='bbox 1384 2471 1422 2504; x_wconf 79' lang='lat' dir='ltr'><strong>de</strong></span> <span class='ocrx_word' id='word_1_370' title='bbox 1448 2481 1509 2512; x_wconf 75' lang='lat' dir='ltr'><strong>quo</strong></span> <span class='ocrx_word' id='word_1_371' title='bbox 1534 2482 1561 2503; x_wconf 80' lang='lat' dir='ltr'><strong>v.</strong></span> <span class='ocrx_word' id='word_1_372' title='bbox 1577 2482 1678 2514; x_wconf 81' lang='lat' dir='ltr'><strong>supra</strong></span> <span class='ocrx_word' id='word_1_373' title='bbox 1699 2473 1744 2504; x_wconf 79' lang='lat' dir='ltr'><strong>ad</strong></span> <span class='ocrx_word' id='word_1_374' title='bbox 1765 2483 1815 2505; x_wconf 81' lang='lat' dir='ltr'><strong>nr.</strong></span> <span class='ocrx_word' id='word_1_375' title='bbox 1829 2475 1901 2510; x_wconf 83' lang='lat'><strong><em>679,</em></strong></span> 
     </span>
     <span class='ocr_line' id='line_1_39' title="bbox 245 2517 784 2557; baseline 0.006 -8"><span class='ocrx_word' id='word_1_376' title='bbox 245 2517 301 2557; x_wconf 79' lang='lat' dir='ltr'><strong>fol.</strong></span> <span class='ocrx_word' id='word_1_377' title='bbox 316 2517 400 2549; x_wconf 71' lang='lat'><strong>104⁴.</strong></span> <span class='ocrx_word' id='word_1_378' title='bbox 448 2517 590 2551; x_wconf 70' lang='lat' dir='ltr'><strong>Contulit</strong></span> <span class='ocrx_word' id='word_1_379' title='bbox 611 2518 655 2552; x_wconf 89' lang='lat' dir='ltr'><strong>H.</strong></span> <span class='ocrx_word' id='word_1_380' title='bbox 671 2519 784 2552; x_wconf 81' lang='lat' dir='ltr'><strong>Herre.</strong></span> 
     </span>
    </p>
   </div>
   <div class='ocr_carea' id='block_1_11' title="bbox 355 2576 1006 2621">
    <p class='ocr_par' dir='ltr' id='par_1_14' title="bbox 355 2576 1006 2621">
     <span class='ocr_line' id='line_1_40' title="bbox 355 2576 1006 2621; baseline 0.005 -11"><span class='ocrx_word' id='word_1_381' title='bbox 355 2576 503 2616; x_wconf 72' lang='lat' dir='ltr'><strong>Bb‘hmer,</strong></span> <span class='ocrx_word' id='word_1_382' title='bbox 525 2577 602 2619; x_wconf 72' lang='lat' dir='ltr'><strong>ch.</strong></span> <span class='ocrx_word' id='word_1_383' title='bbox 618 2579 732 2613; x_wconf 79' lang='lat' dir='ltr'><strong>Ludw.</strong></span> <span class='ocrx_word' id='word_1_384' title='bbox 749 2591 784 2621; x_wconf 80' lang='lat' dir='ltr'><strong>p.</strong></span> <span class='ocrx_word' id='word_1_385' title='bbox 803 2581 846 2613; x_wconf 88' lang='grc'><strong>38</strong></span> <span class='ocrx_word' id='word_1_386' title='bbox 867 2591 916 2614; x_wconf 78' lang='lat' dir='ltr'><strong>nr.</strong></span> <span class='ocrx_word' id='word_1_387' title='bbox 934 2583 1006 2614; x_wconf 85' lang='grc'><strong>660.</strong></span> 
     </span>
    </p>
   </div>
   <div class='ocr_carea' id='block_1_12' title="bbox 204 2680 1902 2803">
    <p class='ocr_par' dir='ltr' id='par_1_15' title="bbox 204 2680 1902 2803">
     <span class='ocr_line' id='line_1_41' title="bbox 350 2680 1901 2720; baseline 0.003 -12"><span class='ocrx_word' id='word_1_388' title='bbox 350 2680 417 2709; x_wconf 76' lang='grc'><strong>817.</strong></span> <span class='ocrx_word' id='word_1_389' title='bbox 445 2680 465 2715; x_wconf 66' lang='lat'><strong>¹)</strong></span> <span class='ocrx_word' id='word_1_390' title='bbox 482 2682 624 2717; x_wconf 73' lang='lat' dir='ltr'><strong>Emeaturp</strong></span> <span class='ocrx_word' id='word_1_391' title='bbox 642 2682 665 2709; x_wconf 90' lang='lat'><strong>1.</strong></span> <span class='ocrx_word' id='word_1_392' title='bbox 679 2683 704 2710; x_wconf 79' lang='lat'><strong>2.</strong></span> <span class='ocrx_word' id='word_1_393' title='bbox 716 2683 742 2710; x_wconf 81' lang='lat'><strong>3.</strong></span> <span class='ocrx_word' id='word_1_394' title='bbox 756 2684 788 2715; x_wconf 83' lang='grc'><strong>5,·</strong></span> <span class='ocrx_word' id='word_1_395' title='bbox 806 2685 935 2718; x_wconf 81' lang='lat' dir='ltr'><strong>Enssturp</strong></span> <span class='ocrx_word' id='word_1_396' title='bbox 953 2684 978 2710; x_wconf 76' lang='lat'><strong>4.</strong></span> <span class='ocrx_word' id='word_1_397' title='bbox 1061 2685 1087 2718; x_wconf 68' lang='grc' dir='ltr'><strong>Β)</strong></span> <span class='ocrx_word' id='word_1_398' title='bbox 1105 2685 1255 2711; x_wconf 78' lang='lat' dir='ltr'><strong>Heinricum</strong></span> <span class='ocrx_word' id='word_1_399' title='bbox 1275 2687 1299 2711; x_wconf 76' lang='lat'><strong>³.</strong></span> <span class='ocrx_word' id='word_1_400' title='bbox 1381 2683 1408 2718; x_wconf 62' lang='grc' dir='ltr'><strong>1ἱ)</strong></span> <span class='ocrx_word' id='word_1_401' title='bbox 1426 2686 1509 2719; x_wconf 70' lang='lat' dir='ltr'><strong>legin.</strong></span> <span class='ocrx_word' id='word_1_402' title='bbox 1526 2685 1551 2713; x_wconf 82' lang='lat'><strong>3.</strong></span> <span class='ocrx_word' id='word_1_403' title='bbox 1639 2685 1659 2720; x_wconf 88' lang='lat'><strong>¹)</strong></span> <span class='ocrx_word' id='word_1_404' title='bbox 1678 2688 1859 2720; x_wconf 81' lang='lat' dir='ltr'><strong>requirendum</strong></span> <span class='ocrx_word' id='word_1_405' title='bbox 1879 2686 1901 2712; x_wconf 70' lang='lat'><strong>4.</strong></span> 
     </span>
     <span class='ocr_line' id='line_1_42' title="bbox 204 2723 1901 2763; baseline 0.004 -13"><span class='ocrx_word' id='word_1_406' title='bbox 204 2730 231 2750; x_wconf 74' lang='lat' dir='ltr'><strong>(o</strong></span> <span class='ocrx_word' id='word_1_407' title='bbox 249 2723 276 2756; x_wconf 78' lang='lat'><strong>¹¹)</strong></span> <span class='ocrx_word' id='word_1_408' title='bbox 295 2725 453 2751; x_wconf 72' lang='lat' dir='ltr'><strong>sanciendum</strong></span> <span class='ocrx_word' id='word_1_409' title='bbox 472 2725 540 2751; x_wconf 77' lang='lat' dir='ltr'><strong>mole</strong></span> <span class='ocrx_word' id='word_1_410' title='bbox 557 2725 582 2753; x_wconf 83' lang='lat'><strong>8.</strong></span> <span class='ocrx_word' id='word_1_411' title='bbox 663 2725 684 2758; x_wconf 87' lang='lat'><strong>¹)</strong></span> <span class='ocrx_word' id='word_1_412' title='bbox 700 2730 727 2753; x_wconf 74' lang='lat' dir='ltr'><strong>et</strong></span> <span class='ocrx_word' id='word_1_413' title='bbox 743 2726 770 2754; x_wconf 81' lang='lat'><strong>4.</strong></span> <span class='ocrx_word' id='word_1_414' title='bbox 781 2727 807 2754; x_wconf 79' lang='lat'><strong>5.</strong></span> <span class='ocrx_word' id='word_1_415' title='bbox 888 2726 920 2760; x_wconf 67' lang='grc' dir='ltr'><strong>Μ)</strong></span> <span class='ocrx_word' id='word_1_416' title='bbox 938 2727 1017 2753; x_wconf 82' lang='lat' dir='ltr'><strong>nostri</strong></span> <span class='ocrx_word' id='word_1_417' title='bbox 1035 2727 1104 2754; x_wconf 71' lang='lat' dir='ltr'><strong>dem</strong></span> <span class='ocrx_word' id='word_1_418' title='bbox 1124 2727 1146 2754; x_wconf 84' lang='lat'><strong>1.</strong></span> <span class='ocrx_word' id='word_1_419' title='bbox 1225 2729 1252 2761; x_wconf 81' lang='lat'><strong>¹¹)</strong></span> <span class='ocrx_word' id='word_1_420' title='bbox 1269 2729 1508 2763; x_wconf 69' lang='lat' dir='ltr'><strong>entia-compota</strong></span> <span class='ocrx_word' id='word_1_421' title='bbox 1525 2730 1622 2755; x_wconf 75' lang='lat' dir='ltr'><strong>lacuna</strong></span> <span class='ocrx_word' id='word_1_422' title='bbox 1640 2730 1668 2755; x_wconf 76' lang='lat' dir='ltr'><strong>in</strong></span> <span class='ocrx_word' id='word_1_423' title='bbox 1688 2730 1710 2756; x_wconf 93' lang='lat' dir='ltr'><strong>l.</strong></span> <span class='ocrx_word' id='word_1_424' title='bbox 1786 2730 1810 2762; x_wconf 87' lang='lat'><strong>⁰)</strong></span> <span class='ocrx_word' id='word_1_425' title='bbox 1828 2738 1859 2756; x_wconf 74' lang='lat' dir='ltr'><strong>se</strong></span> <span class='ocrx_word' id='word_1_426' title='bbox 1878 2730 1901 2756; x_wconf 79' lang='lat'><strong>4.</strong></span> 
     </span>
     <span class='ocr_line' id='line_1_43' title="bbox 245 2766 1902 2803; baseline 0.004 -10"><span class='ocrx_word' id='word_1_427' title='bbox 245 2766 275 2799; x_wconf 78' lang='grc' dir='ltr'><strong>Ρ)</strong></span> <span class='ocrx_word' id='word_1_428' title='bbox 293 2767 442 2794; x_wconf 75' lang='lat' dir='ltr'><strong>stitums—</strong></span> <span class='ocrx_word' id='word_1_429' title='bbox 453 2775 485 2793; x_wconf 83' lang='lat' dir='ltr'><strong>ex</strong></span> <span class='ocrx_word' id='word_1_430' title='bbox 505 2768 601 2794; x_wconf 66' lang='lat' dir='ltr'><strong>lamma</strong></span> <span class='ocrx_word' id='word_1_431' title='bbox 618 2768 646 2794; x_wconf 74' lang='lat' dir='ltr'><strong>in</strong></span> <span class='ocrx_word' id='word_1_432' title='bbox 666 2769 690 2796; x_wconf 85' lang='lat' dir='ltr'><strong>l.</strong></span> <span class='ocrx_word' id='word_1_433' title='bbox 797 2769 822 2802; x_wconf 80' lang='lat' dir='ltr'><strong>q)</strong></span> <span class='ocrx_word' id='word_1_434' title='bbox 841 2778 930 2796; x_wconf 85' lang='lat' dir='ltr'><strong>eorum</strong></span> <span class='ocrx_word' id='word_1_435' title='bbox 947 2770 1017 2796; x_wconf 72' lang='lat' dir='ltr'><strong>deest</strong></span> <span class='ocrx_word' id='word_1_436' title='bbox 1034 2770 1058 2796; x_wconf 91' lang='lat'><strong>1.</strong></span> <span class='ocrx_word' id='word_1_437' title='bbox 1076 2770 1100 2797; x_wconf 79' lang='lat'><strong>4.</strong></span> <span class='ocrx_word' id='word_1_438' title='bbox 1210 2771 1231 2803; x_wconf 71' lang='lat' dir='ltr'><strong>r)</strong></span> <span class='ocrx_word' id='word_1_439' title='bbox 1251 2771 1373 2797; x_wconf 82' lang='lat' dir='ltr'><strong>Nuremb.</strong></span> <span class='ocrx_word' id='word_1_440' title='bbox 1385 2773 1491 2799; x_wconf 62' lang='lat' dir='ltr'><strong>—Now</strong></span> <span class='ocrx_word' id='word_1_441' title='bbox 1510 2772 1607 2799; x_wconf 76' lang='lat' dir='ltr'><strong>lacuna</strong></span> <span class='ocrx_word' id='word_1_442' title='bbox 1629 2774 1654 2798; x_wconf 83' lang='lat' dir='ltr'><strong>in</strong></span> <span class='ocrx_word' id='word_1_443' title='bbox 1676 2773 1705 2802; x_wconf 66' lang='lat'><strong>13</strong></span> <span class='ocrx_word' id='word_1_444' title='bbox 1729 2773 1902 2799; x_wconf 74' lang='lat' dir='ltr'><strong>Noremberch</strong></span> 
     </span>
    </p>
   </div>
   <div class='ocr_carea' id='block_1_13' title="bbox 244 2809 1040 2844">
    <p class='ocr_par' dir='ltr' id='par_1_16' title="bbox 244 2809 1040 2844">
     <span class='ocr_line' id='line_1_44' title="bbox 244 2809 1040 2844; baseline 0.004 -8"><span class='ocrx_word' id='word_1_445' title='bbox 244 2809 270 2836; x_wconf 81' lang='lat'><strong>2.</strong></span> <span class='ocrx_word' id='word_1_446' title='bbox 284 2809 309 2836; x_wconf 81' lang='lat'><strong>4.</strong></span> <span class='ocrx_word' id='word_1_447' title='bbox 321 2810 346 2836; x_wconf 82' lang='lat'><strong>5.</strong></span> <span class='ocrx_word' id='word_1_448' title='bbox 434 2810 456 2844; x_wconf 82' lang='lat'><strong>⁸)</strong></span> <span class='ocrx_word' id='word_1_449' title='bbox 475 2811 625 2837; x_wconf 83' lang='lat' dir='ltr'><strong>cccxxm</strong></span> <span class='ocrx_word' id='word_1_450' title='bbox 643 2810 672 2842; x_wconf 84' lang='grc'><strong>2,·</strong></span> <span class='ocrx_word' id='word_1_451' title='bbox 690 2813 752 2839; x_wconf 85' lang='lat' dir='ltr'><strong>CCC</strong></span> <span class='ocrx_word' id='word_1_452' title='bbox 771 2811 802 2843; x_wconf 79' lang='grc'><strong>8,·</strong></span> <span class='ocrx_word' id='word_1_453' title='bbox 820 2813 998 2839; x_wconf 77' lang='grc' dir='ltr'><strong>Μο0οΧΧΙῙΙ</strong></span> <span class='ocrx_word' id='word_1_454' title='bbox 1016 2813 1040 2839; x_wconf 79' lang='lat'><strong>4.</strong></span> 
     </span>
    </p>
   </div>
  </div>
 </body>
</html>
