2184 3126
189 647 200 665 5

175 958 202 979 1⁰

177 1217 200 1236 1³

176 2661 203 2681 ⁴0

457 146 551 174 ACTA
570 145 683 173 REGNI
702 144 886 172 LUDEWICI
906 144 952 171 1V.
972 144 1017 172 ΕΤ
1038 142 1223 171 FRIDERICI
1242 143 1292 171 111.
1330 142 1404 170 1822.
1441 142 1490 170 Nr.
1503 143 1563 169 674.
1584 143 1643 170 675.
1812 145 1873 175 537

237 307 486 354 674-688.
528 304 808 352 SCRIPTA
836 302 1000 350 POST
1027 301 1296 348 BELLUM
1323 300 1505 347 APUD
1537 300 1859 347 MULDORF

770 444 878 481 1322.
914 365 1254 490 ξεῖῗαῖἒέὸω.
1280 442 1336 478 11.
1478 407 1484 410 ’

427 560 513 597 674.
556 561 663 596 Ducis
690 560 833 596 silesiae
857 559 1051 605 infeudatio
1080 558 1230 595 Arnoldi
1256 558 1387 594 militis.
1494 558 1587 604 Sept.
1605 559 1668 594 28.

331 634 492 676 Oriqinale
515 635 587 675 (or.)
611 634 646 666 in
668 634 795 666 archivo
812 633 1136 666 Peterswaldwviensi.
1175 632 1295 665 Pendet
1317 632 1456 673 sigillum
1474 632 1545 674 fere
1567 632 1722 665 illaesum
1747 652 1788 656 —
1812 632 1875 664 Ed.

225 686 432 720 Wattenbach
454 685 650 724 ‘Zeitschrist
671 686 726 717 des
746 685 875 718 Vereins
894 685 951 725 fwr
969 685 1079 718 Gesch.
1095 695 1128 716 u.
1145 684 1327 716 Alterthum
1342 683 1530 717 Schlesicns'
1555 684 1623 716 III
1635 684 1751 725 (1861)
1770 695 1804 726 p.
1813 685 1876 715 199

218 749 257 771 ex
280 749 324 771 or.
370 738 552 770 Editionem
574 738 752 777 repetimus

329 797 476 836 Biihmer,
499 797 575 838 Rey.
593 796 704 829 Ludw.
724 807 758 838 p.
776 797 840 828 415
862 796 1093 828 Reichssachen
1114 806 1164 828 nr.
1181 795 1246 828 412
1269 796 1396 837 (Addit.
1415 796 1498 836 III).

327 893 365 924 In
387 893 516 924 nomine
539 883 670 924 Domini
692 901 797 923 amen.

329 945 489 982 Quoniam
519 944 546 975 si
574 943 775 981 subditorum
803 943 964 985 exquisita
990 942 1129 974 fidelitas
1155 953 1213 984 pro
1242 942 1449 974 serviciorum
1480 953 1611 974 suorum
1634 943 1795 985 inpendiis
1818 954 1876 976 ex-

218 1000 348 1040 pectate
371 995 531 1028 mercedis
555 995 694 1027 fructum
717 1005 780 1026 non
803 995 974 1036 percipiet,
1002 1005 1044 1026 ex
1071 994 1132 1026 hoc
1159 1004 1194 1026 re
1218 1004 1293 1026 vcra
1321 994 1364 1026 ad
1387 993 1591 1026 serviendum
1622 1005 1720 1036 quam
1747 995 1877 1037 plurimi

219 1059 283 1081 non
306 1049 454 1080 inmerito
470 1047 646 1079 reddentur
668 1047 796 1079 desides
820 1051 853 1079 et
875 1047 992 1089 ignavi,
1015 1046 1089 1078 hinc
1112 1049 1161 1078 est
1184 1046 1270 1088 quod
1293 1057 1351 1078 nos
1366 1046 1572 1078 Bernhardus
1592 1045 1654 1078 Dei
1677 1048 1786 1089 gracia
1810 1048 1877 1080 dux

220 1101 324 1133 Slezie
349 1103 381 1132 et
404 1100 552 1132 dominus
576 1098 616 1131 de
638 1098 867 1130 Furstinberch
890 1101 1000 1130 notum
1024 1098 1092 1130 fieri
1116 1097 1243 1139 publice
1267 1097 1415 1129 volumus
1437 1098 1594 1130 universis
1617 1099 1820 1140 presentibus
1843 1104 1877 1131 et

219 1152 344 1192 futuris,
375 1151 463 1194 quod
486 1152 561 1193 quia
584 1154 732 1182 strenuus
761 1153 794 1182 et
816 1150 970 1181 honestus
992 1149 1085 1181 miles
1115 1149 1262 1180 dominus
1285 1148 1449 1181 Arnoldus
1472 1149 1512 1181 de
1537 1148 1749 1182 Petirswalde
1773 1150 1877 1183 fidelis

220 1207 330 1236 noster
352 1207 384 1236 et
408 1203 554 1242 dilectus,
578 1213 674 1244 quem
698 1204 772 1233 ante
797 1201 979 1233 conflictum
1002 1201 1082 1232 sacri
1099 1201 1238 1232 Romani
1260 1201 1387 1243 imperii
1410 1201 1541 1233 militari
1563 1202 1782 1234 investivimus
1805 1203 1876 1245 dig-

219 1257 336 1297 nitate,
364 1266 422 1298 pro
450 1255 550 1286 nostri
578 1254 707 1286 honoris
734 1254 932 1285 incremento
960 1263 1075 1294 corpus
1102 1263 1273 1294 rerumque
1302 1252 1491 1284 facultatem
1521 1253 1687 1295 sepissime
1711 1264 1876 1296 exponere

219 1307 362 1351 periculo
386 1317 448 1339 non
470 1306 611 1348 expavit,
635 1316 692 1337 nos
714 1305 855 1347 ideoque
871 1304 1016 1337 volentes
1039 1305 1104 1336 suis
1118 1304 1284 1336 laboribus
1307 1307 1339 1336 et
1354 1304 1517 1346 obsequiis
1532 1305 1663 1347 aliquod
1681 1305 1876 1348 condignum

219 1358 379 1392 mercedis
401 1358 560 1400 premium
577 1357 716 1398 elargiri,
739 1357 799 1398 ipsi
820 1355 950 1388 domino
966 1355 1111 1387 Arnoldo
1127 1355 1283 1398 predicto,
1307 1355 1455 1388 omnibus
1478 1367 1606 1398 quoque
1622 1358 1688 1389 suis
1703 1357 1878 1390 heredibus

220 1412 304 1444 veris
328 1414 362 1442 et
383 1410 537 1451 legitimis
560 1412 593 1441 et
615 1408 853 1440 successoribus
875 1408 907 1439 in
929 1407 1139 1449 infrascriptis
1163 1408 1228 1438 suis
1251 1407 1343 1439 bonis
1365 1408 1434 1439 sitis
1456 1409 1489 1439 in
1512 1407 1658 1440 districtu
1675 1409 1876 1441 Richinbach

221 1463 373 1495 videlicet
394 1463 427 1494 in
450 1461 526 1493 villa
541 1459 754 1493 Petirswalde
778 1470 875 1502 super
896 1460 1028 1502 triginta
1051 1459 1176 1491 duobus
1198 1459 1327 1500 mansis,
1351 1470 1448 1501 super
1464 1459 1539 1491 villa
1556 1459 1787 1502 Syfredesdorf
1798 1465 1877 1501 tota,

220 1516 252 1547 in
275 1513 456 1547 Habirdorf
475 1514 507 1544 in
530 1512 686 1554 superiori
709 1511 828 1543 allodio
853 1521 950 1553 super
973 1511 1218 1552 quatuordeeim
1241 1512 1375 1551 mansis,
1403 1512 1434 1542 in
1464 1511 1606 1543 inferiori
1630 1512 1758 1544 Pilavia
1780 1524 1878 1555 super

221 1577 279 1599 sex
301 1566 430 1606 mansis,
453 1565 532 1596 item
555 1565 586 1595 in
610 1563 756 1595 districtu
771 1563 1007 1604 Frankinsteyn
1030 1564 1062 1594 in
1082 1562 1158 1594 villa
1173 1562 1415 1594 Frankinberch
1438 1566 1516 1602 tota,
1540 1564 1572 1595 in
1588 1563 1663 1595 villa
1679 1564 1877 1606 Bomgarten

220 1628 318 1660 super
345 1628 404 1650 sex
430 1617 549 1649 mansis
581 1619 613 1647 et
636 1618 773 1658 quatuor
796 1616 894 1657 virgis
917 1619 950 1647 et
973 1614 1120 1646 scultetia
1142 1614 1273 1654 ibidem,
1297 1615 1328 1645 in
1352 1614 1479 1646 Hartha
1501 1625 1598 1656 super
1621 1625 1679 1647 sex
1702 1616 1821 1647 mansis
1843 1620 1877 1648 et

219 1669 405 1703 molendino
428 1664 549 1700 ib'idem
573 1678 667 1699 omne
691 1667 739 1698 ius
755 1670 898 1698 nostrum
922 1665 1047 1706 ducale,
1071 1667 1173 1697 maius
1196 1669 1229 1697 et
1251 1666 1356 1697 minus
1379 1666 1543 1707 iudicium,
1568 1668 1753 1699 exactiones
1777 1678 1875 1710 pecu-

219 1722 322 1754 niales
351 1723 384 1753 et
410 1719 599 1759 annonales,
631 1718 795 1750 defectum
823 1722 952 1750 monete
984 1719 1050 1750 sive
1083 1717 1253 1760 pecuniam
1286 1717 1482 1750 monetalem
1515 1728 1587 1750 cum
1622 1719 1708 1750 omni
1740 1719 1809 1750 iure
1844 1723 1877 1751 et

219 1773 368 1806 libertate
396 1772 561 1814 perpetuis
588 1769 789 1812 temporibus
817 1769 977 1811 habenda,
1001 1769 1205 1811 possidenda,
1235 1768 1369 1809 utenda,
1400 1769 1535 1801 fruenda
1559 1770 1708 1802 dedimus
1739 1774 1772 1802 et
1799 1781 1875 1803 con-

219 1825 350 1858 tulimus
373 1824 457 1856 bona
479 1826 598 1855 mente.
688 1822 726 1854 In
749 1822 838 1854 cuius
861 1822 908 1853 rei
932 1821 1157 1853 certitudinem
1174 1825 1341 1863 presentes
1363 1825 1488 1853 nostras
1504 1821 1573 1853 dari
1588 1822 1737 1854 iussimus
1752 1822 1877 1854 litteras

219 1877 318 1909 nostri
341 1875 438 1918 sigilli
460 1875 636 1907 munimine
663 1873 839 1906 roboratas.

328 1927 447 1959 Actum
470 1927 503 1958 in
522 1926 660 1958 Bavaria
683 1925 769 1967 apud
786 1925 961 1967 Othingam
984 1925 1015 1956 in
1032 1927 1124 1966 prato
1149 1924 1235 1966 quod
1252 1924 1367 1956 dicitur
1390 1924 1432 1966 dy
1450 1925 1622 1966 Veevvyze,
1646 1936 1730 1957 anno
1746 1925 1876 1958 Domini

220 1979 391 2012 millesimo
415 1978 642 2011 trecentesimo
666 1978 818 2009 vicesimo
843 1976 998 2017 secunde,
1026 1976 1058 2007 in
1081 1976 1190 2018 vigilia
1212 1977 1313 2007 sancti
1336 1976 1538 2008 Michahelis.
1583 1976 1791 2009 Presentibns
1814 1977 1876 2009 hiis

220 2031 354 2064 testibus
376 2031 492 2062 nostris
515 2029 671 2061 militibus
694 2028 835 2060 Henrico
859 2028 899 2060 de
923 2028 1082 2069 Hugvicz,
1107 2027 1294 2059 Cunczcone
1320 2027 1359 2059 de
1384 2027 1598 2068 Richinbach,
1623 2028 1767 2061 Iohanne
1791 2028 1874 2061 Sek-

220 2083 346 2115 kelonis
369 2082 410 2114 de
435 2080 642 2124 Tepelwoda,
666 2079 881 2121 Heynmanno
906 2079 946 2110 de
963 2078 1185 2119 Petirswalde,
1208 2079 1351 2110 Iohanne
1375 2079 1460 2110 dicto
1478 2079 1635 2121 Wegeste
1659 2080 1699 2112 de
1716 2080 1876 2122 Cedelicz,

222 2134 401 2167 Schibcone
426 2133 467 2165 de
491 2132 740 2172 Czcheczchow,
769 2131 939 2164 Kekelone
963 2130 1003 2162 de
1028 2129 1156 2171 Cirnen,
1180 2130 1324 2162 Iohanne
1348 2131 1435 2162 curie
1459 2135 1567 2163 nostre
1591 2133 1715 2163 notario
1739 2136 1772 2164 et
1794 2132 1875 2164 aliis.

222 2274 309 2310 675.
349 2272 547 2319 Appellatio
574 2271 724 2317 episcopi
752 2271 1016 2316 Ratisponensis
1051 2271 1098 2306 ad
1129 2271 1229 2306 duces
1256 2271 1446 2306 Bawariae
1471 2274 1638 2316 spectans.
1745 2272 1819 2308 Oct.
1840 2275 1873 2307 1.

329 2349 530 2391 Autoqraphi
552 2350 756 2390 coynitionem
782 2350 871 2381 nacti
892 2359 956 2381 non
977 2359 1096 2381 sumus.
1143 2348 1351 2388 Deperda'tum
1373 2359 1438 2381 esse
1466 2349 1598 2381 videtur.
1629 2368 1671 2374 -—
1703 2350 1765 2382 Ed.
1790 2350 1876 2383 Ried

223 2403 339 2436 ‘Codex
353 2402 586 2442 diplomaticus’
610 2401 659 2439 11,
677 2402 740 2433 797
761 2412 810 2433 nr.
827 2401 891 2432 824
914 2412 952 2432 ex
977 2412 1020 2433 or.
1060 2401 1241 2432 Editimaem
1257 2402 1393 2440 repetere
1407 2403 1525 2441 oportet
1544 2401 1595 2433 hic
1609 2401 1677 2433 illic
1691 2405 1871 2435 conectam.

329 2496 366 2528 In
388 2496 517 2528 nomine
540 2495 670 2528 Domini
693 2507 797 2529 amen.

332 2545 504 2580 iscoram
531 2547 621 2579 vobis
648 2547 889 2580 honorabilibus
917 2549 993 2579 viris
1020 2547 1193 2579 chunrado
1220 2549 1402 2589 preposito,
1435 2547 1544 2580 Ulrico
1578 2548 1718 2588 decano,
1754 2548 1872 2581 sifrido

222 2599 442 2640 Chastenario,
465 2599 641 2631 Laeutwino
659 2599 825 2631 Gamcreti
847 2599 1027 2639 scolastico,
1050 2598 1214 2631 Richkero
1238 2599 1278 2631 de
1295 2599 1436 2639 AEheim,
1453 2599 1632 2632 Werntone
1655 2601 1808 2642 pincerna
1832 2600 1873 2632 de

221 2649 465 2691 Rcichenekkc,
488 2649 660 2682 Ohunrado
684 2650 724 2683 de
741 2650 938 2692 Satelpogen
954 2650 1178 2682 archidiacono
1193 2651 1354 2682 canonicis
1369 2651 1695 2694 Ratispcn(ensibus)‚
1718 2653 1873 2694 magistro

221 2701 410 2734 Meinhardo
434 2700 572 2743 plebano
595 2702 626 2733 in
647 2701 857 2734 Slakenwerd
881 2706 913 2733 et
929 2701 1101 2734 Chuni-ado
1125 2701 1266 2743 plebano
1288 2703 1320 2734 in
1336 2702 1449 2745 Erling
1471 2703 1640 2745 capellano
1663 2710 1771 2736 nostro
1795 2714 1871 2735 con-

221 2753 322 2784 stituti
345 2763 402 2784 nos
425 2752 588 2794 Nycolaus
610 2752 672 2784 Dei
695 2753 798 2795 gratia
822 2753 958 2785 ecclesie
982 2752 1223 2794 Ratisponensis
1246 2754 1417 2796 episeopus
1439 2754 1575 2787 dicimus
1598 2760 1630 2787 et
1654 2756 1871 2797 proponimus,

324 2821 361 2839 u..
380 2820 591 2839 consti-ruricius
609 2821 631 2839 v.
1632 2815 1665 2841 68
