2190 3172
495 252 592 280 ACTA
611 251 725 279 REGNI
744 250 927 278 LUDEWICI
946 250 993 277 lv.
1011 249 1057 277 ET
1078 248 1262 276 Fnlossmcl
1282 248 1332 276 111.
1368 248 1444 275 1316.
1480 247 1529 276 Nr.
1541 248 1601 275 343.
1620 249 1679 276 344.
1851 252 1914 283 289

581 383 653 414 343.
679 383 751 414 344.
785 381 1009 414 LITTERAE
1034 377 1289 413 CONSENSUS
1311 376 1593 410 ELECTORULL

863 444 955 475 1316.
985 441 1079 474 Mart.
1097 442 1174 473 8.—
1186 440 1265 482 Apr.
1283 441 1313 471 9.

322 556 408 592 343.
449 556 606 593 Litterae
633 556 967 602 archiepiscoporum
994 554 1195 600 Moyuntini
1222 557 1253 590 et
1288 554 1515 590 Trevirensis.
1606 554 1714 590 Mart.
1729 555 1853 590 8.-9.

368 630 577 671 Exemplaria
596 634 607 663 1
627 630 886 672 (Moyuntinum)
909 631 938 661 et
959 631 980 661 2
1001 628 1216 670 (Trevirense)
1238 627 1438 668 automapka
1461 627 1575 660 ibidem
1590 628 1770 670 ‘Auqsburq
1786 629 1915 661 Reichs-

229 693 241 713 s
258 682 358 714 stadt’
379 682 458 723 fasc.
475 682 519 714 27
539 682 590 715 11.
635 681 872 722 Descripsimus
898 680 945 713 vel
971 679 1162 713 contulimus
1187 690 1254 712 nos.
1299 678 1529 720 Fragmentum
1555 679 1656 720 siyilli
1681 681 1874 722 autoqraphi
1898 685 1911 714 1

259 733 326 773 filis
346 733 456 766 micis
477 733 592 766 viridis
605 733 741 774 flavique
755 732 876 771 coloris,
899 731 1089 773 autoqraphi
1104 733 1124 763 2
1146 730 1244 772 sigilli
1261 730 1446 772 fragmenta
1463 730 1530 771 filis
1549 732 1660 764 sericis
1674 732 1765 765 rubei
1777 732 1916 774 flavique

259 784 370 818 coloris
388 785 534 827 pendent.
580 785 624 817 In
645 794 732 818 verso
755 785 923 825 utriusque
944 784 1100 824 scriptum
1122 785 1183 815 est.-
1207 807 1214 815 .
1231 782 1272 815 K.
1309 801 1347 806 —
1381 782 1520 815 Inedita.

367 845 580 886 Exemploeria
601 856 701 878 manu
722 845 829 877 eadem
852 845 888 876 in
910 843 1094 876 membrum
1115 842 1255 875 eiusdem
1275 843 1399 883 generis
1421 846 1556 875 exarata
1578 847 1663 876 sunt.

366 938 504 971 Petrus·
525 938 589 971 Dei
611 939 716 981 gratia
738 941 848 970 sancte
864 937 1053 980 Moguntine
1078 937 1165 969 sedis
1180 937 1444 980 archiepiscopus
1463 939 1545 970 sacri
1560 937 1699 971 Romani
1714 940 1842 982 imperii
1858 951 1916 983 per

217 1001 243 1022 ιο
261 989 468 1023 Germaniam
485 990 804 1023 archicancellarius*
859 990 1014 1021 universis
1031 989 1073 1021 ad
1090 999 1170 1031 quos
1187 993 1354 1031 presentes
1369 989 1476 1021 littere
1492 991 1698 1032 pervenerint
1756 992 1915 1025 sinceram

260 1041 293 1073 in
315 1041 456 1074 Domino
479 1041 663 1074 karitatem.

369 1092 631 1136 Supplicantibus
654 1093 745 1125 nobis
773 1095 938 1135 tamquam
965 1093 1018 1124 uni
1049 1103 1091 1124 ex
1119 1092 1316 1135 principibus
1345 1093 1520 1135 precipuis,
1551 1094 1642 1126 cuius
1670 1095 1755 1127 tamb
1779 1094 1821 1127 de
1845 1096 1915 1128 iure

261 1144 380 1186 quamb
403 1144 444 1176 de
468 1145 649 1187 approbata
671 1144 903 1177 consuetudine
931 1144 1066 1175 interest
1096 1154 1207 1186 regem
1230 1144 1451 1176 Romanorum
1482 1145 1602 1188 eligere
1630 1146 1663 1178 in
1686 1147 1915 1189 imperatorem

260 1199 376 1238 postea
399 1196 663 1237 consecrandum,
687 1195 896 1238 prudentibus
920 1196 994 1227 viris
1018 1220 1025 1227 .
1044 1220 1050 1227 .
1075 1195 1278 1227 consulibus⁰
1302 1199 1335 1227 et
1357 1197 1567 1229 universitate
1590 1197 1706 1230 civium
1729 1199 1914 1240 Augusteu-

218 1259 242 1279 m
261 1245 383 1288 (sium),
407 1251 442 1279 ut
457 1248 578 1289 gratias
593 1248 670 1290 ipsis
687 1247 728 1279 ob
745 1247 907 1279 evidentia
930 1257 988 1278 sua
1010 1250 1043 1278 et
1058 1246 1222 1279 fructuosa
1239 1247 1394 1290 obsequia
1417 1259 1475 1290 per
1490 1249 1728 1281 serenissimum
1749 1250 1914 1283 dominum

261 1298 471 1331 Ludowicum
501 1299 722 1332 Romanorum
749 1309 859 1341 regem
892 1298 994 1330 factas
1028 1298 1236 1340 dignaremur
1263 1309 1305 1330 ex
1334 1300 1444 1341 vigore
1475 1300 1691 1341 auctoritatis,
1720 1312 1783 1343 que
1815 1303 1916 1334 nostri

261 1351 408 1393 interest,
433 1361 504 1384 esse
529 1351 629 1383 debet
651 1355 684 1384 et
706 1352 840 1393 poterit,
863 1349 1060 1392 approbare,
1086 1361 1148 1392 que
1171 1361 1231 1392 per
1253 1351 1456 1392 privilegium
1479 1352 1570 1383 cuius
1592 1356 1685 1385 tenor
1707 1353 1759 1385 hic
1781 1353 1914 1385 subiun-

262 1402 347 1444 gitur
369 1402 571 1444 specialiterd
596 1403 831 1445 exprimuntur:

368 1453 571 1486 ‘Ludowicus
594 1454 657 1486 Dei
680 1455 937 1497 gratia-nostri
961 1465 1044 1487 anno
1067 1452 1230 1486 secundo’.
1265 1464 1366 1493 supra
1387 1464 1437 1485 nr.
1453 1455 1527 1486 341.

217 1515 244 1535 ιο
368 1515 426 1538 nos
448 1506 546 1548 igitur

649 1561 676 1589 1.
1500 1559 1529 1589 2.

262 1608 378 1640 votivis
401 1618 511 1640 eorum
536 1607 718 1650 desideriis,
747 1609 900 1651 inspectis
924 1612 957 1641 et
981 1619 1060 1650 pen·
1114 1608 1294 1639 instantivis
1329 1607 1547 1649 predictorum
1581 1610 1698 1642 civium
1728 1611 1914 1652 Augusteu-

263 1659 341 1691 satis
363 1659 547 1692 affectuosis
570 1663 603 1692 et
626 1660 809 1692 effectuosis
832 1671 943 1692 eorum
967 1660 1061 1693 obse·
1115 1660 1197 1690 sium
1220 1658 1522 1701 supplicacionibus,
1545 1662 1689 1701 pensatis
1712 1671 1824 1694 eorum
1847 1674 1914 1696 ser-

264 1711 364 1752 quiis‚
401 1710 623 1743 favorabiliter
667 1716 845 1744 annuentes
889 1713 1062 1754 premissas
1115 1710 1215 1751 viciis,
1228 1710 1436 1742 favorabilius
1447 1710 1590 1743 inclinati
1598 1713 1772 1753 premissas
1782 1715 1914 1756 gratias,

221 1772 246 1792 2⁸
265 1762 400 1804 gratias,
427 1766 524 1805 prout
545 1763 606 1795 rite
630 1763 706 1795 date
729 1767 803 1795 sunt
826 1767 858 1796 et
882 1762 1061 1795 racionabi-
1115 1766 1213 1804 prout
1227 1762 1288 1794 rite
1305 1765 1338 1794 et
1353 1762 1592 1795 racionabiliter
1612 1763 1697 1796 facte
1714 1768 1748 1797 et
1763 1776 1914 1798 concesse

265 1812 339 1846 liter
361 1813 587 1856 approbamus.
1117 1816 1200 1853 sunt,
1224 1813 1416 1845 auctoritate
1431 1813 1524 1845 nobis
1540 1825 1682 1857 congrua
1698 1817 1916 1859 approbamus

1118 1868 1151 1897 et
1173 1875 1363 1906 consensum
1386 1865 1590 1906 presentibus
1612 1866 1815 1900 adhibemus.

370 1915 409 1948 In
431 1917 522 1949 cuius
543 1920 651 1950 nostre
674 1917 940 1960 approbacionis⁶
962 1917 1180 1949 testimonium
1203 1915 1262 1947 has
1278 1915 1419 1948 litteras'
1439 1916 1597 1949 conscribi
1621 1922 1654 1950 et
1676 1923 1785 1951 nostro
1808 1920 1914 1962 sigillo

263 1977 411 2000 iussimus
433 1978 620 2002 conmumn.

220 2031 246 2052 ω
370 2018 446 2051 Dat.
462 2019 515 2051 ἰοῦ
531 2019 765 2060 Nfiremberch,
788 2019 898 2052 VIII?
913 2019 990 2052 Idus
1005 2019 1124 2059 Martii,
1148 2029 1231 2051 anno
1247 2018 1379 2050 Domini
1394 2018 1566 2051 millesimo
1582 2019 1666 2053 CCC
1681 2021 1914 2055 sextodecimo.

657 2160 743 2198 344.
782 2159 936 2196 Litterae
962 2160 1051 2205 regis
1078 2159 1276 2196 Bokemiae.
1380 2159 1470 2205 Apr.
1489 2161 1523 2194 9.

375 2231 535 2273 Oriqinaze
550 2233 626 2276 (or.)
648 2233 763 2265 ibidem
786 2232 805 2265 l.
822 2243 848 2265 c.
885 2231 1122 2273 Descripsa'mus
1136 2242 1203 2264 nos.
1241 2231 1346 2272 siyilli
1364 2231 1577 2273 fragmentum
1591 2232 1712 2273 pendet
1725 2233 1791 2274 filis
1805 2235 1916 2267 serica

264 2282 354 2316 rubei
374 2283 510 2325 floviqtoe
531 2284 652 2318 coloris.
675 2302 718 2308 —
741 2284 914 2316 laoditiam.

372 2342 482 2376 Manu
503 2344 628 2377 diversa
649 2345 689 2378 ab
710 2345 814 2377 altera
836 2345 873 2376 in
893 2343 1075 2375 membrana
1097 2342 1235 2375 eiusdem
1255 2343 1379 2384 yenem's
1402 2345 1571 2375 auratum
1593 2346 1646 2376 est.

223 2438 248 2459 ιι
371 2428 440 2462 Nos
454 2429 616 2463 Iohannes
630 2430 694 2463 Dei
716 2431 826 2473 gracia
840 2429 976 2462 Boemie
1000 2432 1034 2461 et
1048 2428 1186 2461 Polonie
1201 2439 1260 2461 rex
1283 2431 1317 2460 et
1332 2427 1626 2471 Lucemburgensis
1642 2440 1752 2463 comes
1775 2430 1916 2464 fatemur

266 2483 378 2513 tenore
394 2482 595 2523 presencium
606 2483 762 2515 universis
777 2485 844 2514 tam
860 2481 1063 2523 presentibus
1079 2491 1176 2523 quam
1192 2481 1317 2523 futuris,
1333 2482 1574 2514 serenissimum
1589 2482 1756 2516 dominum
1770 2488 1914 2517 nostrum

267 2531 431 2564 dominum
455 2532 642 2566 Ludwicum
669 2533 890 2566 Romanorum
918 2543 1031 2574 regem
1065 2542 1194 2574 semper
1224 2536 1395 2575 augustum
1429 2533 1556 2575 pridem
1589 2544 1650 2576 per
1681 2545 1756 2567 suas
1790 2536 1915 2568 litteras

266 2582 448 2625 benigniter
470 2594 528 2616 nos
549 2594 691 2626 rogasse,
714 2588 750 2616 ut
771 2584 814 2617 ad
835 2585 937 2616 instar
958 2584 1094 2616 aliorum
1117 2585 1358 2626 conprincipum
1380 2588 1563 2617 nostrorum
1586 2585 1765 2619 electorum
1787 2587 1915 2629 imperii

266 2635 392 2676 gracias
421 2638 454 2666 et
482 2634 649 2667 libertates
674 2645 734 2678 per
763 2646 837 2668 eum
864 2639 897 2668 et
923 2635 1048 2667 litteras
1071 2646 1160 2676 suas,
1189 2645 1324 2677 quarum
1354 2639 1500 2668 tenorem
1528 2636 1570 2668 de
1592 2637 1692 2669 verbo
1716 2638 1757 2670 ad
1781 2638 1914 2670 verbum

222 2697 247 2717 ιο
266 2684 470 2727 presentibus
493 2685 661 2717 intercludi
683 2685 920 2726 mandavimus,
947 2685 1159 2727 prudentibus
1188 2689 1221 2716 et
1249 2685 1401 2719 inviolate
1430 2686 1507 2719 fidei
1530 2688 1605 2719 viris
1632 2688 1754 2720 civibus
1777 2690 1914 2721 civitatis

369 2777 435 2806 848.
462 2778 486 2810 ⁵)
505 2779 643 2805 intinilatio
659 2779 688 2805 in
705 2778 735 2805 2.-
761 2779 971 2806 Baldewinns
991 2780 1023 2804 D.
1042 2787 1081 2812 gr.
1099 2785 1282 2806 sacrosancte
1299 2781 1506 2808 Treversnsis
1527 2783 1667 2809 oeclesie
1684 2784 1796 2817 archiep.
1815 2793 1836 2809 s.
1850 2785 1878 2809 R.
1897 2784 1913 2809 i.

264 2831 308 2856 per
326 2822 472 2856 Gallyam
490 2822 584 2848 archia.
671 2820 697 2854 b)
714 2826 778 2847 tum
796 2821 821 2848 2.
914 2821 938 2854 ⁰)
957 2841 964 2848 .
978 2841 985 2848 .
1003 2822 1066 2848 odd.
1087 2822 1110 2848 l.
1128 2822 1153 2848 2.
1245 2822 1271 2854 d)
1290 2824 1467 2850 verbaliter
1484 2824 1509 2850 2.
1597 2826 1620 2856 0)
1638 2832 1669 2852 et
1686 2827 1913 2852 consensionis

263 2865 326 2891 odd.
345 2863 370 2891 2.
457 2864 477 2897 s)
497 2866 551 2891 loeo
570 2866 617 2891 hu
635 2866 732 2892 litteras
750 2863 782 2891 2.-
799 2869 970 2898 presentes.
1059 2865 1084 2895 Ι)
1103 2865 1134 2890 in
1153 2865 1222 2891 dcent
1238 2865 1262 2892 2.
1350 2866 1376 2898 h)
1396 2868 1463 2893 vu.
1482 2867 1507 2894 2.

365 2923 403 2943 u..
421 2923 635 2943 consi-inmens
653 2924 677 2943 v.
1673 2918 1707 2945 37
