2124 3132
308 161 348 190 30
751 158 971 185 TRACTATUS
990 158 1039 185 DE
1057 158 1270 187 ELECTIONE.
1307 160 1382 187 1314.
1418 160 1467 186 Nr.
1480 160 1522 187 27.

307 245 459 286 episcopo
484 248 516 276 et
539 244 708 285 nobilibus,
734 244 808 276 dum
833 247 868 276 ut
890 244 1067 286 predicitur
1082 256 1190 277 secum
1207 245 1249 277 ad
1266 246 1457 278 electionem
1474 247 1560 288 regis
1576 247 1679 288 ierint,
1703 247 1835 279 cuilibet
1851 258 1962 280 eorum

306 295 482 327 secundum
505 299 624 327 statum
647 306 740 327 suum
764 300 797 327 et
819 296 967 327 laborum
990 296 1046 328 fiat
1069 297 1189 328 refusio
1214 307 1438 339 expensarum.

414 351 442 380 7.
477 347 600 379 Verum
627 352 664 379 ut
691 347 794 379 dictus
818 347 966 379 dominus
989 348 1250 390 archiepiscopus
1274 349 1315 380 de
1339 347 1472 391 prefatis
1496 349 1609 381 decem
1633 350 1762 381 milibus
1783 361 1964 382 marcarum

305 400 445 441 argenti,
473 410 535 440 que
563 399 655 431 nobis
684 399 823 431 deficere
850 402 1017 440 poterunt,
1048 399 1088 431 de
1116 400 1249 441 triginta
1274 400 1403 431 milibus
1426 411 1607 432 marcarum
1631 401 1802 432 antedictis
1824 402 1856 433 in
1880 402 1963 434 festo

196 460 288 486 sepse.
305 452 481 482 nativitatis
504 451 601 482 beate
617 451 720 482 Marie
744 452 875 492 virginis
898 451 1006 482 eidem
1029 451 1256 482 solvendarum
1279 455 1491 491 assecuretur,
1515 462 1588 483 cum
1612 462 1651 484 ea
1674 456 1748 494 post
1771 453 1964 485 electionem
1994 463 2007 482 ε»

306 502 383 534 dicti
406 502 512 534 fratris
534 504 635 534 nostri
657 503 737 534 solvi
760 503 938 544 contingat,
966 503 1182 543 promittimus
1206 512 1246 533 ea
1268 502 1453 543 persolvere
1478 506 1511 534 et
1534 503 1611 535 dare
1635 504 1697 545 ipsi
1720 503 1964 546 archiepiscopo

181 555 287 602 &ixii
305 556 337 586 in
365 555 470 596 prima
498 555 670 586 Dominica
701 554 949 595 quadragesime
980 564 1043 594 qua
1075 556 1223 585 cantatur
1251 553 1419 585 Invocavit
1449 564 1501 585 me
1531 555 1726 596 supradicta.
1773 555 1965 597 Obligantes

304 618 362 638 nos
386 607 427 638 ad
451 607 512 638 hoc
536 617 593 647 per
615 607 829 636 iuramentum
853 608 996 636 nostrum
1020 605 1231 646 corporaliter
1254 605 1296 636 ad
1311 605 1372 636 hoc
1389 615 1407 635 a
1424 605 1516 636 nobis
1532 606 1626 637 tactis
1642 607 1760 638 sanctis
1777 607 1965 648 ewangeliis

305 659 475 699 prestitum
498 657 742 698 archiepiscopo
765 659 955 687 memorato.

412 711 440 740 8.
475 708 699 739 Promittimus
727 709 837 749 itaque
868 707 927 738 sub
957 706 1073 738 eodem
1097 707 1292 746 iuramento,
1321 706 1407 748 quod
1432 707 1458 738 si
1481 707 1522 739 de
1545 708 1672 750 prefato
1696 712 1830 750 argento
1855 709 1963 741 eidem
1982 720 2008 740 ιο

291 760 547 801 -archiepiscopo
576 770 640 790 non
668 759 929 790 satisfaceremus
957 759 989 789 in
1019 758 1134 790 eadem
1163 758 1325 790 dominica
1348 758 1528 799 Invocavit,
1558 760 1644 801 quod
1674 763 1792 792 extunc
1818 771 1877 792 nos
1898 762 1964 792 una

303 822 375 843 cum
404 811 566 842 nobilibus
594 811 670 841 viris
700 800 809 842 [⁰Jlrico
843 810 1067 851 Ferretarum,
1106 810 1226 842 Ottone
1261 810 1301 842 de
1337 810 1525 852 Strazberg,
1563 811 1705 844 Rfidolfo
1740 812 1781 844 de
1814 812 1963 854 Nydowe

302 863 472 894 comitibus
500 874 537 894 ac
562 862 682 893 Ottone
712 862 841 893 domino
873 862 913 893 de
938 862 1149 893 Ohssenstein
1177 862 1232 904 qui
1255 873 1289 893 se
1314 862 1355 893 ad
1379 862 1413 893 id
1436 873 1495 904 per
1517 862 1615 894 fidem
1637 873 1729 894 suam
1753 864 1965 905 corporaliter

301 915 468 956 prestitam
497 915 539 945 ad
568 914 629 945 hoc
659 913 857 955 obligarunt,
890 914 1009 945 intrare
1034 913 1270 955 Wormaciam,
1305 913 1510 955 Mogunciam
1538 917 1594 945 aut
1622 914 1777 956 oppidum
1804 915 1964 958 Lintburg·

301 976 398 1007 super
424 967 548 998 Lanam
577 967 669 997 iuxta
687 966 890 997 Wetflariam
919 966 1028 1006 situm,
1060 976 1298 1007 quamcumque
1328 967 1461 997 istarum
1493 967 1657 998 civitatum
1681 966 1891 1009 voluerimus,
1921 967 1963 999 ad
1983 977 2007 997 η

301 1018 471 1049 iacendum
495 1017 616 1049 ibidem
640 1019 671 1049 in
695 1017 843 1059 obstagio
868 1020 1035 1059 tamquam
1058 1018 1127 1048 veri
1151 1017 1292 1058 obsides,
1320 1017 1439 1049 abinde
1462 1028 1525 1048 non
1549 1019 1706 1050 recessuri
1730 1028 1897 1060 quousque
1921 1018 1963 1050 de

299 1070 434 1111 prefatis
458 1070 571 1100 decem
594 1069 724 1100 milibus
746 1079 927 1100 marcarum
952 1069 1078 1110 argenti
1101 1069 1161 1110 ipsi
1184 1069 1429 1111 archiepiscopo
1446 1069 1498 1100 vel
1522 1069 1658 1101 ecclesie
1681 1080 1738 1101 sue
1755 1070 1854 1101 fuerit
1869 1071 1962 1102 satis-

300 1122 431 1154 factum.
478 1121 633 1152 Similiter
657 1124 690 1152 et
713 1121 885 1152 Heinricus
912 1120 1013 1151 frater
1042 1124 1150 1152 noster
1176 1120 1264 1151 idem
1289 1121 1471 1162 obstagium
1495 1121 1640 1162 intrabit,
1671 1121 1792 1153 ibidem
1815 1121 1962 1163 iacendo,

301 1173 387 1214 quod
411 1173 628 1214 promittimus
653 1172 783 1204 efficere
809 1174 841 1203 et
859 1182 1033 1213 procurare
1050 1171 1137 1213 apud
1153 1172 1268 1213 ipsum,
1292 1175 1459 1213 tamquam
1476 1172 1579 1204 obses.
1618 1172 1661 1203 Et
1676 1172 1811 1204 habebit
1827 1173 1964 1215 quilibet

301 1236 342 1256 ex
369 1225 462 1256 nobis
484 1224 634 1266 Lupoldo
659 1228 692 1255 et
714 1223 868 1255 Heinrico
898 1226 1036 1265 quatuor
1064 1223 1183 1255 milites
1206 1233 1332 1264 secum,
1361 1223 1480 1264 prefati
1502 1234 1580 1255 vero
1604 1224 1739 1255 comites
1762 1227 1795 1255 et
1818 1224 1895 1256 Otto
1919 1224 1961 1256 de
1979 1234 2008 1255 so

300 1276 512 1308 Ohssenstein
536 1275 673 1317 quilibet
696 1285 807 1306 eorum
831 1286 930 1306 unum
953 1275 1098 1306 militem.

408 1330 436 1359 9.
473 1327 516 1358 Et
549 1327 774 1358 nichilominus
807 1326 948 1358 illustres
982 1327 1144 1367 principes
1178 1326 1299 1357 domini
1333 1325 1494 1357 Rfidolfus
1531 1337 1639 1358 comes
1672 1326 1833 1368 palatinus
1866 1327 1962 1362 Beni.

298 1380 447 1411 Bawarie
482 1390 520 1410 ac
553 1378 714 1410 Rfidolfus
748 1378 889 1409 Saxonie
924 1377 1023 1409 duces
1061 1377 1210 1409 avunculi
1247 1377 1348 1409 nostri
1385 1387 1419 1408 se
1454 1377 1621 1409 nobiscum
1656 1378 1841 1420 obligarunt
1874 1379 1961 1421 apud

300 1431 465 1463 dominum
493 1430 772 1472 archiepiscopum
801 1429 1002 1460 antedictum
1032 1439 1090 1471 pro
1115 1428 1202 1460 dicta
1226 1429 1363 1470 pecunia
1387 1428 1446 1460 sub
1470 1429 1531 1460 hac
1554 1429 1673 1470 forma,
1704 1429 1792 1472 quod
1815 1431 1840 1461 si
1864 1440 1962 1472 super

298 1483 358 1514 hoc
386 1483 500 1514 moniti
529 1482 661 1522 fuerint,
695 1482 764 1523 ipse
793 1482 858 1512 dux
882 1481 1029 1513 Bawarie
1059 1483 1212 1522 quatuor,
1243 1480 1347 1512 dictus
1369 1491 1446 1512 vero
1475 1481 1542 1512 dux
1566 1481 1707 1513 Saxonie
1734 1492 1793 1523 pro
1821 1492 1856 1513 se
1879 1482 1961 1514 duos
1979 1491 2005 1511 π

297 1534 416 1565 milites
439 1536 561 1575 ponent
583 1534 614 1564 in
639 1533 755 1564 eodem
779 1533 928 1574 obstagio
952 1532 994 1564 ad
1017 1532 1199 1572 iacendum,
1222 1543 1287 1563 non
1310 1533 1454 1564 exituros
1478 1533 1518 1564 de
1541 1534 1623 1574 ipso,
1647 1533 1750 1564 donec
1775 1532 1816 1565 de
1833 1533 1960 1575 prefato

298 1589 432 1628 argento
456 1586 553 1617 fuerit
575 1585 720 1626 plenarie
744 1585 954 1616 satisfactum.

409 1640 458 1669 10.
496 1637 539 1668 Et
573 1638 599 1667 si
628 1648 709 1668 unus
742 1636 888 1668 obsidum
923 1636 1143 1677 predictorum
1177 1635 1353 1667 decederet
1382 1636 1435 1667 vel
1470 1635 1550 1667 alias
1581 1635 1740 1678 legittimo
1773 1639 1806 1667 et
1834 1636 1960 1668 notorio

298 1689 529 1731 impedimento
559 1688 746 1730 prepeditus
777 1688 960 1729 obstagium
991 1687 1170 1729 predictum
1200 1687 1320 1718 intrare
1352 1697 1414 1718 non
1445 1690 1569 1728 posset,
1602 1687 1699 1718 alium
1727 1698 1810 1729 eque
1838 1687 1960 1719 bonum

298 1742 368 1772 loco
393 1741 441 1771 sui
464 1740 653 1781 subrogabit
674 1740 706 1770 in
730 1739 847 1771 eodem
870 1739 922 1770 vel
945 1740 1014 1781 ipse
1038 1739 1091 1780 qui
1114 1738 1213 1770 talem
1243 1739 1380 1770 instituit
1403 1738 1502 1770 alium
1525 1742 1624 1780 ponet
1645 1750 1704 1780 pro
1728 1739 1854 1771 eodem.
1977 1752 2005 1771 ao

408 1795 456 1823 11.
492 1792 525 1823 Si
549 1802 625 1823 vero
649 1802 691 1823 ex
718 1795 811 1832 parte
835 1791 912 1822 dicti
936 1791 1171 1832 archiepiscopi
1195 1791 1311 1832 aliquis
1335 1790 1375 1821 de
1399 1790 1500 1821 tribus
1523 1790 1602 1822 locis
1624 1791 1778 1832 predictis
1799 1792 1892 1824 nobis
1914 1794 1958 1826 ad

296 1844 479 1876 intrandum
509 1844 569 1875 hac
598 1843 638 1875 de
667 1854 763 1874 causa
790 1843 888 1875 fuerit
911 1843 1163 1882 demonstratus,
1195 1843 1227 1873 in
1254 1842 1309 1874 illo
1333 1842 1490 1873 stabimus
1512 1843 1545 1873 in
1568 1843 1706 1875 iacentia
1729 1854 1787 1875 seu
1810 1844 1959 1887 obstagio

297 1895 476 1935 antedicto,
506 1895 566 1926 nisi
593 1898 668 1926 tunc
695 1895 812 1936 aliquis
835 1905 893 1926 seu
917 1895 1016 1935 aliqui
1041 1904 1082 1925 ex
1106 1894 1198 1925 nobis
1222 1897 1356 1935 propter
1377 1897 1501 1925 metum
1523 1895 1732 1937 legittimum,
1763 1896 1817 1937 qui
1840 1896 1959 1929 cadere

297 1950 404 1988 potest
426 1948 457 1978 in
482 1950 699 1987 constantem,
729 1950 815 1978 stare
843 1957 905 1977 non
929 1949 1039 1988 posset
1062 1947 1094 1976 in
1117 1946 1188 1977 loco
1213 1946 1271 1977 tali
1294 1945 1355 1976 sibi
1379 1946 1615 1987 demonstrato,
1645 1950 1720 1978 tunc
1743 1948 1775 1978 in
1798 1948 1863 1980 alio
1886 1948 1959 1981 loco

297 1999 338 2030 de
362 1998 463 2029 tribus
487 1999 565 2029 locis
588 1998 743 2040 predictis
766 1998 930 2029 tenebitur
954 1998 1088 2039 explere
1113 1997 1295 2037 obstagium
1319 1997 1528 2029 antedictum.
1913 2018 1919 2025 ·
1975 2012 2003 2032 ω

408 2053 455 2081 12.
491 2050 647 2081 Preterea
669 2054 705 2081 ut
727 2051 759 2081 in
784 2060 912 2081 omnem
938 2053 1089 2081 eventum
1113 2049 1198 2080 dicto
1223 2047 1467 2091 archiepiscopo
1487 2049 1528 2081 de
1545 2050 1703 2081 solutione
1720 2050 1804 2082 dicte
1821 2052 1958 2092 pecunie

297 2101 505 2133 sufficientius
529 2106 694 2142 caveatur,
723 2101 872 2143 eligimus
896 2105 929 2133 et
951 2102 1114 2142 volumus,
1139 2101 1226 2143 quod
1250 2101 1353 2133 dictus
1377 2102 1548 2143 episcopus
1571 2102 1816 2144 Argentinensis
1839 2103 1960 2144 oppida

297 2153 502 2193 Scletzestat,
537 2153 718 2184 Ehenheim
754 2157 787 2184 et
816 2153 1031 2194 Rodesheim,
1067 2153 1153 2184 idem
1185 2163 1261 2184 vero
1297 2143 1424 2185 1⁰Jlricus
1458 2164 1566 2185 comes
1597 2153 1804 2185 Ferretarum
1838 2154 1960 2196 oppida

296 2205 462 2245 Brisache,
486 2204 707 2246 Nuwemburg
731 2208 764 2236 et
786 2205 978 2236 Mulnhusen
1007 2205 1143 2246 imperio
1168 2205 1354 2245 attinentia,
1379 2215 1441 2247 que
1465 2205 1507 2237 ad
1530 2215 1664 2247 presens
1687 2205 1746 2236 sub
1770 2216 1804 2237 se
1827 2205 1958 2247 habent,

297 2260 428 2288 teneant
454 2267 556 2297 usque
580 2260 654 2298 post
677 2258 923 2288 coronacionem
948 2257 1025 2288 dicti
1049 2257 1156 2288 fratris
1178 2258 1295 2297 nostri,
1325 2258 1370 2288 sic
1395 2256 1482 2299 quod
1511 2261 1586 2288 tunc
1615 2256 1731 2289 eedem
1759 2257 1959 2290 municiones
1977 2269 2006 2288 ω

296 2318 419 2339 necnon
437 2308 671 2350 Kcysersberg,
694 2308 909 2350 Dfiringheim
926 2312 959 2340 et
974 2309 1165 2350 Hagenowe
1189 2309 1325 2350 imperio
1350 2310 1524 2340 attinentes
1547 2309 1629 2340 infra
1651 2319 1798 2340 mensem
1821 2310 1959 2351 primum

296 2362 369 2400 post
393 2359 585 2391 electionem
611 2364 644 2391 et
667 2361 909 2392 coronationem
934 2361 1010 2392 dicti
1033 2360 1191 2392 Friderici
1218 2371 1278 2401 per
1301 2360 1440 2391 eundem
1464 2360 1664 2392 Fridericum
1688 2361 1960 2402 presentabuntur

297 2410 427 2442 domino
445 2412 609 2453 episcopo,
632 2411 850 2453 Ferretarum,
875 2412 916 2444 de
933 2412 1100 2454 Arazberg
1122 2415 1155 2443 et
1171 2411 1211 2444 de
1228 2412 1259 2443 N
1261 2412 1376 2453 ydowe
1393 2412 1564 2443 comitibus
1580 2415 1613 2443 et
1629 2411 1742 2443 ottoni
1758 2411 1798 2444 de
1815 2411 1958 2444 Ohssen-

296 2462 378 2493 stein
402 2462 572 2493 antedictis
596 2473 667 2494 cum
695 2463 976 2503 iurisdictionibus,
1006 2463 1129 2503 officiis,
1156 2463 1287 2504 iuribus,
1315 2463 1495 2495 redditibus
1518 2468 1551 2495 et
1572 2464 1729 2495 universis
1751 2464 1959 2505 pertinenciis

173 2514 280 2559 sgffffii.
298 2513 485 2544 eorumdem
514 2524 573 2554 per
600 2515 688 2555 ipsos
715 2526 817 2557 usque
845 2515 887 2546 ad
917 2515 1036 2547 dictam
1064 2515 1258 2546 dominicam
1281 2515 1448 2547 Invocavit
1471 2515 1611 2547 tenenda
1634 2518 1667 2547 et
1689 2515 1901 2547 custodienda
1925 2518 1958 2547 et
1975 2527 2004 2546 ιι,

296 2565 485 2606 prestabunt
513 2565 649 2597 subiecti
677 2566 834 2598 dictarum
865 2568 1077 2598 munitionum
1105 2567 1183 2608 ipsis
1209 2566 1400 2599 fidelitatem
1425 2567 1484 2598 sub
1507 2567 1568 2598 hac
1591 2567 1789 2607 conditione,
1819 2567 1906 2609 quod
1929 2568 1957 2599 si

296 2627 354 2647 nos
385 2620 442 2647 aut
474 2617 577 2648 dictus
607 2617 708 2648 frater
734 2622 845 2649 noster
871 2619 901 2650 in
931 2619 1000 2660 ipsa
1031 2619 1191 2650 dominica
1218 2618 1385 2650 Invocavit
1416 2629 1478 2649 non
1509 2618 1769 2650 satisfaceremus
1793 2643 1800 2650 .
1819 2644 1826 2650 .
1850 2619 1956 2650 archi-

296 2668 449 2709 episcopo
485 2668 526 2700 de
562 2669 655 2700 dictis
689 2669 802 2701 decem
836 2670 966 2701 milibus
1000 2671 1141 2711 argenti,
1181 2669 1268 2711 quod
1306 2673 1424 2701 extunc
1458 2680 1497 2701 eo
1531 2670 1602 2711 ipso
1638 2665 1767 2701 eadem‘
1788 2672 1893 2701 castra
1923 2663 1958 2702 et

295 2720 489 2751 munitiones
519 2723 611 2751 erunt
639 2725 672 2751 et
699 2731 770 2752 esse
798 2722 919 2754 debent
946 2723 1062 2764 pignus
1092 2721 1168 2753 dicti
1197 2721 1433 2763 archiepiscopi
1455 2732 1514 2763 pro
1539 2721 1656 2753 eodem
1679 2725 1824 2763 argento.
1914 2721 1957 2753 Et

174 2779 236 2805 sept.
247 2782 279 2800 15·
296 2781 368 2802 cum
398 2771 459 2803 hoc
489 2771 572 2803 infra
602 2776 732 2804 octavas
761 2775 938 2806 nativitatis
963 2774 1059 2806 beate
1082 2774 1185 2806 Marie
1210 2774 1341 2815 virginis
1369 2784 1452 2805 nunc
1474 2777 1626 2805 venturas
1653 2774 1801 2815 proxime
1830 2773 1953 2805 eisdem
1971 2785 2005 2805 50-
