2184 3126
137 753 164 774 10

134 1011 162 1031 u

135 2532 163 2552 40

135 2815 163 2836 4³

414 190 511 220 ACTA
531 190 645 219 REGNI
664 189 850 218 LUDEWICI
869 189 916 217 lv.
934 188 982 217 ΕΤ
1002 188 1187 216 FRIDERICI
1206 188 1255 216 111.
1293 188 1368 216 1323.
1406 188 1455 216 Νι.
1469 190 1527 216 779.
1547 190 1604 217 780.
1778 193 1841 223 607

180 289 239 310 sua
262 278 328 310 filia
352 278 438 311 dieto
462 277 592 310 domino
616 278 685 320 regi
708 276 922 320 quadraginta
944 278 1070 318 septem
1093 275 1181 307 milia
1205 274 1359 307 librarum
1382 275 1590 308 Halleneium
1613 280 1743 308 monete
1768 286 1842 318 pre-

181 330 266 362 dicte
290 329 518 362 solvendarum
541 340 599 372 pro
623 329 731 362 media
754 332 847 372 parte
871 332 943 371 post
966 327 1247 360 consumacionem
1264 327 1459 359 matrimonii
1483 328 1567 359 inter
1590 327 1711 359 dietum
1735 327 1841 359 dorni-

181 391 257 413 num
286 391 397 423 regem
427 384 461 413 et
488 381 666 423 predictam
690 380 910 422 Margaretam
937 379 1094 411 contracti
1122 382 1155 411 et
1180 378 1278 411 aliam
1307 378 1450 411 mediam
1474 382 1600 421 partem
1625 380 1657 410 in
1679 379 1742 411 fine
1766 380 1841 411 anni

181 443 201 464 a
224 435 370 474 tempore
386 433 642 464 consumacionis
656 432 810 474 predicte.
854 431 920 464 Pro
944 430 1060 474 quibus
1083 430 1297 473 quadraginta
1312 434 1438 473 septem
1455 431 1583 463 milibus
1599 431 1688 463 libris
1710 442 1730 463 a
1753 430 1840 463 dieto

180 494 258 526 rege
286 484 479 526 recipiendis
501 484 718 526 promiserunt
745 483 822 516 dicti
845 486 1070 525 procuratores
1094 482 1223 515 nomine
1250 482 1350 524 ipsius
1378 483 1465 524 regis
1494 487 1528 515 et
1550 493 1608 525 pro
1632 484 1703 526 ipso
1726 492 1840 525 super-

180 534 302 567 addere
326 534 412 567 dicte
437 535 505 567 doti
528 545 586 567 seu
609 534 779 566 donaeioni
801 538 934 577 propter
956 535 1090 577 nupcias
1112 535 1285 567 constitute
1312 545 1369 567 seu
1393 535 1617 568 constituendo
1645 535 1730 568 dicte
1754 535 1841 567 Mar-

181 589 294 628 garete
326 596 368 618 ex
397 589 491 628 parte
521 585 598 618 dicti
630 585 750 618 domini
778 586 864 627 regis
893 585 1036 618 valorem
1069 589 1300 628 perpetuorum
1331 586 1516 619 reddituum
1545 587 1686 629 quinque
1716 586 1840 619 milium

182 636 337 670 librarum
362 640 492 670 monete
520 637 666 679 predicte
694 637 828 679 singulis
854 637 946 669 annis
971 636 1014 669 ad
1037 638 1282 670 estimaeionem
1305 639 1515 681 prescriptam
1539 639 1571 670 in
1594 640 1690 671 certis
1713 642 1747 671 et
1768 639 1841 670 fixis

182 688 363 721 redditibus
386 688 586 731 perpetuisd.
631 688 704 720 Hoc
727 692 800 720 aeto
824 699 979 731 expresse
1007 689 1094 731 quod
1116 689 1238 721 dietum
1267 690 1406 731 primum
1430 693 1661 732 purgamentum
1689 690 1842 722 videlicet

181 741 294 783 viginti
318 741 414 772 trium
437 740 561 773 milium
585 743 618 772 et
634 741 882 783 quingentarum
906 740 1060 773 librarum
1084 740 1170 772 dieto
1187 740 1318 773 domino
1342 742 1411 784 regi
1436 741 1564 774 solvere
1587 752 1651 774 non
1678 742 1842 774 tenebitur

179 791 328 824 dominus
344 802 464 833 eomes,
489 802 655 834 quousque
679 792 821 834 quinque
837 792 926 824 milia
942 791 1095 824 librarum
1118 793 1150 824 in
1166 791 1345 824 redditibus
1360 793 1474 824 annuis
1490 794 1655 836 perpetuis
1678 804 1736 835 pro
1759 803 1841 836 aug-

177 845 289 876 mento
319 843 405 876 dicte
436 843 521 876 dotis
548 853 606 875 seu
630 843 816 875 donacionis
844 846 978 886 propter
1005 843 1139 886 nupcias
1166 844 1235 876 eius
1267 844 1332 876 filie
1360 843 1402 876 ad
1430 845 1672 877 estimacionem
1702 844 1840 886 fidedig-

179 905 294 928 norum
318 894 360 927 de
383 895 446 926 hiis
469 895 598 937 plenam
623 895 775 927 noticiam
799 895 992 927 habencium
1016 895 1160 937 plenarie
1184 896 1303 928 fuerint
1324 897 1496 938 assignata.

287 948 317 979 4.
341 946 478 979 Pactum
502 957 632 989 quoque
657 947 782 979 exstitit
804 947 835 979 in
859 946 952 980 dictis
969 946 1238 979 convencionibus
1261 958 1303 979 ex
1325 951 1418 989 parte
1442 947 1519 980 dicti
1542 949 1678 989 comitis,
1702 947 1789 990 quod
1813 949 1840 979 si

180 998 384 1041 contingeret
406 998 494 1041 quod
517 998 602 1030 absit
625 998 805 1041 predictam
829 999 898 1031 eius
920 998 1020 1031 filiam
1045 999 1076 1030 in
1100 999 1306 1031 matrimonio
1330 999 1490 1031 decedere
1514 999 1625 1032 liberis
1648 1009 1691 1031 ex
1714 1009 1754 1031 ea
1777 1010 1839 1031 non

180 1049 410 1091 existentibus,
440 1050 526 1092 quod
550 1054 669 1082 extunc
693 1050 779 1082 dicta
809 1050 1024 1093 quadraginta
1046 1054 1172 1093 septem
1195 1051 1285 1083 milia
1308 1051 1461 1083 librarum
1484 1052 1594 1084 comiti
1617 1051 1764 1094 predicto
1788 1051 1841 1083 vel

179 1102 246 1134 suis
268 1101 444 1134 heredibus
466 1102 676 1134 restituentur
703 1105 735 1134 et
765 1101 807 1133 de
835 1112 946 1134 earum
978 1102 1184 1134 restitucione
1213 1113 1272 1144 per
1294 1102 1460 1135 dominum
1483 1113 1595 1145 regem
1619 1102 1707 1135 dicto
1730 1102 1841 1135 comiti

168 1163 239 1186 ⁴seu
265 1153 331 1185 suis
357 1152 532 1185 heredibus
559 1153 710 1185 facienda
740 1156 816 1185 ante
844 1153 1014 1195 quodlibet
1041 1157 1270 1196 pagamentum
1295 1154 1452 1186 dictarum
1476 1154 1690 1197 quadraginta
1712 1158 1839 1196 septem

178 1204 302 1237 milium
326 1204 479 1237 librarum
503 1205 601 1247 plena
624 1205 680 1237 fiat
703 1204 876 1237 satisdacio
901 1208 934 1237 et
955 1206 1111 1237 securitas
1134 1215 1194 1247 per
1216 1205 1381 1238 dominum
1405 1216 1517 1249 regem
1540 1205 1748 1239 antedictum.

288 1259 318 1288 5.
342 1255 414 1288 Hee
444 1257 552 1288 omnia
583 1259 616 1288 et
639 1256 766 1298 singula
789 1257 1006 1298 promiserunt
1033 1260 1067 1289 et
1089 1257 1233 1289 iurarunt
1255 1257 1467 1300 solempniter
1490 1257 1567 1290 dieti
1590 1268 1700 1290 comes
1723 1261 1756 1290 et
1778 1257 1840 1300 ipsi

179 1310 404 1350 procuratores
427 1308 536 1340 faeere
560 1308 698 1340 invicem
721 1312 754 1340 et
781 1308 955 1340 observare
979 1308 1064 1340 bona
1087 1308 1150 1341 fide
1174 1308 1297 1351 absque
1321 1310 1407 1341 omni
1431 1309 1506 1341 dolo
1531 1313 1565 1342 et
1588 1309 1711 1341 fraude.
1801 1309 1839 1340 In

180 1370 316 1402 quorum
340 1359 482 1391 omnium
506 1360 725 1391 testimonium
749 1359 855 1402 sigilla
878 1363 987 1391 nostra
1011 1359 1162 1392 duximus
1183 1360 1387 1402 apponenda.

287 1413 317 1443 6.
341 1410 410 1442 Nos
432 1411 535 1442 eciam
559 1421 668 1443 eomes
691 1411 864 1443 Hannonie
888 1414 921 1443 et
941 1410 1116 1443 Hellandie
1139 1412 1329 1453 antedictus,
1353 1423 1411 1445 nos
1434 1423 1562 1455 quoque
1586 1412 1686 1444 frater
1701 1412 1841 1444 Karolus

178 1462 334 1504 magister
356 1462 517 1504 generalis
541 1462 675 1494 fratrum
691 1462 810 1494 ordinis
834 1462 949 1494 domus
965 1462 1176 1504 Theutonice,
1203 1474 1260 1494 nos
1284 1474 1412 1506 quoque
1435 1467 1661 1506 procuratores
1683 1463 1838 1495 antedicti

180 1514 212 1545 in
236 1514 455 1546 testimonium
477 1515 620 1546 omnium
645 1517 679 1546 et
701 1514 899 1556 singulorum
915 1514 1143 1556 premissorum
1167 1514 1274 1556 sigilla
1297 1519 1405 1547 nostra
1428 1526 1492 1547 una
1515 1525 1587 1547 eum
1610 1515 1724 1557 sigillis
1746 1525 1838 1556 spee-

179 1564 325 1598 tabilium
347 1566 488 1597 virorum
512 1566 665 1597 comitum
689 1565 924 1598 antedictorum
948 1565 1152 1608 presentibus
1175 1566 1393 1608 apposuimus.

287 1617 408 1649 Datum
431 1621 465 1649 et
488 1620 596 1649 aetum
620 1617 755 1650 Colonie
778 1617 809 1649 in
833 1617 929 1649 domo
954 1618 1087 1649 fratrum
1119 1617 1238 1649 ordinis
1268 1618 1385 1650 domus
1405 1617 1634 1659 Theutonice‘g
1663 1628 1746 1650 anno
1770 1617 1838 1649 Do-

178 1669 256 1701 mini
278 1668 450 1701 millesimo
474 1669 700 1701 trecentesimo
726 1669 878 1701 vicesimo
903 1669 1015 1707 tercio,
1040 1669 1071 1700 in
1095 1668 1148 1701 die
1172 1670 1405 1712 assumpeionis
1427 1669 1570 1712 Virginis
1592 1669 1742 1712 gloriose.

243 1870 318 1906 780.
352 1869 620 1907 LITTERAE
646 1868 918 1906 IOHANNIS
942 1869 1069 1906 xxm.
1093 1869 1268 1906 PAPAE
1292 1869 1368 1906 AD
1391 1868 1777 1906 FLORENTINos.

848 1937 956 1974 1323.
995 1938 1091 1983 Aug.
1114 1937 1174 1974 24.

293 2029 391 2070 Copia
415 2029 472 2071 (c.)
495 2029 530 2061 in
554 2028 711 2061 tabulario
733 2029 818 2070 reyio
842 2028 1030 2061 Florentino
1053 2028 1215 2069 ‘Capitoli‘
1238 2028 1329 2061 XVI
1347 2039 1398 2061 nr.
1413 2030 1444 2061 8.
1470 2047 1509 2053 -
1537 2029 1599 2061 Ed.
1621 2029 1739 2061 Fici-er
1763 2028 1839 2062 ‘Ur-

180 2081 322 2114 ktmden’
339 2091 375 2121 1).
393 2081 433 2112 15
456 2091 506 2112 ην.
522 2080 564 2111 25
588 2091 627 2112 ez·
649 2090 676 2112 c.
721 2080 904 2112 Editionem
927 2081 1106 2120 repetimus.

288 2157 449 2190 Iohannes
473 2158 644 2200 episeopus
667 2167 778 2189 servus
801 2167 966 2189 servorum
981 2157 1043 2189 Dei
1122 2157 1249 2189 dilectis
1273 2157 1345 2189 filiis
1368 2159 1531 2199 potestati,
1554 2158 1734 2200 capitaneo,
1759 2157 1837 2200 [pri-

181 2209 290 2242 oribus
319 2210 450 2251 artium,
480 2209 662 2242 vexillifero
692 2209 840 2252 iustitie]‚
871 2210 1004 2241 consilio
1031 2212 1064 2241 et
1092 2209 1255 2241 communi
1286 2208 1545 2242 Florentinorum
1632 2209 1770 2242 salutem
1804 2213 1837 2242 et

180 2261 393 2304 apostolicam
416 2260 688 2293 benedictionem.

286 2312 534 2353 Prevenieutes,
569 2323 588 2344 o
616 2312 687 2352 filii,
719 2322 855 2344 nocuam
885 2313 1039 2354 temporis
1069 2311 1270 2352 tarditatem,
1305 2323 1403 2355 quam
1429 2323 1519 2345 more
1545 2312 1712 2355 prolixitas
1739 2312 1837 2345 rebus

179 2364 301 2405 paratis
316 2365 488 2406 ingereret,
513 2363 679 2396 vobiscum
695 2364 838 2395 succinte
854 2363 1072 2405 percurrimus
1088 2366 1304 2405 preconeepte
1320 2365 1511 2397 narrationis
1525 2365 1699 2407 eloquium,
1719 2364 1836 2407 quibus

179 2415 257 2448 facti
279 2415 446 2458 negotium
470 2418 536 2447 tam
560 2419 636 2448 voto
660 2425 757 2458 quam
781 2426 879 2457 opere
902 2415 1049 2447 novimus
1065 2424 1136 2446 esse
1153 2419 1274 2447 notum.
1319 2415 1405 2448 Dum
1423 2417 1507 2448 enim
1524 2420 1634 2449 noster
1649 2420 1683 2448 et
1698 2416 1835 2448 ecclesie

178 2466 326 2499 Romane
350 2466 479 2499 favente
495 2466 635 2498 Domino
659 2466 739 2499 felix
761 2467 923 2498 exercitus
946 2466 1110 2498 civitatem
1130 2465 1408 2498 Mediolanensem
1431 2467 1514 2499 intra
1536 2466 1656 2510 burgos
1678 2477 1735 2509 pre
1758 2467 1835 2498 fori-

181 2518 254 2558 bus,
285 2518 369 2550 sieut
393 2518 508 2558 nostis,
541 2528 614 2550 cum
644 2522 743 2560 gente
773 2521 895 2557 vestra,
930 2527 1027 2559 quam
1051 2517 1169 2549 devote
1192 2527 1230 2549 ac
1253 2517 1429 2550 liberaliter
1451 2519 1683 2558 transmisistis,
1713 2518 1836 2550 duriter

181 2568 361 2608 obsideret,
389 2569 466 2611 quia
493 2569 775 2611 stipendiariorum
799 2569 1073 2601 Theutonieorum
1103 2568 1242 2611 quedam
1271 2569 1428 2611 proditrix
1459 2570 1631 2602 multitudo
1665 2570 1835 2611 transfugit

181 2620 223 2652 ad
246 2620 356 2652 hostes
379 2623 413 2652 et
435 2621 682 2662 superveniente
698 2620 903 2663 postmodum
921 2620 1111 2662 intemperie
1135 2621 1219 2652 aeris
1242 2621 1383 2653 estivalis
1404 2621 1490 2654 idem
1515 2622 1675 2654 exereitus
1690 2621 1834 2654 morbes-

181 2671 285 2713 cebat,
311 2672 379 2704 eius
403 2682 444 2704 ex
467 2671 529 2703 hiis
551 2671 792 2714 quodammodo
810 2671 929 2703 viribus
947 2671 1119 2710 diminutis,
1137 2670 1235 2704 duces
1258 2671 1335 2704 belli
1358 2672 1399 2705 de
1416 2673 1486 2715 ipso
1502 2673 1647 2706 exercitu
1663 2673 1835 2704 salubriter

181 2723 390 2765 disponentes
413 2726 446 2755 et
468 2722 688 2763 attendentes,
718 2723 805 2765 quod
828 2733 870 2755 ex
893 2722 953 2754 hoc
978 2723 1204 2754 exterminium
1228 2723 1404 2756 eorundem
1427 2725 1567 2757 hostium
1591 2724 1688 2766 paulo
1711 2724 1833 2756 differri

287 2794 361 2836 'zm'
379 2808 404 2842 d)
424 2812 525 2843 ppetuu
544 2818 582 2835 or.
671 2810 695 2841 ο)
714 2810 867 2836 Thoutouici
886 2820 924 2836 or.
