2184 3126
399 205 498 235 ACTA
516 204 630 235 Rmm
649 204 834 233 LUDEWICI
853 204 900 232 IV.
918 204 965 232 m·
984 204 1169 233 FRIDERICI
1187 205 1237 233 111.
1274 205 1350 233 1324.
1385 206 1434 234 Nr.
1446 207 1506 235 876.
1524 207 1584 235 877.
1602 207 1662 235 878.
1793 211 1856 242 689

198 290 382 332 Benedicti,
406 290 580 324 Ludewico
603 292 767 334 preposito
791 295 825 324 et
847 315 855 323 .
874 317 880 324 .
908 292 1015 334 priore
1037 302 1076 325 ac
1099 292 1171 325 aliis
1193 292 1346 325 fratribus
1368 295 1555 327 monasterii
1578 295 1687 327 Sancti
1710 295 1858 327 Mauricii

200 344 425 376 canonicorum
448 343 642 386 regularium
670 353 772 386 prope
801 343 1005 386 Nuemburg,
1035 368 1067 376 ..
1091 345 1198 387 priore
1227 346 1413 378 monasterii
1435 345 1602 378 Portensis
1625 346 1858 388 Cysterciensis

200 393 330 436 ordinis,
418 395 497 427 item
519 395 551 427 in
575 394 628 428 die
644 395 831 428 Palmarum
854 396 885 427 in
901 396 1039 428 ecclesia
1053 395 1201 438 Gycensi,
1224 397 1293 439 ipso
1310 396 1440 430 domino
1458 398 1612 440 episeopo
1636 397 1756 430 ibidem
1782 409 1855 441 pre·
1870 410 1922 435 Aps.
1936 412 1955 430 s.

199 446 377 479 sentialiter
399 447 576 488 existente,
606 446 692 479 facta
714 447 920 489 processione
943 458 963 479 a
985 448 1072 480 clero
1097 451 1130 481 et
1152 447 1380 481 benedictione
1403 459 1564 481 ramorum
1589 449 1766 492 completa,
1790 450 1854 492 legi

168 508 179 528 u
199 497 276 530 fecit
292 501 325 530 et
340 497 497 541 publicari
514 501 547 531 et
562 498 716 531 laicorum
733 499 928 531 multitudini
945 500 1036 542 quasi
1052 499 1277 532 innumerabili
1293 499 1414 533 ibidem
1432 501 1573 543 presenti
1591 511 1650 544 per
1663 502 1853 544 magistrum

198 548 416 582 Wernherum
439 549 583 582 eiusdem
607 550 743 582 ecclesie
767 550 1095 592 Cycensisvicarium
1119 555 1313 593 perpetuum
1336 552 1378 584 ad
1402 552 1601 585 intellectum
1625 553 1666 585 de
1689 553 1790 586 verbo
1814 553 1854 586 ad

198 600 333 632 verbum
356 600 453 643 iigwa
474 600 559 633 laica
574 602 721 634 reserari.
766 601 893 635 Deinde
916 603 1100 635 convocatis
1122 603 1364 635 honorabilibus
1379 604 1455 636 viris
1478 603 1616 637 dominis
1634 630 1640 637 .
1658 629 1665 637 .
1682 606 1856 648 prepositis

197 650 474 694 Nuemburgensis
502 656 536 684 et
559 651 711 695 chensis
740 653 946 686 ecclesiarum
970 664 1092 687 necnon
1117 679 1124 686 .
1143 679 1150 686 .
1175 658 1261 687 terre
1285 654 1462 687 Plisnensis
1486 659 1518 688 et
1542 681 1548 688 .
1567 682 1574 688 .
1599 660 1687 689 trans
1709 656 1854 690 Muldarn

198 702 431 735 archidiaconis
453 703 704 737 iurisdictionem
729 704 922 738 ordinariam
945 715 1004 748 per
1026 705 1178 738 diocesim
1202 706 1504 749 Nucmburgensem
1528 708 1746 741 obtinentibus
1768 709 1855 742 idem

155 763 181 783 ιο
199 756 293 797 pater
315 757 349 786 et
371 754 520 788 dominus
543 756 714 798 episcopus
740 757 818 798 ipsis
845 757 980 789 firmiter
1007 757 1158 799 iniunxit,
1185 762 1221 790 ut
1248 759 1309 800 ipsi
1341 760 1548 801 congregatis
1575 760 1855 803 archipresbiteris

197 806 263 838 suis
289 806 367 848 ipsis
402 816 588 848 processum
620 808 803 840 huiusmodi
837 808 1046 850 publicarent.
1100 809 1258 842 Mandans
1292 811 1402 851 etiam,
1436 814 1471 843 ut
1498 812 1559 854 ipsi
1594 812 1855 855 archipresbiteri

197 857 354 890 subditisb
385 858 450 890 suis
479 858 687 891 ecclesiarum
711 860 888 892 rectoribus
911 870 1096 902 processum
1119 861 1311 903 predictum,
1335 873 1431 905 quem
1460 873 1519 905 per
1541 864 1668 906 copiam
1698 865 1775 906 ipsis
1801 857 1855 896 edi

196 909 302 951 iussit,
330 908 476 942 similiter
504 909 645 942 fideliter
670 910 882 952 publicarent.
942 911 1026 944 Item
1054 911 1135 944 feria
1162 913 1303 945 secunda
1334 913 1419 946 diem
1447 914 1635 947 Palmnrum
1665 916 1854 949 immediate
1868 926 1951 952 Apm.

196 961 343 1003 sequenti
365 971 536 1003 processus
558 965 755 994 memoratus
777 963 809 994 in
831 962 956 995 ambitu
978 964 1164 996 monasterii
1186 964 1394 998 Puzaviensis
1417 966 1538 998 ordinis
1561 967 1662 998 sancti
1685 967 1855 999 Benedicti

153 1021 178 1042 ιι
195 1015 270 1055 post
291 1012 404 1045 horam
427 1012 575 1045 meridiei
598 1014 630 1045 in
654 1014 816 1055 presentia
840 1039 847 1046 .
863 1038 872 1046 .
896 1014 1032 1055 abbatis,
1056 1038 1064 1047 .
1082 1039 1089 1047 .
1106 1015 1221 1057 prioris
1244 1020 1278 1048 et
1300 1021 1475 1050 conventus
1498 1018 1642 1050 eiusdem
1667 1020 1853 1051 monasterii

196 1074 320 1096 necnon
344 1064 540 1096 honorabilis
563 1065 622 1097 viri
650 1065 771 1098 domini
795 1065 924 1098 Ottonis
954 1066 1069 1099 decani
1097 1070 1131 1099 et
1157 1064 1302 1110 magistri
1325 1068 1500 1102 Wernheri
1524 1069 1679 1112 predictic
1703 1074 1753 1102 est
1781 1082 1852 1103 cum

196 1115 436 1158 sollempnitate
460 1116 608 1149 similiter
622 1116 815 1159 publicatus,
838 1117 947 1150 multis
969 1117 1041 1150 aliis
1063 1118 1206 1151 honestis
1229 1123 1263 1152 et
1285 1120 1420 1162 ydoneis
1442 1121 1484 1153 ad
1508 1121 1569 1153 hoc
1585 1132 1715 1164 semper
1730 1123 1854 1154 vocatis

196 1168 381 1210 specialiter
403 1171 437 1200 et
459 1168 589 1210 rogatis.

305 1236 412 1280 (S.N.)
442 1236 485 1269 Et
500 1247 562 1280 ego
579 1237 746 1270 Conradus
762 1237 803 1270 de
819 1238 906 1280 Cyce
924 1239 1058 1272 clericus
1074 1239 1318 1282 Nuemburgen.
1335 1241 1430 1283 dioc„
1454 1242 1600 1284 publicus
1616 1244 1698 1276 sacri
1714 1243 1853 1276 Romani

153 1294 179 1330 ’,ο
197 1289 323 1331 imperii
346 1289 539 1321 auctoritate
562 1290 705 1322 notarius
729 1289 884 1322 oblationi
907 1294 941 1323 et
963 1290 1155 1323 exhibitioni
1178 1302 1347 1334 processus
1370 1293 1506 1335 predicti
1523 1295 1657 1337 eiusque
1672 1295 1805 1334 lectioni
1821 1299 1854 1328 et

196 1339 405 1381 publicationi
428 1339 520 1372 factis
543 1341 574 1372 in
601 1340 681 1372 locis
710 1340 862 1383 predictis
889 1345 923 1373 et
945 1351 1057 1374 eorum
1080 1342 1281 1385 temporibus
1309 1354 1373 1376 una
1401 1355 1473 1377 cum
1502 1347 1689 1378 memoratis
1716 1347 1854 1380 testibus

194 1394 328 1423 vocatus
349 1391 490 1433 interfui,
513 1391 580 1424 vidi
603 1395 636 1424 et
658 1392 765 1424 audivi
789 1402 828 1424 ae
851 1392 1025 1435 diligenter
1039 1394 1216 1427 auscultavi
1233 1405 1357 1428 necnon
1381 1397 1413 1428 in
1430 1396 1512 1429 hanc
1535 1398 1671 1430 formam
1689 1399 1851 1441 publicam

195 1453 291 1475 manu
315 1444 445 1485 propria
467 1443 580 1486 redegi
602 1453 742 1486 meoque
764 1444 859 1476 solito
883 1447 918 1477 et
932 1449 1086 1478 consueto
1109 1447 1211 1488 signo,
1235 1447 1340 1489 sigillo
1363 1457 1402 1479 ac
1425 1450 1554 1481 nomine
1570 1451 1693 1492 signavi
1709 1454 1852 1493 rogatus,

195 1494 227 1526 in
250 1495 339 1527 curia
361 1494 573 1526 habitacionis
595 1495 791 1527 honorabilis
813 1496 872 1528 viri
896 1496 1016 1529 domini
1040 1497 1168 1530 Ottonis
1191 1498 1305 1531 decani
1329 1498 1482 1542 Gycensis
1505 1501 1651 1544 predicti,
1674 1502 1733 1534 snb
1756 1513 1852 1543 anno,

151 1551 176 1572 ²⁶
195 1545 380 1588 indictione,
405 1546 457 1578 die
481 1557 519 1578 ac
542 1546 729 1589 pontificatu
752 1547 915 1590 predictis.

431 1703 518 1740 877.
548 1703 635 1740 878.
676 1703 833 1740 Litterae
860 1705 1110 1752 archiepiscopi
1137 1706 1444 1753 Maqdeburyensis
1463 1710 1628 1755 pontifici

684 1765 820 1800 missae.
926 1765 1039 1801 Mart.
1058 1767 1110 1802 26
1136 1769 1168 1802 et
1196 1767 1285 1813 Apr.
1305 1769 1364 1803 17.

303 1836 484 1879 Oriyinalia
505 1838 568 1871 duo
590 1832 621 1870 Ἀ
643 1841 672 1871 et
694 1839 723 1871 B
745 1839 781 1871 in
802 1839 907 1871 eodem
930 1839 1088 1872 tabulario
1110 1839 1130 1872 l.
1147 1850 1172 1872 c.
1195 1850 1245 1873 nr.
1263 1841 1305 1872 19
1327 1843 1357 1874 et
1378 1853 1429 1874 nr.
1445 1844 1476 1875 2.
1522 1843 1760 1884 Descripsimus
1782 1854 1848 1877 nos.

191 1887 318 1922 Prior-is
339 1890 452 1930 scripti
472 1889 571 1931 sigilli
593 1891 806 1931 fraymentum
824 1891 940 1930 pendet
955 1890 1020 1924 loro
1035 1892 1288 1931 mmmmm
1309 1893 1443 1926 alterius
1461 1894 1549 1936 plica
1572 1895 1713 1927 abscissa
1735 1898 1790 1928 est.
1806 1914 1849 1919 —

147 1943 174 1964 ⁸⁰
190 1940 328 1973 Inedita.

298 2000 375 2042 Rey.
391 2000 509 2034 Mollat
532 2001 664 2034 ‘Lettres
686 2003 878 2035 communes’
901 2013 950 2035 nr.
967 2003 1080 2035 23394
1102 2006 1131 2036 et
1152 2004 1275 2037 20458.

388 2105 460 2137 877.
496 2105 591 2138 1324.
615 2106 718 2138 Mart.
734 2107 788 2139 26.

571 2165 602 2197 A

254 2214 463 2248 Sanctissimo
503 2216 534 2248 in
575 2216 703 2250 Christo
746 2219 829 2260 patri
860 2218 990 2250 domino

146 2273 171 2293 ⁸³
190 2276 248 2299 suo
292 2266 423 2299 domino
460 2267 595 2300 Iohanni
638 2268 746 2302 divina
789 2270 992 2312 providentia

190 2321 392 2351 sacrosancte
407 2318 555 2352 Romane
577 2330 616 2352 ac
638 2321 828 2353 universalis
852 2322 990 2354 ecclesie

190 2379 314 2402 summo
352 2370 495 2412 pontifici
591 2371 797 2405 Borchardus
831 2373 990 2416 archiepi-

190 2430 306 2463 scopus
332 2421 468 2454 ecclesie
497 2422 816 2466 Magdeburgen(sis)
918 2435 988 2457 cum

190 2472 374 2504 omnimoda
401 2474 584 2506 reverentia
609 2473 727 2508 devota
754 2475 873 2518 pedum
898 2487 990 2509 oscu-

145 2530 171 2550 ιο
189 2523 220 2555 la
243 2523 421 2556 beatorum.

258 2578 283 2607 1.
323 2573 492 2608 Sanctitati
530 2580 636 2610 vestre
667 2581 779 2611 notum
811 2579 895 2611 facio
932 2589 991 2622 per

189 2630 371 2668 presentes,
409 2627 495 2669 quod
532 2627 656 2660 litteras
693 2630 890 2671 apostolicas
926 2641 989 2663 non

189 2677 394 2719 cancellatas,
416 2688 481 2710 non
496 2678 634 2711 abolitas
648 2690 708 2713 nec
723 2681 755 2713 in
771 2685 863 2723 parte
879 2682 988 2725 aliqua

188 2729 321 2762 viciatas
352 2729 411 2762 sub
442 2740 520 2762 vera
553 2730 642 2763 bulla
673 2732 826 2774 plumbea
859 2733 901 2765 ad
935 2744 987 2766 me

143 2825 170 2845 ⁴⁵
291 2822 358 2851 876.
386 2823 412 2858 b)
429 2825 445 2850 d
464 2834 531 2851 eoo-r.
549 2834 581 2852 em
598 2835 610 2852 s
630 2835 668 2852 or.

292 2882 329 2901 u..
341 2883 555 2903 conffrmmouss
567 2885 592 2904 v.

1259 2109 1332 2141 878.
1368 2109 1462 2141 1324.
1485 2109 1565 2149 Apr.
1583 2112 1634 2142 17.

1109 2217 1316 2252 Sanctissimo
1332 2221 1365 2251 in
1381 2220 1510 2253 Christo
1533 2222 1616 2263 patri
1633 2221 1764 2254 domino
1787 2233 1846 2254 suo

1045 2270 1175 2303 domino
1203 2267 1339 2304 Iohanni
1367 2271 1476 2304 divina
1507 2273 1710 2315 providentia
1738 2283 1846 2306 sacro-

1043 2325 1152 2355 sancte
1196 2322 1344 2356 Romane
1393 2334 1431 2356 ac
1475 2325 1664 2357 universalis
1709 2326 1846 2359 ecclesie

1042 2384 1167 2406 summo
1206 2375 1348 2417 pontifici
1442 2375 1648 2409 Borchardus
1685 2377 1845 2420 archiepi-

1042 2435 1158 2468 scopus
1191 2425 1508 2470 Magdeburgen(sis)
1629 2438 1701 2461 cum
1736 2429 1845 2463 debita

1044 2478 1224 2517 reverentia
1248 2477 1366 2511 devota
1389 2479 1508 2521 pedum
1533 2480 1643 2512 oscula
1665 2480 1844 2514 beatorum.

1113 2583 1137 2611 1.
1161 2579 1329 2613 Sanctitati
1351 2585 1458 2615 vestre
1474 2586 1584 2615 notum
1601 2582 1685 2616 facio
1708 2595 1768 2626 per
1782 2585 1844 2617 hec

1042 2632 1170 2674 scripta,
1194 2632 1282 2675 quod
1304 2632 1429 2665 litteras
1451 2635 1647 2676 apostolicas
1675 2646 1738 2668 non
1767 2647 1842 2668 can-

1041 2683 1190 2725 cellatas,
1220 2694 1283 2716 non
1310 2684 1448 2717 abolitas
1475 2696 1535 2718 nec
1563 2687 1595 2718 in
1618 2690 1711 2729 parte
1735 2688 1843 2731 aliqua

1040 2735 1174 2767 viciatas
1201 2735 1260 2767 sub
1294 2746 1371 2769 vera
1405 2736 1493 2769 bulla
1527 2738 1681 2780 plumbea
1714 2739 1755 2771 ad
1790 2750 1842 2771 mc

757 2827 780 2859 Ω)
799 2829 912 2854 necundo
930 2830 938 2854 i
957 2838 1025 2856 corr.
1043 2839 1074 2857 a
1092 2840 1108 2857 o
1126 2839 1164 2857 or.

1601 2884 1634 2911 87
