2184 3126
337 204 399 234 544
521 199 617 227 ACTA
635 198 748 225 REGNI
767 196 950 224 LUDEWICI
969 195 1015 222 IV.
1034 194 1079 221 ET
1099 192 1283 220 FRIDERICI
1303 192 1352 219 111.
1389 174 1464 219 1822.
1501 191 1550 218 Nr.
1563 191 1622 218 686.
1641 190 1699 218 687.
1718 190 1777 218 688.

569 348 655 383 686.
697 346 907 381 Mandatum
935 345 981 378 acl
1009 344 1176 378 civitatem
1205 340 1500 376 Zwickaviensem.
1607 338 1678 374 Oct.
1698 340 1754 374 11.

447 395 545 462 Copia
571 422 607 452 in
633 420 698 452 cod.
721 420 921 451 Statutornm
947 416 1101 448 tabularii
1123 414 1390 446 Zwiekaviensis¹
1418 424 1498 445 saec.
1522 411 1619 445 XIV.
1651 411 1705 452 sol.
1727 413 1756 444 5.
1809 411 1988 452 Descripsit

335 485 364 505 v.
381 473 411 505 d.
428 473 561 513 Lanqer.
585 491 626 494 —
649 471 816 503 Ineditum.

444 532 588 570 Bcffimer,
613 531 687 570 Rey.
703 529 815 561 Dudw.
836 539 867 568 p.
884 527 948 559 354
970 537 1020 558 nr.
1036 527 1122 557 3198
1145 525 1271 566 (Addit.
1289 525 1372 566 111).

444 617 614 648 Ludwicus
635 615 699 646 Dei
721 615 829 656 gracia
851 613 1072 645 Romanorum
1102 623 1160 643 rex
1184 621 1312 653 semper
1333 613 1488 652 augustus
1587 610 1798 652 prudentibus
1826 610 1902 642 viris
1929 610 1987 642 ad·
2015 622 2028 642 s

337 669 472 708 voeatis,
503 667 684 699 consulibus
715 669 747 696 et
776 665 930 696 universis
957 664 1079 695 civibus
1104 664 1136 694 in
1160 663 1319 703 Zwicko·‚
1353 661 1502 694 fidelibus
1533 662 1598 693 suis
1632 661 1757 693 dilectis
1844 662 1987 703 graciam

337 730 425 750 suam
450 722 483 750 et
506 729 598 750 omne
622 717 749 748 bonum.

443 769 523 801 Cum
545 780 603 800 nos
626 768 739 799 illustri
754 767 889 799 Iohanni
913 765 1060 809 [Boemie
1085 769 1118 797 et
1133 764 1303 808 Polonie]¹’
1326 765 1406 806 regi,
1429 765 1565 807 principi
1587 767 1620 797 et
1642 765 1730 797 affini
1752 768 1860 796 nostro
1883 765 1987 797 karis-

337 822 415 852 simo
444 821 476 851 in
507 830 748 861 recompensam
778 819 991 859 dampnorum
1020 821 1053 849 et
1081 827 1313 859 expensarum,
1343 827 1406 858 que
1432 816 1464 847 in
1491 816 1639 848 conflictu
1666 819 1774 848 nostro
1802 816 1988 859 triumphali

335 882 406 903 cum
435 871 568 902 ducibus
591 871 749 910 Austrie⁰‚
778 870 893 901 nostris
922 872 955 901 et
977 870 1105 911 imperii
1128 869 1319 900 adversariis
1341 867 1491 910 pertulit,
1519 878 1577 899 vos
1605 870 1638 900 et
1661 868 1824 900 civitatem
1846 872 1987 900 vestram
2006 879 2032 899 ιο

335 922 513 965 predictam
541 933 613 954 cum
639 922 794 953 universis
821 921 886 952 suis
915 921 1120 962 pertinenciis
1149 931 1207 962 pro
1239 923 1327 951 certa
1353 919 1490 961 pecunie
1518 930 1643 951 summa.
1671 929 1731 961 per
1761 919 1842 951 alias
1863 922 1988 952 nostras

334 974 478 1006 litteras2
502 973 650 1005 duximus
674 972 895 1014 obligandum,
923 972 1071 1004 volumus
1095 975 1128 1003 et
1149 972 1300 1003 fidelitati
1322 974 1428 1002 vestre
1451 970 1643 1002 mandamus
1670 970 1805 1002 firmiter
1833 981 1892 1013 per
1913 981 1988 1013 pre-

336 1028 453 1066 sentes,
478 1027 625 1066 quatinus
650 1025 755 1056 eidem
780 1035 837 1055 seu
860 1024 911 1055 cui
934 1034 991 1055 suo
1014 1024 1143 1055 nomine
1166 1023 1267 1054 voluit
1298 1022 1441 1054 debitum
1469 1021 1634 1053 fidelitatis
1661 1024 1694 1053 et
1715 1022 1859 1064 homagii
1881 1033 1989 1054 sacra-

336 1080 481 1109 mentum
504 1079 682 1117 prestantes
704 1076 737 1106 in
761 1075 907 1107 omnibus
929 1075 1069 1107 fideliter
1093 1078 1125 1106 et
1149 1074 1324 1106 efficaciter
1346 1074 1496 1115 pareatis.

421 1134 541 1165 Datum
563 1133 749 1173 Ratispone‚
766 1131 807 1163 V.
852 1131 930 1163 Idus
954 1131 1096 1173 Octobr„
1120 1131 1211 1173 regni
1234 1131 1334 1162 nostri
1357 1141 1440 1162 anno
1465 1133 1590 1162 octavo.
2007 1125 2033 1156 ἡ

574 1328 661 1363 687.
702 1327 857 1363 Litterae
883 1328 975 1373 reyis
1001 1327 1186 1363 Bohemiae
1207 1339 1275 1372 pro
1302 1326 1498 1362 Ladewieo.
1605 1326 1678 1362 Oct.
1698 1328 1753 1363 11.

445 1400 603 1441 Oriyinale
625 1402 660 1433 in
682 1401 841 1433 tabulario
863 1404 977 1433 secreto
998 1401 1190 1441 reipublicae
1213 1401 1413 1433 Bawaricae.
1460 1399 1638 1440 Descripsit
1660 1400 1703 1432 H.
1719 1400 1831 1432 Herre.
1872 1400 1992 1434 Pendet

334 1451 474 1491 sigillum
497 1452 615 1484 laesum
638 1453 702 1484 loro
725 1453 967 1485 membranaceo.
992 1472 1032 1476 —
1055 1453 1227 1485 Ineditum.

443 1512 585 1551 Bo'hmer,
609 1513 684 1553 Rey.
708 1513 821 1545 Isadw.
838 1523 874 1553 p.
893 1513 956 1544 187
978 1513 1107 1544 Iohann
1128 1523 1177 1545 nr.
1195 1512 1246 1544 53.

442 1601 509 1633 Nos
525 1602 686 1634 Iohannes
702 1602 765 1635 Dei
788 1605 898 1645 gracia
914 1603 1049 1636 Boemie
1074 1607 1107 1635 et
1122 1604 1258 1635 Polonie
1282 1613 1341 1635 rex
1357 1612 1394 1634 ac
1415 1601 1739 1643 Lucemburg(ensis)
1756 1612 1864 1634 comes
1880 1605 1990 1634 notum
2008 1613 2036 1634 ω

335 1652 468 1684 facimus
490 1655 655 1694 universis,
679 1654 765 1696 quod
788 1655 991 1687 serenissimo
1015 1655 1144 1687 domino
1168 1658 1277 1687 nostro
1300 1653 1508 1696 Lud(0wioo)
1523 1653 1743 1686 Romanorum
1767 1655 1837 1696 regi
1861 1664 1990 1696 semper

336 1707 470 1745 augusto
496 1704 535 1736 de
560 1705 642 1736 valle
658 1705 894 1737 Bacharaeensi
917 1709 951 1737 et
973 1706 1084 1738 castris
1101 1706 1281 1748 Stalberch,
1306 1705 1458 1737 Staleeke
1482 1708 1515 1736 et
1530 1704 1716 1736 Brunshorn
1739 1715 1777 1736 ac
1801 1705 1841 1737 de
1857 1705 1989 1746 Rinbffl,

336 1766 398 1796 que
420 1766 478 1796 pro
502 1756 609 1787 media
633 1760 725 1797 parte
749 1757 893 1799 obligata
916 1757 1008 1788 nobis
1031 1768 1090 1799 per
1112 1757 1293 1799 predictum
1317 1757 1480 1788 dominum
1503 1759 1648 1788 nostrum
1670 1766 1783 1798 regem
1806 1757 2010 1799 tenemus³,'

336 1806 463 1847 quando
486 1807 556 1848 ipsa
579 1818 598 1838 a
620 1808 712 1839 nobis
734 1809 894 1840 redimere
909 1809 1049 1840 voluerit
1071 1812 1104 1840 et
1126 1810 1229 1851 ipsam
1245 1809 1338 1840 nobis
1359 1809 1392 1839 in
1407 1810 1522 1849 parato
1538 1808 1718 1849 pecuniam,
1741 1808 1774 1838 in
1791 1819 1853 1850 qua
1870 1811 1989 1841 extunc

336 1857 428 1888 nobis
451 1858 624 1899 tenebitur,
653 1860 798 1899 solverit,
829 1860 1089 1892 condescendere
1113 1864 1147 1892 et
1168 1860 1228 1892 sibi
1250 1859 1433 1892 huiusmodi
1456 1860 1621 1901 resignare
1648 1858 1750 1891 libere
1773 1860 1990 1901 promittimus
2008 1870 2034 1890 ιι

339 1919 396 1950 per
419 1913 594 1950 presentes.

443 1963 518 1996 Dat.
541 1965 729 2008 Ratispone,
753 1967 792 1997 V.
817 1967 865 1998 Id.
891 1967 1034 2007 Octobr.‚
1065 1978 1148 1999 anno
1179 1967 1310 1999 Domini
1339 1967 1512 1999 millesimo
1544 1966 1625 1998 OOC
1653 1967 1805 1998 vicesimo
1837 1967 1989 2008 secundo,

337 2025 507 2056 regnorum
529 2027 605 2048 vero
629 2021 809 2049 nostrorum
833 2029 916 2050 anno
940 2019 1143 2052 duodecimo.

382 2146 466 2183 688.
514 2148 599 2183 Unio
628 2150 752 2185 (lucum
779 2151 968 2186 Bawariae
994 2162 1070 2186 cum
1096 2150 1232 2195 regibus
1259 2149 1446 2186 Ludewico
1474 2153 1503 2185 et
1530 2149 1694 2185 Iohanne.
1803 2149 1875 2186 Oct.
1891 2152 1947 2186 11.

449 2223 610 2264 Oriyinale
633 2226 704 2267 (or.)
729 2227 764 2258 in
787 2227 945 2259 tabulario
965 2227 1106 2268 yenerali
1127 2228 1216 2267 reqni
1230 2227 1397 2259 Bawariei
1420 2228 1477 2260 ‘K.
1493 2227 1604 2258 Haus—
1621 2227 1690 2259 und
1704 2227 1990 2267 Familiensachen,
2008 2242 2035 2262 no

338 2273 580 2316 Bnndesbriefe’
603 2278 680 2314 fasc.
698 2280 726 2309 1.
775 2278 974 2310 Contulimus
995 2289 1060 2311 nos.
1110 2279 1254 2311 Pendent
1274 2278 1388 2319 siqilla,
1417 2289 1551 2319 quorum
1573 2279 1636 2310 duo
1651 2289 1772 2318 parum
1795 2278 1891 2318 laesa,
1914 2279 1991 2312 loris

339 2326 588 2358 membranaceis.
614 2347 653 2351 —
677 2329 739 2360 Ed.
771 2329 949 2362 Wittmann
972 2331 1192 2362 ‘Monumenta
1219 2330 1500 2364 Wittelsbaeensia'
1523 2330 1570 2368 11,
1595 2330 1660 2361 275
1681 2341 1730 2362 nr.
1746 2330 1811 2361 266
1833 2341 1872 2362 ea:
1895 2341 1942 2363 or.

449 2387 535 2426 Quae
564 2389 751 2420 concordant
780 2400 851 2421 cum
886 2390 1007 2423 Unione
1031 2391 1214 2431 principum
1243 2400 1342 2430 supra
1372 2399 1422 2421 nr.
1446 2389 1527 2428 413,
1554 2399 1592 2421 ea
1625 2390 1710 2430 typis
1739 2390 1916 2422 minoribus
1937 2400 1990 2422 a·

339 2447 432 2468 cussa
454 2440 537 2470 sunt.

447 2496 591 2536 Bo'hmen
615 2498 690 2539 Rey.
715 2500 825 2532 Ludw.
843 2512 877 2541 p.
895 2502 959 2532 309
981 2501 1212 2533 Rei‘chssaehen
1234 2511 1283 2532 nr.
1300 2502 1365 2532 347
1387 2501 1514 2542 (Addit.
1538 2501 1583 2541 I).
2007 2510 2035 2531 ει

449 2582 495 2624 (1)
519 2587 581 2614 Wir
602 2584 765 2626 Heinrich,
791 2586 866 2619 Otte
889 2588 953 2619 und
969 2587 1125 2619 Heinrich
1147 2586 1415 2629 pfallentzgrafen
1437 2587 1491 2618 bei
1514 2587 1589 2618 dem
1611 2587 1704 2629 Reyn
1726 2587 1793 2619 und
1814 2587 1991 2630 hertzogen

340 2634 372 2664 in
395 2633 522 2675 Beyern
550 2640 601 2665 tun
632 2640 718 2668 chunt
747 2643 821 2669 allen
850 2643 904 2670 den
928 2644 972 2671 die
996 2644 1076 2671 disen
1098 2644 1175 2671 brief
1193 2643 1333 2670 ansehent
1360 2643 1427 2670 oder
1454 2638 1557 2670 horent
1585 2644 1675 2676 lesen,
1699 2644 1750 2671 daz
1779 2644 1830 2671 wir
1856 2653 1909 2671 uns
1937 2644 1992 2671 mit

443 2731 508 2758 686.
537 2732 560 2765 t¹¹)
577 2735 670 2759 nostris
688 2736 750 2761 add.
768 2745 789 2762 c.
876 2737 902 2769 b)
920 2739 992 2763 ancia
1010 2739 1112 2764 inclusa
1129 2738 1264 2770 incy-'bilia
1281 2746 1302 2763 c.
1391 2736 1415 2768 θ)
1433 2737 1600 2763 illustribus?
1617 2747 1638 2764 c.

445 2800 469 2833 1)
492 2800 532 2832 Cf.
551 2800 673 2827 ‘Archiv’
691 2802 744 2836 XI,
765 2807 821 2830 467.
908 2805 936 2838 2)
954 2805 1045 2839 Supra
1063 2814 1105 2832 nr.
1118 2808 1176 2832 683.
1265 2804 1291 2838 3)
1313 2804 1355 2837 Cf.
1374 2812 1459 2838 supra
1476 2811 1518 2830 nr.
1532 2807 1581 2831 562
1599 2807 1622 2831 et
1639 2808 1698 2832 563.
