2184 3126
450 189 547 218 ACTA
565 187 682 218 REGNI
701 189 887 218 LUDwacl
906 189 953 217 lv.
971 189 1019 217 ΕΤ
1036 188 1223 217 FRIDEBICI
1242 189 1292 217 111.
1329 189 1403 217 1324.
1440 189 1488 216 ΝΥ.
1500 189 1561 217 978.
1769 191 1830 224 817

283 275 396 318 Nuper
419 280 530 309 contra
552 277 757 320 magnificum
773 277 875 309 virum
891 276 1100 309 Lodewicum
1124 276 1239 309 ducem
1255 277 1425 309 Bauwarie
1448 277 1480 308 in
1496 276 1656 309 discordia
1672 278 1703 310 in
1719 288 1831 321 regem

174 327 396 362 Romanorum
420 328 558 361 electum
583 338 680 371 super
702 328 861 361 nonnullis
882 328 1035 371 gravibus
1059 332 1092 360 et
1114 328 1300 360 enormibus
1322 327 1520 370 excessibus,
1545 329 1776 363 inobedienciis
1799 334 1833 364 et

175 379 415 421 contemptibus
437 390 496 422 per
519 390 593 412 eum
616 383 727 412 contra
749 379 867 422 Deum,
889 391 948 412 nos
971 382 1004 412 et
1025 379 1207 412 Romanam
1231 379 1404 412 ecclesiam
1427 390 1466 412 ac
1494 381 1526 412 in
1549 381 1761 423 preiudicium
1784 384 1831 416 rei

175 429 304 472 publice
327 434 360 463 et
382 431 556 464 multorum
580 431 767 465 scandalum
790 432 983 476 perpetratis
1005 435 1112 464 certos
1134 442 1304 474 processus
1327 431 1369 465 de
1393 432 1527 465 fratrum
1550 436 1732 467 nostrorum
1755 446 1831 468 con-

145 492 157 511 ι
176 481 247 514 silio
278 484 312 514 et
340 486 490 524 presente
520 483 726 516 multitudine
750 484 880 526 copiosa
902 483 1046 516 fidelium
1070 483 1254 525 habuimus,
1278 494 1337 526 per
1360 495 1441 526 quos
1463 485 1568 526 ipsum
1592 484 1746 527 electum,
1776 488 1831 529 qui

174 533 341 574 processui
363 538 471 566 nostro
495 534 576 567 alias
599 538 710 568 contra
733 546 807 568 eum
830 536 959 568 racione
976 535 1135 568 dictorum
1159 545 1350 568 excessuum
1367 535 1478 568 habito
1501 547 1564 569 non
1586 542 1750 580 paruerat,
1773 550 1830 571 ex-

175 585 447 618 communicatum
474 589 508 618 et
530 586 695 620 vitandum
718 590 828 630 preter
850 598 943 620 casus
966 590 1123 629 exceptos
1149 587 1191 619 ab
1215 587 1363 620 omnibus
1385 589 1606 621 nunciavimus
1628 600 1666 622 ac
1689 590 1832 633 prelatos

175 639 208 668 et
223 646 378 679 personas
401 638 646 680 ecclesiasticas,
670 640 724 681 qui
747 638 807 671 sibi
830 642 995 682 tamquam
1018 639 1087 681 regi
1103 637 1186 683 se[u]
1203 639 1235 671 in
1251 650 1364 682 regem
1379 639 1598 673 Romanorum
1615 641 1721 676 electo
1736 653 1833 686 super

174 687 246 730 hiis,
269 698 331 731 que
354 688 397 720 ad
419 690 512 732 regni
527 700 583 722 seu
599 691 726 732 imperii
741 690 961 733 predictorum
984 691 1129 733 regimen
1145 694 1178 723 et
1193 691 1508 724 administracionem
1525 693 1697 734 pertinent,
1721 699 1832 728 contra

133 751 158 772 ιο
175 739 387 780 inmusicum,
416 740 628 774 inhibiciones
652 745 685 774 et
707 742 860 775 mandata
882 745 992 775 nostra
1013 745 1201 785 paruerant,
1224 744 1256 775 in
1279 753 1396 785 penam
1419 745 1636 786 suspensionis
1659 745 1701 778 ab
1725 746 1831 779 officio

176 794 210 823 et
231 790 390 824 beneficio
415 796 526 825 contra
548 794 635 835 ipsos
658 794 738 826 alias
760 795 998 837 promulgatam
1020 794 1170 827 incidisse
1198 793 1435 827 declaravimus
1462 798 1494 827 et
1522 795 1563 828 ad
1591 796 1655 829 alia
1678 798 1832 831 nonnulla

174 843 403 885 processimus,
427 844 508 877 sicut
530 845 562 876 in
586 845 709 878 eisdem
732 845 936 888 processibus
958 846 1084 888 plenius
1107 846 1303 887 continetur,
1331 857 1467 888 quorum
1489 851 1582 880 tenor
1604 850 1751 892 sequitur
1771 850 1831 883 sub

173 893 235 926 hac
257 893 375 927 forma:

282 953 456 988 ‘Iohannes
478 957 648 1000 episcopus
671 968 782 990 servus
804 968 968 991 servorum
984 958 1056 991 Dei.
1100 958 1154 991 Ad
1177 958 1401 992 certitudinem
1425 961 1628 1002 presencium
1652 966 1686 994 et
1707 972 1831 995 memo-

131 1021 156 1041 ιι
175 1005 256 1039 riam
278 1006 469 1040 futurorum.

282 1057 387 1102 Urget
413 1070 472 1092 nos
499 1060 616 1092 caritas
633 1079 671 1084 —
689 1061 914 1094 redundabant
948 1065 982 1094 et
1009 1061 1103 1095 cet.'²
1207 1066 1240 1095 et
1269 1063 1314 1095 sic
1343 1063 1458 1095 finiunt
1478 1063 1610 1097 ‘Datum
1632 1066 1831 1110 Avinion(e)‚

173 1110 214 1143 V.
231 1110 305 1143 Kal.
321 1111 453 1154 Aprilis,
477 1112 680 1154 pontificatus
703 1114 803 1145 nostri
825 1123 909 1146 anno
933 1113 1092 1146 octavo’2.

284 1162 436 1195 Secunda
458 1174 535 1196 vero
559 1165 604 1196 sic
627 1165 752 1207 incipit:

281 1222 454 1256 ‘Iohannes
485 1225 656 1266 episcopus
687 1235 798 1258 servus
830 1236 995 1258 servorum
1023 1225 1087 1258 Dei
1174 1227 1442 1269 vener(abilibus)
1473 1228 1626 1262 fratribus
1655 1254 1662 1262 .
1688 1255 1695 1263 .
1725 1231 1830 1263 archi-

131 1285 157 1310 so
175 1275 329 1317 episcopo
354 1275 537 1307 Coloniensi
561 1277 694 1319 eiusque
718 1276 930 1319 suffraganeis
1017 1278 1155 1310 salutem
1178 1282 1212 1312 et
1233 1278 1446 1321 apostolicam
1469 1279 1739 1314 benedictionem.

281 1326 395 1369 Nuper
417 1317 529 1359 contra
552 1327 756 1370 Galeacium‚
778 1328 962 1370 Marchum,
990 1329 1171 1362 Luehinum
1201 1334 1235 1363 et
1256 1331 1338 1363 alios
1359 1331 1442 1363 filios
1466 1333 1629 1374 quondam
1653 1333 1828 1377 dampnate

173 1379 329 1411 memorie
352 1378 475 1411 Mathei
499 1379 540 1411 de
556 1379 808 1413 Viceoomiu'bus
832 1381 873 1414 de
896 1381 1081 1414 Mediolano
1105 1382 1266 1414 hereticos
1287 1383 1477 1416 manifestos
1500 1394 1538 1416 ac
1562 1385 1603 1418 de
1626 1385 1700 1418 labe
1722 1387 1829 1428 pravi-

173 1430 249 1463 tatis
282 1428 425 1463 heretice
462 1431 702 1464 sentencialiter
734 1432 1003 1475 condempnatos,
1038 1444 1149 1466 eorum
1184 1433 1344 1476 fautores,
1383 1435 1611 1478 auxiliatores,
1645 1437 1829 1480 valiatores,

173 1492 329 1525 sequaces
359 1486 393 1515 et
420 1482 614 1515 adherentes
643 1483 767 1516 eisdem
793 1486 853 1526 per
880 1485 1018 1517 victricis
1048 1486 1150 1518 crucis
1181 1486 1368 1529 suffragium
1395 1487 1428 1519 in
1454 1487 1571 1520 virtute
1598 1488 1756 1521 Altissimi
1787 1490 1828 1523 de

129 1542 154 1564 π
173 1532 308 1566 fratrum
327 1537 508 1566 nostrorum
529 1535 660 1567 consilio
677 1535 875 1577 providimus
894 1537 1127 1579 exurgendum.
1165 1536 1285 1570 Contra
1301 1548 1381 1580 quos
1401 1548 1498 1580 super
1513 1538 1574 1571 hiis
1590 1539 1631 1572 de
1651 1541 1828 1574 eomndem

172 1584 308 1618 fratrum
330 1585 462 1618 consilio
486 1590 636 1628 presente
660 1587 863 1620 multitudine
880 1589 1011 1630 copiosa
1033 1588 1177 1621 fidelium
1193 1599 1252 1632 per
1274 1599 1332 1621 nos
1348 1591 1427 1622 certi
1442 1601 1613 1632 processus
1628 1595 1701 1624 sunt
1716 1592 1829 1635 habiti,

171 1637 372 1670 continentes
395 1640 500 1670 certas
522 1638 727 1671 remissiones
742 1637 798 1682 [et]
813 1639 1030 1682 indulgentias
1053 1651 1112 1682 per
1132 1651 1192 1673 nos
1207 1651 1376 1673 concessas
1391 1641 1542 1674 fidelibus
1557 1642 1621 1675 Dei
1644 1646 1677 1675 et
1693 1645 1828 1678 ecclesie

171 1699 210 1722 ac
241 1689 317 1722 fidei
348 1689 530 1722 chatholice
557 1690 727 1732 negocium
757 1694 868 1723 contra
897 1691 1000 1724 dictos
1028 1691 1190 1724 hereticos
1217 1703 1395 1735 eorumque
1426 1693 1579 1735 fautores,
1609 1695 1828 1738 auxiliatores,

171 1741 361 1781 valiatores,
397 1751 553 1783 sequaces
581 1745 614 1774 et
640 1741 836 1775 adherentes
865 1742 988 1775 eisdem
1014 1743 1300 1786 prosequentibus,
1338 1755 1473 1787 quorum
1501 1757 1710 1788 processuum
1737 1752 1830 1781 tenor

129 1807 155 1828 ω
173 1794 318 1835 sequitur
340 1793 399 1826 sub
422 1793 483 1826 hac
505 1793 623 1826 forma:

278 1853 450 1886 ‘Iohannes
474 1854 645 1896 episcopus
667 1864 778 1886 servus
801 1865 966 1886 servorum
988 1854 1061 1887 Dei.
1108 1855 1160 1887 Ad
1182 1861 1375 1898 perpetuam
1400 1857 1447 1889 rei
1471 1859 1671 1891 memoriam.

279 1905 376 1948 Cogit
402 1916 460 1937 nos
486 1906 642 1948 temporis
665 1906 803 1948 qualitas
831 1910 864 1939 et
889 1908 1038 1949 nequicia
1068 1908 1240 1949 plurimum
1265 1908 1459 1941 detestanda
1486 1910 1648 1950 sollicitat,
1670 1915 1707 1943 ut
1728 1912 1827 1945 infra-

171 1957 362 1999 scriptorum
377 1957 440 1989 Dei
462 1961 496 1990 et
519 1957 656 1990 ecclesie
678 1957 819 1990 hostium
843 1958 930 1990 duris
953 1959 1130 2000 conatibus,
1154 1970 1235 2002 quos
1257 1960 1414 1992 adversus
1430 1960 1537 1994 Deum
1554 1965 1588 1994 et
1603 1963 1827 1997 christifideles

169 2009 288 2051 iugiter
309 2008 505 2049 molliuntur,
528 2010 561 2040 in
583 2009 700 2042 virtute
724 2009 831 2042 divine
855 2010 969 2042 dextre
994 2010 1197 2052 obsistentes,
1220 2012 1358 2044 ecclesie
1383 2016 1416 2045 et
1438 2013 1583 2045 fidelium
1606 2014 1826 2056 predictorum

125 2073 151 2093 ss
170 2061 271 2102 quieti
292 2060 463 2102 providere
492 2061 621 2092 caucius
643 2061 840 2093 studeamus.
885 2061 1016 2094 Dudum
1040 2062 1199 2104 siquidem
1229 2063 1271 2095 ad
1294 2065 1394 2096 nostri
1417 2065 1618 2106 apostolatus
1641 2066 1728 2098 fama
1751 2069 1828 2110 quin

168 2113 267 2144 immo
290 2112 424 2144 infamia
444 2112 574 2154 publica
597 2112 732 2144 deduxit
754 2113 915 2154 auditum,
940 2113 1027 2155 quod
1051 2114 1213 2156 quondam
1237 2114 1411 2157 dampnate
1434 2117 1590 2149 memorie
1612 2117 1763 2151 Matheus
1786 2119 1827 2152 de

169 2163 422 2197 vicecomitibus
444 2164 486 2196 de
501 2164 687 2196 Mediolano
710 2165 879 2197 nonnullos
901 2164 942 2197 de
967 2165 1100 2198 diversis
1123 2166 1234 2198 mundi
1257 2167 1402 2208 partibus
1424 2168 1464 2200 ad
1487 2169 1599 2200 sedem
1615 2170 1826 2212 apostolicam

169 2215 353 2248 venientes*
376 2215 526 2258 capiebat
555 2220 588 2248 et
611 2217 708 2248 etiam
732 2216 899 2249 detinebat
926 2227 982 2249 eos
1005 2217 1097 2249 bonis
1119 2217 1266 2250 omnibus
1289 2218 1459 2261 spoliando
1482 2231 1520 2252 ac
1543 2220 1667 2253 litteras
1690 2222 1826 2265 clausas,

170 2276 233 2308 que
260 2267 352 2299 nobis
379 2278 438 2310 per
466 2267 636 2300 nonnullos
665 2269 801 2301 ecclesie
824 2268 972 2301 Romane
1003 2269 1138 2301 devotos
1167 2269 1251 2302 filios
1280 2273 1313 2302 et
1339 2270 1453 2303 fideles
1483 2271 1524 2303 de
1553 2271 1688 2305 diversis
1714 2274 1825 2307 mundi

125 2329 152 2349 ιο
170 2317 315 2359 partibus
336 2318 555 2364 mittebantur,
578 2330 638 2362 per
660 2331 705 2362 se,
730 2320 886 2352 officiales
909 2330 947 2351 ac
969 2321 1131 2352 ministros
1153 2331 1229 2352 suos
1252 2323 1413 2364 apperire,
1436 2322 1546 2365 legere
1570 2326 1604 2356 et
1626 2325 1770 2358 lacerare
1793 2331 1827 2359 et

170 2369 250 2402 alias
271 2380 330 2412 pro
353 2381 410 2403 suo
434 2370 526 2404 libito
549 2375 748 2405 contrectare
773 2375 806 2404 et
827 2372 1042 2414 inspiciendas
1070 2372 1204 2404 diversis
1232 2384 1396 2416 exponere
1426 2385 1506 2407 ausu
1529 2374 1728 2418 dampnabili
1750 2389 1824 2420 pre-

171 2420 318 2454 sumebat
340 2424 374 2454 et
395 2422 470 2455 cet.²
566 2426 599 2455 et
621 2424 666 2455 sio
689 2423 813 2456 finiunt:
845 2422 976 2456 ‘Datum
999 2424 1202 2467 Avinion(e),
1232 2426 1342 2467 quinto
1366 2426 1439 2458 Kal.
1455 2427 1591 2469 Aprilis,
1620 2429 1824 2470 pontificatus

170 2473 269 2505 nostri
291 2483 375 2505 anno
398 2474 557 2506 octavo²⁸.

277 2524 392 2557 Tercia
413 2535 490 2558 vero
513 2527 558 2558 sic
580 2526 713 2569 incepit:

124 2600 150 2619 ⁴⁵
275 2584 448 2617 ‘Iohannes
472 2586 642 2628 episcopus
664 2597 775 2619 servus
798 2597 962 2620 servorum
979 2587 1064 2631 [Dei]
1153 2589 1419 2632 vener(abilibus)
1441 2591 1592 2624 fratribus
1609 2616 1616 2624 .
1633 2618 1640 2625 .
1665 2594 1823 2636 archiepi-

169 2646 269 2679 scopo
292 2636 477 2669 Coloniensi
500 2638 634 2680 eiusque
657 2638 869 2681 suffraganeis
957 2639 1093 2672 salutem
1117 2643 1150 2672 et
1173 2642 1383 2683 apostolicam
1407 2642 1676 2677 benedictionem.

271 2739 338 2767 ⁹78.
365 2739 391 2774 b)
410 2724 575 2768 venientibus
594 2751 631 2768 or.

273 2808 299 2841 1)
318 2807 408 2842 Supra
422 2816 485 2843 paq.
499 2811 548 2836 693
565 2808 612 2835 lin.
627 2812 664 2836 17.
751 2810 778 2842 2)
799 2810 840 2843 Cf.
859 2819 946 2846 supra
964 2819 1006 2839 nr.
1019 2814 1078 2839 883.
1165 2813 1193 2847 3)
1214 2813 1255 2848 ΘΓ.
1272 2815 1437 2847 prooemium
1457 2815 1496 2842 ad
1513 2823 1598 2849 snpra
1618 2824 1658 2842 nr.
1671 2819 1730 2843 883.

269 2875 308 2895 n..
321 2876 533 2895 cous‘rl'rurlons
548 2877 574 2896 v.
1565 2875 1614 2903 103
