2158 3138
277 194 315 224 72
719 191 937 219 TRACTATUS
956 191 1004 218 DE
1022 190 1237 218 ELECTIONE.
1275 191 1349 218 1314.
1386 191 1434 217 Nr.
1448 191 1489 217 74.

159 288 207 307 oct.
219 289 251 308 19.
278 278 504 310 Frankenffird
527 282 602 311 ante
626 279 818 310 electionem
841 278 1019 320 predictam
1043 278 1180 310 crastino
1205 278 1293 309 beati
1316 278 1403 309 Luce
1421 278 1577 319 prefixam
1600 277 1732 318 ibidem,
1756 280 1789 309 et
1811 277 1931 309 deinde

147 338 247 358 Nomi-
276 331 307 361 in
335 331 417 361 festo
448 330 535 362 beati
563 331 690 362 Martini
722 329 966 371 quatuordecim
994 330 1083 361 milia
1112 330 1173 371 ipsi
1201 329 1445 371 archiepiscopo
1475 332 1508 361 et
1536 329 1624 360 mille
1654 339 1712 370 pro
1743 328 1932 360 consiliariis

154 377 356 422 Fssssffznsuis,
386 386 418 413 et
445 382 716 414 residua=decem
748 382 836 413 milia
865 382 898 412 in
927 381 1088 413 dominica
1117 381 1283 412 Invocavit
1311 381 1528 423 subsequente
1564 391 1601 412 ac
1639 380 1818 412 duodecim*
1842 381 1932 412 milia

167 444 242 465 lans.
278 434 431 464 librarum
447 433 679 474 Hallen(sium)
702 434 734 464 in
751 433 834 464 festo
859 433 1030 474 epiphanie
1047 433 1177 464 Domini
1202 443 1283 464 nunc
1299 436 1444 464 venturo.
1481 433 1546 464 Pro
1563 433 1734 464 securitate
1757 428 1931 463 solucioni's

277 484 352 516 dicti
370 486 495 526 argenti
519 488 552 516 et
567 484 769 516 Hallensium
787 485 1019 515 constituentes
1041 495 1100 515 nos
1116 485 1219 526 ipsum
1237 484 1446 526 principalem
1465 484 1643 515 debitorem
1661 488 1694 515 et
1708 480 1929 515 fideiussorem
1963 493 1978 512 ι

277 536 363 577 apud
403 536 540 568 eundem
580 536 744 568 dominum
778 536 1064 577 archiepiscopum.
1122 535 1361 568 Constituentes
1394 537 1426 567 >ei
1463 535 1688 567 nichilominus
1726 530 1932 566 fideiussores

276 591 401 619 nostros
418 588 605 618 Heinricum
630 587 743 619 ducem
763 588 890 619 Austrie
911 587 1042 619 fratrem
1067 590 1220 627 nostrum,
1245 587 1398 619 Ottonem
1424 587 1464 619 de
1482 587 1665 629 Strazberg,
1690 582 1932 618 Rfidolfum‘de

276 639 433 680 Nydowe,
453 639 667 670 VVernherum
696 639 737 670 de
761 639 930 680 Homberg
958 634 1091 670 comites
1118 643 1152 671 et
1175 640 1329 671 Ottonem
1359 639 1524 670 dominum
1552 638 1592 670 de
1617 638 1844 679 Ohssenstein,
1878 638 1931 680 qui

277 702 310 721 se
336 694 367 721 ct
384 690 560 732 quemlibet
584 701 694 721 eorum
718 691 749 722 in
773 690 910 722 solidum
926 701 990 722 una
1013 690 1176 722 nobiscum
1195 690 1281 732 apud
1308 690 1445 722 eundem
1464 690 1627 721 dominum
1652 690 1932 731 archiepiscopum

277 742 460 783 obligarunt
483 741 541 772 sub
565 742 626 773 hac
650 742 768 773 forma.
1953 749 1979 770 ¹⁰

386 795 413 824 3.
450 793 544 829 Quod
579 794 605 823 si
638 793 671 824 in
705 803 907 835 quocumque
945 794 1155 825 terminorum
1190 793 1424 835 predictorum,
1461 765 1613 824 videlicet
1650 793 1806 824 festorum
1845 790 1932 824 beati

280 845 419 885 Martini,
453 844 624 886 epiphanie
655 844 785 876 Domini
820 848 853 876 et
884 844 1044 876 dominice
1079 845 1262 885 Invocavit,
1296 845 1499 886 negligentes
1530 854 1675 875 essemus
1702 845 1733 875 in
1767 844 1932 876 solucione

278 897 413 937 pecunie
443 907 501 927 seu
527 896 652 937 argenti
678 907 734 937 pro
758 896 813 927 illo
838 897 975 927 termino
998 896 1221 938 persolvendi,
1246 907 1304 927 nos
1329 901 1362 927 et
1385 896 1462 927 dicti
1486 896 1693 927 fideiussores
1717 897 1817 927 nostri
1835 894 1931 927 wor-

277 948 414 980 maniam
438 947 625 979 intrabimus
642 947 763 979 ibidem
784 949 816 978 in
833 947 979 989 obstagio
1004 951 1037 979 et
1058 959 1148 980 more
1173 948 1328 979 bonorum
1339 947 1568 979 fideiussorum
1591 947 1706 979 stando
1730 951 1764 979 et
1786 946 1932 987 iacendo,

277 999 393 1030 abinde
417 1010 480 1030 non
503 999 669 1038 recessuri,
695 1010 860 1040 quousque
885 999 925 1030 de
949 999 1076 1041 prefato
1101 1003 1235 1041 argento
1260 1010 1317 1031 seu
1336 999 1474 1041 pecnnia
1497 1000 1558 1040 ipsi
1574 999 1819 1041 archiepiscopo
1836 998 1934 1030 fuerit
1953 1006 1978 1028 ιι

279 1049 487 1081 satisfactum.
1055 1063 1058 1065 ·

386 1104 414 1132 4.
450 1101 624 1135 Adiectum
652 1105 701 1133 est
725 1103 839 1143 etiam,
872 1103 959 1144 quod
989 1103 1022 1134 in
1045 1102 1271 1134 Frankenford
1302 1106 1376 1133 ante
1402 1102 1597 1133 eleccionem
1623 1102 1803 1143 predictam
1827 1105 1935 1143 preter

279 1153 440 1194 predictos
470 1153 673 1185 fideiussores
704 1154 959 1195 superaddemus
987 1159 1020 1185 et
1049 1155 1280 1185 constituemus
1304 1154 1416 1195 viginti
1446 1153 1653 1186 fideiussores
1676 1153 1773 1195 alios,
1797 1154 1852 1195 qui
1875 1153 1936 1189 sub

279 1204 382 1236 forma
412 1205 568 1236 consimili
596 1216 653 1246 pro
682 1207 819 1246 pecunia.
847 1205 994 1247 predicta
1023 1216 1057 1237 se
1081 1205 1273 1247 obligabunt
1295 1205 1383 1246 apud
1407 1205 1685 1247 archiepiscopum
1709 1179 1934 1236 meinoratum.

279 1256 373 1291 Quod
397 1257 422 1286 si
446 1267 508 1287 non
532 1257 713 1298 fecerimus,
738 1257 874 1289 eandem
899 1258 1076 1288 iacenciam
1099 1258 1132 1288 in
1145 1257 1366 1288 Wormaciam
1390 1257 1580 1289 intrabimus
1608 1268 1680 1288 cum
1703 1257 1935 1298 prenominatis
1951 1260 1982 1285 ab

277 1308 518 1341 fideiussoribus
542 1310 669 1348 ⁴nostris
701 1310 765 1340 iam
797 1310 924 1350 positis,
958 1309 1076 1340 abinde
1111 1319 1174 1340 non
1209 1309 1383 1347 recessuri,
1419 1308 1523 1340 donec
1556 1309 1692 1350 predicti
1729 1308 1936 1340 fideiussores

278 1359 396 1390 fuerint
419 1360 590 1390 constituti.
638 1359 679 1391 Et
702 1363 818 1391 extunc
842 1360 988 1402 Ruperto
1006 1361 1122 1392 vcomiti
1146 1360 1186 1391 de
1205 1360 1422 1402 Virnemburg
1449 1371 1508 1402 pro
1538 1360 1631 1393 dictis
1654 1358 1828 1391 duodecim
1853 1355 1935 1392 milia

280 1411 337 1442 bus
359 1410 513 1442 librarum
537 1411 767 1453 Hallen(sium)
790 1411 995 1443 fideiussores
1019 1415 1052 1444 et
1075 1413 1258 1444 cautionem
1282 1413 1364 1443 sicut
1387 1413 1448 1453 ipsi
1471 1412 1715 1453 archiepiscopo
1739 1411 1808 1443 fieri
1832 1411 1934 1444 facie-

279 1473 349 1492 mus
372 1462 430 1493 sub
455 1473 539 1503 pena
563 1463 704 1494 iacencie
729 1463 874 1504 predicte
899 1468 931 1495 et
954 1474 1012 1505 per
1035 1464 1096 1495 hoc
1120 1465 1238 1495 erimus
1263 1463 1303 1495 de
1328 1465 1374 1495 eis
1397 1464 1438 1495 ab
1468 1465 1538 1506 ipso
1562 1464 1807 1505 archiepiscopo
1831 1465 1934 1505 quitti.

387 1517 415 1545 5.
450 1514 566 1545 Frater
589 1518 697 1546 noster
721 1516 823 1547 eciam
848 1515 1018 1547 Heinricus
1042 1515 1206 1557 predictus
1229 1516 1468 1547 matrimonium
1492 1515 1661 1547 contrahet
1677 1525 1749 1547 cum
1765 1515 1934 1547 Elizabeth
1954 1522 1981 1543 ²³

279 1576 388 1597 sorore
413 1567 538 1606 comitis
562 1566 602 1597 de
621 1567 837 1611 Virnemburg
860 1567 1007 1610 predicti,
1032 1568 1114 1599 sicut
1137 1571 1186 1599 est
1209 1567 1420 1599 condictum.

382 1620 416 1648 6.
451 1617 493 1648 Et
520 1619 545 1648 si
570 1618 655 1659 quod
679 1618 772 1650 'absit
790 1619 879 1657 dicta
899 1630 958 1650 sex
986 1620 1073 1651 milia
1101 1619 1280 1658 marcarum
1309 1591 1437 1661 argenti
1459 1615 1534 1650 ante
1558 1619 1756 1650 eleccionem
1781 1618 1935 1650 solvenda

280 1669 310 1699 in
335 1668 575 1709 Frankenfoiffd
606 1674 643 1701 ut
664 1673 713 1702 cst
745 1666 891 1710 dictum,
907 1675 969 1702 non'
993 1669 1154 1711 daremus,
1179 1671 1278 1702 dicta
1288 1671 1401 1702 decem
1424 1669 1513 1701 milia
1532 1681 1619 1701 nunc
1643 1671 1746 1712 primo
1770 1670 1935 1710 solvenda,

280 1721 306 1751 si
331 1720 406 1751 data
430 1720 557 1758 fuerint
583 1726 615 1752 et
638 1722 724 1753 mille
750 1733 806 1763 pro
831 1723 1019 1758 consiliariis
1043 1726 1135 1755 erunt
1158 1723 1271 1764 quitta,
1295 1725 1328 1754 et
1350 1723 1420 1764 ipse
1444 1722 1706 1764 archiepiscopus
1736 1733 1754 1753 a
1778 1723 1936 1764 promisso
1964 1752 1967 1755 ,

281 1783 337 1802 suo
362 1772 402 1802 (le
428 1773 578 1813 eligendo
604 1773 733 1805 fratrem
759 1778 903 1805 nostrum
926 1778 982 1805 ant
1006 1785 1063 1806 nos
1086 1774 1261 1805 absolutus.
1952 1781 1983 1800 ³⁰

390 1826 418 1854 7.
455 1823 573 1855 Cetera
596 1826 702 1856 omnia
730 1826 813 1856 inter
838 1827 942 1867 ipsum
975 1825 1252 1867 archiepiscopum
1276 1836 1335 1867 pro
1358 1836 1407 1863 se,
1442 1825 1572 1856 domino
1597 1825 1637 1856 dc
1654 1825 1881 1867 Valkemburg
1904 1829 1938 1857 et

282 1874 322 1905 de
346 1876 548 1916 prepositura
563 1876 707 1922 Aquensi
731 1881 765 1908 et
789 1888 845 1909 nos
869 1878 1043 1918 condictus,
1066 1878 1092 1908 si
1116 1878 1278 1922 premissa,
1294 1880 1368 1909 ante
1394 1878 1592 1908 eleccionem
1616 1877 1779 1918 explenda
1804 1877 1938 1919 expleta

281 1927 408 1967 fuerint,
433 1928 645 1959 remanebunt
668 1929 700 1959 in
715 1930 825 1970 vigore
850 1941 907 1972 suo
931 1930 1020 1968 iuxta
1043 1940 1140 1971 super
1162 1930 1224 1961 hoc
1248 1929 1465 1970 confectarum
1490 1929 1723 1961 continenciam
1745 1929 1936 1967 litterarum.

389 1979 425 2009 In
450 1980 539 2010 cuius
562 1980 607 2010 rei
632 1981 850 2011 testimonium
875 1975 1042 2022 presentes
1064 1981 1188 2012 litteras
1213 1985 1331 2021 nostro,
1355 1980 1500 2012 Heinrici
1524 1980 1632 2012 fratris
1655 1981 1767 2020 nostri,
1784 1981 1938 2012 comitum

282 2035 314 2061 et
338 2030 492 2062 nobilium
517 2031 731 2072 predictorum
757 2032 869 2073 sigillis
894 2034 952 2074 ipsi
976 2033 1220 2075 archiepiscopo
1245 2044 1302 2074 pro
1331 2043 1366 2064 se
1398 2037 1431 2063 et
1453 2033 1565 2064 amicis
1589 2033 1653 2063 suis
1677 2032 1826 2064 dedimus
1849 2043 1936 2064 com·
1955 2036 1981 2071 ’ξ

282 2083 430 2113 munitas.

390 2134 432 2165 Et
455 2145 511 2165 nos
535 2134 706 2166 Heinricus
729 2135 791 2166 Dei
815 2137 920 2177 gratia
944 2136 1009 2167 dux
1033 2137 1162 2167 Austrie
1187 2136 1359 2177 predictus,
1385 2136 1462 2167 Otto
1487 2135 1527 2167 de
1544 2135 1727 2178 Strazberg,
1749 2134 1937 2176 Rfid(olfus)

283 2186 323 2217 de
341 2186 498 2227 Nydowe,
517 2185 750 2227 Wernh(erus)>
769 2187 812 2218 de
835 2187 1005 2229 Homberg
1028 2189 1162 2219 comites
1186 2191 1219 2219 et
1235 2187 1313 2220 Otto
1338 2187 1486 2219 dominus
1510 2187 1551 2219 de
1568 2187 1778 2219 Ohssenstein
1801 2183 1938 2229 predicti

283 2238 543 2279 recognoscimus
572 2238 728 2279 premissa
758 2239 865 2270 omnia
893 2242 925 2270 et
955 2240 1081 2281 singula
1104 2250 1180 2271 vera
1210 2250 1282 2271 esse
1311 2243 1344 2270 et
1366 2250 1424 2270 nos
1446 2250 1506 2280 pro
1530 2239 1616 2271 dicta
1639 2241 1776 2281 pecunia
1800 2239 1937 2281 aliisque

282 2289 437 2330 predictis
459 2289 654 2323 fideiussisse
679 2289 910 2322 etfideiubere
935 2301 1012 2332 erga
1035 2291 1249 2322 reverendum
1273 2291 1303 2321 in
1327 2291 1455 2322 Christo
1479 2294 1605 2332 patrem
1629 2291 1794 2322 dominum
1818 2289 1936 2327 H(einss
1955 2295 1984 2314 ⁴⁰

283 2341 398 2380 ricum)
421 2341 698 2382 archiepiscopum
724 2341 904 2382 predictum
928 2352 987 2383 per
1009 2342 1106 2373 fidem
1130 2346 1272 2373 nostram
1289 2342 1500 2383 corporaliter
1514 2342 1694 2384 prestitam,
1711 2343 1938 2385 promittentes

285 2393 391 2424 omnia
419 2396 452 2424 et
483 2393 608 2435 singula
638 2394 796 2434 premissa
823 2393 957 2425 firmiter
985 2397 1018 2425 et
1041 2394 1268 2425 inviolabiliter
1292 2393 1480 2434 observare,
1505 2394 1611 2435 sigilla
1633 2397 1743 2425 nostra
1767 2394 1800 2424 in
1824 2393 1938 2425 horum

284 2446 503 2476 testimonium
527 2445 730 2486 presentibus
753 2445 955 2487 apponendo.
1932 2451 1939 2454 ‘

392 2497 460 2528 Nos
494 2500 602 2528 tamen
625 2497 852 2535 Wernh(erus)
889 2507 997 2528 comes
1032 2497 1072 2528 de
1103 2496 1293 2538 Hombergh
1327 2508 1385 2561 pro
1421 2497 1514 2528 nobis
1548 2497 1628 2528 duos
1663 2496 1781 2528 milites
1816 2504 1937 2538 ponere

284 2549 462 2590 poterimus
485 2550 516 2580 in
540 2549 710 2580 iacentiam
735 2553 957 2580 memoratam.
1181 2574 1183 2576 .
1956 2553 1984 2572 ⁴⁵

392 2601 511 2633 Actum
542 2603 574 2631 et
601 2600 712 2632 datum
740 2600 825 2642 apud
854 2599 979 2642 Sygen,
1004 2600 1084 2631 feria
1118 2601 1219 2631 tercia
1255 2603 1327 2641 post
1360 2600 1477 2631 festum
1509 2600 1597 2632 beati
1631 2600 1754 2632 Mathei
1788 2599 1938 2641 apostoli,
1972 2620 1975 2625 .

285 2662 368 2683 anno
392 2652 523 2683 Domini
546 2652 716 2684 millesimo
741 2654 966 2684 trecentesimo
991 2651 1243 2693 quartodecimo.
