2158 3138
321 203 362 233 88
764 197 983 224 TRAC'PATUS
1001 197 1050 223 DE
1068 196 1281 224 ELECTIONE.
1318 197 1393 224 1314.
1429 197 1478 224 Nr.
1491 197 1533 224 93.

321 287 399 319 dere
423 290 456 318 et
479 297 607 318 servare
631 289 663 317 et
686 287 717 317 in
741 285 934 316 contrarium
957 295 1120 326 nunquam
1143 284 1306 326 aliquibus
1329 287 1410 325 arte,
1434 284 1564 326 ingenio
1586 284 1639 314 vel
1662 283 1770 314 colore
1794 282 1901 314 facere
1921 283 1974 315 vel

323 340 431 370 venire
464 349 522 370 nec
557 338 792 379 absolutionem
824 336 981 366 dictorum
1012 336 1266 367 iuramentorum
1293 347 1313 367 a
1344 346 1469 367 summo
1498 335 1649 377 pontifice
1676 334 1730 366 vel
1762 345 1781 365 a
1811 345 1974 376 quoquam

322 391 385 422 alio
413 401 471 431 per
498 390 585 431 ipsos
611 389 663 420 vel
690 398 748 429 per
775 388 856 418 alios
880 390 1007 428 petere,
1031 387 1176 428 recipere
1199 387 1251 419 vel
1274 387 1396 419 habere
1428 398 1487 418 nec
1510 386 1557 418 uti
1580 386 1823 428 quomodolibet
1844 387 1876 417 in
1899 396 1974 428 pre·

323 442 415 473 dictis
437 441 632 476 iuramentis,
654 441 755 481 pactis
779 442 811 470 et
834 438 1092 479 stipulationibus
1115 438 1316 470 absolutione
1341 440 1452 480 quavis
1475 439 1588 470 habita
1604 439 1656 469 vel
1678 437 1839 478 habenda,
1862 442 1912 470 set
1935 448 1975 469 ea

321 505 383 525 non
408 493 556 524 obstante
580 493 736 533 premissa
752 494 940 522 remaneant
961 491 993 521 in
1010 490 1107 531 plena
1130 490 1254 522 roboris
1269 491 1432 522 firmitate.
1479 490 1747 531 Ren(unciantes)
1770 500 1830 531 per
1844 493 1975 531 pactum
2006 498 2020 517 ⁵

323 555 509 586 expressum
534 544 619 575 omni
642 544 702 574 iuri
726 543 877 573 canonico
909 541 960 573 vel
983 542 1077 582 civili,
1101 543 1184 583 usui,
1209 542 1452 582 consuetudini,
1479 543 1584 584 gratie
1609 545 1643 574 et
1665 542 1833 584 privilegio
1856 541 1976 574 habitis

322 597 372 627 vel
396 595 563 633 habendis,
586 606 645 636 per
668 606 729 636 que
753 597 863 635 posset
886 594 1027 635 presenti
1052 593 1246 625 ordinationi
1273 594 1305 624 in
1337 594 1473 625 solidum
1496 594 1548 625 vel
1575 594 1606 625 in
1638 597 1763 636 partem
1793 593 1976 634 aliqualiter

323 648 479 689 derogari.
537 646 579 677 Et
613 646 654 677 ad
689 647 845 687 premissa
879 645 999 676 virilius
1035 648 1067 676 et
1097 645 1259 676 efficacius
1295 645 1488 687 exequenda
1524 645 1564 676 ad
1599 645 1753 676 honorem
1789 649 1822 676 et
1857 648 1976 676 statum

322 699 449 740 imperii
478 698 604 729 illesum
632 698 663 728 in
691 697 751 728 hac
776 700 869 738 parte
897 697 1016 738 iugiter
1043 697 1315 737 conservandum,
1346 697 1406 739 ipsi
1441 708 1475 728 se
1499 698 1617 728 unione
1640 697 1721 739 lige,
1747 697 1920 728 voluntatis
1943 699 1977 728 et

324 751 441 782 federis
464 751 601 780 invicem
624 749 782 780 unierunt.
1788 776 1791 780 ,
1995 756 2022 776 ιο

429 801 550 832 Datum
586 804 618 832 et
651 803 757 832 actum
791 801 823 831 in
858 801 998 842 quodam
1029 805 1122 843 prato
1152 802 1242 832 iuxta
1273 811 1387 832 nemus
1416 801 1529 832 subtus
1559 801 1739 842 Faverges,
1769 801 1820 832 die
1850 800 1977 832 decima

323 855 459 895 septima
482 853 600 884 mensis
625 852 767 892 Octobr„
790 852 945 884 inditione
970 852 1173 892 duodecima,
1197 863 1279 884 anno
1305 853 1481 884 nativitatis
1506 852 1637 884 Domini
1657 852 1827 884 millesimo
1849 856 1976 883 tercen-

325 905 454 936 tesimoi
483 905 609 935 decimo
637 908 763 946 quarto.
808 903 1020 936 Presentibus
1052 904 1188 936 testibus
1210 905 1332 936 vocatis
1363 908 1396 936 et
1422 905 1544 947 rogatis
1567 904 1719 936 videlicet
1742 904 1871 936 domino
1896 903 1976 935 Gui-

327 967 410 998 gone
437 956 611 987 Alamandi
640 956 769 987 domino
790 955 1064 997 Vallisbon(esii),
1093 956 1222 988 domiuo
1250 956 1392 988 Iacelmo
1424 956 1464 998 de
1494 956 1629 998 Gralea,
1664 956 1792 988 domino
1817 956 1976 996 Amedcm,

323 1008 452 1039 domino
482 1007 521 1039 de
546 1007 753 1048 Ornassiaoo,
783 1007 912 1039 domino
941 1007 1083 1049 Hugone
1107 1007 1147 1039 de
1172 1007 1343 1048 Oomeriis,
1374 1008 1503 1039 domino
1533 1009 1676 1050 Aymaro
1706 1007 1746 1039 de
1769 1007 1975 1039 Bellovidere
1997 1017 2022 1037 is

323 1060 490 1098 militibus,
526 1059 624 1090 fratre
659 1058 834 1090 Guillelmo
867 1059 908 1090 de
944 1059 1134 1090 Boczozello
1168 1064 1360 1101 preceptore
1398 1058 1623 1091 Chambariaci
1663 1063 1696 1091 et
1733 1059 1897 1091 Anthonio
1936 1058 1977 1090 de

323 1112 538 1144 Claromonte.

430 1188 554 1225 Quibus
580 1189 625 1220 sic
654 1189 734 1220 actis
764 1188 901 1230 predicti
935 1188 1055 1220 domini
1085 1213 1091 1220 .
1115 1187 1146 1219 ,ἱ
1177 1199 1285 1220 comes
1320 1191 1353 1220 et
1377 1214 1383 1220 .
1407 1214 1414 1222 .
1438 1188 1620 1230 Delphinus
1643 1191 1859 1230 preceperunt
1881 1188 1979 1220 michi

321 1242 449 1273 notario
475 1240 678 1281 infrascripto
703 1240 743 1271 de
766 1240 919 1282 predictis
944 1240 1090 1271 omnibus
1114 1243 1147 1271 et
1170 1240 1302 1281 singulis
1326 1240 1389 1271 duo
1413 1241 1464 1271 vel
1481 1240 1573 1282 plura
1590 1240 1698 1272 facere
1716 1240 1847 1282 publica
1862 1241 1978 1272 instru-

323 1296 432 1324 menta
455 1293 547 1324 unius
572 1295 604 1323 et
627 1292 772 1323 eiusdem
795 1293 916 1324 tenoris
940 1292 981 1323 ad
1006 1303 1086 1334 opus
1109 1291 1311 1323 dominorum
1336 1292 1524 1324 eorundem.
1997 1306 2025 1326 so

429 1344 471 1375 Et
504 1354 565 1386 ego
594 1343 756 1375 Iohannes
785 1343 927 1375 Bonardi
962 1344 1154 1375 auctoritate
1188 1343 1349 1385 imperiali
1382 1343 1528 1385 publicus
1563 1345 1706 1375 notarius
1739 1343 1800 1375 hiis
1831 1343 1980 1376 omuibus

324 1396 454 1428 interfui
479 1399 511 1427 et
534 1398 665 1438 rogatus
688 1396 812 1437 recepi,
837 1396 949 1437 scripsi
979 1398 1013 1427 et
1039 1396 1072 1427 in
1100 1395 1263 1437 publicam
1287 1395 1424 1428 formam
1449 1396 1563 1437 redegi
1590 1399 1623 1427 et
1645 1397 1736 1437 signo
1759 1406 1833 1427 meo
1857 1396 1981 1438 signavi

326 1459 389 1479 una
412 1459 484 1479 cum
508 1448 606 1490 signis
629 1448 775 1488 magistri
790 1447 947 1479 Bernardi
964 1447 1005 1479 de
1021 1447 1166 1479 Mercato
1183 1450 1216 1479 et
1231 1447 1364 1479 Andree
1382 1447 1507 1489 quppi
1521 1447 1747 1490 notar(iorum)
1767 1447 1979 1489 publicorum.

390 1533 434 1575 (S.
451 1533 503 1575 N.)
527 1533 598 1575 Ego
614 1537 723 1565 autem
740 1533 927 1566 Bernardus
943 1533 983 1565 de
1000 1533 1126 1565 Merca·
1267 1532 1314 1575 (S.
1337 1533 1390 1574 N.)
1425 1533 1496 1576 Ego
1530 1537 1640 1565 autem
1673 1533 1822 1565 Andreas
1857 1532 1981 1576 Czuppi

326 1590 357 1617 to
382 1586 422 1617 de
450 1585 566 1617 Yanna
587 1589 791 1617 sacrosancte
818 1585 966 1617 Romane
991 1585 1126 1617 ecclesie
1180 1585 1340 1626 imperiali
1364 1586 1555 1618 auctoritate
1579 1585 1725 1628 publicus
1751 1586 1894 1618 notarius
1916 1585 1979 1617 hiis
1997 1594 2024 1614 π

326 1648 362 1668 ac
387 1638 469 1668 sacri
492 1638 618 1679 imperii
641 1638 835 1669 auctoritate
863 1637 1012 1679 publicus
1035 1641 1126 1669 nota·
1181 1636 1329 1668 omnibus
1366 1647 1429 1668 una
1467 1648 1539 1669 cum
1577 1637 1730 1680 predictis
1766 1637 1910 1669 Iohanne
1948 1640 1982 1669 et

326 1690 390 1720 rius
405 1689 467 1720 hiis
484 1689 630 1720 omnibus
647 1699 710 1720 una
726 1699 799 1720 cum
812 1689 966 1730 predictis
982 1689 1127 1720 Iohanne
1181 1688 1347 1719 Bernardo
1373 1689 1505 1720 notariis
1528 1699 1660 1732 presens
1683 1689 1729 1720 fui
1753 1693 1786 1720 et
1807 1692 1939 1731 rogatus
1962 1699 1982 1720 a

329 1745 361 1772 et
383 1741 515 1772 Andrea
539 1740 687 1771 notariis¹
711 1751 844 1782 presens
868 1740 913 1772 fui
943 1745 976 1772 et
998 1744 1130 1782 rogatus
1182 1739 1337 1782 predictis
1375 1739 1511 1772 dominis
1549 1742 1695 1773 comite·²¹
1740 1744 1773 1772 et
1818 1740 1980 1782 Dalphino

329 1803 348 1823 a
382 1792 538 1834 predictis
572 1792 710 1823 dominis
746 1793 862 1824 comite
902 1795 935 1824 et
965 1792 1128 1834 Dalphino
1182 1791 1276 1822 huicn
1304 1793 1447 1832 presenti
1479 1793 1609 1834 publico
1643 1792 1854 1824 instrumento
1884 1784 1982 1823 manu

327 1844 400 1875 huic
434 1845 578 1886 presenti
616 1844 746 1885 publico
785 1845 996 1875 instrumento
1031 1854 1128 1875 manu
1181 1843 1311 1884 propria
1335 1853 1387 1874 me
1412 1844 1585 1886 subscripsi
1607 1845 1776 1886 ipsumque
1800 1844 1891 1886 signo
1906 1854 1980 1875 meo
1999 1850 2025 1869 ³⁰

326 1897 456 1938 propria
480 1907 531 1927 me
555 1895 728 1937 subscripsi
751 1897 921 1938 ipsumque
938 1896 1029 1938 signo
1053 1906 1127 1926 meo
1181 1897 1334 1925 consueto
1359 1896 1492 1938 signavi.

328 1951 480 1979 consueto
504 1948 637 1990 signavi.

434 2025 502 2056 Nos
526 2036 602 2057 vero
626 2036 735 2058 comes
758 2029 791 2058 et
813 2025 1014 2067 Delphinus⁰
1037 2025 1173 2067 predicti
1197 2028 1380 2056 asserentes
1411 2025 1596 2066 supradicta
1623 2026 1772 2056 universa
1800 2029 1834 2057 et
1855 2025 1981 2067 singula

328 2076 397 2108 fore
428 2088 506 2109 vera
540 2082 572 2109 et
604 2088 643 2109 ea
674 2078 740 2109 sicp
767 2088 826 2119 per
854 2083 931 2108 nosq
959 2081 1032 2108 acta
1059 2080 1092 2109 et
1119 2077 1277 2119 promissa
1306 2077 1433 2117 fuisse‘,
1463 2081 1558 2118 prout
1591 2078 1739 2119 superius
1769 2077 1981 2118 continentur,

328 2129 433 2170 sigilla
456 2132 565 2161 nostra
587 2129 661 2161 huic
683 2130 825 2171 presenti
847 2129 977 2171 publico
1000 2130 1213 2160 instrumento
1230 2129 1350 2170 apponi
1372 2129 1508 2160 fecimus
1530 2130 1562 2160 in
1586 2129 1684 2160 robur
1707 2132 1740 2160 et
1762 2130 1982 2161 testimonium
2000 2136 2026 2156 ³⁵

329 2181 470 2212 omnium
493 2182 731 2222 premissorum.

436 2233 554 2264 Datum
580 2243 674 2274 anno,
698 2233 760 2274 die,
784 2233 940 2265 inditione
965 2236 999 2264 et
1020 2232 1102 2274 loco,
1127 2232 1242 2274 quibus
1265 2243 1371 2274 supra.

432 2335 479 2363 98.
506 2336 525 2368 ¹)
546 2337 583 2362 ica
609 2337 628 2362 1.
649 2336 672 2362 2.
769 2335 795 2368 ¹¹)
814 2356 820 2362 .
840 2358 845 2363 .
864 2341 925 2370 poet
949 2337 1011 2362 add.
1032 2336 1057 2362 2.
1153 2334 1173 2370 1)
1191 2337 1241 2362 hiis
1265 2337 1385 2362 omnibus
1411 2336 1474 2362 add.
1493 2337 1568 2362 etiam
1591 2337 1632 2362 lu‘c
1654 2337 1678 2363 2.
1778 2336 1811 2369 ¹¹²)
1835 2338 1939 2363 comitto
1957 2336 1982 2362 2.

328 2378 354 2411 ¹²)
373 2379 440 2405 deest
459 2380 481 2405 1.
569 2379 594 2411 ⁰)
613 2380 758 2413 Dalphinus
777 2380 801 2405 2.
889 2379 915 2413 P)
933 2380 974 2406 hic
993 2380 1060 2405 deest
1078 2379 1103 2405 2.
1191 2379 1216 2412 ⁴1)
1234 2380 1272 2405 sic
1289 2379 1351 2405 add.
1370 2378 1395 2405 2.
1482 2379 1504 2411 ¹²)
1523 2380 1593 2405 deest
1611 2379 1635 2406 2.
