2184 3126
322 169 384 199 646
595 161 692 188 ACTA
710 159 823 187 REGNI
842 156 1025 185 LUDEWICI
1043 156 1091 183 IV.
1110 155 1156 182 ET
1175 154 1360 182 FRIDERICI
1379 154 1427 181 111.
1465 152 1540 181 1323.
1575 153 1625 180 Nr.
1637 153 1697 180 824.

430 251 478 281 18.
514 247 638 280 Scimus
656 250 688 278 et
710 247 742 277 in
757 244 914 276 nonnullis
930 242 1074 284 partibus
1089 241 1197 273 Ytalie
1215 243 1264 271 est
1279 239 1435 279 auditum,
1453 239 1540 281 quod
1555 239 1598 270 ad
1613 238 1827 270 reverendum
1842 241 1970 280 patrem

322 301 484 333 dominum
509 324 540 331 ..
565 298 774 338 cardinalem,
804 296 858 337 qui
885 295 917 325 in
943 294 1012 324 istis
1041 292 1186 334 partibus
1213 291 1390 333 legacionis
1420 290 1526 322 officio
1555 290 1764 333 fungebatur,
1794 301 1970 332 generosos

321 354 406 384 viros
428 352 561 383 comites
583 349 714 380 nuncios
737 346 980 385 destinavimus,
1008 343 1148 375 facturos
1177 343 1246 374 eius
1268 342 1387 373 auxilio
1411 352 1541 383 pacem,
1570 344 1702 385 treugas
1726 345 1758 374 et
1781 343 1970 376 concordias

321 403 404 434 inter
418 404 535 443 partes,
552 411 613 442 que
629 400 689 431 sibi
705 399 841 430 invicem
857 406 998 438 guerras,
1014 395 1087 426 lites
1104 397 1137 426 et
1152 393 1237 425 mala
1253 393 1392 435 plurima
1406 393 1598 435 inferebant,
1615 393 1777 436 frequenti
1793 395 1970 428 earundem

321 454 463 495 parcium
491 452 707 494 querimoniap
731 453 764 481 et
790 449 920 491 pietatis
949 447 1055 478 officio
1084 446 1224 477 excitati.
1270 445 1346 486 Ipse
1368 454 1445 476 vero
1468 445 1610 487 legatus,
1640 446 1695 487 qui
1725 447 1812 477 venit
1840 447 1970 480 mittere

321 515 384 536 non
407 514 530 545 pacem,
554 506 602 534 set
624 501 802 543 gladium¹‚
833 499 920 541 quod
942 508 999 530 sue
1023 497 1214 539 professioni
1241 497 1372 528 minime
1402 496 1615 538 congruebat,
1647 497 1750 529 dictos
1777 498 1910 530 nuncios
1937 503 1971 532 et

322 566 433 587 eorum
456 555 540 586 dicta
563 557 596 585 et
618 554 719 585 bonas
749 552 993 584 exhortaciones
1020 553 1053 581 et
1080 549 1246 590 rogamina
1274 558 1339 579 non
1366 547 1551 590 attendens,
1581 549 1676 580 nimis
1705 559 1762 581 eos
1791 549 1912 582 dimisit
1937 552 1971 583 in

321 610 461 638 nostram
485 609 517 637 et
542 606 683 646 ipsorum
706 603 913 645 ignominiam
937 601 1103 632 inhoneste
1133 603 1166 631 et
1189 599 1309 631 bellum
1333 599 1482 631 fidelibus
1504 599 1800 634 Mediolanensibus
1828 605 1862 634 et
1884 602 1970 635 obsi-

322 657 449 688 dionem
472 657 591 688 civitati
613 657 645 687 in
667 656 783 687 virtute
806 654 913 686 valida
936 653 1120 695 preparavit
1142 652 1310 693 ipsamque
1337 652 1371 682 in
1393 654 1535 683 nostram
1562 654 1595 684 et
1617 653 1716 694 ipsius
1738 654 1821 685 sacri
1843 653 1972 696 imperii

320 709 465 740 iniuriam
489 717 605 749 capere
630 708 714 738 nisus
737 707 811 746 fuit,
838 705 952 747 quibus
976 704 1053 735 dicti
1075 704 1209 735 comites
1232 706 1388 744 quantum
1409 706 1561 744 poterant
1581 704 1759 745 presidium
1781 705 1970 738 afferebant.

320 761 357 791 In
381 770 443 801 quo
465 770 529 790 non
545 759 687 791 Galeazii
704 761 736 790 et
752 759 886 789 fratrum
902 767 1041 796 suorum,
1065 759 1114 787 set
1130 757 1273 786 nostrum
1298 757 1331 786 et
1351 755 1432 786 sacri
1448 754 1575 797 imperii
1589 757 1761 797 negocium
1777 759 1884 789 actum
1900 757 1971 797 fuit,

319 821 379 843 nec
401 811 478 852 ipsis
501 811 644 842 defensio
668 820 725 841 seu
746 809 837 840 favor
860 811 932 839 sunt
955 807 1099 848 exhibiti,
1124 817 1204 848 quos
1228 809 1354 837 constat
1379 809 1522 838 remotos
1544 817 1564 838 a
1587 807 1652 839 suis
1675 808 1789 840 officiis
1812 810 1969 841 extitisse.

430 864 478 893 19.
513 861 576 893 Sed
604 864 690 893 certe
720 871 814 902 quam
846 861 877 891 in
909 870 967 891 nos
998 859 1177 900 retorqueri
1209 858 1320 889 nititur
1349 857 1565 890 hereticorum
1598 861 1631 891 et
1661 859 1832 892 rebellium
1861 863 1972 893 sancte

320 913 466 945 Romane
495 913 630 945 ecclesie
660 913 845 950 fautoriam,
875 922 932 942 nos
962 910 1021 941 sibi
1049 910 1110 951 ipsi
1139 909 1316 940 obicientes
1345 911 1379 940 et
1405 912 1518 941 contra
1545 920 1620 942 eum
1641 910 1704 943 Dei
1732 911 1802 943 zelo
1827 911 1916 944 ducti
1935 913 1973 944 'et

322 964 491 996 christiane
514 964 589 995 fidei
612 964 737 996 fervore
761 963 886 995 accensi
913 962 954 993 ad
977 960 1256 992 conservacionem
1284 959 1361 991 fidei
1387 962 1421 991 et
1448 960 1702 1002 extirpacionem
1729 962 1850 995 zizanio
1877 963 1972 996 here-

321 1016 383 1047 tice
409 1016 575 1057 pravitatis
603 1015 750 1054 dicimus,
781 1014 988 1055 proponimus
1017 1015 1051 1044 et
1077 1023 1135 1043 nos
1160 1011 1365 1053 astringimus
1395 1014 1428 1043 et
1459 1011 1624 1044 offerimus
1651 1023 1761 1045 coram
1787 1014 1974 1047 reverendis

321 1067 464 1108 patribus
489 1066 623 1098 dominis
647 1066 860 1098 cardinalibus
882 1075 946 1096 non
969 1064 1124 1105 suspectis
1152 1066 1207 1095 aut
1232 1064 1265 1094 in
1288 1062 1459 1095 collatione
1483 1064 1565 1095 sacri
1587 1063 1898 1106 conciliigeneralis
1919 1066 1975 1098 vel

322 1118 410 1158 alias,
433 1118 487 1149 ubi
511 1121 700 1158 oportunum
724 1118 828 1158 fuerit,
851 1116 996 1157 legitime
1020 1115 1221 1156 probaturos,
1245 1114 1332 1156 quod
1354 1115 1423 1156 ipse
1447 1117 1498 1146 est
1519 1114 1746 1158 dissimulator,
1770 1116 1923 1149 defensor
1941 1121 1976 1150 et

322 1169 427 1200 fautor
449 1169 590 1200 heretice
613 1169 779 1210 pravitatis
811 1168 893 1209 eius,
927 1177 990 1209 que
1022 1169 1121 1198 totam
1152 1169 1295 1198 sanctam
1323 1166 1494 1198 ecclesiam
1522 1167 1622 1198 inficit
1650 1170 1684 1199 et
1705 1168 1878 1200 conturbat
1899 1170 1933 1201 et
1954 1179 1975 1200 a

322 1220 519 1251 confessione
543 1220 677 1251 retrahit
692 1221 872 1261 penitentes
895 1222 927 1250 et
942 1218 1135 1260 generandis
1151 1218 1183 1249 in
1206 1218 1320 1259 spiritu
1335 1218 1420 1250 viam
1444 1218 1575 1249 claudit.
1620 1218 1705 1250 Nam
1721 1229 1794 1251 cum
1816 1219 1859 1251 ad
1874 1220 1976 1262 ipsius

321 1273 436 1302 summi
458 1271 614 1313 pontificis
636 1271 838 1303 audienciam
860 1270 1010 1313 gravibus
1035 1274 1068 1302 et
1090 1269 1313 1312 frequentibus
1336 1270 1666 1312 archiepiscoporum,
1693 1272 1917 1314 episcoporum
1942 1274 1976 1304 et

322 1323 543 1354 nonnullorum
565 1323 725 1354 inferioris
748 1322 866 1364 gradus
893 1322 1092 1364 prelatorum
1122 1322 1329 1363 querimoniis
1356 1321 1398 1352 sit
1425 1321 1600 1354 deductum
1627 1326 1661 1355 et
1686 1322 1832 1365 legitime
1854 1333 1974 1366 propo-

323 1376 416 1406 situm
445 1385 552 1405 coram
583 1384 622 1406 eo
653 1378 763 1406 contra
789 1374 976 1416 generalem
1003 1374 1198 1415 ministrum,
1231 1372 1396 1413 custodes,
1426 1373 1600 1414 gardianos
1626 1377 1660 1406 et
1690 1375 1807 1407 fratres
1833 1375 1976 1408 Minores

323 1426 440 1457 ordinis
468 1426 568 1457 sancti
590 1425 766 1466 Francisci,
796 1426 882 1468 quod
910 1426 972 1467 ipsi
1000 1426 1062 1457 sint
1090 1428 1215 1457 secrete
1244 1424 1453 1457 confessionis
1475 1425 1694 1466 penitencium
1717 1427 1913 1469 proditores,
1943 1431 1978 1460 et

323 1480 486 1518 peteretur
507 1477 547 1508 ab
572 1487 625 1518 eo,
652 1480 688 1508 ut
714 1478 775 1509 hoc
806 1481 958 1519 tanquam
985 1477 1290 1519 perniciosissimum
1312 1477 1345 1508 in
1376 1477 1514 1509 ecclesia
1541 1480 1652 1510 sancta
1674 1478 1752 1519 Dei,
1779 1479 1865 1511 unde
1888 1481 1974 1522 peri·

324 1529 513 1560 clitabantur
535 1529 651 1569 anime,
674 1528 779 1560 aditus
802 1529 844 1560 ad
860 1530 1002 1571 graciam
1026 1529 1202 1560 obstruitur
1224 1532 1258 1560 et
1279 1532 1486 1570 peccatorum
1509 1529 1655 1562 remissio
1678 1530 1862 1573 negligitur,
1885 1532 1976 1564 iuxta

324 1580 466 1611 debitum
489 1581 659 1621 pastoralis
676 1580 771 1612 officii
789 1581 986 1621 emendaret,
1008 1582 1078 1622 ipse
1095 1584 1250 1622 tanquam
1266 1580 1520 1623 tergiversando,
1544 1580 1775 1614 dissimulando
1791 1586 1825 1615 et
1840 1583 1976 1615 celando

323 1631 469 1663 morbum
491 1632 673 1663 huiusmodi
696 1632 883 1674 pestiferum
907 1635 940 1664 et
962 1633 1094 1664 letalem
1121 1635 1260 1664 mortem
1285 1633 1392 1664 anime
1420 1636 1612 1674 perpetuam
1639 1633 1832 1667 inferentem
1863 1645 1976 1667 curare

325 1683 486 1715 salutifero
511 1686 544 1715 et
567 1683 674 1715 debito
690 1683 903 1716 medicamine
927 1695 991 1716 non
1015 1684 1147 1724 curavit,
1171 1683 1264 1716 dictis
1288 1684 1439 1716 fratribus
1461 1685 1494 1716 in
1509 1685 1570 1717 hac
1593 1688 1686 1727 parte
1702 1689 1812 1718 sancte
1827 1686 1976 1719 Romane

326 1735 459 1766 ecclesie
483 1738 515 1766 et
536 1735 611 1766 fidei
634 1735 796 1767 katholice
820 1737 956 1768 inimicis
979 1737 1176 1768 constituens
1198 1747 1232 1768 se
1257 1735 1448 1768 fautorem².

427 1783 481 1818 20.
516 1786 675 1828 Ceterum,
699 1791 795 1828 prout
817 1788 911 1819 certis
933 1790 1025 1829 patet
1046 1787 1172 1819 indiciis
1196 1791 1229 1820 et
1252 1787 1454 1820 evidentibus
1477 1789 1654 1821 connicitur
1675 1790 1884 1831 argumentis,
1907 1791 1992 1832 ipse-

326 1842 435 1869 contra
458 1838 562 1869 divine
586 1838 805 1879 disposicionis
828 1839 1078 1880 ordinacionem,
1102 1849 1161 1881 per
1183 1850 1281 1881 quam
1304 1840 1337 1871 in
1352 1839 1554 1872 firmamento
1571 1841 1710 1873 ecclesie
1731 1841 1898 1873 militantis
1914 1841 1978 1874 duo

326 1899 443 1930 magna
465 1890 632 1921 luminaria
655 1890 744 1922 Deus
767 1891 857 1929 fecit,
888 1891 1106 1932 pontificalem
1129 1891 1283 1923 videlicet
1305 1891 1532 1923 auctoritatem
1556 1894 1589 1923 et
1611 1892 1854 1934 imperatoriam
1875 1894 1978 1926 maie-

327 1944 455 1980 statem,
484 1941 563 1972 illud
585 1945 620 1973 ut
642 1946 786 1983 preesset
809 1942 873 1974 diei
897 1943 1076 1984 spiritualia
1099 1942 1314 1984 disponendo,
1344 1943 1482 1975 alterum
1509 1946 1547 1974 ut
1572 1946 1720 1985 preesset
1742 1945 1828 1976 nocti
1851 1947 1978 1987 tempo-

327 1992 405 2023 ralia
427 1992 631 2033 iudicando³,
659 1994 827 2025 manifeste
850 1995 961 2025 nititur
983 1995 1149 2026 luminaris
1171 1994 1317 2034 alterius,
1345 1995 1514 2036 potestatis
1541 1994 1664 2027 scilicet
1690 1995 1798 2028 radios
1824 1997 1979 2028 secularis

327 2043 492 2084 suffocare,
515 2044 600 2075 unde
616 2045 648 2075 in
663 2045 882 2077 confusionem
897 2049 930 2077 et
953 2056 1094 2078 errorem
1118 2049 1229 2078 sancta
1243 2049 1418 2088 reponetur
1434 2046 1582 2087 ecclesia,
1606 2046 1823 2079 causabantur
1837 2047 1980 2088 hereses,

328 2096 512 2136 ingeruntur
534 2096 616 2136 lites,
640 2097 830 2128 suscitantur
845 2097 998 2129 scandala
1014 2100 1048 2130 et
1064 2098 1201 2130 ecclesia
1215 2097 1365 2130 Romana
1380 2108 1492 2129 carens
1507 2098 1638 2140 proprio
1654 2098 1812 2131 advocato
1828 2100 1980 2132 resistere

329 2156 391 2177 non
413 2147 530 2187 poterit
551 2148 786 2189 insurgentibus
810 2159 851 2180 ex
874 2149 1020 2182 adverso.

438 2229 487 2258 21.
524 2227 590 2259 Nos
610 2220 728 2270 igitur,
761 2231 815 2271 qui
843 2231 950 2262 divina
974 2231 1188 2273 disposicione
1219 2232 1383 2263 constituti
1411 2242 1520 2263 sumus
1546 2235 1766 2274 propugnator
1790 2231 1847 2276 [et]
1872 2237 1980 2267 custos

332 2277 406 2309 fidei
429 2278 600 2320 katholice,
624 2285 822 2313 sacrosancte
845 2282 991 2314 Romane
1016 2283 1152 2315 ecclesie
1175 2283 1351 2315 advocatus
1374 2286 1407 2315 et
1429 2284 1511 2315 sacri
1533 2284 1662 2326 imperii
1683 2294 1742 2316 rex
1765 2287 1799 2316 et
1820 2286 1980 2328 princeps,

332 2328 475 2360 volentes
497 2340 554 2360 nos
576 2341 694 2371 ponere
718 2343 843 2364 murum
866 2344 924 2375 pro
948 2334 1045 2366 domo
1067 2334 1213 2366 Israhel*
1236 2338 1269 2366 et
1291 2334 1399 2376 fidem,
1423 2345 1521 2377 quam
1544 2334 1716 2377 defigendo
1739 2347 1870 2369 manum
1892 2337 1981 2379 apud

335 2382 542 2410 extraneum⁵
564 2392 620 2422 pro
643 2382 703 2413 hiis
718 2383 874 2425 dedimus,
899 2388 932 2416 et
954 2386 1168 2418 iuramentum
1184 2386 1394 2428 corporaliter
1410 2397 1468 2428 per
1482 2397 1540 2418 nos
1556 2387 1726 2428 prestitum
1742 2387 1805 2420 Dei
1820 2388 1980 2421 adiutorio

334 2430 556 2463 inviolabiliter
577 2432 756 2475 observare,
779 2437 976 2468 sencientesq
999 2448 1057 2469 nos
1080 2440 1114 2470 et
1134 2438 1204 2469 iura
1226 2438 1353 2479 imperii
1376 2448 1414 2470 ac
1437 2441 1556 2480 nostra,
1579 2443 1723 2472 sanctam
1746 2441 1981 2482 professionem

334 2481 528 2513 katholicam
551 2486 584 2514 et
605 2488 747 2516 sanctam
761 2486 941 2519 Romanam
964 2489 1134 2521 ecclesiam
1151 2500 1192 2521 ex
1207 2489 1361 2531 predictis
1376 2490 1581 2532 processibus
1597 2501 1722 2523 necnon
1738 2492 1982 2534 monicionibus‚

335 2534 508 2574 preceptis,
535 2534 790 2578 inhibicionibus,
818 2541 1135 2582 commfflacionibus,
1159 2542 1344 2582 sentenciis,
1373 2541 1642 2583 absolucionibus,
1665 2543 1925 2576 relaxacionibus
1949 2547 1982 2576 et

337 2584 467 2625 singulis
479 2585 511 2615 in
524 2585 569 2616 eis
582 2588 736 2618 contentis
748 2590 887 2629 graviter
901 2594 933 2622 et
945 2593 1118 2624 enormiter
1130 2593 1354 2635 suprascriptis
1370 2593 1411 2624 de
1423 2594 1528 2625 causis
1545 2598 1741 2636 aggravatos
1757 2605 1828 2627 esse
1841 2598 1874 2628 et
1885 2605 1981 2637 posse

440 2668 506 2696 824.
532 2670 556 2702 1³)
575 2673 732 2703 querimonia
750 2683 786 2700 or.
874 2676 898 2709 q)
917 2686 983 2703 corr.
1003 2687 1034 2703 ex
1051 2680 1168 2705 senciens
1187 2688 1239 2709 or.;
1257 2680 1291 2713 cf.
1310 2683 1361 2705 not.
1374 2689 1395 2705 r.

343 2766 348 2771 .
441 2725 467 2757 1)
485 2724 583 2752 Matth.
596 2730 633 2758 10,
646 2729 686 2754 34.
772 2729 797 2762 2)
817 2729 879 2763 Cap.
893 2735 926 2757 19
944 2731 1013 2759 deest
1031 2733 1061 2759 in
1074 2734 1262 2767 App-allatione
1279 2734 1400 2761 secwnda
1418 2734 1498 2769 infra
1515 2742 1558 2762 νυν.
1571 2737 1630 2763 836.
1718 2736 1746 2768 3)
1768 2735 1810 2770 Of.
1833 2735 1899 2763 Gen.
1913 2740 1935 2770 1,
1948 2739 1980 2762 16

338 2769 447 2800 itemque
465 2774 496 2793 ea
515 2775 582 2801 quae
600 2776 683 2801 supra
701 2772 761 2797 tom.
775 2771 828 2798 ΙΙΙ
840 2781 905 2807 pay.
918 2777 965 2801 213
983 2778 1036 2802 not.
1050 2780 1073 2803 5.
1093 2777 1175 2804 citata
1192 2780 1264 2805 sunt.
1351 2778 1379 2811 4)
1397 2778 1492 2805 Ezech.
1508 2781 1547 2812 13,
1560 2782 1583 2806 5.
1670 2779 1697 2812 5)
1714 2778 1794 2807 Rov.
1807 2782 1832 2813 6,
1843 2782 1865 2805 1.

1990 715 2017 736 10

1991 975 2017 995 1⁵

1998 2553 2026 2572 46
