2184 3126
322 261 383 290 594
559 255 655 282 ACTA
672 253 786 281 REGNI
805 247 992 280 LUDEWICI
1011 251 1058 278 IV.
1077 251 1123 277 ΕΤ
1143 250 1327 277 FRIDERICI
1347 250 1396 278 111.
1434 250 1509 278 1323.
1546 251 1594 278 Nr.
1609 251 1668 278 758.
1686 251 1745 278 759.

318 346 505 383 castrorum,
529 341 704 381 civitatum,
721 340 880 380 villarum,
905 338 1073 380 opidorum
1097 340 1129 369 et
1151 338 1293 378 ipsarum
1313 337 1446 379 singulis
1467 336 1649 368 attinenciis
1665 338 1813 369 oentumb
1830 338 1977 370 marchas

318 394 389 436 puri
417 392 543 434 argenti
571 403 628 433 pro
659 391 758 433 ipsius
786 390 897 421 usibus
924 389 1190 422 certitudinaliter
1216 388 1382 430 assignare
1406 388 1546 420 debeant
1568 389 1763 421 annuatimb.
1809 388 1845 421 Si
1867 393 1977 423 autem

319 446 403 477 dicta
419 445 604 485 Margareta
627 454 646 474 a
662 443 726 474 suis
747 442 856 473 liberis
878 441 1031 473 recedere
1049 439 1239 480 decreverit,
1263 439 1367 471 dictus
1383 439 1532 471 dominus
1547 439 1741 472 Lodowicus
1755 440 1977 474 Romanorum

318 508 376 529 rex
404 507 462 528 seu
489 497 631 536 ipsorum
663 493 800 525 heredes
830 492 988 533 prelibate
1018 491 1204 532 Margarete
1235 490 1402 531 sepedicta
1432 490 1626 522 duodecimb
1657 490 1747 523 milia
1773 492 1977 525 marcharum

318 548 389 589 puri
423 547 548 588 argenti
583 546 746 587 assignare
781 547 813 575 et
848 543 1059 575 donacionem
1089 545 1224 583 propter
1257 542 1392 583 nupcias
1423 541 1542 574 dictam
1574 552 1782 585 morengawe
1816 543 1976 577 redimere
2009 557 2023 578 ι

318 602 496 631 teneantur.

426 652 454 681 6.
485 649 519 680 Si
550 648 652 679 dictus
680 647 827 678 dominus
850 646 1042 678 Lodowicus
1065 645 1287 677 Romanorum
1317 655 1375 677 rex
1399 648 1433 677 et
1454 646 1597 688 ipsorum
1619 645 1758 678 heredes
1781 645 1867 678 dicte
1890 646 1978 680 Mar·

317 704 428 744 garete
454 701 518 732 filie
542 703 649 731 nostre
678 698 842 730 antedicta
866 697 1038 730 duodecim
1068 698 1157 729 milia
1189 697 1394 728 marcharum
1421 698 1494 739 puri
1522 698 1650 740 argenti
1676 708 1740 730 non
1769 698 1923 731 solverint
1944 702 1979 732 et

317 753 528 785 donacionem
545 751 705 793 prefatam
728 761 791 781 non
807 749 1015 789 redemerint,
1041 749 1081 781 de
1097 749 1243 791 quolibet
1258 748 1438 781 millenario
1454 749 1526 791 puri
1542 750 1667 792 argenti
1684 753 1813 782 centum
1828 751 1978 783 marchas

316 805 387 846 puri
409 804 534 846 argenti
561 803 592 834 in
617 802 711 834 certis
734 801 914 833 redditibus
937 805 1110 841 terrarum,
1138 801 1371 841 municionum,
1401 804 1590 842 castrorum,
1618 801 1794 842 civitatum,
1818 802 1976 844 villarum,
1997 813 2023 834 m

317 855 485 898 opidorum
509 865 580 886 cum
612 855 755 895 ipsarum
785 853 966 885 attinenciis
994 852 1151 884 universis
1178 851 1312 893 singulis
1340 852 1433 883 annis
1454 863 1514 894 pro
1537 853 1638 894 ipsius
1659 852 1846 895 Margarete
1868 853 1978 886 usibus

315 908 416 939 libere
433 906 652 948 assignabunt,
676 906 812 947 prestita
829 905 982 936 caucione
1007 907 1039 936 et
1055 903 1246 935 certitudine
1266 903 1447 935 sufficiente
1469 906 1506 935 ut
1528 914 1626 946 supra
1648 914 1722 936 cnm
1744 905 1849 945 terris,
1871 906 1977 938 muni—

316 959 475 999 eionibus,
500 958 629 998 castris,
654 957 853 998 civitatibus,
876 957 969 998 villis,
995 956 1110 998 opidis,
1133 956 1277 997 ipsarum
1300 955 1481 987 redditibus
1502 956 1647 998 singulis,
1670 957 1922 999 proprietatibus
1944 958 1979 990 et

315 1010 571 1053 possessionibus
601 1013 634 1041 et
662 1009 882 1050 predictorum
910 1008 1090 1050 principum
1121 1008 1264 1039 omnium
1293 1007 1416 1049 apertis
1442 1007 1558 1039 litteris
1590 1008 1767 1040 eorundem
1798 1009 1977 1050 sigillorum

315 1063 512 1104 appensione
541 1072 639 1103 super
666 1061 726 1092 hiis
756 1060 904 1092 omnibus
934 1060 1068 1092 firmiter
1090 1059 1264 1100 roboratis,
1293 1069 1334 1091 ne
1361 1058 1404 1091 ab
1428 1059 1544 1091 eadem
1567 1059 1753 1102 Margareta
1775 1060 1977 1102 temporibus
1997 1071 2022 1092 u

315 1114 381 1146 vite
405 1124 461 1145 sue
486 1114 592 1144 omnia
617 1112 816 1154 supradicta,
842 1111 963 1144 scilicet
987 1114 1086 1151 terre,
1117 1111 1330 1152 municiones,
1360 1114 1479 1152 castra,
1503 1111 1665 1152 civitates,
1687 1111 1775 1152 ville,
1799 1112 1896 1154 opida
1918 1122 1978 1144 seu

317 1166 488 1207 quicquam
517 1164 558 1196 de
590 1163 765 1196 eorundem
790 1164 932 1195 omnium
955 1163 1137 1195 attinenciis
1160 1163 1212 1195 vel
1235 1162 1414 1195 redditibus
1436 1162 1621 1205 aliqualiter
1642 1163 1844 1206 auferantur,
1873 1163 1976 1197 donec

316 1217 376 1248 sibi
400 1216 440 1248 de
465 1216 613 1248 omnibus
635 1215 779 1256 plenarie
804 1218 837 1246 et
860 1215 1062 1257 integraliter
1084 1215 1180 1246 fuerit
1202 1214 1413 1246 satisfactum.

288 1266 291 1269 '
426 1270 453 1299 7.
479 1267 513 1299 Si
535 1277 611 1299 vero
628 1266 718 1298 Deus
740 1267 842 1308 ipsam
863 1266 1081 1308 Margaretam
1104 1266 1205 1298 filiam
1227 1269 1371 1298 nostram
1393 1266 1435 1298 ab
1457 1267 1520 1299 hoc
1542 1267 1652 1299 seculo
1674 1277 1792 1300 vocare
1816 1266 1976 1310 dignetur,

316 1323 489 1361 antequam
513 1319 554 1350 ad
580 1329 680 1350 annos
698 1318 904 1350 discrecionis
926 1318 1121 1360 pervenerit,
1145 1318 1223 1350 dicti
1245 1318 1408 1360 principes
1430 1317 1552 1350 domini
1566 1318 1759 1351 Lodowicus
1781 1329 1840 1351 rex
1854 1318 1977 1352 Roma-
1995 1331 2022 1353 a·

315 1382 427 1403 norum
452 1373 485 1402 et
499 1370 694 1402 Lodowicus
716 1370 862 1402 marchio
881 1370 1182 1412 Brandeburgensis
1204 1370 1288 1402 filius
1311 1370 1458 1403 eiusdem
1481 1370 1574 1402 nobis
1590 1370 1768 1403 Oristoforo
1791 1374 1826 1403 et
1846 1371 1977 1404 domino

315 1423 410 1455 Erico
438 1422 504 1454 filio
535 1425 646 1454 nostro
675 1421 804 1463 regibus
827 1422 929 1454 Dacie
961 1422 1132 1454 duodecim
1164 1422 1255 1454 milia
1285 1422 1488 1455 marcharum
1517 1422 1589 1464 puri
1615 1423 1743 1465 argenti
1770 1423 1803 1455 in
1832 1423 1978 1456 terminis

316 1475 461 1516 superius
485 1474 656 1515 expressis,
682 1474 804 1506 scilicet
826 1473 909 1505 infra
932 1474 1018 1506 diem
1042 1477 1075 1506 et
1098 1484 1217 1506 annum
1241 1485 1260 1506 a
1283 1474 1335 1506 die
1352 1475 1464 1506 mortis
1479 1474 1564 1509 dicte
1580 1474 1766 1516 Margarete
1787 1475 1853 1507 filie
1867 1478 1977 1508 nostre

315 1536 373 1558 sex
400 1526 487 1557 milia
518 1526 720 1557 marcharum
746 1525 818 1567 puri
841 1526 983 1568 argenti,
1015 1527 1075 1558 tria
1106 1527 1195 1558 milia
1225 1526 1430 1558 marcharum
1458 1527 1530 1568 puri
1553 1527 1680 1568 argenti
1702 1527 1736 1558 in
1757 1527 1821 1559 fine
1844 1526 1976 1559 secundi

315 1577 389 1609 anni
412 1577 515 1618 primo
539 1588 624 1608 anno
649 1578 796 1619 proximo
822 1577 1046 1619 subsequentis
1070 1581 1102 1610 et
1125 1578 1255 1610 residua
1278 1579 1340 1610 tria
1362 1578 1451 1610 milia
1474 1578 1678 1610 marcharum
1700 1578 1773 1620 puri
1795 1579 1923 1620 argenti
1943 1579 1976 1610 in
1994 1590 2019 1612 aa

315 1629 377 1660 fine
398 1630 489 1660 tercii
511 1630 586 1660 anni
603 1629 728 1661 duobus
744 1630 856 1670 primis
872 1630 962 1660 annis
978 1629 1153 1662 inmediate
1170 1629 1395 1672 subsequentis
1411 1630 1581 1662 exsolvant
1595 1630 1739 1662 totaliter
1753 1633 1786 1662 et
1802 1633 1977 1672 exponant.

315 1680 349 1711 Si
383 1681 485 1712 eciam
516 1684 588 1722 post
622 1691 722 1712 annos
751 1681 957 1713 discrecionis
980 1682 1084 1723 ipsam
1108 1682 1328 1724 Margaretam
1351 1682 1393 1714 ab
1416 1682 1478 1714 hoc
1501 1682 1609 1714 seculo
1632 1683 1701 1714 sine
1723 1682 1823 1724 prolis
1845 1692 1976 1724 procre-

315 1732 427 1763 acione
452 1731 540 1765 Deus
568 1743 688 1765 vocare
716 1733 868 1773 voluerit,
902 1733 943 1765 de
971 1733 1124 1775 predictis
1151 1733 1324 1766 duodecim
1354 1733 1484 1766 milibus
1515 1733 1719 1766 marcharum
1750 1733 1823 1775 puri
1850 1734 1977 1776 argenti

315 1784 488 1816 secundum
513 1784 655 1816 debitam
684 1785 760 1816 iuris
784 1785 948 1816 tramitem
972 1788 1058 1817 stare
1082 1785 1201 1818 debeat
1224 1790 1256 1817 et
1278 1795 1420 1818 manere.

423 1835 461 1866 In
485 1836 574 1866 cuius
598 1836 675 1868 facti
698 1836 899 1868 evidenciam
922 1847 981 1868 nos
1003 1837 1165 1869 Iohannes
1187 1837 1251 1870 Dei
1274 1837 1382 1880 gracia
1404 1847 1515 1869 comes
1537 1836 1709 1869 Holzsacie
1733 1839 1766 1869 et
1787 1835 1974 1877 Stomafie,
1994 1847 2019 1869 ιο

317 1886 370 1927 qui
395 1885 480 1917 dicte
504 1887 725 1928 placitacionis
748 1889 900 1920 tractatui
923 1889 1136 1930 interfuimus,
1160 1890 1285 1922 litteras
1307 1892 1478 1931 presentes
1501 1889 1598 1931 sigilli
1620 1889 1721 1920 nostri
1744 1887 1920 1921 munimine
1943 1887 1976 1919 in

316 1938 535 1969 testimonium
559 1939 694 1970 fecimus
717 1939 872 1972 roborari.

423 1989 542 2021 Datum
565 1990 732 2033 Sieburgh,
755 2002 840 2023 anno
867 1991 998 2024 Domini
1021 1992 1192 2025 millesimo
1216 1993 1462 2024 trescentesimo
1485 1992 1639 2024 vicesimo
1663 1991 1774 2031 tercio,
1803 1991 1855 2024 die
1878 1990 1974 2023 beate

315 2040 497 2082 Margarete
520 2042 650 2083 virginis
673 2046 705 2074 et
729 2043 878 2074 martiris.

456 2246 698 2291 759—762.
740 2247 1071 2294 LUDEWICI
1105 2247 1393 2295 SCRIPTA
1420 2248 1551 2296 PRO
1581 2247 1837 2298 ELECTO
1991 2263 2016 2283 ³⁵

933 2315 1347 2364 MOGUNTINO.

999 2394 1107 2431 1323.
1144 2394 1212 2432 1u1.
1231 2394 1291 2431 20.

771 2503 856 2540 759.
896 2504 1071 2551 Scriptum
1093 2506 1261 2551 primum.
1368 2507 1439 2543 Iul.
1460 2509 1521 2544 20.

430 2571 587 2611 Oriyinale
613 2574 686 2614 (or.)
719 2575 754 2606 in
784 2577 942 2610 tabulario
968 2579 1109 2620 ymerali
1134 2580 1223 2620 reyni
1245 2580 1412 2613 Bawarici
1433 2581 1526 2614 KLS
1548 2591 1599 2614 nr.
1614 2580 1689 2612 255.
1734 2579 1973 2621 Descripsimus

319 2631 386 2652 nos.
431 2621 549 2654 Pendet
571 2624 708 2663 siyillum
727 2626 797 2667 fere
819 2628 962 2662 illaesum
985 2631 1050 2670 filis
1072 2632 1183 2663 sericis
1204 2632 1319 2664 viridis
1341 2632 1464 2664 coloris.
1509 2633 1552 2664 In
1574 2642 1660 2665 verso
1683 2631 1850 2673 lequntur:
1879 2630 1972 2663 Obli-
1990 2644 2016 2664 ιο

319 2673 412 2714 gacio
441 2673 607 2715 opidorum
638 2680 670 2707 et
691 2678 838 2711 villarum
862 2680 1026 2723 Oppenh.,
1052 2683 1211 2724 Odernh„
1235 2683 1388 2716 Nerstein
1412 2687 1445 2716 et
1468 2687 1530 2716 cet.
1554 2683 1641 2716 facta
1663 2694 1722 2727 per
1745 2683 1911 2716 dominum
1934 2683 1971 2715 L.

319 2733 430 2765 regem
453 2724 670 2758 Romanorum
694 2729 829 2762 ecclesie
852 2731 939 2775 Mog.
964 2745 1021 2775 pro
1044 2734 1170 2766 XXXM
1193 2735 1236 2766 lb.
1253 2735 1308 2775 H.‚
1332 2736 1466 2776 itemque
1487 2735 1555 2767 alia
1578 2746 1692 2767 manu:
1722 2738 1755 2768 et
1782 2735 1919 2777 recipiet
1941 2734 1973 2766 V

319 2774 378 2805 sol.
394 2774 481 2806 Hali.
505 2776 535 2806 in
565 2777 727 2810 theolonio
752 2780 900 2823 Oppenh.
925 2785 1116 2817 defalcando
1148 2785 1189 2818 de
1212 2787 1366 2828 predictis
1389 2786 1506 2819 debitis
1529 2790 1563 2819 et
1585 2788 1612 2818 si
1634 2787 1743 2830 aliqua
1766 2787 1972 2828 inpignorata

425 2868 489 2894 758.
516 2869 541 2901 b)
561 2875 848 2901 centum-annuatim
871 2878 899 2902 in
918 2879 972 2904 loco
990 2888 1050 2905 ναεο
1069 2889 1107 2906 or.
1195 2881 1220 2912 c)
1239 2881 1373 2907 duodecim
1391 2881 1418 2907 in
1437 2882 1492 2907 loco
1510 2881 1590 2907 roeo?
1608 2891 1646 2908 or.
