2184 3126
445 197 542 225 ACTA
560 196 674 225 REGNI
692 195 877 225 LUDEWICI
896 196 942 223 lv.
961 195 1008 223 ΕΤ
1027 195 1214 224 FBIDEBICI
1234 195 1282 223 111.
1321 195 1395 223 1322.
1433 195 1480 222 Nr.
1493 195 1552 222 712.
1572 195 1631 224 713.
1650 196 1710 223 714.
1845 199 1908 228 559

244 295 344 327 spera
372 284 569 327 preparabit.
619 283 725 326 Super
747 282 809 315 hiis
838 283 949 326 itaque
978 282 1117 315 credatis
1144 281 1275 314 indubie
1303 281 1389 314 dicto
1417 281 1592 314 Frederico
1621 281 1662 314 de
1691 283 1738 314 eis
1767 293 1786 314 a
1816 282 1908 314 nobis

243 336 372 378 plenius
394 335 565 368 infirmato.

352 387 474 420 Datum
491 387 706 428 Terrachone,
730 386 807 419 XII.
825 385 991 419 Kalendas
1006 386 1158 426 Ianuarii,
1181 395 1265 418 anno
1282 385 1413 418 Domini
1427 384 1613 418 Mcccxx
1629 385 1782 418 secundo.

794 446 983 479 Franciscus
1007 446 1048 479 de
1070 445 1206 478 Bastida
1228 445 1410 488 m(andato)
1435 445 1550 488 r(egis)
1573 449 1607 478 et
1629 445 1690 478 fuit
1713 447 1743 478 ei
1766 446 1861 478 lecta.

210 595 222 615 ι
646 582 732 619 713.
773 582 930 618 Litterae
955 582 1002 618 ad
1021 582 1232 628 pontificem.
1341 582 1420 618 Dec.
1439 583 1499 617 21.

352 655 451 697 copia
474 655 530 699 (ο.)
552 655 667 689 ibidem
690 655 710 689 ι.
727 667 753 688 0.
772 655 832 698 soz.
849 656 900 689 24.
925 675 967 681 -
990 656 1052 688 Ed.
1075 647 1238 697 Zeissb'ery
1260 656 1278 688 z.
1294 667 1321 690 ε.
1337 666 1373 696 p.
1391 656 1433 688 74
1454 666 1505 688 nr.
1522 655 1564 687 ⁷4
1586 666 1626 688 ex
1647 666 1675 688 ο.
1721 656 1905 689 Editwnem

239 709 417 751 repetimus.

350 780 558 830 Sanctissimo
591 783 625 812 et
651 780 905 813 reverendisimo
939 782 971 813 in
1003 780 1130 814 Christo
1159 781 1244 824 patri
1274 784 1308 813 et
1337 781 1468 814 domino
1499 780 1630 813 domino
1654 780 1769 812 Iohani
1797 780 1905 812 divina

241 832 452 875 providencia
475 835 660 864 sacrosante
682 832 831 864 Romane
856 836 889 865 et
911 832 1100 864 universalis
1123 832 1260 865 ecclesie
1288 843 1414 864 summo
1442 832 1586 874 pontifici
1682 831 1821 864 Iacobus
1842 835 1903 864 etc.

196 896 223 916 ιο
349 883 425 916 Non
447 883 653 926 ambigimus,
677 885 754 926 quin
777 884 962 926 pervenerit
984 883 1027 916 ad
1043 887 1149 917 vestre
1173 884 1375 917 audienciam
1391 883 1570 916 sanctitatis
1586 894 1679 915 casus
1701 883 1757 915 ille
1780 882 1904 923 infelix,

241 935 297 978 qui
319 935 437 967 nudius
459 935 578 968 accidit
604 935 720 967 illustri
742 935 918 967 Frederico
949 935 1022 967 duci
1044 935 1175 968 Austris
1202 946 1323 978 genero
1351 937 1460 967 nostro
1488 935 1520 966 in
1548 944 1659 976 regem
1682 933 1903 966 Romanorum

241 987 346 1019 electo
370 987 402 1018 in
425 988 575 1019 conflictu
597 986 710 1019 habito
733 987 818 1019 inter
846 997 920 1019 eum
948 989 982 1019 et
1007 986 1123 1019 ducem
1146 987 1301 1028 Bavarie,
1329 987 1361 1018 in
1391 997 1454 1029 quo
1485 985 1616 1028 quidem
1644 986 1793 1018 conflictu
1816 985 1903 1017 idem

240 1039 363 1071 electus
386 1043 420 1071 et
441 1050 615 1081 germanus
639 1049 714 1071 suus
737 1049 796 1081 per
818 1038 929 1071 hostes
951 1049 1026 1071 suos
1049 1039 1135 1081 capti
1165 1042 1199 1071 et
1226 1038 1345 1071 retenti
1374 1038 1512 1070 fuerunt.
1557 1036 1602 1069 Et
1627 1037 1788 1080 siquidem
1820 1038 1903 1069 inter

239 1093 366 1124 ceteros
389 1089 500 1122 mundi
522 1099 618 1132 reges
643 1094 676 1123 et
698 1091 860 1133 principes
882 1090 990 1122 eidem
1018 1089 1122 1122 electo
1152 1090 1339 1122 coniunctos
1366 1099 1425 1120 nos
1456 1098 1499 1120 ex
1526 1088 1698 1130 affinitate,
1723 1099 1787 1131 qua
1810 1088 1903 1120 nobis

197 1154 221 1174 u
239 1142 358 1182 unitur,
381 1142 518 1174 multum
542 1152 602 1184 pro
627 1142 695 1174 eius
718 1141 916 1174 liber-acione
939 1140 1096 1173 debemus
1119 1141 1278 1173 insistere.
1324 1139 1544 1178 Quamobrem
1568 1150 1640 1172 cum
1663 1143 1789 1172 attenta
1811 1141 1903 1182 regni

238 1194 340 1226 nostri
364 1193 522 1226 distancia
546 1198 580 1226 et
602 1192 862 1226 incumbentibus
884 1193 976 1225 nobis
999 1193 1285 1235 impresenciarum
1301 1192 1446 1234 negociis
1461 1191 1630 1223 tractando
1647 1202 1705 1224 seu
1721 1192 1803 1224 alias
1818 1193 1904 1224 circa

238 1244 471 1278 liberacionem
495 1245 572 1277 dicti
594 1245 691 1278 electi
707 1248 741 1277 et
763 1244 871 1277 fratris
887 1245 936 1276 sui
951 1244 1166 1287 personaliter
1188 1254 1387 1286 nequeamus
1409 1242 1589 1283 intendere,
1613 1242 1656 1275 ad
1679 1247 1785 1276 vestre
1801 1243 1901 1276 subli-

238 1297 360 1328 mitatis
382 1297 625 1339 providenciam
648 1307 745 1339 super
767 1296 828 1328 hiis
852 1295 1054 1329 decrevimus
1079 1295 1324 1336 recurrendum,
1354 1295 1551 1338 suplicantes
1578 1294 1754 1328 clemencie
1784 1299 1901 1336 vestre,

238 1350 276 1380 ut
298 1351 365 1380 tam
389 1348 496 1380 divino
519 1349 650 1390 intuitu,
680 1351 747 1380 tam
770 1358 830 1390 pro
853 1347 1060 1381 reformando
1084 1351 1118 1379 et
1139 1347 1340 1390 pacificando
1368 1350 1455 1379 statu
1486 1347 1629 1389 parcium
1653 1346 1779 1378 illarum
1804 1357 1902 1389 quam

194 1410 222 1431 so
239 1400 339 1432 nostri
362 1400 495 1442 speciali
518 1399 806 1442 contemplacione,
830 1403 926 1442 prout
940 1403 1081 1432 vestram
1098 1399 1193 1432 decet
1215 1399 1430 1439 sanctitatem,
1455 1398 1631 1441 dignemini
1646 1399 1716 1430 vias
1739 1402 1772 1430 et
1787 1398 1902 1430 modos

239 1450 386 1483 salubres
409 1452 593 1493 exquirere,
615 1462 674 1494 per
697 1462 760 1494 que
783 1451 888 1484 dictus
911 1451 1034 1484 electus
1057 1461 1130 1483 cum
1146 1450 1244 1482 fratre
1261 1460 1330 1491 suo,
1354 1454 1451 1492 prout
1470 1450 1586 1482 melius
1601 1449 1644 1482 ad
1660 1450 1729 1482 eius
1744 1449 1901 1482 honorem

238 1502 309 1534 fieri
333 1503 463 1544 poterit,
487 1502 651 1535 liberetur.
697 1503 803 1546 Super
824 1503 887 1535 hiis
914 1506 1025 1535 autem
1056 1502 1298 1534 informavimus
1326 1501 1480 1534 dilectum
1512 1501 1728 1534 consiliarium
1758 1505 1903 1533 nostrum

238 1553 382 1586 Vitalem
418 1554 459 1586 de
491 1553 680 1596 Villanova,
712 1565 809 1598 quem
845 1554 887 1587 ad
917 1555 1122 1587 sanctitatem
1154 1557 1296 1586 vestram
1326 1554 1586 1594 transmittimus,
1621 1554 1712 1585 cuius
1745 1552 1902 1585 relatibus

237 1604 422 1647 benignitas
451 1609 559 1638 vestra
588 1606 738 1648 dignetur
764 1606 861 1638 fidem
890 1605 1056 1638 credulam
1086 1604 1253 1637 adhibere.
1299 1605 1362 1642 Qui
1391 1607 1505 1637 cuncta
1537 1604 1692 1647 disponit,
1727 1614 1900 1647 personam

194 1669 219 1691 ss
238 1661 379 1689 vestram
403 1660 573 1690 conservet
595 1657 789 1690 incolumem
813 1657 917 1700 plenis
939 1658 1039 1689 annis.

345 1707 466 1740 Datum
482 1708 699 1751 Terrachone,
723 1709 800 1741 XII.
818 1708 985 1741 Kalendas
1000 1708 1152 1748 Ianuarii,
1175 1718 1258 1740 anno
1275 1707 1405 1740 Domini
1421 1706 1606 1740 Moccxx
1622 1707 1773 1740 secundo.

1749 1757 1852 1791 Idem.

496 1858 581 1895 714.
623 1857 778 1894 Litterae
806 1858 852 1892 ad
879 1857 1067 1893 Robertum
1095 1868 1206 1902 reqem
1232 1856 1382 1892 Siciliae.
1490 1856 1570 1893 Dec.
1589 1858 1651 1893 21.

347 1931 446 1972 Copia
469 1931 525 1975 (c.)
540 1931 655 1965 ibidem
677 1931 696 1964 l.
713 1942 738 1964 c.
759 1931 818 1973 fol.
834 1931 902 1964 24⁴.
926 1949 969 1954 -
998 1931 1061 1963 Ed.
1078 1930 1238 1972 Zeissbery
1260 1930 1279 1962 l.
1297 1941 1321 1963 c.
1340 1941 1375 1972 p.
1392 1931 1434 1962 75
1456 1940 1508 1963 nr.
1525 1931 1566 1962 75
1588 1940 1628 1962 ex
1642 1940 1669 1963 c.
1714 1930 1896 1962 Editionem

189 1991 218 2011 ω
234 1983 412 2023 repetimus.

341 2056 462 2089 Illustri
485 2060 519 2089 et
540 2056 712 2099 magnifico
737 2056 872 2098 principi
895 2055 1026 2088 domino
1050 2055 1194 2088 Roberto
1217 2054 1280 2087 Dei
1303 2056 1413 2097 gracia
1435 2055 1614 2088 Ierusalem
1638 2058 1672 2087 et
1693 2054 1802 2087 Sicilie
1825 2055 1896 2096 regi

233 2107 402 2140 karissimo
426 2107 517 2141 fratri
539 2111 649 2140 nostro
737 2107 876 2140 Iacobus
899 2118 957 2149 per
986 2107 1123 2139 eandem
1155 2117 1213 2139 rex
1237 2107 1425 2149 Aragonum
1448 2110 1509 2139 etc.
1597 2106 1735 2138 salutem
1763 2110 1797 2138 et
1819 2116 1894 2148 pro-

233 2169 400 2201 sperorum
423 2170 612 2192 succesuum
637 2161 844 2191 incrementa.

343 2210 536 2243 Infortunati
559 2215 593 2244 et
616 2211 687 2242 duri
710 2221 803 2242 casus
820 2214 981 2250 eventum,
1007 2211 1060 2252 qui
1083 2220 1186 2252 nuper
1207 2209 1322 2241 illustri
1339 2209 1513 2241 Frederico
1537 2209 1611 2241 duci
1627 2210 1757 2241 Austrie
1773 2219 1894 2251 genero

190 2273 215 2293 aa
235 2264 343 2294 nostro
371 2263 403 2294 in
432 2273 544 2305 regem
573 2262 793 2294 Romanorum
825 2262 929 2294 electo
960 2262 1095 2304 contigit
1124 2262 1155 2293 in
1184 2262 1334 2293 conflictu
1363 2261 1475 2293 habito
1502 2261 1587 2293 inter
1613 2271 1687 2293 eum
1715 2265 1748 2293 et
1777 2260 1893 2293 ducem

235 2312 384 2355 Bavarie,
406 2315 439 2345 in
463 2325 526 2356 quo
549 2313 636 2346 idem
660 2314 781 2346 electus
804 2324 876 2346 cum
900 2313 999 2345 fratre
1023 2324 1080 2344 suo
1104 2317 1217 2355 captus
1241 2317 1274 2345 et
1296 2316 1439 2345 retentus
1462 2313 1578 2351 extitit,
1602 2313 1666 2344 iam
1689 2312 1731 2344 ad
1754 2317 1893 2345 vestram

235 2364 396 2397 credimus
417 2366 571 2398 noticiam
594 2366 789 2408 pervenisse.
834 2365 877 2397 Et
900 2375 1016 2406 nempe
1040 2366 1123 2396 inter
1146 2368 1272 2396 ceteros
1295 2364 1406 2396 mundi
1429 2374 1524 2406 reges
1547 2367 1580 2396 et
1602 2365 1762 2407 principes
1785 2364 1893 2396 eidem

237 2416 308 2457 regi
337 2416 441 2448 electo
472 2417 658 2449 coniunctos
680 2427 738 2449 vos
766 2420 799 2449 et
821 2427 879 2448 nos
909 2426 951 2448 ex
974 2415 1145 2454 affinitate,
1174 2427 1237 2458 qua
1265 2415 1357 2447 nobis
1379 2416 1553 2456 aneotitur,
1582 2415 1718 2447 multum
1741 2427 1800 2458 pro
1824 2417 1893 2448 eius

239 2465 435 2499 liberacione
465 2471 498 2499 et
524 2471 626 2500 status
656 2469 705 2499 sui
734 2467 967 2500 reformacione
996 2466 1152 2498 debemus
1179 2467 1336 2499 insistere.
1388 2466 1474 2499 Sane
1508 2470 1633 2499 attenta
1669 2467 1759 2510 regni
1794 2469 1892 2499 nostri

189 2525 217 2546 40
235 2515 390 2553 distancia
417 2521 451 2550 et
473 2518 732 2551 incumbentibus
754 2518 847 2550 nobis
870 2518 1154 2560 impresenciarum
1178 2519 1320 2560 negociis
1342 2518 1435 2550 nobis
1457 2522 1673 2561 opportunum
1696 2529 1760 2550 non
1783 2519 1892 2551 existit

233 2568 318 2600 circa
340 2568 417 2601 dicti
440 2569 530 2602 ducis
551 2569 791 2610 liberacionem‚
816 2573 850 2601 ut
873 2569 1015 2610 deceret,
1039 2569 1217 2601 intendere.
1265 2570 1422 2606 Quocirca
1450 2581 1507 2602 vos
1530 2570 1606 2602 licet
1628 2579 1669 2601 ex
1692 2570 1891 2612 superabun-

233 2618 332 2660 danti,
356 2630 428 2652 cum
451 2631 510 2663 pro
531 2621 624 2654 firmo
647 2631 798 2664 geramus
821 2622 906 2653 circa
927 2620 960 2652 id
984 2621 1053 2652 sore
1077 2620 1258 2662 sollicitum,
1282 2622 1460 2664 rogandum
1485 2625 1519 2654 et
1541 2621 1778 2654 sollicitandum
1801 2622 1890 2654 duci-

232 2681 321 2711 mus,
353 2672 503 2713 quatinus
529 2683 593 2705 una
620 2683 692 2704 cum
727 2673 928 2704 sanctissimo
962 2682 1087 2703 summo
1122 2672 1290 2714 pontifice,
1322 2674 1371 2705 cui
1403 2684 1500 2716 super
1534 2673 1595 2705 hoo
1630 2674 1749 2715 scripta
1783 2678 1891 2705 nostra

234 2721 401 2764 dirigimus
415 2724 436 2765 ²,
460 2726 599 2756 tractare
624 2728 657 2756 et
679 2724 748 2755 vias
771 2734 808 2756 ac
834 2723 948 2756 modos
975 2734 1135 2765 congruos
1162 2728 1195 2756 et
1223 2723 1308 2757 dicto
1339 2725 1443 2758 electo
1467 2725 1680 2767 expedientes
1703 2726 1891 2767 perquirere

187 2819 214 2839 ⁴⁵
337 2816 363 2848 1)
383 2815 476 2850 Supra
493 2823 535 2843 nr.
550 2818 604 2843 713.
