2184 3126
330 155 393 186 688
570 149 665 177 ACTA
683 148 796 175 REGNI
813 145 996 174 LUDEWICI
1014 145 1062 173 IV.
1080 144 1126 171 ΕΤ
1144 143 1329 171 FRIDERIOI
1347 143 1397 171 111.
1434 142 1508 171 1324.
1544 141 1593 169 Νι.
1606 141 1666 169 875.
1684 141 1743 168 876.

612 270 799 302 875-879.
833 264 1105 299 PUBLICATIO
1129 262 1424 296 PROOESSUUM
1447 260 1701 295 PONTIFIOIS

807 318 855 350 IN
877 316 1085 349 DIOEOESI
1106 313 1502 347 MAGDEBURGENSI.

912 383 1003 413 1324.
1031 380 1126 412 Mart.
1145 378 1334 420 22.—Apr.
1352 379 1404 410 30.

561 473 646 508 875.
687 472 861 516 Scriptum
887 469 1133 514 archicpiscopi
1161 466 1471 512 Maqdeburyensis
1499 466 1546 501 ad
1572 468 1767 512 episcopum

846 529 1166 574 Nuemhuryensem.
1271 526 1383 562 Mart.
1402 528 1467 562 22.
2016 535 2030 556 ι

442 602 540 641 Copia
561 604 705 632 servatur
727 601 762 631 in
786 599 1000 631 Instrumento
1023 597 1141 629 inedito
1163 597 1255 635 infra
1277 606 1328 627 nr.
1344 597 1418 627 876.
1442 615 1484 619 -
1510 595 1682 628 Ineditum.

438 670 510 702 Hec
534 673 583 701 est
612 669 706 711 copia
733 668 911 699 litterarum
944 666 1029 698 sedis
1060 664 1249 707 apostolice,
1281 674 1361 706 quas
1387 674 1444 695 vos
1473 664 1668 696 venerabilis
1698 664 1828 697 domine
1859 665 1984 697 Nuem-

329 722 498 764 burgensis
533 721 672 753 ecclesie
708 721 860 762 episcope
893 719 951 750 sub
981 718 1030 749 sui
1058 717 1161 749 forma
1188 716 1312 748 vidistis
1346 718 1380 747 et
1408 716 1546 748 recitare
1575 716 1615 748 de
1643 715 1744 748 verbo
1775 716 1817 748 ad
1848 716 1985 749 verbum

331 774 495 806 audivistis
524 772 610 814 apud
639 771 770 813 opidum
795 770 1018 810 Owhersleve,
1047 768 1166 800 ibidem
1191 770 1342 809 presente
1365 767 1540 799 multorum
1566 767 1764 809 prelatorum
1788 779 1826 800 ac
1849 768 1986 800 aliorum

330 824 532 857 multitudine
556 824 696 865 copiosa.
744 823 885 859 Quarum
911 826 960 853 est
982 831 1041 862 per
1064 820 1171 852 omnia
1195 823 1287 851 tenor
1309 818 1399 850 talis:
2003 826 2030 846 ιο

433 872 609 907 ‘Iohannes
641 872 811 916 episcopus
843 884 953 905 servus
989 882 1153 904 servorum
1182 870 1246 902 Dei
1339 870 1516 902 venerabili
1551 870 1642 902 fratri
1670 894 1678 902 .
1701 895 1708 903 .
1741 870 1986 914 archiepiscopo

331 927 601 969 Magdeburgensi
625 927 756 968 eiusque
780 925 991 966 suffraganeis
1077 922 1214 955 salutem
1237 925 1271 954 et
1293 922 1506 964 apostolicam
1528 921 1797 955 benedictionem.

437 978 551 1020 Nuper
585 982 696 1009 contra
730 977 783 1008 dil.
806 977 848 1008 fil.
871 975 1077 1017 magnificum
1111 975 1214 1006 virum
1237 973 1446 1006 Ludewicum
1481 973 1597 1006 ducem
1619 974 1768 1007 Bawarie
1799 978 1833 1007 et
1866 978 1985 1008 cetera.

438 1031 557 1062 Datum
580 1030 776 1070 Avinion(e),
800 1028 874 1060 VII.
891 1028 939 1059 Id.
957 1027 1099 1068 Octobr.⁷
1123 1026 1328 1068 pontificatus
1350 1026 1450 1057 nostri
1473 1035 1557 1057 anno
1581 1025 1735 1058 octavo’.¹

438 1082 475 1112 In
505 1092 640 1123 quarum
670 1081 849 1112 litterarum
876 1079 1070 1121 receptionis
1100 1089 1138 1110 ac
1168 1077 1364 1109 continentie
1392 1076 1568 1109 earundem
1598 1077 1818 1110 testimonium
1845 1077 1986 1120 sigillum
2006 1090 2031 1110 u

330 1136 472 1165 nostrum
497 1133 645 1164 duximus
668 1131 871 1173 presentibus
895 1130 1134 1172 apponendum.

437 1184 557 1215 Datum
586 1184 618 1215 in
648 1186 751 1215 castro
780 1186 889 1214 nostro
918 1181 1174 1222 Wolmewtede,
1203 1191 1286 1212 anno
1314 1179 1446 1212 Domini
1473 1179 1743 1220 MOGOXXIIII,
1771 1179 1853 1212 feria
1875 1180 1988 1223 quinta

331 1238 403 1277 post
425 1235 627 1267 Dominicam
651 1245 714 1277 qua
737 1237 884 1266 cantatur
907 1233 1000 1265 Oculi
1022 1234 1088 1264 mei
1111 1243 1240 1274 semper
1262 1232 1304 1264 ad
1327 1231 1512 1263 Dominum.

497 1367 582 1402 876.
622 1366 897 1401 Instramentum
924 1376 1028 1410 super
1049 1364 1288 1410 publicatione
1314 1364 1353 1399 in
1380 1364 1522 1400 dioecesi
1548 1363 1826 1409 Nuemburqensi

849 1425 955 1469 facta.
1062 1424 1173 1460 Mart.
1192 1425 1312 1460 26.-
1324 1424 1413 1469 Apr.
1432 1426 1466 1459 9.
2004 1433 2033 1454 n

444 1499 602 1540 Oriyinale
622 1498 698 1540 (or.)
721 1499 757 1530 in
780 1498 938 1530 tabulario
956 1498 1108 1530 Vaticano
1124 1499 1265 1530 ‘Armaaen
1285 1499 1311 1530 G
1330 1498 1409 1537 fasc.
1427 1499 1469 1529 51
1490 1509 1541 1530 m.
1554 1498 1610 1529 25²
1631 1498 1801 1538 signatum.
1836 1497 1988 1538 Descrip-

331 1553 430 1584 simus
445 1562 511 1584 nos.
546 1551 692 1591 Siyillum
708 1551 799 1588 deest,
824 1550 889 1582 Zoro
905 1561 943 1582 ex
965 1551 1038 1589 ipsa
1060 1550 1242 1581 membrana
1257 1552 1377 1581 exsecto
1392 1549 1509 1582 relicto.
1543 1549 1587 1581 In
1608 1559 1695 1581 verso
1718 1548 1867 1590 leguntur
1887 1559 1989 1581 mmm

332 1614 442 1636 coaeva
464 1604 601 1642 scripta:
629 1602 820 1644 Recognitio
844 1602 1071 1643 publicationis
1094 1602 1270 1643 primorum
1294 1611 1503 1643 processuum
1527 1601 1719 1633 sanctissimi
1741 1601 1844 1643 patris
1866 1600 1989 1632 domini

331 1655 483 1687 Iohannis
498 1665 582 1696 pape
594 1653 704 1685 XXII.
716 1653 899 1685 habitorum
916 1657 1026 1684 contra
1042 1653 1207 1685 dominum
1222 1653 1304 1685 Lod.
1322 1652 1439 1685 ducem
1453 1653 1629 1694 Bawar(ie)
1644 1652 1731 1685 facta
1747 1662 1806 1694 per
1822 1652 1988 1684 dominum

334 1708 518 1748 episcopum
540 1705 840 1747 Nuemburgensem
864 1705 1103 1747 suffraganeum
1127 1704 1447 1747 Magd(eburgensis)
1472 1704 1716 1747 archiepiscopi.
1742 1722 1783 1727 —
1811 1703 1986 1736 Ineditum.
2005 1716 2033 1736 ss

441 1761 514 1801 Rey.
531 1761 648 1792 Mollat
671 1760 803 1793 ‘Lettres
825 1762 1014 1793 communes'
1038 1772 1087 1793 nr.
1105 1762 1147 1792 20
1155 1761 1228 1792 456.
1975 1762 1981 1766 ⁶

439 1831 475 1862 In
499 1831 625 1862 nominc
648 1831 777 1862 Domini
801 1841 907 1862 amen.

440 1883 533 1914 Anno
557 1882 596 1913 ab
622 1883 844 1913 incarnacione
869 1882 1014 1914 eiusdem
1038 1882 1207 1914 millesimo
1231 1883 1460 1914 trecentesimo
1485 1881 1639 1913 vicesimo
1663 1883 1789 1923 quarto,
1813 1880 1988 1915 indictione

335 1935 481 1975 septima,
505 1934 556 1965 die
581 1934 732 1965 vicesima
754 1937 847 1965 sexta
869 1934 987 1965 mensis
1010 1933 1128 1970 Martii,
1157 1934 1218 1965 hoc
1249 1937 1298 1965 est
1329 1934 1410 1965 feria
1435 1933 1578 1965 secunda
1600 1933 1750 1974 proxima
1773 1936 1847 1975 post
1873 1932 1988 1965 Domi-

335 1986 438 2017 nicam
462 1996 524 2028 qua
547 1988 692 2017 cantatur
714 1985 846 2017 Iudicas
870 1986 1070 2027 pontificatus
1098 1986 1290 2016 sanctissimi
1317 1986 1349 2016 in
1373 1984 1501 2017 Christo
1525 1986 1626 2027 patris
1657 1995 1695 2016 ac
1723 1984 1843 2016 domini
1867 1984 1989 2016 domini
2006 1995 2035 2016 ω

335 2037 484 2068 Iohannis
507 2047 591 2078 pape
615 2037 724 2068 XXII.
748 2047 831 2068 anno
856 2041 978 2068 octavo.
1024 2036 1217 2069 Reverendo
1241 2037 1273 2068 in
1298 2036 1425 2069 Christo
1448 2037 1532 2079 patri
1557 2036 1687 2068 domino
1704 2035 1848 2068 Henrioo
1866 2035 1988 2068 Nuem-

335 2088 501 2129 burgensis
524 2088 658 2119 ecclesie
683 2089 835 2129 episcopo
859 2089 890 2119 in
915 2089 1002 2120 curia
1025 2088 1237 2120 habitacionis
1260 2098 1316 2120 sue
1341 2089 1438 2120 castri
1453 2087 1634 2130 chen(sis)
1655 2091 1730 2119 ante
1747 2087 1880 2129 opyrale
1896 2097 1989 2119 suum

336 2140 367 2170 in
396 2139 481 2170 lobio
512 2139 595 2170 circa
627 2139 739 2170 horam
765 2140 913 2171 meridiei
943 2150 1002 2181 per
1029 2139 1191 2182 quendam
1219 2139 1374 2171 famulum
1403 2139 1535 2182 quidam
1564 2149 1750 2181 processus,
1780 2139 1886 2181 sigillo
1914 2149 1989 2172 cere

337 2191 474 2231 glaucke
498 2191 631 2222 rotundo
648 2192 831 2233 ymaginem
854 2192 990 2233 presulis
1013 2192 1139 2223 infulati
1162 2193 1193 2223 in
1217 2202 1314 2223 manu
1337 2191 1465 2223 sinistra
1488 2194 1694 2223 curvaturam
1716 2201 1814 2232 super
1838 2190 1989 2223 baculum

338 2242 473 2273 tenentis
497 2245 529 2273 et
551 2242 583 2273 in
606 2243 713 2274 curule
737 2243 887 2283 sedentis,
911 2244 999 2275 cuius
1022 2244 1280 2275 circumferentia
1303 2247 1367 2276 est:
1391 2243 1580 2286 ‘s(igi11um)
1596 2242 1776 2275 Borohardi
1798 2242 1863 2274 Dei
1884 2242 1991 2285 gratia
2007 2253 2035 2275 ⁸⁵

339 2296 447 2324 sancte
470 2293 755 2335 Magdeburgensis
778 2295 914 2326 ecclesie
937 2295 1190 2337 archiepiscopi'
1218 2295 1390 2337 sigillatus,
1422 2295 1550 2327 oblatus
1573 2297 1623 2327 est
1647 2298 1680 2327 et
1703 2294 1876 2335 exhibitus,
1900 2294 1990 2326 euius

339 2344 527 2384 principium
551 2345 615 2375 tale
640 2349 702 2376 est:

442 2391 527 2425 ‘Hec
555 2399 603 2426 est
633 2397 918 2437 copia—Domini
948 2397 1225 2430 MCCCXXIIH?
1253 2402 1286 2429 et
1315 2399 1458 2441 sequitur
1486 2399 1561 2430 talis
1587 2398 1672 2430 finis:
1703 2397 1796 2430 ‘feria
1823 2398 1990 2440 quinta—
2038 2435 2042 2439 ,

341 2456 467 2486 semper
489 2446 529 2476 ad
552 2446 743 2479 Dominum³.
789 2459 888 2488 supra
910 2460 960 2482 nr.
977 2451 1050 2481 875.

450 2496 551 2532 Quem
583 2509 765 2538 processum
794 2501 956 2541 predictus
983 2504 1076 2542 pater
1104 2504 1136 2533 et
1160 2501 1308 2533 dominus
1337 2502 1462 2543 recepit
1483 2501 1649 2533 humiliter
1672 2504 1706 2533 et
1728 2501 1857 2541 devote,
1883 2501 1991 2542 ipsum
2008 2511 2036 2532 ιο

219 2561 324 2582 mmm,
340 2548 371 2578 in
407 2547 502 2578 choro
531 2548 726 2580 kathedralis
760 2552 894 2583 ecclesie
922 2552 1197 2594 Nuemburgensis
1231 2553 1310 2584 hora
1345 2554 1437 2594 quasi
1464 2554 1566 2584 tercia
1595 2554 1704 2595 quinte
1734 2553 1814 2584 ferie
1843 2552 1991 2594 proximo

341 2599 503 2639 sequentis
527 2604 699 2632 convocato
724 2602 808 2633 clero
832 2607 864 2634 ot
880 2604 1010 2645 populo,
1035 2604 1236 2645 presentibus
1253 2605 1351 2636 etiam
1368 2605 1528 2646 religiosis
1544 2607 1578 2636 et
1593 2604 1837 2636 honorabilibus
1853 2603 1993 2635 dominis

341 2649 508 2681 Gunthero
532 2650 647 2682 abbate
672 2656 704 2683 et
727 2677 733 2683 .
753 2680 758 2684 .
783 2655 887 2695 priore
917 2666 954 2686 ac
982 2656 1052 2686 aliis
1076 2656 1227 2687 fratribus
1253 2657 1439 2688 monasterii
1464 2655 1571 2688 Sancti
1597 2655 1708 2688 Georii
1738 2655 1858 2688 ordinis
1881 2654 1991 2686 Sancti

444 2717 508 2744 876.
535 2718 559 2751 ¹²)
578 2720 613 2744 sic
626 2729 678 2752 pro
695 2722 784 2747 Letare
804 2732 840 2748 cr.

445 2769 470 2800 1)
490 2768 580 2802 Supra
598 2777 639 2796 nr.
656 2774 709 2796 794.
2009 2780 2037 2800 45
