2184 3126
336 210 398 239 724
611 203 707 231 ACTA
727 202 841 229 REGNI
861 199 1043 228 LUDEWICI
1063 199 1111 226 IV.
1130 198 1176 225 ET
1196 198 1381 226 FRIDERICI
1400 198 1451 225 111.
1488 198 1566 226 1324.
1604 198 1653 225 Nr.
1667 198 1726 226 909.

335 295 469 334 quentes
493 294 526 323 et
549 290 671 322 litteras
696 292 728 320 et
751 286 961 328 sollicitando,
985 290 1020 317 ut
1043 289 1153 317 contra
1176 295 1302 316 sacrum
1327 285 1497 326 imperium
1522 287 1555 316 et
1576 294 1635 316 nos
1655 284 1797 316 debeant
1811 290 1996 326 gwerrami

335 354 465 376 movere
491 346 524 374 et
547 353 603 384 pro
626 341 746 372 viribus
769 339 939 370 rebellare.
984 337 1026 369 Et
1049 337 1135 378 quod
1159 337 1200 367 sit
1222 340 1309 367 sator
1338 335 1569 367 discordiarum
1593 339 1627 367 et
1649 335 1826 367 seminator
1847 335 1996 368 zizaniek

337 396 420 426 intcr
437 395 553 427 Christi
577 393 699 432 fideles,
717 394 853 433 apparet
876 389 1055 421 manifeste.
1100 387 1184 419 Nam
1208 387 1338 429 publice
1363 387 1484 419 dicere¹
1502 386 1627 427 dicitur,
1652 387 1738 428 quod
1761 386 1890 429 quando
1913 388 1998 419 inter

335 457 430 488 reges
453 445 564 478 mundi
593 447 625 475 et
652 443 812 485 principes
840 446 889 473 est
912 440 1081 480 discordia,
1109 442 1183 471 tunc
1208 449 1294 480 papa
1317 442 1367 470 est
1388 448 1483 469 verus
1506 447 1592 480 papa
1617 440 1650 469 et
1672 438 1805 470 timetur
1826 443 1940 480 papa·¹¹
1963 442 1998 470 et

333 497 468 538 quilibet
493 497 583 527 timet
607 506 680 526 eum
704 498 736 525 et
760 493 837 524 facit
861 491 1015 534 quidquid
1039 491 1135 531 libet,
1165 501 1207 522 ex
1229 490 1291 522 hoc
1314 489 1490 526 manifeste.
1509 500 1543 522 se
1567 490 1759 521 convincens
1781 490 1891 522 sitire¹¹
1915 490 1995 522 effu·
2017 502 2039 520 ·s

333 550 455 580 sionem
483 542 644 588 sanguinis
668 544 842 576 christiani.
891 543 1034 574 Maxime
1061 546 1170 574 autem
1195 542 1302 573 dicere
1327 541 1457 582 dicitur,
1488 541 1573 583 quod
1598 540 1759 573 discordia
1782 542 1996 584 principum0,

334 599 487 630 nobilium
519 601 572 629 etp
601 596 712 638 populi
735 595 906 627 Alemanie
931 594 1016 626 salus
1047 597 1096 625 est
1123 597 1156 625 et
1178 599 1262 635 pax‘³
1284 593 1535 635 Rom(anorum)
1562 593 1766 635 pontificum‘
1789 597 1822 626 et
1849 593 1997 626 ecclesie.

333 650 427 681 Unde
452 660 522 680 cum
556 647 847 689 multiplicarentur
874 647 906 677 in
929 646 1102 677 Alemania
1125 646 1293 676 occasione
1317 645 1510 676 electionum
1536 644 1751 676 diversarum·
1774 643 1882 686 cedes,
1912 645 1997 676 occi—

333 702 439 732 siones
470 701 519 731 ett
542 699 674 730 vulnera
703 702 736 730 et
763 708 888 739 gwerre
913 702 945 729 et
973 697 1136 739 sanguinis
1167 696 1341 727 effusiones
1369 696 1473 738 proh¹¹
1497 696 1590 728 dolor
1611 696 1802 737 innocentis,
1832 706 1996 738 nunquam

332 763 428 783 unam
452 752 593 782 litteram
611 751 663 782 vel
688 750 944 791 qualemcunque
968 749 1117 780 nuncium
1141 749 1228 779 misit
1250 747 1292 779 ad
1315 747 1533 779 obviandum*
1547 747 1701 789 predictis
1723 747 1875 789 periculis
1898 751 1996 790 atque
2017 758 2042 778 ιο

331 803 434 843 malis,
459 813 530 834 cum
557 805 666 833 tamen
690 801 809 832 multos
832 800 969 832 haberet
991 800 1023 831 in
1046 799 1218 841 partibusW
1241 801 1411 831 exactores
1435 802 1467 830 et
1490 799 1679 831 collectores
1705 800 1915 841 pecuniarum
1937 810 1996 841 pro

334 856 437 896 ipsox,
463 853 578 895 quibus
608 853 670 884 hoc
694 853 897 884 committere
922 852 990 883 sine
1015 851 1122 892 aliquo
1153 861 1210 881 suo
1235 861 1333 882 onere
1356 851 1525 892 potuisset,
1552 852 1578 882 si
1600 851 1755 882 voluisset
1777 851 1846 882 vely
1869 850 1930 882 sibi
1955 850 1996 882 de

331 906 392 937 hoc
418 916 493 936 cura
517 905 645 946 aliquaz
662 904 783 935 fuisset.
830 903 1012 935 Ostendens
1036 913 1070 934 se
1094 908 1172 944 pera
1196 902 1276 933 hocb
1301 905 1412 934 contra
1436 902 1614 934 doctrinam
1637 901 1762 935 facere⁰
1785 905 1819 934 et
1840 903 1940 934 vitam
1964 906 1998 934 et

332 957 484 998 exempla
509 956 640 995 Christi,
665 955 754 987 cuius
777 955 929 986 vicarium
953 965 987 985 se
1010 955 1163 986 mentitur
1186 957 1219 985 et
1242 953 1328 985 dicit.

442 1011 469 1039 2.
504 1007 617 1039 dItem
646 1010 735 1038 actor
763 1007 864 1038 omnis
891 1007 1012 1038 malitie
1041 1006 1143 1037 factus
1171 1006 1264 1037 simul
1289 1008 1322 1037 et
1350 1005 1450 1036 iudex
1479 1005 1609 1037 omnino
1643 1005 1801 1037 subvertit
1830 1005 1994 1038 iudicium.
2014 1018 2039 1038 ιθ

334 1059 376 1091 Et
399 1063 524 1090 tantum
550 1059 717 1090 excecavit
740 1059 862 1099 ipsum‘
879 1058 1002 1089 malitia
1025 1057 1153 1099 publice
1171 1061 1203 1088 et
1226 1058 1361 1098 notorie,
1386 1057 1472 1099 quod
1488 1067 1551 1088 una
1573 1056 1711 1088 clavium
1727 1057 1759 1088 in
1775 1057 1846 1099 ipso
1868 1067 1999 1100 prorsus

334 1114 459 1142 errante
492 1111 648 1150 insontes,
677 1110 747 1151 pios
780 1112 812 1141 et
835 1110 1031 1150 innocentes,
1061 1109 1161 1140 iustos
1184 1112 1282 1150 atque
1303 1108 1418 1140 fideles
1446 1108 1631 1149 catholicos,
1659 1108 1741 1140 sicut
1763 1112 1855 1150 patet
1875 1108 1942 1141 late
1966 1112 2000 1140 et

333 1162 485 1202 notories,
509 1162 541 1192 in
566 1165 634 1193 tota
657 1160 873 1192 Lambardia⁸
897 1164 929 1192 ct
952 1161 983 1191 in
1008 1160 1140 1191 diversis
1156 1161 1266 1192 Ytalie
1289 1160 1433 1202 partibus
1455 1163 1609 1202 tanquam
1631 1159 1832 1192 Paterenosh
1849 1163 1883 1192 et
1904 1159 1998 1193 here-

335 1214 414 1244 ticos
431 1212 714 1254 condemp11avit1.
754 1212 805 1243 Ita
823 1212 909 1254 quod
925 1212 1022 1254 longe
1038 1212 1158 1253 plures,
1182 1213 1207 1242 si
1226 1212 1395 1244 veritatem
1413 1213 1593 1243 contineret
1614 1222 1671 1243 sua
1695 1222 1795 1254 prava
1818 1214 1853 1243 et
1874 1211 1999 1254 iniqua¹

334 1265 508 1305 sentencia,
538 1264 671 1295 heretici
704 1267 811 1295 essent
842 1267 875 1295 et
901 1263 1117 1295 hereticorum
1152 1264 1305 1304 fautores,
1339 1274 1435 1306 quam
1464 1263 1528 1304 alii,
1557 1273 1629 1295 cum
1659 1263 1855 1305 generaliter
1885 1273 1997 1296 omnes
2015 1276 2042 1296 so

332 1316 446 1348 fideles
470 1315 597 1357 imperii
623 1319 656 1346 et
681 1315 816 1346 devotos
839 1314 928 1346 nulla
952 1314 1015 1346 alia
1040 1325 1137 1346 causa
1161 1314 1304 1356 obtenta,
1327 1314 1389 1346 hoc
1412 1313 1503 1357 ipso¹¹
1520 1314 1607 1356 quod
1629 1314 1743 1346 fideles
1765 1318 1838 1346 sunt
1859 1315 1998 1357 imperii,

333 1378 505 1409 perperam
531 1371 563 1398 et
586 1367 694 1409 inique
718 1367 908 1408 pronunciat
929 1366 1124 1406 Paterenos,
1154 1377 1218 1398 non
1241 1366 1424 1406 attendens,
1448 1366 1534 1408 quod
1557 1369 1632 1398 tunc
1654 1370 1766 1398 manet
1786 1367 1877 1399 Petri
1899 1367 2013 1409 privi-1*

334 1420 464 1461 legium,
487 1419 554 1450 ubil
583 1423 654 1449 ex'n
679 1419 778 1460 ipsius
808 1418 909 1449 fertur
937 1418 1080 1460 equitate
1109 1418 1271 1450 iudicium.
1326 1418 1420 1455 Quod
1443 1429 1508 1450 una
1529 1421 1660 1450 autem¹¹
1683 1418 1821 1450 clavium
1851 1422 1939 1451 erret
1965 1418 1998 1450 in

333 1471 413 1512 ipso,
444 1474 550 1512 patet,
581 1481 652 1501 cum
681 1469 828 1502 membra
853 1469 969 1501 Christi
998 1470 1074 1501 facit
1106 1473 1139 1501 et
1165 1470 1287 1501 iudicat
1313 1469 1462 1502 membra
1491 1469 1622 1512 dyaboli
1648 1474 1682 1502 et
1703 1480 1797 1502 veros
1820 1470 1996 1503 catholicos

333 1526 486 1563 tanquam
511 1532 604 1553 veros
627 1522 789 1553 hereticos
812 1521 1048 1563 condempnat‘·
1068 1524 1101 1553 et
1124 1522 1224 1563 punit.
1262 1521 1337 1563 Ipse
1361 1525 1470 1554 autem
1493 1521 1722 1554 Phariseorum
1746 1521 1807 1553 sibi
1829 1532 1995 1554 assumens
2013 1535 2040 1556 ss

333 1574 536 1615 supercilium
573 1576 666 1614 putat
696 1583 730 1604 se
761 1573 929 1604 absolvere
963 1584 1042 1614 quos
1069 1573 1159 1604 Deus
1188 1573 1269 1614 ligat
1299 1577 1334 1605 et
1359 1573 1463 1615 ligare
1493 1584 1574 1616 quos
1601 1573 1691 1605 Deus
1721 1573 1832 1614 solvit,
1869 1574 1902 1605 in
1932 1573 1994 1606 hoc

334 1630 445 1656 contra
460 1625 566 1656 Deum
584 1628 617 1656 et
632 1625 729 1656 fidem
746 1625 939 1656 catholicam
960 1628 993 1656 et
1015 1635 1140 1656 sacram
1163 1626 1353 1667 scripturam
1375 1628 1408 1656 et
1426 1625 1595 1657 veritatem
1617 1628 1650 1657 et
1664 1626 1818 1657 iustitiam
1834 1624 1994 1658 faciendo.

442 1679 470 1708 3.
495 1677 508 1694 ‘¹
523 1677 605 1708 Item
630 1679 750 1707 statuta
775 1679 808 1707 et
831 1682 991 1708 canonesp
1014 1680 1198 1708 sanctorum
1221 1681 1350 1719 patrum
1374 1678 1478 1709 eciam
1494 1676 1730 1709 declarativosu
1750 1677 1897 1709 veritatis
1919 1676 1996 1709 fidei

333 1731 436 1759 mutat
466 1731 498 1759 et
527 1729 638 1766 variat,
667 1731 763 1770 prout
793 1728 875 1764 vult,
912 1731 945 1760 et
974 1729 1051 1769 ipsis
1083 1730 1286 1770 apertissime
1315 1728 1520 1768 contradicit,
1548 1738 1620 1760 cum
1652 1732 1779 1760 tamen*
1801 1729 1995 1764 inconvulsis

334 1779 494 1810 radicibus
511 1780 597 1811 vivat
619 1780 802 1820 antiquitas,
828 1780 878 1810 cui
895 1779 1028 1811 decreta
1053 1785 1179 1821 patrum
1205 1783 1381 1812 sanxerunt
1396 1780 1626 1820 reverenciam,
1651 1790 1723 1812 cum
1746 1781 1867 1813 eciamr
1885 1771 1994 1812 huiu's-
2014 1794 2040 1814 ιο

333 1830 421 1861 modi
446 1831 617 1862 declaratio
642 1831 837 1862 inmutabilis
861 1832 902 1862 sit
925 1832 1064 1863 omnino.

440 1881 480 1924 [4.
517 1882 599 1914 Item
629 1893 686 1923 per
721 1883 782 1914 ista
811 1883 897 1924 cogit
925 1882 1072 1914 homines
1108 1883 1150 1914 ad
1183 1883 1442 1924 desperationem
1473 1887 1506 1915 et
1540 1885 1571 1915 in
1606 1894 1749 1916 errorem
1775 1883 1998 1926 multipliciter

334 1933 439 1972 mittit,
464 1944 536 1964 cum
560 1937 668 1965 tamen
692 1935 871 1975 apostolica
895 1936 1069 1966 auctoritas
1094 1939 1158 1965 tam
1184 1938 1329 1966 errantes
1350 1946 1446 1977 quam
1469 1936 1500 1966 in
1525 1946 1667 1968 errorem
1690 1937 1855 1968 mittentes
1876 1936 1998 1968 iudicet

333 1984 656 2027 condempnandos'.]

443 2039 455 2053 V

335 2087 485 2128 spelunca
519 2089 857 2130 magnificentissime¹¹
898 2091 1032 2122 contulit
1063 2090 1306 2131 Constantinus,
1350 2090 1502 2133 quicquid
1535 2091 1674 2122 ecclesia
1706 2090 1865 2123 libertatis
1894 2090 1993 2122 hodie

336 2139 458 2170 obtinet
475 2140 525 2170 vel
542 2140 681 2172 honoris.
719 2142 794 2183 Ipse
818 2145 927 2173 autem
945 2141 1091 2174 Silvestri
1115 2153 1280 2174 successor
1302 2147 1337 2174 ut
1360 2143 1438 2174 dicit
1459 2142 1545 2174 male
1568 2141 1744 2184 respondet
1769 2142 1928 2184 imperio²
1952 2142 1994 2174 de

337 2190 497 2231 predictis,
521 2192 617 2223 immo
642 2203 766 2224 sacrum
790 2195 961 2235 imperium
979 2195 1195 2226 exterminare
1212 2198 1366 2226 conatur*
1381 2205 1440 2236 per
1463 2194 1512 2226 fas
1536 2197 1570 2226 et
1591 2194 1683 2226 nefas
1706 2197 1740 2226 et
1762 2204 1821 2236 per
1836 2199 1994 2226 omnemw
2047 2235 2050 2238 ι

337 2241 468 2273 modum
493 2254 566 2274 suos
588 2244 700 2276 fideles
725 2249 757 2276 et
780 2245 914 2277 devotos
939 2246 1117 2287 destruere,
1142 2247 1223 2278 sicut
1246 2250 1337 2288 patet
1359 2247 1392 2278 in
1415 2246 1587 2288 processu³
1610 2255 1713 2287 nuper
1735 2247 1846 2277 contra
1867 2255 1995 2278 sacrum

440 2356 507 2383 909.
535 2358 553 2389 i)
572 2368 690 2392 guerram
710 2361 825 2387 similiter
838 2370 936 2394 semper
953 2362 979 2388 4.
992 2362 1017 2387 5.
1098 2362 1124 2395 ¹¹)
1142 2363 1241 2388 cicanie
1259 2363 1284 2388 4.
1366 2362 1386 2396 l)
1405 2363 1476 2389 sitire
1493 2363 1521 2388 in
1534 2364 1589 2388 loco
1601 2371 1663 2388 raso
1682 2362 1705 2388 l.
1785 2363 1818 2395 ¹¹²)
1836 2363 1906 2388 deest
1922 2362 1951 2393 5,·
1968 2367 1995 2389 et
2011 2371 2038 2390 4⁰

336 2400 440 2425 timetur
453 2409 518 2434 papa
532 2402 584 2427 des.
597 2402 621 2427 4.
680 2403 704 2435 n)
723 2405 787 2429 scire
802 2404 824 2430 l.
887 2404 911 2438 0)
930 2410 955 2431 et
967 2405 1028 2431 add.
1042 2406 1066 2431 5.
1128 2405 1154 2438 Ρ)
1173 2415 1202 2431 ac
1215 2406 1239 2432 5.
1310 2406 1336 2439 q)
1355 2406 1426 2432 salus
1438 2411 1463 2432 et
1475 2415 1525 2439 pax
1539 2409 1578 2431 est
1589 2405 1614 2431 4.
1665 2405 1688 2437 ¹')
1707 2406 1780 2431 Rom.
1792 2406 1921 2439 pontificis
1931 2404 1992 2432 45.

337 2443 359 2471 ⁸)
378 2443 429 2467 div.
442 2443 472 2468 el.
492 2444 515 2468 5.
597 2445 616 2475 t)
636 2446 702 2470 deest
720 2446 743 2471 5.
825 2448 851 2479 11)
871 2457 915 2480 pro
934 2447 963 2479 43
983 2450 1061 2482 procli
1082 2448 1106 2474 5.
1189 2449 1214 2481 v)
1232 2450 1371 2475 oviandum
1389 2449 1414 2475 2.
1496 2450 1528 2482 w)
1545 2450 1682 2474 Alamanie
1700 2449 1763 2474 add.
1776 2448 1801 2475 5.
1880 2449 1906 2481 ¹)
1922 2457 1950 2475 se
1966 2449 1992 2475 4.

338 2485 364 2513 y)
382 2485 403 2509 si
422 2485 484 2510 add.
503 2485 526 2510 5.
623 2487 645 2518 z)
664 2496 726 2513 cura
744 2490 774 2515 de
793 2490 841 2515 hoc
859 2491 947 2522 aliqua
964 2490 993 2522 43
1017 2500 1039 2517 c.
1057 2500 1081 2517 a.
1100 2493 1124 2517 d.
1142 2492 1168 2517 h.
1187 2492 1211 2517 5.
1308 2491 1332 2525 ²)
1352 2493 1406 2518 loco
1425 2501 1453 2518 se
1471 2501 1516 2525 per
1533 2491 1562 2518 4:
1585 2501 1626 2518 ex.
1722 2491 1748 2524 b)
1766 2500 1812 2525 per
1829 2492 1879 2518 hoc
1895 2492 1949 2518 dee.
1966 2491 1991 2518 5.

339 2526 361 2555 c)
381 2528 464 2552 tacere
483 2532 571 2553 contra
589 2530 728 2556 doctrinam
747 2531 771 2557 2.
784 2532 808 2558 5.
905 2533 930 2566 d)
949 2543 1006 2559 cum
1023 2535 1095 2567 ⁸1⁴an
1114 2535 1283 2568 paragraphi
1301 2535 1324 2560 1.
1337 2535 1362 2561 2.
1458 2537 1482 2567 θ)
1500 2544 1559 2561 eum
1578 2536 1603 2561 5.
1700 2534 1720 2567 s)
1738 2536 1801 2561 late
1818 2539 1849 2561 et
1867 2536 1993 2562 notorie

339 2569 390 2594 dee·
409 2569 438 2600 23
457 2571 490 2603 cf·
509 2580 549 2596 nr.
565 2574 620 2598 910.
698 2574 723 2605 E)
741 2576 894 2602 Lombardia
912 2577 937 2602 4.
950 2578 974 2602 5.
1045 2577 1070 2610 h)
1088 2579 1229 2604 Patarenos
1247 2578 1363 2604 similiter
1381 2587 1479 2611 semper
1496 2578 1521 2604 4.
1534 2578 1558 2605 5.
1635 2578 1652 2610 i)
1671 2583 1698 2604 et
1715 2579 1805 2611 iniqu·
1821 2579 1875 2605 du.
1894 2578 1918 2605 l.
1930 2577 1956 2605 4.
1967 2578 1992 2605 5.
2010 2585 2036 2605 4³

339 2610 365 2643 k)
385 2613 434 2637 nisi
454 2613 515 2638 add.
534 2613 559 2639 4.
572 2614 595 2639 ὓ.
666 2615 685 2646 ¹)
703 2625 761 2642 cum
779 2618 804 2643 4.
874 2619 906 2651 ΙΙἱ)
925 2620 992 2645 deest
1004 2619 1028 2645 4.
1038 2621 1063 2646 5.
1133 2620 1159 2654 n)
1177 2625 1265 2647 autem
1277 2630 1331 2647 una
1344 2622 1368 2647 5.
1438 2623 1463 2653 ⁰)
1481 2623 1603 2655 dampnat
1614 2621 1640 2648 4.
1710 2621 1736 2654 Ρ)
1753 2622 1868 2655 ipsorum
1886 2621 1949 2648 add.
1967 2621 1993 2648 5.

339 2653 364 2686 ⁴1)
384 2659 409 2679 et
426 2655 610 2682 declarationes
628 2657 651 2683 4.
665 2659 689 2684 5.
792 2661 813 2691 Ι·)
835 2662 901 2687 decet
919 2662 942 2687 5.
1049 2663 1069 2695 Β)
1087 2672 1143 2696 cap.
1158 2668 1174 2689 4
1193 2673 1256 2690 casu
1273 2665 1385 2697 quodam
1404 2665 1526 2691 excidisse
1543 2665 1644 2690 videtur
1662 2665 1686 2690 1.
1698 2663 1724 2690 2.
1737 2664 1761 2691 4.
1775 2664 1800 2691 5.
1899 2664 1920 2698 ²)
1939 2665 1993 2691 vine

339 2697 411 2728 siquo
427 2700 594 2731 paragraphi
614 2700 637 2731 l;
657 2710 713 2726 cum
731 2703 802 2734 siyno
821 2703 844 2728 2.
932 2705 957 2737 ¹¹)
976 2707 1112 2739 magnifice
1129 2706 1154 2732 4.
1242 2709 1266 2738 v)
1286 2708 1378 2733 nititur
1395 2707 1420 2734 5.
1507 2707 1539 2740 W)
1557 2709 1667 2734 eundem
1684 2707 1709 2734 5.
1900 2701 1903 2704 .

443 2774 469 2806 1)
490 2773 530 2807 Cf.
550 2774 618 2809 Rey.
631 2776 692 2809 imp.
711 2777 740 2809 V,
758 2782 825 2805 :2434
843 2781 917 2813 apud
935 2781 1230 2810 Huillard-Brelcolles
1254 2783 1283 2817 V,
1302 2787 1354 2811 309
1372 2784 1417 2818 (=
1437 2784 1512 2811 Patr.
1531 2784 1563 2810 de
1580 2784 1669 2810 Vincis
1686 2783 1717 2817 I,
1735 2785 1776 2817 1),·
1802 2792 1826 2811 v.
1843 2783 1886 2811 W.
1899 2783 1991 2810 Fauen

339 2814 543 2849 ‘Fmschmvyen
555 2826 604 2843 zur
614 2818 760 2846 Geschiehte
772 2821 900 2857 Ludwiqs
911 2823 955 2850 des
966 2824 1088 2858 Bayern'
1100 2826 1199 2859 (Neuss
1209 2828 1286 2859 1900)
1296 2835 1325 2860 p.
1335 2831 1377 2854 60.
1447 2828 1475 2860 2)
1490 2827 1531 2859 Cf.
1545 2827 1562 2854 l.
1575 2835 1596 2854 c.
1609 2830 1670 2855 312:
1734 2827 1762 2860 3)
1779 2825 1870 2860 Supra
1882 2833 1925 2853 m·-
1935 2829 1992 2853 roff.
2011 2835 2038 2855 ω

441 2049 470 2067 0.
501 2037 607 2068 ²1tem
643 2048 705 2069 non
742 2039 916 2079 recogitat,
953 2038 1038 2080 quod
1073 2038 1170 2070 beato
1206 2038 1360 2070 Silvestro
1396 2049 1481 2081 pape
1515 2039 1629 2071 latenti
1662 2042 1738 2071 tunc
1775 2039 1930 2081 temporis
1964 2041 1996 2071 in
2015 2050 2040 2071 ιε
2088 2057 2091 2059 -
