2190 3172
328 177 390 207 250
599 173 696 201 ACTA
716 173 830 200 REGNI
849 172 1034 200 LUDEWICI
1053 172 1100 199 IV.
1119 173 1166 199 ET
1186 172 1373 200 FRIDERICI
1392 173 1441 200 111.
1478 172 1553 200 1315.
1590 172 1638 200 Nr.
1652 173 1712 201 289.

327 260 492 292 fidelitatis
517 260 670 299 debitum,
695 270 758 301 quo
781 260 935 291 tenemini
957 259 1060 299 nobis,
1083 259 1115 290 in
1138 259 1301 300 premissis
1324 258 1471 290 omnibus
1495 262 1528 290 et
1550 259 1682 301 singulis
1698 260 1926 301 premissorum
1951 263 1986 292 et

327 313 493 354 potissime
522 313 553 343 in
579 312 804 353 perceptione,
832 311 995 342 levatione
1024 314 1056 342 et
1080 311 1249 342 exactione
1273 310 1510 352 passagiorum,
1541 310 1754 352 pedagiorum
1782 321 1840 343 seu
1869 311 1984 354 guida-

328 365 454 405 giorum
477 364 508 394 in
533 363 626 394 dictis
649 363 765 393 nostris
789 362 965 404 privilegiis
988 363 1168 404 pretaxatis
1190 362 1313 394 nullum
1336 362 1603 403 impedimentum
1620 362 1806 404 nullamque
1826 363 1985 403 iniuriam,

329 415 544 456 calumpniam
568 415 634 445 sive
651 414 844 454 molestiam,
869 415 1038 455 quominus
1061 414 1166 455 gratia
1188 417 1298 444 nostra
1322 413 1424 445 libere
1447 414 1494 444 uti
1510 413 1628 454 valeat,
1651 424 1711 455 per
1732 425 1789 446 vos
1811 415 1864 446 vel
1885 415 1986 447 alium

328 477 386 498 seu
409 467 489 497 alios
512 466 658 497 inferatis
681 475 740 496 nec
764 465 875 496 inferri
897 464 939 496 ab
962 465 1033 496 aliis
1055 465 1261 506 permittatis,
1285 465 1343 496 sed
1366 465 1523 496 assistatis
1547 466 1576 496 ei
1599 475 1638 496 ac
1660 465 1835 497 heredibus
1857 469 1891 498 et
1912 476 1985 498 suc-

329 518 508 550 cessoribus
537 518 600 548 suis
631 527 668 548 ac
701 527 798 557 super
827 516 889 547 hoc
917 516 1102 558 deputando
1133 527 1191 548 seu
1218 515 1412 557 deputandis
1439 516 1480 548 ab
1507 516 1585 557 ipsis
1613 516 1766 556 consiliis,
1796 517 1924 549 auxiliis
1953 521 1987 549 et

329 569 493 600 favoribus
517 568 698 610 oportunis,
729 572 764 599 ut
791 578 849 609 per
876 568 936 599 hec
960 567 1166 600 devotionem
1190 571 1330 599 vestram
1360 567 1402 599 ad
1430 579 1488 599 nos
1516 571 1550 600 et
1578 568 1748 609 imperium
1778 568 1986 601 ostendentes

328 620 517 651 mereamini
540 630 560 650 a
582 619 674 651 nobis
698 622 732 651 et
747 620 816 660 ipso
833 619 1011 651 auxiliante
1027 619 1167 651 Domino
1191 619 1318 651 favores
1343 622 1376 650 et
1395 620 1516 661 gratias
1531 619 1650 651 uberes
1666 630 1816 651 successu
1830 621 1986 662 temporis

329 671 485 703 obtinere.
533 671 627 707 Quod
656 671 681 701 si
706 671 813 702 forsan
837 671 940 712 quivis
963 671 1019 702 alii
1042 671 1109 702 sive
1133 671 1304 712 principes,
1329 671 1473 711 comites,
1496 670 1644 711 barones,
1668 671 1793 702 nobiles
1816 671 1883 702 sive
1907 671 1984 703 civi-

327 727 428 763 tates,
458 724 721 764 communitates,
750 726 870 763 castra,
902 723 977 755 ville
1006 726 1038 754 et
1066 727 1151 754 terre
1175 725 1232 754 aut
1254 723 1309 754 alii
1331 722 1511 764 singulares
1534 722 1654 754 subditi
1678 725 1711 754 et
1733 723 1862 754 vassalli
1884 723 1987 755 nostri

329 776 524 816 quicunque,
549 775 767 816 cuiuscunque
791 774 982 806 conditionis
1007 777 1039 806 et
1063 778 1164 806 status
1187 774 1397 806 ecclesiastici
1420 774 1473 806 vel
1495 773 1659 815 mundani,
1682 773 1866 806 huiusmodi
1889 775 1986 816 privi-

328 827 488 868 legiorum
517 830 550 858 et
573 826 802 858 mandatorum
826 829 1006 858 nostrorum
1031 826 1162 867 fuerint,
1193 825 1279 868 quod
1305 837 1369 858 non
1400 826 1571 866 credimus,
1595 829 1834 867 contemptores
1857 829 1890 858 et
1912 836 1986 868 pre-

328 879 430 909 fatum
462 877 658 909 cardinalem
695 888 732 909 ac
768 877 906 910 heredes
942 881 975 909 et
1008 888 1211 909 successores
1244 877 1344 919 ipsius
1376 881 1432 909 aut
1459 877 1681 919 deputandum
1713 887 1810 919 super
1838 878 1900 909 hoo
1934 878 1987 910 vel

328 929 531 971 deputandos
561 929 602 960 ab
638 930 698 970 eis,
728 930 899 971 quominus
923 929 1007 961 dicta
1031 929 1171 971 pedagia
1194 939 1252 960 seu
1274 929 1428 971 guidagia
1451 930 1484 960 in
1506 928 1634 970 prefata
1655 928 1784 961 bastida
1807 932 1840 961 et
1862 939 1986 971 appen-

329 981 414 1012 ditiis
439 985 472 1012 et
487 980 798 1012 circumadiacentiis
823 981 891 1012 eius
914 981 1005 1012 iuxta
1028 983 1135 1012 nostre
1151 981 1366 1012 concessionis
1390 985 1536 1013 tenorem
1561 983 1594 1012 et
1616 980 1749 1012 modum
1771 981 1802 1012 in
1819 981 1986 1023 prelibatis

328 1036 361 1064 et
384 1032 588 1074 presentibus
616 1033 733 1063 nostris
756 1032 934 1073 privilegiis
964 1042 1117 1073 expresse
1141 1035 1309 1063 contentos
1335 1031 1438 1063 libere
1462 1033 1622 1073 recipere,
1650 1032 1760 1064 levare
1791 1043 1829 1064 ac
1853 1033 1985 1075 exigere

327 1084 474 1124 valeant,
503 1083 732 1124 impediverint
761 1093 819 1114 seu
848 1083 1091 1115 molestaverint
1120 1086 1218 1124 atque
1250 1084 1450 1115 turbaverint
1477 1086 1533 1114 aut
1565 1083 1729 1125 impediri,
1757 1083 1924 1116 molestari
1953 1087 1987 1116 et

327 1135 450 1167 turbari
474 1145 532 1176 per
555 1134 635 1165 alios
661 1134 797 1166 fecerint
820 1134 949 1175 publice
973 1134 1025 1165 vel
1049 1134 1174 1165 occulte
1197 1137 1254 1165 aut
1275 1134 1439 1175 iniuriam,
1470 1134 1672 1175 violentiam,
1695 1135 1911 1167 resistentiam
1933 1135 1987 1167 vel

328 1187 528 1218 obstaculum
557 1186 723 1216 intulerint
746 1185 798 1217 vel
827 1185 938 1216 inferri
962 1185 1208 1227 quomodolibet
1231 1188 1286 1216 aut
1309 1185 1587 1227 qualitercumque
1615 1185 1752 1218 fecerint
1779 1190 1812 1218 et
1840 1186 1986 1229 requisiti

327 1250 347 1270 a
371 1238 455 1269 dicto
486 1237 641 1269 cardinali
669 1240 726 1268 aut
748 1237 924 1268 heredibus
953 1242 985 1268 et
1009 1236 1246 1268 successoribus
1275 1237 1344 1268 eius
1372 1237 1425 1268 vel
1452 1247 1494 1268 ex
1521 1239 1614 1278 parte
1637 1237 1780 1279 ipsorum
1807 1237 1891 1270 infra
1913 1241 1986 1270 octo

328 1290 452 1321 dierum
468 1290 612 1331 spacium
637 1300 655 1320 a
680 1289 732 1320 die
750 1289 968 1330 requisitionis
990 1288 1173 1319 huiusmodi
1196 1288 1447 1330 computandum
1471 1299 1535 1319 non
1557 1289 1750 1330 resipuerint
1772 1293 1806 1322 et
1827 1290 1861 1321 in
1883 1292 1987 1322 totum

327 1352 399 1372 cum
424 1341 543 1372 effectu
571 1340 772 1371 cessaverint
802 1350 908 1381 neque
938 1339 1024 1371 dicto
1048 1339 1204 1371 cardinali
1230 1343 1286 1371 aut
1308 1339 1477 1381 prelibatis
1498 1340 1673 1372 heredibus
1695 1344 1729 1372 et
1751 1341 1988 1374 successoribus

328 1394 397 1424 eius
421 1392 461 1423 de
485 1391 669 1423 huiusmodi
692 1391 829 1432 iniuriis,
857 1391 1034 1431 violentiis,
1063 1391 1220 1423 molestiis
1250 1395 1284 1422 et
1313 1391 1460 1433 dampnis
1484 1401 1522 1423 ac
1545 1392 1644 1423 etiam
1667 1392 1822 1425 interesse
1845 1403 1987 1436 congrue

329 1444 559 1484 satisfecerint,
590 1444 678 1484 ipsos
709 1445 743 1474 et
770 1443 913 1484 ipsorum
946 1443 1089 1484 singulos
1121 1453 1234 1475 omnes
1264 1443 1428 1484 predictas
1456 1453 1558 1485 penas
1581 1443 1784 1476 decrevimus
1812 1447 1846 1476 et
1876 1447 1988 1478 tenore

327 1496 526 1537 presentium
551 1495 754 1527 decernimus
778 1495 948 1526 incurrisse
977 1505 1015 1526 ac
1038 1495 1125 1536 ipsos
1149 1497 1182 1526 et
1204 1495 1347 1536 ipsorum
1371 1495 1515 1536 singulos
1538 1495 1686 1540 omnibu-s
1709 1499 1743 1528 et
1765 1497 1898 1538 singulis
1920 1498 1986 1539 pri-

327 1547 465 1588 vilegiis,
488 1546 703 1587 libertatibus,
727 1546 994 1586 immunitatibus,
1020 1546 1136 1586 feudis,
1159 1546 1414 1578 iurisditionibus
1438 1549 1471 1578 et
1493 1547 1616 1578 iuribus
1638 1557 1676 1579 ac
1699 1547 1792 1579 bonis
1814 1548 1988 1580 mobilibus

328 1602 361 1630 et
384 1598 613 1638 immobilibus,
639 1608 701 1639 que
725 1598 847 1629 habent
871 1602 904 1628 et
926 1601 1039 1629 tenent
1062 1608 1119 1629 seu
1142 1600 1255 1629 tenere
1279 1597 1401 1629 debent
1424 1609 1443 1629 a
1466 1598 1568 1640 nobis,
1592 1599 1683 1640 regia
1706 1600 1899 1631 auctoritate
1922 1601 1988 1642 pri-

326 1661 439 1682 vamus
463 1654 496 1681 et
513 1650 714 1681 decernimus
731 1659 802 1680 esse
818 1650 971 1690 privatos,
1052 1650 1108 1680 illa
1125 1649 1210 1681 dicto
1227 1649 1382 1681 cardinali
1405 1660 1442 1681 ac
1458 1650 1592 1692 prefatis
1607 1650 1782 1682 heredibus
1805 1655 1838 1683 et
1860 1662 1987 1684 succes-

327 1701 452 1733 soribus
477 1702 560 1741 eius,
593 1701 646 1742 qui
677 1711 717 1731 ex
741 1701 887 1742 predicto
912 1704 1100 1742 contemptu
1124 1701 1346 1742 principaliter
1369 1700 1638 1742 dampnificantur
1660 1705 1758 1744 atque
1782 1702 1934 1735 leduntur
1956 1706 1990 1735 et

328 1764 462 1795 quorum
494 1753 699 1794 singulariter
722 1753 879 1783 interesse
903 1755 1051 1783 versatur
1073 1763 1198 1784 necnon
1228 1756 1260 1783 et
1289 1752 1335 1783 illi
1358 1752 1411 1784 vel
1433 1752 1511 1794 illis,
1545 1754 1577 1784 in
1601 1763 1696 1795 quem
1720 1754 1772 1786 vel
1796 1765 1878 1796 quos
1899 1754 1992 1806 idem·

327 1805 498 1836 cardinalis
530 1805 657 1846 prefata
681 1804 766 1835 bona
797 1808 831 1835 et
857 1804 927 1835 iura
958 1814 999 1835 ex
1022 1804 1182 1835 huismodi
1215 1807 1323 1835 nostro
1347 1807 1534 1846 contemptu
1557 1804 1618 1836 sibi
1640 1805 1766 1837 incursa
1789 1810 1887 1848 atque
1911 1817 1987 1838 con—

327 1866 418 1887 cessa
449 1856 622 1887 transferre
652 1855 791 1887 voluerit
818 1856 871 1887 vel
900 1855 1112 1895 transtulerit,
1149 1857 1342 1888 auctoritate
1369 1857 1569 1897 presentium
1598 1857 1744 1898 plenarie
1773 1857 1988 1890 concedentes

327 1908 551 1949 dictorumque
575 1908 731 1939 bonorum
755 1911 791 1939 ut
814 1907 990 1949 predicitur
1012 1908 1211 1939 incursorum
1241 1910 1274 1939 et
1297 1918 1523 1940 concessorum
1547 1918 1589 1940 ex
1612 1908 1832 1941 inobedientia
1856 1913 1890 1941 et
1911 1919 1988 1941 con·

327 1963 453 2001 temptu
476 1959 629 2001 predictis
653 1960 891 2000 possessionem
920 1959 1026 1991 eidem
1052 1959 1207 1991 cardinali
1237 1970 1275 1991 ac
1305 1959 1479 1991 heredibus
1508 1963 1541 1991 et
1570 1960 1807 1992 successoribus
1830 1961 1895 1992 suis
1917 1962 1987 1993 uni-

327 2011 505 2042 versalibus
536 2011 588 2042 vel
619 2012 651 2041 in
682 2021 751 2042 rem
784 2021 841 2042 seu
868 2011 915 2042 illi
943 2011 995 2042 vel
1026 2011 1102 2051 illis,
1137 2012 1169 2042 in
1199 2022 1295 2053 quem
1325 2011 1378 2043 vel
1405 2022 1486 2053 quos
1515 2011 1601 2044 bona
1631 2015 1665 2044 et
1686 2013 1757 2044 iura
1778 2012 1925 2054 predicta
1948 2023 1990 2045 ex

329 2062 473 2094 eiusdem
498 2062 668 2094 cardinalis
690 2062 909 2102 concessione,
933 2062 1153 2104 translatione,
1178 2063 1379 2094 ordinatione
1402 2073 1461 2095 seu
1475 2064 1642 2095 voluntate
1660 2063 1860 2105 devenerint,
1882 2065 1989 2105 ingre-

328 2114 437 2145 diendi
461 2114 654 2145 auctoritate
678 2117 789 2144 nostra
813 2114 943 2155 plenam
976 2117 1009 2145 et
1031 2114 1167 2146 liberam
1191 2114 1398 2146 concedimus
1426 2118 1539 2147 tenore
1569 2116 1766 2157 presentium
1789 2115 1989 2148 facultatem.

329 2164 524 2206 Supplentes
548 2175 676 2196 omnem
700 2165 878 2206 defectum,
910 2166 936 2196 si
967 2166 1037 2207 quis
1068 2165 1176 2197 forsan
1202 2167 1234 2197 in
1265 2166 1457 2208 supradictis
1486 2166 1744 2199 concessionibus
1775 2170 1808 2198 et
1834 2177 1990 2209 penarum

328 2216 586 2258 impositionibus
615 2227 652 2247 ac
681 2217 753 2247 aliis
781 2217 948 2258 prelibatis
976 2228 1033 2249 seu
1063 2217 1322 2259 supradictorum
1347 2219 1480 2260 singulis
1504 2218 1748 2260 quomodolibet
1770 2220 1926 2251 existeret
1949 2219 1990 2251 de

329 2267 448 2309 regalis
470 2271 577 2298 nostre
601 2267 813 2309 precellentia
838 2268 1012 2310 dignitatis.
1103 2271 1148 2309 (5)
1165 2269 1233 2301 Vos
1256 2270 1364 2310 igitur,
1388 2269 1429 2302 de
1453 2280 1590 2312 quorum
1611 2270 1768 2303 fidelitate
1792 2271 1888 2312 plene
1912 2281 1989 2303 con-

328 2319 466 2359 fidimus,
490 2320 534 2351 sic
558 2319 760 2360 obedienter,
785 2319 904 2351 devote
933 2324 966 2351 et
989 2321 1130 2352 fideliter
1152 2322 1268 2352 nostris
1290 2323 1322 2353 in
1346 2321 1407 2353 hac
1429 2325 1522 2363 parte
1546 2322 1706 2354 mandatis
1729 2326 1762 2354 et
1777 2322 1990 2364 beneplacitis

329 2381 444 2411 parere
469 2372 603 2411 curetis,
636 2371 782 2402 faventes
811 2375 844 2402 et
874 2373 1061 2404 assistentes
1093 2372 1178 2404 dioto
1203 2373 1359 2405 cardinali
1381 2373 1424 2405 ob
1449 2374 1517 2405 eius
1541 2377 1574 2405 et
1596 2375 1696 2406 nostri
1718 2375 1932 2406 reverentiam
1957 2377 1991 2406 et

329 2422 485 2453 honorem
516 2423 600 2453 circa
628 2422 741 2453 utilem
771 2423 923 2454 effectum
953 2423 1138 2456 huiusmodi
1169 2428 1277 2456 nostre
1308 2426 1412 2466 gratie
1441 2425 1719 2467 consequendum,
1755 2426 1842 2468 quod
1869 2426 1930 2458 sibi
1957 2429 1991 2457 et

328 2473 420 2505 nobis
445 2473 658 2505 effectualiter
681 2474 815 2505 satisfiat
839 2478 872 2506 et
899 2486 962 2506 non
986 2475 1088 2506 solum
1112 2477 1220 2507 vitetis
1244 2477 1438 2518 gravitatem
1463 2487 1619 2518 penarum
1642 2478 1675 2508 in
1698 2478 1842 2518 presenti
1864 2480 1897 2509 et
1918 2477 1990 2508 aliis

329 2526 445 2556 nostris
467 2525 645 2567 privilegiis
669 2536 910 2567 expressarum,
940 2527 998 2558 sed
1021 2528 1212 2559 mereamini
1234 2539 1253 2559 a
1276 2528 1368 2559 nobis
1393 2532 1425 2559 et
1448 2529 1584 2570 imperio
1608 2529 1680 2560 Deo
1709 2530 1838 2561 favente
1867 2530 1989 2571 gratias

328 2576 446 2608 uberes
470 2576 626 2608 obtinere.
716 2577 754 2608 In
778 2588 912 2619 quorum
937 2579 1078 2610 omnium
1102 2580 1321 2611 testimonium
1345 2583 1378 2612 et
1401 2584 1594 2622 perpetuam
1616 2581 1802 2613 firmitatem
1821 2584 1989 2637 presentes

329 2628 453 2659 litteras
476 2628 545 2659 fieri
569 2631 602 2659 et
623 2629 723 2659 nostri
746 2629 866 2670 regalis
889 2630 986 2671 sigilli
1010 2631 1157 2661 iussimus
1180 2632 1379 2672 appensione
1404 2632 1529 2663 muniri.

436 2679 511 2711 Dat.
529 2680 615 2721 apud
632 2680 662 2711 N
665 2680 845 2722 oremberg,
870 2691 953 2713 anno
970 2681 1100 2713 Domini
1123 2682 1295 2714 millesimo
1312 2685 1538 2715 trecentesimo
1555 2683 1806 2726 quintodecimo,
1829 2683 1987 2716 111.N0n.

329 2731 422 2771 Iunii,
446 2732 538 2772 regni
561 2741 639 2762 vero
663 2732 761 2762 nostri
785 2742 868 2763 anno
893 2733 1025 2774 primofl.

434 2807 502 2835 289.
531 2809 555 2841 ⁸)
575 2810 644 2834 linea
663 2809 718 2834 dati
737 2810 826 2834 eadem
844 2819 923 2835 manu
942 2812 1000 2836 stilo
1020 2813 1129 2837 acutiori
1146 2817 1241 2837 mutato
1261 2812 1339 2837 ductu
1357 2813 1453 2846 scripta
1472 2823 1511 2839 or.

2004 737 2031 757 1⁰

2005 993 2030 1014 15

2006 2542 2032 2562 45
