2184 3126
447 236 545 265 ACTA
565 232 679 265 amm
698 237 881 265 LUDEWICI
900 236 947 264 1v.
966 237 1012 264 m·
1031 236 1217 266 rfflDEmcl
1235 238 1285 266 111.
1323 239 1398 266 182⁴.
1436 238 1484 267 Nr.
1497 239 1556 267 881.
1766 242 1830 273 693

279 323 357 356 Alia
377 323 570 364 exemplaria
591 323 636 356 ad
656 334 706 356 nr.
724 325 790 356 883
813 323 920 357 citata
942 324 1068 357 omnim
1089 334 1154 357 mm
1176 325 1382 366 maximus.

282 383 426 423 Bo'hmer,
450 383 525 426 Rey.
542 384 655 418 Luam.
672 395 709 425 p.
725 384 789 416 215
811 394 862 418 nr.
879 386 931 417 18.

283 443 334 487 Cf.
353 453 520 484 processus
541 446 653 477 contra
675 443 873 477 vicecomites
895 444 999 477 eodem
1021 445 1072 478 die
1095 445 1195 484 datos,
1218 445 1357 478 Bohmer
1378 445 1398 478 l.
1414 456 1439 478 c.
1463 456 1514 478 nr.
1533 447 1583 477 19.

280 530 440 562 Iohannes
474 530 644 572 episcopus
679 540 790 562 servus
823 540 987 563 servorum
1022 530 1118 563 Dei·.
1214 531 1266 564 Ad
1300 531 1527 564 certitudinem
1562 534 1760 574 presentium
1795 538 1829 565 et

138 591 151 611 ε
172 581 361 614 memoriam
385 581 575 613 futurorum.

284 635 310 665 1.
350 632 455 674 Urget
487 642 546 664 nos
584 632 700 664 caritas
734 643 851 674 sponse
883 631 1017 675 Christi,
1051 634 1108 666 utl’
1138 634 1208 666 eius
1240 635 1311 666 iura
1344 635 1546 668 volentibus0
1573 637 1829 678 presumptuosis

170 683 301 716 ausibus
330 682 384 715 et⁶
411 682 558 725 reprobis
588 694 746 726 usurpare
779 684 946 716 conatibus
975 695 1123 717 curemus
1155 686 1320 728 oportunis
1348 687 1500 719 remediis
1527 687 1668 720 obviare.
1728 689 1829 730 Angit

171 736 302 778 insuper
325 735 465 777 suscepti
488 744 564 767 cura
580 735 754 777 regiminis,
778 739 814 768 ut
837 746 918 778 quos
940 737 1036 768 timor
1049 736 1113 769 Dei
1136 747 1155 769 a
1178 737 1351 770 molestiis⁴³
1368 742 1402 770 et
1424 739 1546 771 iniuriis
1561 736 1683 781 sponse*
1702 740 1828 782 prefate

170 797 234 819 non
255 785 400 827 retrahit,
423 786 574 818 salutaris
598 786 768 829 discipline
791 788 902 830 vigore
927 787 1092 821 retrahere
1115 792 1310 831 satagamus.
1359 789 1449 822 Hoc‘
1469 791 1616 832 profecto
1639 790 1761 823 dudum
1785 791 1827 823 ad

127 851 152 873 ιο
169 840 313 870 nostram
349 840 383 869 et
410 836 545 869 fratrum
579 841 760 870 nostrorum
795 843 905 871 sancte
931 839 1080 872 Romane
1116 840 1253 872 ecclesie
1285 841 1495 874 cardinalium
1523 842 1611 874 fama
1640 842 1827 884 divulgante

170 887 310 921 deducto
338 889 511 930 noticiam,
547 889 632 931 quod
663 890 830 922 nonnulliff
859 891 1030 933 potestatis
1059 895 1093 923 et
1120 891 1285 934 dignitatis
1315 893 1480 935 fastigium
1507 894 1617 926 illicite
1647 894 1828 926 ambientes

169 939 339 972 vicariatus
354 950 413 972 seu
427 939 561 972 alterius
582 941 819 984 cuiuscunque1¹
836 951 953 974 nomen
970 942 1067 974 officii
1082 947 1322 985 assumpserant
1338 954 1395 976 seu
1410 945 1617 977 assumebant
1633 946 1663 977 in
1681 946 1828 988 imperio,

168 991 256 1034 quod
279 994 356 1023 tunc
379 991 526 1033 vacabat,
549 993 631 1024 sicut
653 992 760 1025 adhuc
784 1003 900 1026 vacare
924 993 1109 1035 dinoscitur,
1132 994 1276 1036 illudque
1300 995 1422 1038 absque
1446 1000 1555 1028 nostra
1577 1007 1634 1029 seu
1649 997 1828 1039 apostolice

167 1042 253 1076 sedis
275 1044 379 1085 petita
401 1042 532 1075 licentia
554 1043 605 1076 vel
629 1043 766 1076 obtenta
790 1044 850 1076 sibi
874 1046 1013 1078 retinere
1036 1056 1093 1078 seu
1117 1046 1158 1078 de
1181 1046 1279 1078 novo¹
1302 1057 1466 1080 assumere
1490 1048 1671 1080 temerariis
1697 1049 1828 1081 ausibus

125 1109 150 1130 ιε
168 1097 431 1137 presumpserant
459 1098 493 1127 et
520 1095 616 1127 etiam
651 1096 881 1137 presumebant
903 1097 1070 1140 multaque
1098 1097 1157 1129 sub
1185 1098 1255 1130 eius
1284 1098 1392 1131 colore
1415 1099 1579 1132 faciebant
1608 1104 1641 1132 et
1671 1100 1827 1139 fecerant,

168 1156 232 1189 que
254 1146 288 1178 in
309 1149 451 1178 nostram
475 1149 509 1179 et
532 1147 668 1179 ecclesie
692 1158 809 1190 sponse
833 1148 966 1190 Christi,
996 1149 1038 1180 ad
1066 1159 1163 1191 quam
1186 1150 1331 1192 regimen
1359 1151 1503 1182 vacantis
1525 1151 1653 1193 imperii
1677 1153 1826 1194 pertinet,

168 1207 300 1240 gravem
327 1198 475 1230 iniuriam
505 1201 538 1230 et
566 1208 698 1230 enorme
730 1198 941 1241 preiudicium
974 1200 1208 1242 redundabant,
1236 1201 1276 1233 ob
1304 1201 1409 1234 zelum
1440 1202 1585 1234 eiusdem
1610 1202 1747 1235 ecclesie
1770 1214 1828 1235 nos

169 1249 330 1292 inquietos
353 1253 389 1281 et
411 1249 561 1282 nimirum
585 1251 701 1282 anxios
724 1250 808 1283 adeo
831 1251 1052 1292 reddiderunt,
1075 1256 1110 1284 ut
1133 1256 1244 1285 contra
1259 1263 1372 1285 omnes
1387 1257 1420 1286 et
1435 1255 1588 1296 singulos,
1611 1255 1827 1297 cuiuscunque

170 1303 282 1341 status,
306 1300 530 1343 preminentis,
554 1301 721 1343 dignitatis
744 1306 801 1334 aut
825 1302 1016 1335 conditionis
1039 1305 1227 1344 existerent,
1253 1305 1403 1336 etiamsi*K
1418 1306 1626 1347 patriarchali
1648 1306 1700 1338 vel
1717 1307 1829 1348 quavis

124 1352 151 1384 ω’
168 1352 234 1385 alia
264 1352 430 1394 superiore
464 1356 521 1384 aut
554 1353 731 1394 pontificali
763 1364 821 1386 seu
852 1365 1043 1397 quacunque
1073 1356 1138 1387 alia
1168 1355 1326 1398 dignitate
1354 1357 1532 1399 fulgerent,
1566 1358 1620 1400 qui
1647 1362 1721 1400 post
1749 1358 1826 1390 dicti

168 1404 370 1436 vacationem
397 1403 524 1446 imperii
555 1404 677 1447 absque
709 1405 840 1437 licentia
876 1405 960 1438 dicte
993 1406 1079 1438 sedis
1111 1407 1294 1439 huiusmodi
1323 1409 1495 1441 vicariatus
1524 1419 1582 1441 seu
1610 1410 1826 1452 cuiuscunque

167 1455 301 1488 alterius
323 1454 421 1487 officii
443 1466 563 1488 nomen
586 1456 647 1488 sibi
670 1456 809 1489 ubilibet
832 1462 1023 1500 usurparant
1046 1469 1104 1490 seu
1127 1462 1320 1500 usurparent
1342 1460 1393 1492 vel
1417 1461 1595 1492 retinerent
1617 1460 1664 1493 et¹
1687 1460 1747 1492 sub
1770 1460 1825 1493 tali

169 1506 430 1540 denominatione
462 1507 552 1540 abusi
581 1512 674 1540 erant
703 1519 760 1541 seu
791 1509 1002 1542 abuterentur
1032 1514 1195 1553 potestate
1222 1512 1272 1543 vel
1305 1511 1525 1544 iurisdictione
1551 1522 1741 1554 quacunque
1769 1523 1827 1544 seu

169 1559 238 1591 eius
261 1559 418 1592 exercitio
434 1559 563 1602 publice
580 1560 633 1592 vel
650 1560 785 1602 occulte,
810 1562 870 1593 nisi
886 1562 968 1594 infra
985 1562 1121 1595 duorum
1138 1564 1295 1595 mensium
1311 1565 1451 1606 spatium
1466 1563 1510 1595 ad
1526 1563 1630 1595 data¹¹¹
1646 1563 1826 1596 litterarum

123 1620 149 1642 ss
168 1613 349 1643 nostrarum
392 1621 489 1653 super
531 1612 697 1653 premissis
735 1612 955 1645 confectarum
995 1614 1227 1647 numerandum
1267 1626 1286 1647 a
1324 1615 1478 1657 predictis
1515 1614 1662 1647 omnibus
1699 1615 1827 1657 penitus

167 1661 361 1694 desisterent
384 1665 417 1694 et
444 1666 609 1695 cessarent
631 1664 683 1696 vel
713 1664 843 1697 licentia
874 1665 962 1697 sedis
993 1666 1139 1698 eiusdem
1169 1678 1204 1698 se
1232 1677 1330 1709 super
1356 1667 1416 1699 hoc
1440 1667 1580 1699 munitos
1610 1666 1826 1707 ostenderent,

167 1712 228 1745 112³
240 1713 329 1746 Kal.⁰
352 1715 471 1746 mensis
493 1715 647 1756 Aprilis»,
671 1716 875 1757 pontificatus
898 1717 998 1749 nostri
1021 1728 1104 1749 anno
1128 1719 1243 1760 primo,
1266 1729 1435 1760 processus
1458 1718 1605 1760 publicos
1626 1720 1827 1751 continentes

167 1764 375 1806 monitiones,
405 1765 640 1808 prohibitiones
668 1777 706 1798 ac
737 1769 1080 1800 excommunicationis
1109 1772 1146 1813 et·
1170 1769 1332 1802 interdicti
1363 1771 1540 1802 sententias
1572 1770 1612 1802 de
1650 1770 1825 1802 eorundem

169 1816 303 1848 fratrum
334 1817 468 1849 consilio
496 1817 688 1850 faceremus.
743 1818 786 1850 Et
812 1826 847 1851 ut
876 1819 975 1852 iidem
1004 1831 1173 1862 processus
1202 1821 1244 1853 ad
1274 1830 1477 1853 communem
1505 1822 1647 1854 omnium
1673 1822 1825 1854 noticiam

123 1881 150 1901 so
169 1867 371 1909 devenirent,
406 1871 512 1900 cartas
545 1869 613 1901 sive
642 1869 848 1903 membranas
876 1881 1046 1913 processus
1076 1872 1276 1904 continentes
1306 1872 1438 1904 eosdem
1469 1873 1502 1904 in
1530 1873 1662 1905 maioris
1689 1873 1826 1906 ecclesie

167 1920 393 1952 Avinionensis
415 1920 549 1952 hostiisq
573 1931 631 1953 seu
653 1922 968 1964 superliminaribusr
991 1923 1132 1966 appendi
1157 1923 1290 1956 fecimus
1314 1928 1348 1956 et
1370 1923 1489 1966 affigi¹.

275 1973 303 2003 2.
326 1971 399 2004 Hec
422 1973 555 2014 insuper
577 1972 639 2004 hiis
662 1973 818 2015 proximis
841 1973 956 2006 diebus
979 1975 1141 2016 preteritis
1164 1974 1317 2006 videlicet
1338 1974 1432 2006 VIII.
1449 1974 1511 2006 Id.·
1527 1976 1647 2007 mensis
1663 1975 1826 2007 Octobris‘

169 2023 337 2065 proximou
360 2024 425 2055 iam
449 2024 552 2066 elapsi
577 2025 763 2066 specialiter
786 2028 898 2057 contra
921 2026 1127 2068 magnificum
1151 2027 1254 2058 virum
1278 2026 1498 2058 Ludovicum'
1522 2026 1638 2058 ducem
1661 2026 1826 2059 Bavarie'

169 2074 201 2106 iu
225 2074 386 2107 discordia
411 2076 443 2107 in
467 2086 577 2118 regem
601 2075 822 2108 Romanorum
845 2077 985 2109 electum
1009 2077 1265 2119 promovendum
1288 2078 1320 2109 in
1343 2078 1573 2119 imperatorem
1596 2077 1748 2118 futurum,
1772 2079 1827 2121 qui

122 2138 149 2159 ss
168 2126 264 2158 nullis
286 2127 464 2169 privilegiis
487 2127 640 2170 nullaque
664 2128 795 2160 licentia
818 2128 903 2161 sedis
926 2129 1071 2171 predicte
1088 2129 1140 2161 vel
1162 2130 1233 2161 aliis
1249 2129 1454 2162 munimentis
1469 2129 1632 2171 legitimis,
1655 2140 1697 2162 ex
1713 2129 1828 2172 quibus

169 2177 230 2210 sibi
254 2178 500 2220 quomodolibet
522 2178 668 2221 predicta
691 2179 836 2219 licerent,
860 2181 942 2212 infra
956 2180 1114 2213 dictorum
1131 2181 1266 2213 duorum
1290 2182 1448 2213 mensium
1471 2181 1611 2223 spatium
1633 2191 1691 2213 seu
1714 2185 1828 2223 postea

167 2239 226 2271 per
247 2239 322 2262 eum
345 2229 498 2262 exhibitis
520 2230 571 2262 vel
595 2231 732 2262 ostensis
756 2241 816 2263 nec
845 2233 913 2263 eius
944 2232 1104 2264 electione
1133 2232 1274 2268 admissa
1302 2243 1361 2264 nec
1390 2232 1571 2274 approbata
1598 2243 1737 2274 persona
1764 2233 1856 2265 sibic

167 2290 286 2313 nomen
319 2282 406 2323 regis
436 2281 680 2314 Romanorum*
712 2282 856 2315 indebite
887 2284 1053 2326 usurpavit
1084 2295 1122 2316 ac
1149 2284 1460 2316 administrationem
1487 2284 1645 2316 dictorum
1674 2285 1765 2327 regni
1795 2290 1828 2317 et

169 2332 296 2374 imperii
317 2332 351 2365 in
375 2333 521 2366 eiusdem
544 2334 681 2366 ecclesie
705 2334 910 2367 manifestam
925 2336 1084 2376 iniuriam,
1108 2336 1339 2378 plurimorum!
1354 2335 1552 2377 scandalum,
1568 2345 1626 2368 sue
1642 2340 1675 2369 et
1690 2337 1826 2369 aliorum

124 2395 152 2415 ιο
169 2383 342 2416 multorum
375 2385 554 2418 animarum
583 2386 761 2428 periculum
789 2390 1036 2429 presumptuose
1064 2398 1102 2419 ac
1132 2387 1333 2429 periculose¹
1361 2388 1515 2419 nimium·
1542 2397 1577 2420 se
1607 2388 1742 2430 ingessit
1768 2399 1826 2420 nec

170 2444 234 2466 non
271 2435 397 2477 prefate
432 2436 568 2469 ecclesie
609 2437 794 2478 rebellibus,
829 2438 910 2470 sicut
944 2438 1115 2471 Galeatiob
1149 2439 1190 2471 de
1219 2438 1473 2471 vicecomitibus
1503 2443 1536 2471 et
1569 2439 1638 2471 eius
1664 2439 1826 2477 fratribus,

167 2487 314 2527 quamvis
351 2491 459 2520 essent
494 2487 535 2520 de
573 2488 706 2520 crimine
733 2489 857 2521 heresis
884 2500 943 2533 per
971 2489 1171 2522 diffinitivam
1204 2491 1397 2522 sententiam
1426 2501 1446 2522 a
1474 2491 1540 2522 suis
1568 2491 1827 2532 competentibus

269 2575 334 2604 881.
361 2578 385 2610 ⁸)
404 2577 460 2604 loco
478 2579 613 2613 episcopm
625 2592 654 2598 —
667 2580 715 2605 Dei
735 2579 764 2605 l:
783 2584 832 2606 etc.
933 2579 958 2612 b)
977 2585 1002 2606 et
1024 2581 1045 2606 1.
1145 2580 1169 2613 ⁰)
1187 2581 1303 2607 volentes
1319 2581 1345 2607 3.
1445 2580 1471 2615 d)
1489 2590 1519 2608 ιο
1536 2581 1561 2607 2.
1661 2582 1686 2613 ⁶)
1704 2583 1826 2609 violen-

166 2619 224 2645 tiis
241 2618 266 2645 2.
281 2618 305 2646 3.
406 2619 427 2653 f)
445 2621 494 2647 hec
512 2620 536 2647 1.
639 2622 664 2654 Β)
683 2630 750 2655 sequ.
770 2631 802 2656 po
825 2623 852 2648 in
877 2624 926 2651 fine
945 2623 1030 2649 lineae
1050 2623 1072 2649 i.
1170 2622 1196 2656 ¹¹)
1215 2625 1392 2658 cuiuscunque
1409 2625 1516 2650 alterius
1533 2623 1559 2651 2.
1665 2624 1683 2657 ¹)
1700 2626 1784 2651 denuo
1802 2626 1827 2652 3.

124 2671 150 2691 ss
169 2660 196 2695 k)
215 2663 292 2688 etism
310 2661 337 2691 3.
424 2661 446 2696 ¹)
464 2667 490 2689 et
507 2663 576 2690 dem
594 2664 618 2690 1.
706 2666 738 2697 ¹¹¹)
757 2666 808 2691 dat.
829 2666 851 2692 1.
939 2666 964 2698 ¹²)
984 2666 1064 2698 pridie
1084 2666 1109 2692 3.
1190 2666 1215 2699 ⁰)
1233 2667 1326 2694 Kalen.
1344 2667 1370 2694 3.
1456 2669 1482 2700 Ρ)
1501 2668 1582 2701 April.
1600 2667 1625 2694 3.
1713 2668 1738 2700 ⁸1)
1755 2670 1827 2694 ostiis

168 2713 270 2737 semper
287 2700 329 2733 2.μ
411 2704 434 2739 r)
452 2714 501 2740 sup
526 2707 555 2732 in
577 2707 632 2733 loco
654 2716 716 2733 raso
739 2707 764 2734 3.
860 2708 881 2741 ⁸)
901 2709 962 2734 idus
980 2708 1005 2735 3.
1101 2710 1121 2742 ²)
1143 2710 1246 2735 Octobr.
1264 2709 1290 2736 2.
1302 2709 1327 2736 3.
1422 2710 1450 2742 ¹¹)
1473 2714 1574 2744 proxim
1594 2711 1619 2737 2.
1717 2715 1742 2742 V)
1762 2712 1826 2737 Lud.

170 2755 272 2780 seraper
290 2747 314 2773 3.
411 2747 444 2779 w)
462 2749 576 2776 anarie
595 2748 620 2776 3.
714 2751 739 2782 ¹)
758 2751 863 2777 Roman.
883 2753 907 2777 8.
999 2751 1025 2785 1)
1042 2760 1093 2785 que
1111 2752 1173 2778 odd.
1191 2752 1216 2779 2.
1315 2754 1337 2784 ¹)
1355 2754 1492 2787 pernitiose
1510 2753 1536 2780 2.
1632 2754 1657 2786 ι)
1676 2755 1782 2780 nimiam
1804 2755 1825 2780 l.

168 2790 193 2823 θ)
212 2791 333 2817 Galeacio
351 2790 376 2817 8.

274 2855 299 2887 1)
319 2854 413 2889 Supra
430 2862 472 2882 nr.
486 2858 543 2882 401.

1858 2234 1872 2255 f.
1887 2238 1920 2254 nr.

1864 2265 1913 2286 cap.

1930 2235 1976 2255 ⁷92.

1923 2261 1943 2281 ¹.
