2184 3126
462 183 558 212 ACTA
577 183 691 226 mmm
709 183 894 212 LUDEWICI
914 184 961 212 lv.
980 183 1024 211 ΕΤ
1045 183 1229 212 FRmERch
1250 184 1297 212 111.
1335 185 1410 218 1324,
1447 185 1495 213 Nr.
1508 186 1567 213 872.
1586 185 1645 213 873.
1811 186 1877 220 885

320 317 396 355 872.
431 316 688 363 QUITATIO
713 314 938 354 COMITIS
963 314 1314 354 IULIACENSIS
1338 316 1442 354 PRO
1466 316 1768 355 LUDEWICO.

895 383 1004 421 1324.
1039 384 1147 422 Mart.
1168 385 1202 422 3.

328 476 490 518 Oriymale
511 476 547 509 in
566 475 726 508 tabulario
746 478 861 508 secreto
881 475 992 508 domus
1011 475 1116 516 reyiae
1131 475 1332 508 Bawcm'cae.
1371 475 1606 517 Desa-spamus
1620 487 1687 510 nos.
1725 477 1875 518 Siqillum

217 531 357 571 equestre
378 538 494 569 parum
516 527 639 560 laesum
658 527 772 567 pendet
794 526 860 559 loro
881 527 1124 559 membranaceo.
1148 545 1190 550 —
1214 527 1385 560 Ineditum.

185 608 198 628 ι
325 596 489 629 Universis
514 595 556 628 ad
585 606 665 638 quos
696 599 863 638 presentes
894 595 1001 628 littere
1031 596 1237 638 pervenerint
1265 606 1324 627 nos
1351 594 1516 628 Gen-ardus
1548 606 1658 630 comes
1684 597 1874 630 Iuliacensis

216 652 327 682 notum
355 647 490 680 fecimus
522 650 555 679 et
589 647 741 687 fatemur,
777 647 864 689 quod
898 646 1120 679 serenissimus
1151 645 1300 678 dominus
1335 651 1444 680 noster
1473 647 1622 680 dominus
1651 648 1873 692 Lud(owicus)

215 700 436 733 Romanorum
459 708 517 731 rex
540 698 582 730 de
605 698 718 740 viginti
740 702 866 741 septem
890 697 1018 730 milibus
1040 698 1191 730 librarum
1215 697 1429 737 Hsllensium,
1452 710 1532 741 quas
1556 699 1649 731 nobis
1671 701 1758 733 idem
1781 705 1873 733 tene-

215 751 324 791 batur,
351 760 472 795 genero
500 753 609 782 nostro
637 749 749 782 Ottoni
777 750 849 782 duci
872 749 1039 793 Babar(ie)
1067 749 1248 792 quindecim
1277 750 1366 782 milis.
1388 751 1579 792 lib(rarum)‚
1607 762 1688 794 quas
1711 752 1818 785 eidem
1842 754 1873 785 in

216 802 326 836 dotem
349 802 543 835 contulimus
565 812 637 834 cum
660 802 727 834 filia
749 805 859 834 nostra
878 802 1048 834 karissima
1062 800 1237 844 Rychurdi,
1265 803 1410 843 porrexit
1432 806 1466 835 et
1489 803 1643 844 persolvit
1659 807 1693 836 et
1708 814 1766 836 sex
1783 805 1873 837 milia

173 865 198 886 ιο
214 854 394 895 lib(rarum)
410 853 614 886 Hellensium
637 853 763 885 addidit
784 863 882 895 supra
903 857 1042 886 castrum
1066 856 1099 885 et
1121 853 1307 885 theloneum
1332 854 1363 885 in
1380 853 1504 886 Werda
1526 854 1568 886 sd
1592 855 1725 897 litteras,
1749 866 1830 898 quas
1853 867 1873 888 a

215 906 353 939 dominis
368 905 504 938 Alberto
522 908 555 937 et
571 905 713 937 Henrico
730 904 976 946 Romanmrum)
1000 904 1130 947 regibus
1145 904 1353 937 obtinemus}
1383 905 1435 937 Sic
1451 906 1537 948 quod
1562 906 1683 939 dictum
1706 907 1871 940 dominum

215 960 360 990 nostrum
384 967 496 999 regem
519 956 770 998 Lud(0wicum),
798 967 872 989 suos
894 956 1033 988 heredes
1060 966 1098 988 sc
1120 956 1285 989 universos
1309 967 1445 999 quorum
1474 958 1608 990 interest
1630 969 1651 991 a
1674 959 1786 1002 viginti
1809 970 1872 991 uno

214 1009 343 1042 milibus
371 1008 550 1049 lib(rarum)
578 1008 781 1040 Hallensium
810 1018 868 1050 pro
898 1007 990 1040 nobis
1018 1011 1051 1039 et
1078 1008 1194 1040 nostris
1223 1008 1397 1040 heredibus
1423 1008 1620 1041 absolvimus
1642 1013 1676 1041 et
1698 1011 1870 1052 quitsmus.

214 1060 318 1093 Salvis
341 1060 434 1093 nobis
456 1062 489 1092 et
512 1060 628 1092 nostris
642 1058 816 1091 heredibus
830 1059 946 1092 litteris
961 1060 1122 1101 prenotati
1138 1059 1259 1091 domini
1280 1060 1380 1092 nostri
1396 1061 1482 1103 regis
1498 1060 1692 1103 Lud(owici)
1709 1072 1767 1094 sex
1783 1062 1872 1094 milia

171 1122 196 1143 u
213 1112 367 1145 librarum
383 1111 585 1144 Hellensium
609 1110 845 1144 continentibus
867 1111 973 1154 sigillo
996 1122 1052 1144 sue
1072 1111 1249 1143 maiestatis
1265 1112 1434 1153 roboratis,
1457 1122 1539 1155 quas
1554 1112 1743 1145 habemus¹.
1834 1114 1871 1146 In

213 1164 304 1196 ouius
326 1164 372 1196 rei
396 1163 614 1196 testimonium
637 1162 777 1205 sigillum
800 1166 944 1195 nostrum
967 1162 1170 1205 presentibus
1193 1167 1242 1196 est
1265 1174 1455 1206 appensum.

322 1215 396 1248 Dat.
414 1215 559 1255 Ceionio,
583 1214 726 1247 Ssbbato
749 1217 824 1257 post
846 1213 990 1255 Cineres,
1015 1225 1098 1247 anno
1112 1214 1243 1247 Domini
1266 1215 1437 1248 millesimo
1461 1215 1543 1248 000
1567 1216 1720 1248 vicesimo
1743 1221 1869 1259 quarto.

330 1390 405 1427 873.
439 1388 705 1426 LITTERAE
729 1387 886 1426 REGIS
909 1387 1178 1426 DANORUM
1202 1388 1375 1426 SUPER
1398 1389 1754 1429 MATRIMONIO

828 1442 1255 1481 OONTRAHENDO.

169 1525 197 1546 nn
890 1512 999 1549 1324.
1034 1512 1141 1550 Mart.
1161 1513 1196 1550 5.

325 1604 487 1646 Originale
508 1606 580 1645 (or.)
603 1603 727 1636 ibidem.
767 1602 1002 1644 Descripsimus
1017 1614 1084 1636 nos.
1123 1603 1241 1636 Pendet
1255 1603 1394 1645 siyillum
1409 1604 1529 1637 hiesum
1545 1605 1610 1638 loro
1626 1606 1869 1639 membranaceo.

321 1665 468 1704 Bahmem
491 1664 568 1706 Rey.
583 1664 697 1697 Ludw.
715 1675 750 1705 p.
767 1663 831 1696 240
854 1663 1087 1701 Reichssachen
1108 1674 1158 1697 nr.
1175 1666 1226 1695 60.

324 1725 374 1765 C't'.
396 1735 497 1767 supra
518 1735 568 1758 nr.
586 1725 650 1757 758
671 1727 700 1757 et
722 1724 816 1767 infra
837 1725 882 1757 ad
903 1735 934 1757 a.
952 1724 1048 1757 1324.
1073 1724 1149 1757 Iun.
1164 1725 1284 1765 278qq.

321 1793 479 1826 Omnibus
502 1804 634 1836 presens
656 1794 809 1836 scriptum
832 1793 1036 1826 cernentibus
1123 1793 1317 1826 Cristoforus
1339 1793 1401 1826 Dei
1424 1794 1529 1835 gratia
1547 1793 1714 1826 Danorum
1735 1793 1868 1826 Sclnvo-

168 1855 194 1876 ¹⁵
213 1856 349 1888 rumque
372 1856 430 1878 rex
453 1845 519 1877 dux
542 1845 674 1878 Estonie
762 1845 900 1879 salutem
923 1846 955 1877 in
978 1845 1118 1877 Domino
1141 1846 1381 1887 sempiternam.

321 1897 443 1929 Notum
456 1896 591 1929 facimus
607 1897 765 1930 universis
780 1897 984 1939 presentibus
997 1899 1030 1929 et
1044 1896 1168 1938 futuris,
1180 1896 1267 1939 quod
1279 1896 1389 1929 medis
1405 1896 1469 1928 fide
1482 1896 1582 1928 nobili
1594 1897 1725 1929 domino
1738 1897 1868 1930 domino

212 1949 369 1982 Bertoldo
393 1949 501 1981 comiti
525 1949 566 1981 de
582 1948 822 1981 Hennenberch
845 1948 886 1980 ad
903 1959 1017 1981 manus
1040 1949 1339 1980 serenissimorum·
1361 1948 1541 1990 principum
1565 1948 1686 1981 domini
1702 1949 1868 1981 Ludowici

212 2002 300 2044 regis
308 2000 528 2033 Romanorum
539 2011 668 2042 semper
677 2001 805 2042 augusti
815 2004 849 2032 et
858 2000 1023 2032 Ludowici
1031 1999 1088 2032 filii
1098 2000 1146 2032 sui
1156 1995 1362 2042 primogeniti
1370 2000 1563 2032 marchionis
1571 1999 1870 2044 Brsndeburgensis

212 2053 418 2096 promisimus
434 2054 467 2084 et
490 2051 708 2094 promittimus
723 2052 755 2083 in
771 2051 833 2083 hiis
848 2052 983 2093 seriptis,
1001 2051 1087 2094 quod
1103 2051 1203 2083 filiam
1219 2055 1360 2083 nostram
1377 2051 1595 2094 Margaretam
1611 2052 1694 2084 infra
1710 2055 1784 2084 octo
1799 2052 1870 2085 dies

168 2113 196 2134 ω
212 2107 287 2147 post
309 2104 492 2146 proximum
516 2103 634 2135 festum
650 2103 737 2135 beati
754 2103 906 2135 Iohannis
923 2103 1074 2145 baptiste,
1097 2103 1156 2135 nisi
1173 2106 1277 2135 morte
1293 2103 1344 2135 vel
1361 2103 1546 2136 infimitate
1561 2103 1697 2136 notabili
1713 2108 1869 2146 preventu
1883 2114 1924 2135 Inl-
1935 2119 1955 2138 ι.

211 2155 318 2196 fuerit,
341 2155 555 2198 personaliter
576 2154 777 2197 Nykopingh
801 2154 962 2187 adducere
986 2153 1173 2188 debeamus.
1203 2154 1257 2186 ubi
1285 2155 1523 2187 matrimonium
1552 2155 1636 2187 inter
1657 2155 1868 2188 Lndowicum

211 2206 432 2239 marchionem
443 2205 770 2248 Brandeburgensem
791 2206 971 2249 predictum
995 2206 1071 2238 dicti
1092 2206 1211 2238 domini
1230 2205 1397 2238 Ludowici
1413 2207 1499 2249 regis
1510 2206 1731 2239 Romanorum
1746 2208 1867 2250 primo-

212 2258 356 2301 genitum
380 2262 414 2291 et
435 2258 539 2301 ipsam
555 2257 774 2301 Margaretam
790 2259 888 2290 filiam
905 2262 1047 2290 nostram
1064 2258 1192 2290 effectui
1207 2258 1416 2300 mancipetur.
1455 2257 1489 2290 Si
1505 2268 1581 2291 vero
1597 2259 1668 2301 ipsa
1683 2258 1868 2301 Margaret».

211 2309 280 2342 filia
312 2312 423 2342 nostra
455 2309 584 2342 interim
618 2310 727 2353 aliqua
760 2309 895 2342 notabili
923 2310 1107 2342 infirmitate
1135 2310 1232 2341 fuerit
1265 2309 1451 2352 prepedita,
1488 2310 1713 2342 nichilominus
1746 2310 1867 2343 dictum

168 2368 195 2389 ει
213 2361 452 2394 matrimonium
481 2361 665 2394 nullatenus
687 2361 829 2402 dissolvi,
858 2366 908 2394 set
930 2363 962 2393 in
989 2372 1046 2393 sus.
1069 2361 1220 2393 firmitate
1243 2365 1329 2394 stare
1355 2361 1474 2394 debeat
1497 2365 1532 2394 et
1552 2362 1680 2404 vigore,
1707 2372 1745 2394 ac
1768 2363 1867 2405 ipsius

213 2411 325 2445 habita
347 2413 484 2445 sanitate
507 2412 591 2445 infra
621 2423 680 2445 sex
707 2413 904 2455 septimanas
926 2414 1060 2455 nupcias
1087 2412 1232 2445 eiusdem
1254 2412 1439 2455 margarete
1462 2413 1527 2446 filie
1550 2416 1658 2446 nostre
1681 2424 1753 2446 cum
1776 2418 1867 2446 ante-

214 2463 300 2496 dicto
322 2463 498 2497 Ludowico
522 2464 706 2497 marchione
728 2464 761 2497 in
785 2464 871 2497 dicto
894 2465 964 2497 loco
988 2464 1188 2507 Nykopingh
1216 2464 1370 2496 ducemus
1397 2464 1616 2498 celebrandas.
1717 2465 1755 2497 ln
1777 2467 1867 2498 ouius

212 2515 432 2557 promissionis
455 2515 656 2548 evidenciam
682 2516 855 2548 firmiorem
885 2516 1026 2558 sigillum
1054 2520 1196 2548 nostrum
1224 2516 1427 2558 presentibus
1455 2516 1605 2549 duximus
1628 2517 1865 2560 apponendum.

321 2566 397 2599 Dat.
421 2566 719 2610 Worthingburgh,
754 2578 837 2600 suno
871 2568 1000 2600 Domini
1033 2568 1205 2600 millesimo
1244 2567 1326 2600 000
1366 2568 1519 2601 vicesimo
1552 2572 1684 2611 quarto,
1719 2571 1866 2611 proxima

168 2627 195 2647 «ο
212 2618 354 2651 secunda
375 2617 457 2651 feria
478 2622 552 2661 post
573 2618 776 2652 Dominicam
800 2630 863 2662 qua
886 2622 1034 2652 cantatur
1054 2619 1229 2652 Invocavit.

315 2737 383 2766 878.
410 2739 434 2771 ⁸)
454 2747 482 2765 or
500 2747 567 2766 corr.
586 2748 617 2766 a
634 2740 642 2766 i
660 2749 698 2766 or.

317 2798 342 2831 1)
363 2797 438 2832 Quae
453 2800 571 2826 mae
588 2806 644 2826 m
661 2801 733 2826 sunt.
771 2799 811 2832 Os.
829 2799 906 2831 donft-a
923 2798 960 2826 ad
976 2808 1003 2826 a.
1018 2802 1087 2827 13³6.
1106 2800 1175 2834 Any.
1190 2804 1226 2827 ιε.
