2124 3132
560 777 696 824 HOC
725 777 912 824 ΤΟΜΟ
942 777 1430 824 CONTINENTUR:

1716 857 1765 877 pag.

274 894 475 926 Praefatio
507 917 1647 928 ......................
1722 894 1752 925 V

373 1008 570 1045 Tractatus
598 1009 644 1046 de
673 1009 852 1045 electione
880 1009 977 1054 regis
1003 1009 1112 1046 annis
1138 1007 1625 1045 MCCCXIll—MCCCXIV.

950 1069 1078 1105 habiti.
1727 1077 1827 1108 1—88

196 1147 206 1175 1
226 1162 263 1167 —-
278 1146 307 1176 6.
333 1143 570 1175 conventiones
594 1143 759 1175 civitatum
784 1144 919 1186 imperii.
970 1146 1060 1175 1313.
1096 1143 1185 1185 Sept.
1204 1142 1380 1175 29.—Oot.
1399 1146 1418 1174 6
1421 1168 1651 1175 .....
1726 1147 1804 1176 1-5

286 1198 375 1227 1-4,
399 1195 544 1227 Uniones
567 1205 639 1227 cum
662 1195 797 1227 ducibus
819 1195 981 1228 Austriae.
1016 1194 1104 1237 Sept.
1123 1195 1301 1227 29.-Oct.
1319 1197 1348 1227 5.
1378 1219 1384 1225 .
1431 1220 1438 1227 .
1486 1218 1491 1225 .
1539 1220 1545 1227 .
1593 1220 1600 1227 .
1647 1220 1653 1227 .
1727 1198 1806 1227 1-3

348 1250 373 1278 1.
397 1246 558 1288 Scriptum
581 1247 720 1278 civitatis
743 1247 915 1279 Ulmensis.
951 1246 1040 1289 Sept.
1060 1248 1099 1278 29
1103 1270 1652 1279 ...........
1769 1251 1777 1278 1

344 1299 372 1330 2.
396 1297 557 1339 Scriptum
580 1308 638 1340 pro
662 1298 792 1330 civitate
815 1298 1073 1340 Memmingensi.
1110 1297 1199 1339 Sept.
1217 1298 1268 1329 29.
1322 1320 1651 1331 .......
1764 1301 1781 1330 2

345 1351 374 1381 3.
398 1347 560 1390 Scriptum
583 1359 640 1391 pro
665 1350 795 1381 civitate
821 1349 1074 1383 Constanciensi.
1108 1349 1180 1381 Oct.
1199 1352 1217 1381 5
1222 1373 1654 1382 .........
1765 1352 1783 1381 2

344 1403 371 1431 4.
397 1399 557 1442 Scriptum
580 1411 638 1442 pro
662 1401 791 1433 civitate
818 1401 996 1433 Turicensi.
1032 1400 1102 1432 Oct.
1121 1403 1148 1432 5.
1217 1425 1654 1432 .........
1765 1405 1783 1432 3

279 1455 308 1483 5.
333 1451 416 1483 Unio
440 1452 524 1483 inter
545 1452 768 1494 burcgravium
793 1455 827 1484 et
849 1452 1012 1484 civitatem
1038 1451 1354 1493 Norimbergensem.
1391 1452 1462 1484 Oct.
1480 1454 1508 1484 3.
1538 1477 1544 1484 .
1592 1477 1599 1484 .
1646 1477 1653 1483 .
1766 1456 1781 1484 1

281 1506 309 1534 6.
334 1502 418 1535 Unio
442 1504 525 1534 inter
547 1503 825 1545 archiepiscopum
843 1504 1067 1546 Moguntinum
1092 1507 1125 1535 et
1144 1503 1308 1535 civitatem
1325 1503 1653 1545 Oppenheimensem.

482 1554 553 1585 Oct.
571 1556 590 1585 6
594 1577 1652 1587 .....................
1764 1559 1781 1587 4

195 1606 222 1636 7.
248 1604 407 1647 Scriptum
433 1605 586 1636 Iohannis
609 1606 695 1648 regis
718 1606 909 1638 Bohemiae.
961 1607 1049 1637 1313.
1083 1605 1154 1638 Oct.
1177 1609 1210 1637 14
1216 1631 1652 1638 .........
1764 1611 1783 1639 5

193 1658 308 1688 8—-11-
333 1655 460 1699 Scripta
476 1656 566 1688 ducis
583 1656 744 1690 Saxoniae
761 1661 794 1690 et
809 1657 1003 1689 marchionis
1019 1657 1351 1699 Brandenburgensis.
1402 1659 1491 1690 1313.
1515 1657 1586 1690 Oct.
1607 1661 1652 1690 16.

378 1707 507 1740 ——Now
524 1710 562 1740 18
566 1733 1652 1741 .....................
1720 1714 1805 1742 6-5

279 1761 308 1791 8.
331 1759 483 1791 Potestas
507 1759 648 1802 eligendi
672 1771 692 1792 a
715 1760 797 1792 duce
821 1760 983 1792 Saxoniae
1008 1760 1094 1792 data.
1131 1759 1202 1791 Oct.
1224 1763 1260 1792 16
1264 1784 1653 1793 ........
1764 1766 1784 1793 6

279 1812 308 1842 9.
332 1809 416 1843 Unio
440 1811 524 1843 inter
546 1811 765 1843 marchionem
789 1815 823 1843 et
845 1811 945 1843 duces
968 1812 1063 1853 prior.
1100 1812 1172 1844 Oct.
1189 1813 1223 1843 31
1233 1836 1652 1844 .........
1765 1818 1783 1845 6

262 1864 309 1894 10.
332 1862 417 1895 Unio
442 1863 525 1895 inter
549 1862 682 1895 eosdem
705 1863 817 1895 altera.
854 1862 925 1896 Oct.
944 1865 994 1895 31.
1056 1887 1653 1896 ............
1766 1868 1782 1897 7

261 1917 308 1946 11.
330 1914 415 1946 Unio
439 1915 522 1946 inter
544 1914 764 1947 marchionem
789 1918 822 1946 et
844 1915 1123 1957 archiepiscopum
1147 1915 1383 1947 coloniensem.
1418 1915 1500 1948 Nov.
1522 1918 1568 1948 lb.
1594 1941 1600 1947 .
1647 1941 1653 1947 .
1765 1919 1784 1949 8

176 1967 224 1999 12.
247 1964 378 1998 Relatio
402 1965 491 2000 Petri
515 1965 666 1998 Barrerie
689 1966 850 1999 Clementi
874 1966 913 1999 V.
938 1970 1087 2009 porrecta
1131 1966 1230 2008 (1313
1254 1966 1335 1998 Nov.
1352 1966 1448 2009 Dec.)
1486 1990 1493 1998 .
1542 1993 1547 1998 .
1595 1992 1602 1999 .
1648 1992 1655 1998 .
1766 1970 1784 2000 8

178 2018 224 2049 13.
248 2015 395 2059 Epistola
418 2021 663 2059 procuratorum
685 2017 728 2049 ad
751 2017 1029 2060 archiepiscopum
1052 2017 1288 2060 Moguntinum.
1333 2017 1448 2060 (1313)
1471 2017 1551 2051 Dec.
1568 2020 1604 2050 21
1647 2043 1655 2050 .
1748 2022 1784 2050 10

178 2070 223 2100 14.
262 2070 310 2100 15.
334 2069 479 2100 Litterae
497 2079 671 2100 consensus
694 2070 780 2111 regis
795 2069 975 2101 Bohemiae
997 2081 1055 2112 pro
1071 2070 1316 2113 archiepiscopo
1332 2070 1524 2102 Trevirensi.
1565 2072 1654 2102 1313.

378 2120 457 2152 Dec.
475 2122 515 2151 27
519 2145 1653 2154 ......................
1706 2126 1713 2153 1
1727 2126 1735 2154 1
1747 2141 1780 2145 —
1792 2125 1828 2154 13

263 2173 310 2203 14.
334 2171 479 2203 Litterae
504 2173 636 2213 priores.
672 2172 752 2205 Dec.
771 2175 810 2204 27
815 2197 1655 2207 .................
1749 2177 1781 2205 11

262 2225 309 2255 15.
334 2223 479 2255 Litterae
503 2223 636 2257 alterae.
671 2223 750 2256 Dec.
770 2226 809 2256 27
813 2249 1654 2257 .................
1750 2227 1785 2257 13

179 2278 223 2307 16.
264 2277 310 2307 17.
336 2274 503 2317 Epistulae
527 2276 843 2319 archiepiscoporum
866 2277 1009 2318 pontifici
1032 2277 1159 2308 missae.
1211 2279 1299 2309 1314.
1334 2276 1402 2308 Ian.
1425 2278 1600 2308 15.-29..
1648 2302 1654 2308 .
1706 2278 1828 2308 13-15

262 2328 311 2359 16.
334 2325 480 2368 Epistola
502 2327 736 2370 archiepiscopi
760 2328 970 2361 Coloniensis.
1006 2328 1074 2359 Ian.
1097 2331 1133 2360 15
1137 2352 1653 2361 ...........
1749 2331 1782 2360 14

268 2379 314 2409 17.
337 2377 484 2420 Epistola
507 2379 741 2422 archiepiscopi
763 2380 973 2413 Trevirensis.
1007 2380 1075 2412 Ian.
1093 2381 1134 2411 29
1137 2404 1655 2413 ...........
1749 2383 1785 2411 15

180 2430 225 2461 18.
264 2430 312 2462 19.
336 2429 571 2462 Promissiones
595 2431 747 2463 Iohannis
770 2433 856 2474 regis
880 2431 1068 2463 Bohemiae.
1118 2432 1207 2463 131⁴.
1241 2431 1336 2463 Febr.
1357 2433 1470 2462 1.-2.
1539 2456 1546 2463 .
1595 2456 1600 2461 .
1649 2456 1655 2462 .
1706 2434 1827 2463 15-17

265 2482 312 2513 18.
336 2480 496 2524 Scriptum
520 2493 578 2524 pro
602 2483 720 2515 comite
743 2483 784 2515 de
807 2483 928 2516 Monte.
963 2483 1057 2515 Febr.
1079 2485 1090 2514 1
1099 2506 1653 2515 ...........
1748 2485 1784 2513 15

266 2534 313 2564 19.
337 2531 498 2575 Scriptum
522 2544 579 2576 pro
603 2534 846 2578 archiepiscopo
871 2534 1062 2567 Trevirensi.
1098 2534 1192 2566 Febr.
1210 2536 1248 2565 2?
1273 2558 1654 2567 ........
1748 2537 1785 2565 16

176 2585 225 2616 20.
249 2583 334 2616 Unio
358 2585 441 2616 inter
463 2585 741 2628 archiepiscopum
762 2587 986 2629 Moguntinum
1011 2590 1044 2618 ct
1066 2586 1286 2618 marchionem
1309 2585 1655 2627 Brandenburgensem

381 2636 494 2678 prima.
544 2639 634 2669 1314.
669 2637 763 2670 Mart.
780 2641 799 2670 6
803 2661 1655 2671 .................
1749 2640 1783 2668 Π

177 2687 227 2718 21.
251 2685 335 2719 Unio
370 2688 454 2720 inter
487 2688 765 2732 archiepiscopum
796 2689 1022 2722 Coloniensem
1058 2694 1091 2721 et
1125 2690 1276 2721 comitem
1306 2689 1508 2731 Haynoniae.
1566 2692 1655 2721 1314.

381 2738 436 2771 Ma
469 2741 511 2772 ,2
537 2763 1654 2773 ......................
1749 2741 1784 2771 18

178 2789 227 2821 22.
252 2742 542 2833 Arbitriumrtmcii
565 2792 648 2824 inter
670 2791 769 2825 duces
791 2792 960 2824 Bawariae
984 2795 1018 2824 et
1042 2793 1200 2823 Austriae.
1253 2794 1342 2824 1311.
1378 2793 1455 2834 Apr.
1477 2794 1547 2824 17..
1595 2816 1602 2822 .
1650 2816 1656 2823 .
1750 2793 1786 2822 19
