2190 3172
317 183 379 213 234
514 180 611 208 ACTA
629 180 743 207 REGNI
762 179 947 207 LUDEWICI
965 179 1012 207 IV.
1032 180 1077 206 ΕΤ
1098 178 1283 206 FRIDERICI
1302 178 1350 206 111.
1388 179 1463 206 1315.
1499 178 1548 206 Nr.
1560 179 1620 206 270.
1637 179 1698 207 271.
1715 180 1775 206 272.

315 270 486 309 postquam
511 278 529 299 a
545 267 830 299 Holderboimerio
855 270 888 298 et
905 265 1055 298 Conrado
1072 265 1207 307 Dymari
1231 265 1352 297 civibus
1364 265 1650 297 Wormacensibus
1672 266 1770 298 fuerit
1791 266 1974 307 liberatum,

315 319 408 350 nobis
424 319 590 360 assignare
606 319 806 360 promisistis,
829 317 956 359 prefato
973 317 1218 359 archiepiscopo
1234 316 1287 349 vel
1301 317 1480 348 successori
1495 327 1552 348 suo
1569 320 1602 349 et
1621 317 1758 349 ecclesie
1773 317 1974 359 Moguntine,

316 371 342 401 si
365 370 448 402 forte
473 370 560 412 quod
584 370 678 410 absit,
702 373 875 410 antequam
899 369 1005 409 ipsum
1029 371 1170 400 castrum
1192 367 1425 409 absolveretur,
1453 379 1527 400 eum
1557 368 1716 400 decedere
1740 369 1912 410 contigerit
1933 368 1974 400 ab

316 421 377 453 hac
407 421 495 461 luce,
528 431 600 452 cum
630 431 689 462 per
713 421 781 451 eius
805 420 856 451 vel
885 420 1080 451 successoris
1109 419 1158 450 sui
1185 422 1241 450 aut
1269 419 1402 461 capituli
1424 419 1607 461 Moguntini
1635 419 1760 451 litteras
1786 422 1843 451 aut
1870 423 1975 452 certos

316 474 449 504 nuncios
472 473 619 513 requisiti
646 472 786 512 fueritis,
817 471 952 502 tradatis
980 471 1048 502 sine
1079 470 1334 502 contradictione
1358 470 1504 512 qualibet
1533 474 1566 502 et
1595 472 1778 513 assignetis,
1808 471 1912 512 ipsum
1941 471 1975 503 in
2004 483 2017 502 s

316 523 516 565 corporalem
548 523 785 564 possessionem
817 521 1010 554 inducendo.
1060 521 1103 553 Et
1130 522 1171 554 de
1198 521 1259 554 hoc
1288 522 1349 553 sibi
1376 523 1484 554 statim
1510 523 1587 554 visis
1612 522 1817 564 presentibus
1849 522 1975 555 faciatis

316 574 541 615 sufficientem,
567 574 607 606 de
633 585 696 616 qua
719 574 900 605 contentari
922 573 1041 613 valeat,
1065 574 1263 605 caucionem.

418 626 540 657 Datum
553 625 690 665 Monaci,
707 635 791 656 anno
803 624 936 656 Domini
951 623 1144 665 MCCCXV,
1162 624 1326 656 ILNonas
1337 624 1426 666 Maii,
1442 619 1535 667 regui
1549 635 1626 657 vero
1642 626 1743 657 nostri
1758 635 1842 657 anno
1858 626 1972 668 primo.

745 757 832 792 271.
875 756 1088 792 Mandatum
1115 758 1262 793 tertium.
1369 755 1460 792 Mai.
1480 756 1542 792 25.

428 830 588 872 Oriyinale
620 831 656 862 in
686 830 845 862 tabulario
869 830 1010 872 yenerali
1039 831 1128 872 reyni
1154 831 1323 864 Bawarici
1352 830 1444 862 KLS
1470 841 1520 862 nr.
1542 830 1592 862 55.
1646 829 1884 870 Descripsimus
1905 840 1972 863 nos.
1993 843 2018 862 ιο

315 882 420 924 sigilli
448 883 540 915 dorso
570 883 717 922 impressi
746 883 878 932 pesti-qia
907 885 1072 922 apparent.
1134 883 1176 915 In
1205 893 1292 915 verso
1322 883 1429 915 eadem
1456 892 1556 914 manu
1585 882 1739 922 scriptum
1768 884 1832 914 est:
1870 882 1975 924 Super

315 938 420 967 castro
444 935 653 966 Lindenvels.
677 952 720 957 —
741 934 914 966 Ineditum.

423 1020 618 1052 Ludowicus
633 1020 696 1052 Dei
720 1020 825 1062 gratia
840 1019 1061 1051 Romanorum
1084 1030 1143 1051 rex
1166 1030 1296 1062 semper
1318 1023 1473 1062 augustus
1540 1018 1690 1052 Gotfrido
1712 1019 1865 1052 Paulerio
1887 1020 1975 1052 vice-

315 1072 445 1104 domino
469 1083 527 1104 suo
551 1072 583 1103 in
606 1072 700 1104 Reno
767 1072 906 1114 gratiam
930 1082 1020 1103 suam
1044 1075 1077 1103 et
1100 1081 1195 1103 omne
1218 1071 1348 1103 bonum.

423 1123 579 1165 Ignorare
610 1127 640 1155 te
668 1134 733 1155 non
760 1123 935 1163 credimus,
966 1122 1052 1165 quod
1081 1126 1221 1154 castrum
1249 1126 1392 1154 nostrum
1422 1123 1454 1155 in
1480 1122 1677 1155 Lindenvels
1708 1133 1782 1155 cum
1808 1124 1874 1155 suis
1900 1134 1975 1165 per·
1994 1137 2019 1156 ιι

315 1176 462 1207 tinenciis
490 1178 522 1206 et
549 1174 729 1207 redditibus
758 1174 935 1207 secundum
958 1174 1095 1206 formam
1118 1174 1311 1216 placitorum
1338 1175 1422 1206 inter
1443 1185 1502 1206 nos
1529 1177 1563 1206 et
1588 1174 1747 1206 illustrem
1769 1174 1976 1216 Rud(olfum)

315 1227 467 1259 comitem
483 1227 663 1268 palatinum
679 1226 764 1258 Reni
785 1226 899 1258 ducem
916 1226 1075 1267 Bawarie,
1099 1236 1289 1268 germanum
1312 1230 1455 1258 nostrum
1471 1225 1676 1258 karissimum
1698 1236 1782 1258 nunc
1804 1227 1976 1259 novissime

315 1278 523 1311 habitorum¹
557 1278 736 1310 venerabili
770 1277 870 1310 Petro
905 1277 1150 1320 archiepiscopo
1185 1277 1375 1319 Moguntino
1411 1280 1444 1310 et
1478 1277 1614 1310 ecclesie
1647 1278 1836 1321 Moguntine
1873 1278 1976 1321 tytulo

314 1331 459 1373 pignoris
476 1329 597 1362 debeat
619 1330 785 1372 assignari.
824 1329 992 1362 Fidelitati
1014 1329 1113 1371 igitur
1135 1332 1190 1361 tue
1213 1329 1272 1361 sub
1290 1328 1401 1362 debito
1425 1329 1590 1362 fidelitatis
1613 1332 1647 1362 et
1668 1329 1840 1362 iuramenti
1863 1329 1977 1362 damus

314 1382 448 1414 firmiter
471 1382 502 1413 in
527 1381 702 1423 mandatis,
732 1382 881 1423 quatinus
904 1381 1067 1423 prefatum
1095 1383 1235 1413 castrum
1266 1381 1342 1422 sibi,
1373 1391 1446 1413 cum
1475 1391 1534 1423 per
1560 1381 1664 1423 ipsum
1688 1381 1741 1413 vel
1770 1392 1830 1423 per
1850 1381 1976 1414 litteras
1993 1390 2021 1411 ὀ

315 1436 371 1465 aut
394 1436 499 1465 certos
515 1434 649 1465 nuncios
670 1433 769 1475 ipsius
785 1433 958 1475 requisitus
975 1433 1084 1474 fueris,
1109 1433 1218 1465 tradas
1242 1434 1310 1465 sine
1327 1432 1580 1465 contradictione
1597 1433 1743 1476 qualibet
1765 1437 1798 1465 et
1820 1434 1976 1476 assignes.

423 1484 499 1516 Dat.
517 1484 733 1526 Nfiremberg,
757 1495 840 1516 anno
857 1483 989 1516 Domini
1012 1484 1184 1516 millesimo
1209 1485 1437 1517 trecentesimo
1461 1485 1711 1527 quintodecimo,
1727 1485 1820 1517 VIII.
1836 1485 1975 1518 Kalend.

314 1536 408 1577 Iunii,
432 1537 523 1578 regni
546 1547 623 1568 vero
652 1537 753 1568 nostri
775 1547 859 1568 anno
883 1537 996 1578 primo.

581 1753 657 1789 272.
693 1753 1075 1790 TESTIMONIUM
1102 1752 1273 1791 SUPER
1298 1751 1721 1792 CONTROVERSIA
1985 1802 1991 1808 ·

346 1810 518 1847 INTER
546 1809 918 1847 MOGUNTINUM
946 1810 1012 1846 ET
1037 1809 1440 1847 TREVIRENSEM
1462 1807 1946 1847 ARCHIEPISCOPOS.
1994 1819 2020 1840 ει

1007 1878 1117 1915 1315.
1161 1878 1245 1915 Mai.
1266 1878 1301 1915 9.

430 1973 610 2013 Oriyinalia
634 1973 709 2011 tria,
733 1983 868 2013 quorum
887 1976 901 2005 1
927 1977 956 2005 et
979 1976 998 2005 2
1022 1974 1058 2006 in
1079 1974 1239 2006 tabulario
1254 1975 1337 2015 reyio
1356 1974 1586 2014 Confluentirco,
1611 1976 1630 2007 3
1652 1975 1689 2006 in
1711 1974 1871 2006 tabulario
1892 1974 1976 2015 reyio

316 2024 530 2057 Berolinensi.
580 2024 816 2064 Descrifmimus
842 2025 889 2056 vel
917 2025 1108 2057 contulimus
1133 2036 1200 2058 nos.
1251 2026 1482 2067 Autoyraphon
1504 2029 1518 2058 1
1553 2037 1625 2058 cum
1652 2029 1719 2058 octo
1746 2026 1977 2065 foramim'bus;

317 2077 456 2117 pendent
477 2077 584 2108 adhuc
605 2078 744 2116 quatuor
758 2076 864 2116 siqilla
887 2077 1048 2117 (mimum,
1071 2079 1232 2117 quartum,
1256 2078 1433 2118 septimum,
1457 2079 1616 2119 octavam)
1634 2077 1712 2120 plus
1725 2078 1868 2110 minusve
1890 2076 1977 2109 laesa

322 2127 399 2160 loris
420 2128 675 2159 membranaceis.
725 2128 957 2168 Autoyraphon
972 2131 991 2160 2
1015 2139 1088 2160 cum
1108 2131 1224 2169 septem
1243 2128 1478 2171 fm·amim'bus;
1495 2129 1635 2170 pendent
1656 2129 1763 2161 adhuc
1785 2129 1850 2160 tria
1871 2128 1978 2170 siyilla
1995 2142 2022 2163 so

317 2180 471 2220 (tertium,
497 2182 630 2217 sextum,
654 2180 835 2221 sept-imum)
854 2180 931 2219 plus
953 2181 1095 2212 minusve
1118 2180 1204 2212 laesa
1227 2180 1304 2213 loris
1325 2181 1579 2214 membranaceis.
1617 2180 1848 2222 Autoyraphon
1864 2181 1883 2213 3
1905 2191 1978 2213 cum

316 2234 430 2272 septem
444 2230 567 2271 sigillis,
590 2241 726 2270 quorum
745 2241 801 2262 seoe
815 2231 895 2271 plus
915 2232 1058 2263 minusve
1078 2231 1174 2270 laesa,
1196 2233 1323 2274 septimi
1341 2233 1554 2274 fragmentum
1570 2232 1711 2274 pendent
1733 2232 1811 2264 loris
1825 2232 1977 2264 membra-

316 2283 433 2315 naceis.
468 2282 512 2314 In
526 2292 613 2314 verso
630 2282 824 2322 autographi
839 2286 848 2314 1
868 2286 897 2315 et
913 2285 931 2314 2
949 2283 1080 2323 legitur:
1097 2283 1138 2316 de
1154 2285 1367 2317 coronacione
1379 2285 1502 2328 Aquis,·
1523 2284 1559 2316 in
1573 2294 1660 2316 verso
1674 2283 1867 2325 autoyraphi
1880 2286 1916 2317 3:
1935 2285 1977 2322 R„

429 2343 577 2380 Bo'hmer,
602 2342 679 2383 Req.
695 2341 808 2375 Ludw.
825 2353 862 2383 p.
878 2343 942 2374 239
966 2343 1198 2376 Reickssachen
1219 2355 1268 2376 nr.
1286 2344 1338 2376 49.

681 2435 708 2464 1.
733 2435 762 2464 2.
1561 2436 1590 2467 3.
1995 2449 2020 2470 ss

386 2488 412 2516 1.
445 2484 513 2516 Nos
537 2484 703 2516 Gerardus
726 2485 926 2526 Iuliacensis,
949 2485 1122 2527 Adelphus
1244 2489 1270 2517 1.
1306 2485 1374 2518 Nos
1397 2485 1563 2518 Gerardus
1585 2485 1788 2525 Iuliacensis‚
1816 2485 1978 2518 Iohannes

318 2536 359 2568 de
375 2535 486 2568 Monte
493 2541 515 2577 ⁸,
532 2536 694 2568 Iohannes
711 2536 752 2568 de
770 2536 958 2578 Spainheim
975 2536 1123 2569 dominus
1176 2537 1217 2569 de
1233 2536 1420 2580 Spainheim
1436 2537 1584 2570 dominus
1605 2537 1646 2569 de
1663 2537 1904 2570 Starkenberch
1923 2548 1978 2570 co-

318 2587 358 2620 de
397 2587 657 2620 Starkenberchb
693 2589 842 2629 comites,
881 2588 1042 2621 Henricus
1080 2588 1121 2620 de
1175 2589 1285 2629 mites,
1315 2589 1476 2621 Henricus
1500 2589 1541 2621 de
1564 2588 1771 2631 Spainheim⁰
1794 2589 1977 2632 prepositus

318 2638 528 2681 Spainheimd
560 2639 742 2682 prepositus
765 2639 942 2681 Aquensis,
970 2639 1124 2672 Theode-
1176 2640 1348 2682 Aquensis,
1373 2639 1594 2673 Theodericus
1614 2639 1656 2672 de
1671 2639 1895 2672 Ysembourch
1919 2639 1978 2672 do-

421 2733 487 2761 272.
515 2735 538 2766 ³)
558 2735 722 2768 Adolphus
741 2736 776 2760 de
795 2736 900 2761 Monte
919 2735 1009 2761 denum
1028 2735 1052 2761 2.
1137 2734 1162 2768 b)
1182 2736 1378 2762 Starkemberch
1396 2735 1420 2762 2.
1504 2734 1528 2767 0)
1546 2754 1552 2761 .
1566 2755 1572 2762 .
1592 2736 1654 2762 add.
1673 2735 1697 2762 3.
1780 2733 1805 2767 d)
1825 2753 1832 2761 .
1845 2754 1851 2762 .
1870 2735 1932 2761 add.
1952 2735 1975 2762 1.
1996 2741 2023 2759 ⁴⁰

423 2802 448 2834 1)
468 2801 557 2835 Supra
575 2810 617 2829 nr.
631 2805 688 2829 268.
