2184 3126
289 545 337 566 esp.
348 543 367 561 5.

282 1829 330 1849 cap.
341 1826 359 1845 6.

386 198 446 227 752
654 193 751 220 ACTA
769 193 882 220 REGNI
902 192 1085 219 LUDEWICI
1105 192 1153 219 IV.
1171 191 1220 219 ΕΤ
1238 190 1422 219 FRIDERICI
1440 192 1488 219 111.
1524 191 1601 219 1324.
1637 192 1685 219 Nr.
1697 192 1757 233 ⁹45¹·

383 288 476 312 torum
492 294 529 312 ac
545 293 638 312 rerum
655 286 687 311 et
701 283 805 310 iurium
822 282 983 310 eorumdem
998 277 1127 319 penitus
1142 282 1322 315 abstineret,
1346 286 1382 309 se
1398 286 1510 318 regem
1526 276 1748 310 Romanorum
1762 288 1826 310 non
1841 278 2034 313 intitulando

383 338 462 363 necx
479 331 714 363 denominando
737 340 796 362 nec
819 328 1031 361 describendo
1054 329 1188 360 ulterius
1210 333 1288 360 necy
1311 333 1366 360 se¹¹
1388 338 1447 370 per
1470 327 1552 360 alios
1574 332 1730 370 quantum
1751 329 1785 361 iu
1807 339 1846 362 eo
1870 329 1955 363 foret
1976 331 2035 363 tali

382 382 535 414 intitulari
558 382 610 414 vel
633 381 771 413 describi
793 381 886 412 titulo
910 390 967 412 seu
989 380 1119 412 nomine
1142 379 1302 419 faciendo,
1325 383 1596 418 denominationem,
1619 384 1846 413 intitulationem
1869 388 1900 414 et
1913 386 2034 414 admini-

382 439 549 466 strationem
571 432 811 472 predictorumz'
833 445 889 463 non
912 436 1108 470 resumpturus
1130 435 1258 468 ulterius,
1281 435 1337 462 nisi
1359 435 1383 462 si
1399 437 1430 462 et
1451 435 1566 470 quando
1590 435 1759 464 electionem
1783 432 1983 474 predictam*
2003 440 2034 466 et

383 498 531 524 personam
555 489 642 523 ipsius
665 497 716 522 per
738 487 856 515 candem
880 487 973 514 sedem
996 486 1149 521 approbari
1172 486 1369 521 contingeret
1391 488 1422 514 et
1444 487 1570 514 admitti.

489 538 518 567 5.
546 540 570 566 A
592 539 716 566 fautoria
738 547 851 572 quoque
873 539 903 565 et
931 538 1095 565 defensione
1122 539 1182 565 tam
1204 537 1345 565 dictorum
1368 526 1558 565 hereticorum
1581 537 1861 575 Mediolanen(sium)
1884 541 2034 568 rebellium

382 591 433 618 Dei
456 593 486 618 et
501 590 617 618 ecclesie
637 599 722 624 quam
737 587 993 624 Ferrarien(sium),
1017 589 1150 617 videlicet
1165 589 1306 623 Raynaldi
1321 590 1351 616 et
1367 588 1499 624 opizonis
1516 585 1593 617 olim
1609 591 1812 619 marchionum
1827 590 2031 627 Esten(sium)

381 643 415 669 de
437 637 543 669 heresi
565 637 713 668 similiter
735 641 1024 676 condempnatorum
1051 650 1084 668 ac
1111 641 1271 668 rebellium
1303 640 1422 668 ecclesie
1444 637 1630 678 supradicte
1653 638 1854 680 ipsorumque
1877 643 2032 678 fautorum,

381 693 533 720 valitorum
562 695 592 720 et
623 693 785 727 sequacium
809 688 937 719 omnino
961 688 1133 720 desisteret
1159 698 1284 719 necnon
1312 692 1445 720 fidelitati
1468 694 1498 720 et
1519 693 1667 729 homagio,
1691 703 1746 729 que
1769 694 1881 722 ratione
1904 694 2032 723 civitatis

380 741 593 780 Ferrarien(sis)
616 740 656 772 ad
679 745 802 779 plenum
825 744 876 771 ius
900 746 929 771 et
950 743 1167 779 proprietatem
1182 744 1309 772 Romane
1332 744 1449 772 ecclesie
1470 741 1662 782 pertinentis
1683 746 1858 781 presumpsit
1879 741 1921 774 de
1943 742 2030 774 facto

380 796 415 822 ab
439 796 543 823 eisdem
572 796 698 830 recipere
724 795 755 822 in
783 797 911 823 nostrum
940 797 969 823 et
997 795 1122 823 eiusdem
1154 795 1272 823 ecclesie
1298 804 1433 830 magnum
1463 798 1658 831 contemptum
1680 799 1767 832 atque
1795 798 1975 833 dispendium
2003 800 2034 826 et

379 847 563 881 preiudicium
578 847 768 880 manifestum,
792 847 986 875 renunciaret
1009 847 1123 874 omnino
1146 848 1176 874 et
1197 847 1310 882 publice
1333 852 1371 875 ae
1387 856 1405 874 a
1427 856 1456 875 se
1479 848 1530 875 illa
1552 857 1667 883 prorsus
1689 849 1849 886 abiceret,
1872 850 1955 884 quasi
1977 849 2034 877 sibi

378 906 528 931 numquam
547 897 667 931 prestita
685 897 853 930 extitissent,
873 906 922 924 nec
941 897 1050 925 ratione
1068 897 1180 924 illorum
1198 897 1227 924 in
1247 897 1387 925 civitate*
1406 897 1534 932 predicta
1558 898 1673 933 eiusque
1695 899 1826 927 districtu
1850 900 1895 927 vel
1923 899 2033 928 civibus

378 959 411 978 ac
426 949 651 977 districtualibus
667 950 829 977 eorumdem
851 949 960 984 aliquid
982 950 1051 977 iuris
1078 948 1282 987 presumeret
1304 958 1467 986 usurpare,
1491 951 1541 978 sed
1563 951 1660 986 potius
1681 952 1811 987 predicta
1833 952 1929 980 omnia
1950 961 2029 980 usur-

378 1004 454 1035 pata,
478 1002 642 1036 presumpta
665 1002 694 1028 et
717 1002 890 1035 attemptata
913 1009 963 1036 per
985 1001 1078 1035 ipsum
1101 1001 1153 1028 sub
1175 1001 1408 1030 denominatione
1431 1003 1461 1030 et
1483 1002 1682 1030 intitulatione
1703 1003 1839 1038 predictis
1862 1012 1913 1032 seu
1935 1004 2030 1043 colore

379 1052 423 1079 vel
447 1051 591 1079 occasione
615 1051 738 1085 ipsorum
761 1051 914 1078 curaret*
934 1051 1006 1078 infra
1028 1051 1134 1079 dictum
1162 1052 1321 1085 terminum,
1346 1055 1431 1087 prout
1455 1052 1510 1080 sibi
1533 1053 1627 1081 foret·
1651 1054 1800 1088 possibile,
1824 1053 1979 1082 solenniter
2001 1056 2032 1083 et

378 1102 491 1137 publice
509 1111 638 1130 revocare
656 1111 689 1128 ac
708 1111 806 1137 parere
830 1102 858 1129 in
882 1102 1009 1130 omnibus
1033 1102 1188 1137 predictisb
1206 1103 1309 1130 nostris
1330 1103 1531 1132 monitionibus
1553 1106 1583 1132 et
1607 1105 1750 1132 mandatis
1771 1107 1824 1133 et⁰
1849 1105 1886 1132 ad
1908 1105 2032 1134 eiusdem

378 1154 493 1181 ecclesie
510 1154 638 1181 rediret
655 1154 799 1189 gremium,
818 1154 851 1181 de
870 1153 1068 1181 offensionibus
1086 1156 1116 1181 et
1134 1154 1245 1181 iniuriis
1263 1154 1434 1189 supradictis
1453 1155 1675 1184 satisfactionem
1697 1155 1824 1184 debitam
1847 1156 2030 1191 impensurus.

377 1202 419 1233 Et
450 1203 580 1243 insuper
612 1205 784 1243 postquam
817 1206 946 1241 predicta
977 1207 1072 1234 omnia
1104 1209 1291 1235 revocasset
1323 1209 1356 1235 et
1389 1208 1563 1243 paruisset
1592 1208 1623 1236 in
1654 1203 1717 1235 illis
1751 1203 1966 1237 effectualiter
1996 1207 2031 1237 et

376 1253 520 1294 plenarie
543 1257 648 1285 nostris
671 1257 885 1291 municionibus,
909 1258 1129 1286 inhibitionibus
1152 1260 1182 1287 et
1204 1259 1357 1294 mandatis,
1377 1268 1429 1287 nos
1453 1255 1494 1288 de
1517 1255 1578 1287 hiis
1594 1255 1742 1288 omnibus
1764 1260 1840 1288 infra
1861 1260 2029 1298 predictum

376 1309 527 1336 terminum
549 1318 600 1344 per
626 1309 737 1337 litteras
763 1305 942 1337 autenticas⁴³
966 1311 1010 1338 vel
1036 1311 1241 1338 instrumenta
1263 1311 1386 1346 publica
1409 1311 1565 1340 certificare
1589 1314 1718 1340 curaret
1739 1311 1773 1340 et
1795 1307 2023 1340 nichilominus

376 1362 569 1395 compareret
591 1361 665 1387 infra
688 1356 827 1388 eundem
856 1361 1009 1389 terminum
1032 1371 1082 1397 per
1109 1371 1139 1390 se
1162 1363 1206 1390 vel
1230 1364 1445 1397 procuratorem
1474 1371 1524 1391 seu
1553 1365 1752 1398 procuratores
1780 1364 1907 1399 ydoneos
1933 1372 2030 1392 coram

375 1410 455 1438 nobis
473 1419 556 1445 super
573 1411 676 1438 dictise
694 1411 859 1446 excessibus,
879 1412 1076 1439 offensionibus
1098 1414 1128 1440 et
1150 1413 1263 1440 iniuriis
1285 1415 1320 1440 et
1344 1421 1428 1448 super
1450 1421 1526 1448 pena
1544 1413 1712 1448 privationis
1729 1414 1810 1446 iuris,
1837 1413 1862 1441 si
1880 1414 1955 1448 quod
1973 1413 2030 1442 sibi

375 1462 573 1496 competebat
591 1462 635 1489 vel
649 1462 859 1497 competierat
877 1463 913 1490 ad
925 1472 1041 1498 regnum
1055 1472 1102 1491 seu
1115 1464 1263 1499 imperium
1275 1465 1446 1499 supradicta,
1464 1465 1634 1493 declaranda
1645 1474 1703 1493 seu
1718 1466 1864 1493 inferenda
1875 1474 1984 1494 necnon
1999 1467 2030 1494 et

374 1513 453 1547 penis
465 1513 537 1545 aliis,
552 1513 652 1547 quibus
665 1514 818 1547 excessus*,
831 1514 1023 1542 inobedientia
1036 1517 1065 1542 et
1077 1517 1255 1550 contemptus
1267 1515 1387 1550 predicti
1400 1516 1565 1544 obnoxium‘
1575 1516 1680 1545 cums*
1691 1517 1908 1551 reddiderant,
1927 1516 2028 1544 diffini-

374 1564 462 1591 tivam
481 1565 647 1592 sententiam
667 1567 696 1592 et
713 1567 838 1593 nostrum
857 1566 1079 1601 beneplacitum,
1098 1569 1234 1601 quantum
1252 1569 1377 1595 nostrum
1395 1569 1578 1602 pateretur
1596 1568 1726 1601 officium,
1744 1568 1890 1596 auditurus
1908 1569 1939 1596 et
1955 1567 2028 1596 alias

374 1617 499 1643 facturus
515 1618 544 1644 et
560 1619 731 1651 recepturus,
748 1618 823 1652 quod
838 1618 950 1646 iustitia
966 1619 1130 1647 suaderet.
1165 1615 1271 1652 Quem
1287 1615 1418 1658 quidem
1433 1616 1610 1648 terminumb
1625 1621 1717 1649 eidem
1732 1622 1824 1649 electo
1839 1621 1874 1649 de
1886 1621 2028 1649 dictorum

374 1667 489 1694 fratrum
509 1667 624 1694 consilio
642 1668 678 1695 ad
696 1668 830 1702 premissa
848 1670 878 1696 et
896 1668 1090 1703 premissorum
1109 1669 1221 1705 singula
1239 1670 1457 1705 peremptorium
1477 1680 1536 1699 esse
1551 1671 1702 1699 voluimus
1721 1674 1750 1699 st
1767 1681 1818 1707 pro
1837 1672 2027 1708 peremptorio

374 1715 522 1746 duximus
545 1720 790 1755 assignandum,
819 1721 910 1748 eidem
938 1721 1063 1756 apertius
1094 1722 1272 1756 predicantes
1282 1722 1306 1755 ¹²,
1333 1731 1387 1750 nos
1414 1723 1451 1750 ad
1479 1723 1618 1758 premissa
1639 1723 1814 1751 coniunctim
1837 1724 1883 1751 vel
1905 1723 2026 1757 divisim,

373 1769 396 1795 si
411 1778 499 1803 neque
511 1770 634 1797 veniret
652 1779 741 1805 neque
754 1771 908 1805 mitteret,
927 1780 1135 1806 processur08‚
1154 1774 1238 1807 prout
1251 1772 1382 1807 expedire
1395 1772 1576 1807 videremus,
1595 1774 1656 1801 eius
1671 1773 1803 1802 absentia
1818 1782 1874 1801 non
1886 1774 2026 1802 obstante.

483 1820 511 1849 6.
546 1818 701 1850 Preterea
728 1823 875 1851 universos
902 1824 1088 1858 patriarchas,
1111 1825 1341 1860 archiepiscopos
1364 1827 1394 1853 et
1416 1826 1566 1861 episcopos
1589 1828 1756 1862 ceterasque
1777 1835 1914 1862 persons-s
1937 1827 2027 1855 eccle-

372 1872 512 1906 siasticas,
537 1882 591 1907 que
613 1883 712 1909 parere
735 1875 856 1902 forsitan
879 1876 1096 1911 neglexerant*
1118 1877 1224 1905 nostris
1246 1877 1466 1911 monitionibus,
1489 1878 1709 1906 inhibitionibus
1732 1880 1763 1906 et
1783 1879 1926 1914 preceptis
1950 1884 2026 1907 oon-

371 1920 480 1951 tentis¹
504 1921 535 1951 in
558 1912 761 1962 processibus
785 1922 977 1964 supradictis
1001 1928 1092 1956 eidem
1121 1929 1185 1956 duci
1208 1931 1347 1964 tanquam
1374 1929 1436 1965 regi
1459 1938 1509 1958 seu
1537 1930 1567 1957 in
1594 1939 1690 1966 regem
1713 1931 1904 1959 Romanorum
1935 1932 2026 1959 electo

370 1976 495 2008 parendo
530 1977 585 2003 vel
614 1977 793 2005 obediendo*
820 1980 880 2006 aut
909 1980 1083 2014 prestando*
1112 1989 1163 2014 per
1193 1989 1223 2008 se
1252 1981 1295 2008 vel
1324 1981 1412 2008 alium
1442 1990 1491 2009 seu
1520 1982 1593 2010 alios
1620 1982 1771 2016 auxilium,
1804 1983 1954 2011 consilium
1980 1984 2026 2012 vel

370 2026 495 2054 favorem
518 2027 630 2061 publice
647 2029 690 2055 vel
715 2030 833 2063 occulte,
857 2030 1008 2058 incurrisse
1031 2040 1135 2066 penam
1158 2032 1352 2067 suspensionis
1375 2033 1411 2060 ab
1434 2033 1527 2061 officio
1551 2035 1581 2062 et
1603 2033 1740 2062 beneficio
1763 2030 1796 2061 in
1812 2029 1935 2062 eisdem
1959 2043 2024 2070 pro—

370 2078 525 2113 mulgatam
552 2075 755 2116 processibus
782 2082 817 2109 de
840 2082 981 2110 dictorum
1004 2083 1125 2111 fratrum
1148 2084 1266 2111 consilio
1297 2084 1521 2112 declarantes*
1543 2081 1676 2113 eosdem
1703 2085 1886 2113 monuimus
1914 2081 2027 2124 eisque

370 2130 429 2155 tam
452 2129 503 2156 sub
526 2132 835 2166 excommunicationis,
859 2142 945 2168 quam
967 2134 1065 2169 ipsos*
1089 2130 1182 2162 dictis
1205 2131 1434 2163 monitionibus
1458 2134 1491 2164 et
1513 2132 1757 2165 inhibitionibus
1783 2143 1847 2164 non
1874 2137 2027 2175 parentes

370 2179 509 2206 incurrere
528 2181 678 2208 voluimus
695 2182 757 2217 ipso
775 2183 863 2217 facto,
887 2193 971 2218 quam
996 2185 1048 2212 sub
1072 2185 1240 2220 privationis
1265 2185 1450 2220 dignitatum,
1476 2189 1689 2222 personatuum,
1714 2187 1868 2216 officiorum
1892 2190 1922 2215 et
1945 2189 2027 2217 bene·

370 2230 495 2258 ficiorum
519 2234 772 2262 ecclesiasticorum
800 2237 881 2271 penis
909 2238 939 2264 et
961 2238 1128 2274 sententiis,
1156 2238 1192 2265 ad
1215 2239 1355 2272 quarum*
1377 2239 1564 2267 inflictionem
1592 2241 1693 2267 contra
1719 2232 1790 2268 non
1805 2242 1940 2276 parentes
1966 2247 2026 2270 nos

372 2277 581 2311 infallibiliter
603 2291 808 2323 processuros
829 2283 1039 2325 prediximus,
1062 2288 1158 2326 prout
1180 2285 1273 2317 nobis
1296 2285 1474 2328 expediens
1495 2286 1670 2327 videretur,
1693 2291 1850 2319 districtius
1874 2287 2025 2321 duximus

372 2331 590 2367 inungendum
608 2344 645 2362 ac
664 2336 749 2363 etiam
767 2337 1018 2373 inhibendum*,
1041 2348 1077 2367 ne
1098 2340 1153 2374 ipsi
1173 2340 1218 2367 vel
1243 2349 1338 2368 eorum
1360 2340 1450 2375 aliqui
1471 2341 1582 2376 prefato
1605 2341 1669 2369 duci
1692 2343 1828 2376 tanquam
1851 2343 1912 2379 regi
1932 2344 1977 2371 vel
1995 2344 2025 2371 in

371 2392 466 2418 regem
488 2385 676 2414 Romanorum
700 2389 790 2417 electo
813 2396 910 2428 super
932 2387 1007 2428 hiis,
1038 2398 1102 2429 que
1124 2387 1167 2419 ad
1189 2398 1326 2431 regnum
1349 2388 1404 2421 et¹K
1426 2389 1598 2431 imperium
1625 2390 1810 2432 supradicta
1832 2394 1890 2423 aut
1911 2402 2024 2424 eorum

371 2431 515 2472 regimen
537 2435 571 2464 et
591 2433 899 2469 administrationem
914 2439 1087 2480 pertinent,
1111 2440 1322 2481 quovismodo
1339 2447 1508 2480 parerent,
1531 2446 1741 2474 adhererent*
1756 2447 1803 2475 vel
1817 2447 2025 2476 intenderent

373 2494 434 2513 seu
457 2489 641 2521 prestarent
662 2499 713 2524 per
735 2501 765 2519 se
788 2493 833 2520 vel
856 2494 943 2521 alium
966 2503 1016 2522 seu
1039 2495 1111 2522 alios
1134 2495 1241 2523 directe
1266 2496 1309 2523 vel
1340 2496 1493 2530 indirecte,
1524 2497 1638 2532 publice
1662 2499 1706 2526 vel
1729 2499 1840 2526 occulte
1863 2499 2022 2534 consilium,

371 2537 507 2564 auxilium
530 2539 575 2566 vel
597 2538 748 2569 favorem1.
798 2539 921 2575 Quibus
943 2546 1024 2580 penis
1048 2548 1078 2574 et
1100 2547 1251 2574 sententiis
1280 2543 1364 2575 adeo
1391 2544 1479 2586 ipsos
1502 2549 1586 2584 ligari
1609 2551 1640 2577 et
1660 2549 1782 2586 astringi
1804 2546 1966 2579 voluimus
1990 2550 2024 2579 et

372 2583 579 2622 decrevimus,
603 2592 660 2618 acsi
682 2595 804 2628 propriis
826 2604 923 2623 eorum
945 2598 1108 2625 nominibus
1130 2599 1271 2626 nominati
1294 2599 1439 2627 fuissent
1462 2600 1624 2635 specialiter
1647 2603 1677 2628 et
1699 2610 1831 2637 expresse
1839 2603 1871 2629 ¹¹³.

472 2668 538 2696 944·
564 2671 590 2704 ¹)
602 2673 643 2698 vel
654 2672 678 2698 3·
735 2675 760 2707 y)
773 2678 885 2709 sequitur
896 2687 993 2704 rasura
1005 2679 1034 2711 1;
1052 2688 1097 2713 per
1109 2680 1171 2706 add.
1184 2680 1208 2706 3.
1266 2682 1290 2712 ⁸)
1303 2682 1417 2714 aequim-
1428 2690 1527 2707 ramra
1540 2682 1568 2714 l;
1587 2690 1635 2708 nec
1648 2683 1710 2709 add.
1723 2682 1750 2709 3.
1807 2682 1844 2717 ²⁸)
1857 2684 1984 2717 predictas
1996 2682 2023 2710 2.

371 2711 394 2742 ³)
412 2712 477 2737 foret
494 2713 544 2738 sibi
561 2713 586 2739 3-
684 2715 709 2747 b)
729 2719 799 2750 predi
817 2721 843 2744 in
862 2721 916 2746 loco
934 2730 996 2748 raso
1015 2723 1038 2748 1.
1138 2723 1160 2755 c)
1179 2723 1249 2749 deest
1266 2723 1291 2750 3.
1397 2723 1422 2757 d)
1439 2729 1550 2751 auttent.
1569 2734 1668 2759 semper
1685 2725 1710 2752 3.
1817 2726 1840 2759 ⁹)
1857 2727 1979 2760 predictis
1995 2727 2021 2754 8.

369 2752 389 2784 f)
409 2755 546 2781 obuexium
566 2756 589 2782 1.
668 2759 693 2791 8)
711 2768 769 2786 eum
787 2763 880 2789 obnox.
899 2764 923 2789 3.
998 2765 1024 2798 ¹¹)
1042 2774 1110 2799 sequ.
1128 2775 1226 2792 rasura
1245 2767 1270 2793 1.
1341 2766 1360 2800 i)
1380 2769 1534 2802 contemptis
1553 2768 1575 2795 1.
1655 2767 1683 2801 k)
1701 2769 1744 2795 vel
1761 2768 1787 2795 3.
1865 2769 1886 2803 ¹)
1904 2778 1966 2796 aux-
1979 2770 2021 2796 vel

370 2797 421 2822 sav.
440 2798 467 2822 in
486 2798 540 2824 loco
558 2808 619 2825 raso
639 2802 721 2827 artius
739 2805 834 2837 scripta
853 2806 876 2832 1.
964 2808 997 2840 ¹¹¹)
1016 2810 1130 2842 expressi
1149 2809 1173 2834 1.

2049 749 2078 770 10

2041 2295 2072 2316 10

2041 2553 2070 2574 ss
