2190 3172
459 185 558 214 ACTA
575 184 690 214 REGNI
709 184 894 213 LUDE'WICI
913 185 960 212 lv.
980 184 1027 212 m·
1047 184 1229 218 FRIDERICI
1248 185 1297 214 111.
1336 186 1410 214 1814.
1446 187 1566 215 Nr.155.
1587 188 1642 215 156.
1818 194 1875 223 1453

228 283 248 306 a
270 272 405 316 prefatis
426 271 547 304 Adolfo
575 275 621 304 et*
634 271 770 304 Alberto
799 271 930 314 regibus
953 275 1013 304 etw
1036 272 1318 314 predecessoribus
1347 274 1462 304 nostris
1484 277 1663 306 memorato
1685 275 1875 309 Boemundo

228 323 420 357 Treverensi
453 323 698 365 archiepiscopo
733 326 766 355 et
799 333 856 356 sue
891 323 1027 355 ecclesie
1061 324 1311 364 confirmaverit,
1339 324 1559 365 ratificavcrit,
1587 325 1815 367 approbaverit
1843 333 1876 359 et

226 374 445 408 innovaverit²
523 378 557 406 et
585 374 625 406 de
649 374 798 406 omnibus
820 375 984 416 premissis
1006 374 1213 417 sepedictus¹
1235 375 1461 408 Baldewinusr
1484 376 1690 409 Treverensis
1717 378 1874 420 archiepi-

227 436 343 469 scopus
364 425 458 458 nobis
481 425 594 458 fecerit
616 425 745 468 plenam
769 425 881 466 fldem,
911 430 1019 459 nostre
1046 427 1135 468 regio
1159 427 1320 459 maiestati
1343 427 1566 470 supplicando,
1597 429 1746 470 quatinus
1769 429 1874 462 eidem

193 488 206 509 s
227 481 261 511 et
290 487 348 510 sue
376 477 513 510 ecclesie
542 487 583 509 ex
610 480 719 509 nostra
746 477 837 519 regia
867 477 1066 520 benignitate
1096 479 1204 510 omnia
1227 480 1383 520 premissa
1406 484 1439 511 et
1461 480 1586 521 singula
1609 480 1699 521 data,
1724 491 1875 513 concessa

226 532 261 562 et
275 528 463 562 confirmata
479 528 678 569 confirmare,
702 528 884 571 approbare
907 532 941 561 et
963 529 1004 562 de
1022 540 1104 562 novo
1121 530 1297 562 concedere
1314 530 1530 572 dignaremur,
1629 543 1687 564 nos
1703 533 1771 564 eius
1787 534 1876 564 iustis

227 583 260 613 et
287 580 348 623 piis
376 579 666 622 supplicationibus
697 580 919 618 favorabiliter
946 585 1124 623 annuentes
1148 583 1303 623 premissa
1325 584 1432 615 omnia
1459 587 1492 614 et
1518 584 1643 625 singula
1666 585 1812 626 superius
1834 585 1875 617 ab

226 631 360 672 adolfo,
388 630 524 663 Alberto
552 634 586 663 et
614 631 757 664 Henrico
783 633 900 664 nostris
925 632 1209 674 predecessoribus
1238 634 1408 666 antedictis
1431 634 1537 674 data’,
1568 646 1734 675 concessa,
1762 637 1875 669 conflr-

225 686 324 724 mata,
345 684 496 722 innovata
520 693 578 715 seu
601 682 782 725 approbata
806 683 1001 715 ratificamus
1023 693 1095 715 cum
1119 694 1214 716 cause
1238 686 1420 726 cognitione
1444 689 1478 717 et
1500 696 1541 717 ex
1564 690 1653 718 certa
1675 688 1819 727 scientia,
1843 688 1874 719 in

182 745 208 766 ιο
225 735 354 768 nomine
385 734 517 767 Domini
547 735 771 767 confirmamus
799 739 833 767 et
859 734 900 767 de
928 745 1011 767 novo
1041 735 1234 768 conferimus
1257 740 1289 768 ot
1311 737 1498 768 innovamus
1525 747 1562 769 ac
1586 739 1743 779 presentis
1765 740 1873 781 scripti

224 787 402 829 patrocinio
427 787 670 820 communimus.
737 786 826 819 Nulli
849 797 927 829 ergo
951 788 1080 819 omnino
1103 788 1267 821 hominum
1290 788 1387 820 liceat
1410 789 1491 821 hanc
1514 790 1663 831 paginam
1681 790 1874 832 infringere·

223 837 285 873 uel
300 838 437 870 eiam
457 838 630 871 temerario
655 838 921 880 quomodolibetb
945 840 1113 871 contraire.
1158 839 1264 882 Siquis
1287 844 1395 872 autem
1419 840 1479 872 hoc
1495 845 1689 883 attemptare
1707 852 1873 884 presump-

223 890 330 931 εει-ἰν,
354 893 462 922 nostre
483 889 713 932 indignationis
735 890 888 923 aculeos‘¹
911 891 1027 923 merito
1050 892 1170 933 poterit
1192 891 1393 924 formidare·.
1460 892 1496 923 ln
1521 903 1654 934 quorum
1678 894 1818 926 omnium
1842 898 1875 925 et

223 941 423 984 *singulorum
452 941 676 974 certitudinem
711 945 745 974 et
774 942 899 974 roboris
928 942 1112 975 firmitatem
1143 947 1310 985 presentes
1340 943 1463 975 litteras
1490 943 1594 985 sigillo
1622 944 1748 976 nostre‘
1773 945 1874 976 maie-

177 1003 208 1028 ,ιι
225 993 316 1025 statis
338 992 494 1025 tradimus
517 993 738 1026 communitas.

332 1043 408 1077 Dat.
433 1044 578 1084 omnnio,
601 1044 680 1077 1111.
697 1044 780 1077 Non.
796 1044 998 1086 Decembris,
1021 1055 1104 1077 anno
1127 1045 1257 1077 Domini
1279 1046 1450 1078 millesimo
1473 1047 1720 1078 trecentesimo«
1743 1051 1874 1089 quarto-

225 1095 386 1137 decimo¹²‚
409 1096 501 1138 regni
525 1106 602 1128 vero
626 1098 726 1129 nostri
749 1106 832 1129 anno
856 1097 972 1138 primo.

289 1228 371 1266 156.
411 1228 639 1275 Confirmatio
665 1228 881 1275 obliyationis
904 1229 1077 1265 civitatum
1100 1229 1305 1275 Bopardiae
1331 1233 1362 1265 et
1384 1229 1565 1266 Wesaliae.
1672 1229 1755 1266 Dec.
1775 1233 1812 1266 2.

338 1302 520 1344 Oriqindia
541 1303 605 1335 duo
632 1306 645 1335 1
671 1305 700 1335 et
722 1305 742 1335 2
766 1303 887 1335 ibidem.
937 1302 1136 1335 Contulimus
1158 1313 1223 1336 nos.
1270 1303 1417 1344 Siyillum
1438 1304 1629 1344 autoyraphi
1654 1307 1665 1336 1
1692 1305 1785 1343 deest,
1807 1304 1873 1344 filis

181 1365 208 1386 sn
224 1355 334 1390 sericis
355 1355 446 1388 rubei
466 1354 605 1396 flavique
627 1354 741 1387 coloris
762 1354 890 1387 relictis.
936 1354 979 1386 In
1001 1354 1142 1395 margine
1169 1355 1279 1386 dextro
1307 1355 1412 1387 eadem
1439 1366 1538 1387 manu
1561 1355 1665 1397 plicae
1687 1357 1873 1396 inscriptum

179 1401 182 1404 Α
223 1410 270 1441 est
290 1417 403 1440 nomen
425 1407 607 1447 scriptoris:
629 1401 743 1445 Iolies,
766 1406 932 1447 scriptor-is
946 1405 1063 1438 scilicet
1077 1406 1286 1439 cancellariae
1300 1406 1448 1439 Heinrici
1467 1407 1542 1446 1⁷11,
1564 1408 1620 1448 qui
1636 1407 1872 1440 Remmiam„

223 1460 465 1494 immunitatum
480 1459 597 1492 civium
611 1459 825 1492 Ianuensium
839 1469 940 1499 supra
959 1461 1031 1491 tom.
1044 1457 1102 1490 IV
1112 1468 1161 1491 nr.
1175 1459 1239 1490 928
1252 1459 1380 1499 scripsit
1385 1469 1396 1497 ,·
1417 1459 1460 1500 cf.
1473 1459 1594 1492 ibidem.
1636 1459 1836 1500 Autoyraphi
1852 1461 1871 1491 2

176 1540 179 1542 ,
222 1510 321 1553 siqilh
340 1511 556 1552 fraqmentum
571 1511 688 1551 pendet
711 1511 784 1543 item
805 1510 871 1551 filis
891 1510 1009 1543 sericis.

330 1567 477 1606 Bfflmer,
500 1567 574 1608 Rey.
592 1567 705 1600 Ludw.
726 1577 759 1607 p.
775 1567 797 1598 2
817 1578 867 1599 nr.
885 1567 936 1600 18.

182 1633 210 1655 ss
339 1624 428 1665 Quae
462 1624 651 1656 concordant
683 1633 754 1655 cum
783 1622 1034 1655 Promissionum
1071 1632 1170 1662 supra
1206 1632 1256 1654 nr.
1280 1622 1323 1653 63
1350 1632 1418 1662 cap.
1441 1624 1472 1660 7,
1510 1632 1546 1654 ea
1583 1623 1667 1663 typis
1698 1622 1873 1655 minoribus

223 1685 355 1709 επαεεα
376 1678 461 1708 sunt.

329 1761 541 1794 Ludowicus·
565 1761 628 1793 Dei
649 1761 755 1803 gratia
778 1760 998 1792 Romanorum
1023 1771 1081 1792 rex
1104 1771 1232 1803 semper
1255 1764 1408 1802 augustus
1474 1761 1629 1792 universis
1648 1761 1729 1792 sacri
1746 1761 1871 1803 imperii

222 1813 374 1846 fidelibus
395 1815 581 1856 presentem
604 1814 756 1855 paginam
780 1813 971 1855 inspecturis
1058 1813 1194 1854 gratiam
1217 1822 1307 1844 suam
1332 1816 1365 1844 et
1387 1822 1481 1843 omne
1506 1811 1632 1843 bonum.

329 1864 420 1898 Solet
442 1864 528 1897 enim
551 1865 643 1906 regia
666 1864 823 1896 celsitudo
849 1856 983 1897 devotos
1005 1863 1131 1905 imperii
1156 1863 1322 1906 condignis
1343 1864 1456 1906 gratiis
1483 1867 1515 1895 et
1537 1862 1700 1895 favoribus
1723 1863 1870 1896 attollere

179 1931 207 1952 ιο
224 1920 259 1950 et
289 1917 442 1960 precipue
477 1917 712 1948 ecclesiasticas
744 1926 913 1959 personas,
948 1926 1010 1958 que
1044 1915 1116 1947 aliis
1149 1916 1181 1946 in
1215 1915 1417 1947 conferendis
1451 1915 1614 1947 beneflciis
1649 1919 1722 1947 sunt
1755 1916 1870 1947 merito

223 1967 425 2011 proferende.
471 1967 557 2000 Hinc
581 1970 630 2000 est
653 1967 740 2010 quod
762 1979 821 1999 nos
844 1967 1048 2000 attendentes
1071 1970 1164 2009 grata
1189 1970 1221 1998 et
1242 1966 1405 1998 fructuosa
1421 1966 1586 2009 obsequia,
1603 1977 1664 2008 que
1679 1966 1871 1998 venerabilis

222 2019 428 2054 Baldew'inus
461 2020 670 2052 Treverensis
704 2019 964 2061 archiepiscopus
998 2020 1146 2061 princeps
1179 2022 1287 2050 noster
1320 2018 1455 2051 dilectus
1493 2018 1600 2050 arduis
1637 2018 1800 2050 laboribus
1837 2022 1870 2050 et

218 2071 374 2115 ¹gravibus
402 2072 554 2114 expensis
580 2071 673 2104 nobis
707 2074 740 2104 et
772 2071 908 2113 imperio
938 2071 1002 2102 iam
1033 2070 1151 2102 dudum
1183 2069 1330 2102 exhibuit
1357 2074 1390 2102 et
1416 2070 1521 2102 adbuc
1548 2069 1686 2102 cotidieb
1713 2069 1870 2111 impendit

221 2134 344 2156 necnon
374 2123 564 2166 impendere
592 2124 712 2166 poterit
741 2124 773 2155 in
801 2123 957 2162 futurum,
991 2126 1166 2162 obligationi
1195 2121 1301 2153 eidem
1330 2122 1533 2153 Treverensi⁰
1560 2121 1802 2164 archiepiscopo
1836 2127 1869 2153 et
1882 2125 1940 2166 ¹2·-

179 2190 206 2212 ιι
224 2186 281 2208 aue
311 2175 448 2208 ecclesie
479 2180 514 2208 de
541 2179 684 2215 Bopardia
713 2181 742 2207 et
758 2179 884 2207 Wesalia
907 2188 969 2207 cum
999 2179 1056 2206 suis
1083 2178 1191 2206 iuribus
1218 2180 1247 2206 et
1273 2178 1454 2213 pertinentiis
1481 2178 1562 2206 facte
1584 2187 1635 2213 per
1656 2178 1720 2205 dive
1743 2178 1869 2205 recorda-

221 2230 310 2260 tionis
331 2231 476 2260 dominum
498 2227 687 2260 Henricum‘¹
711 2227 788 2258 olim
811 2230 1000 2259 Romanorum
1023 2230 1223 2265 imperatorem
1253 2225 1513 2267 predecessorem
1542 2227 1683 2256 nostrum
1706 2231 1779 2264 pro·
1801 2229 1867 2256 dno-

223 2283 314 2312 decim
328 2283 461 2312 milibus
483 2283 620 2311 librarum
635 2280 837 2317 Hsllen(sium)
844 2277 895 2315 ⁰⁴,
915 2282 1064 2310 addentes
1087 2281 1178 2309 eidem
1194 2280 1362 2316 obligationi
1381 2280 1604 2309 iurisdictionem
1619 2280 1654 2308 de
1668 2280 1869 2316 Galgenscheit

217 2335 313 2373 'prope
334 2335 506 2371 Bopardiam
529 2344 592 2363 cum
615 2335 673 2363 suis
695 2330 850 2363 universis
879 2329 1096 2372 pertinentiis,
1127 2324 1317 2361 assentimus
1340 2331 1374 2360 et
1396 2328 1532 2361 eandem
1563 2333 1746 2365 innovamus.
1769 2341 1868 2368 appro-

222 2386 331 2415 bamus
354 2388 384 2415 et
406 2395 441 2415 ex
468 2389 547 2416 certa
578 2386 701 2415 sciencia
727 2387 940 2414 confirmamus.
984 2385 1022 2413 Et
1043 2394 1095 2421 pro
1118 2385 1248 2420 expensis
1271 2385 1354 2413 factis
1376 2385 1412 2412 ab
1436 2385 1533 2412 eodem
1556 2384 1768 2420 archiepiscopo
1791 2392 1868 2412 occa-

176 2431 303 2471 usione
335 2439 523 2475 promotionis
549 2440 646 2467 nostre
678 2439 708 2466 in
734 2438 925 2467 Rornanorum
954 2446 1049 2474 regem
1076 2436 1110 2465 et
1138 2432 1242 2465 adhuc
1265 2431 1434 2472 faciendis,
1463 2436 1498 2464 de
1520 2436 1622 2471 quibus
1645 2445 1707 2463 enm
1731 2436 1792 2471 ipso
1815 2435 1867 2463 sol-

325 2519 391 2549 155.
418 2521 450 2554 W)
469 2521 538 2547 dem
554 2519 578 2546 2,
593 2520 617 2546 3.
704 2521 731 2551 ¹)
751 2540 777 2547 ..
795 2521 858 2547 add.
878 2519 954 2546 1—3.
1040 2519 1066 2551 1)
1085 2520 1236 2552 Balduynus
1253 2518 1278 2545 3.
1366 2519 1389 2551 ¹)
1407 2523 1433 2544 et
1450 2518 1512 2543 aaa.
1530 2517 1555 2544 3.
1642 2518 1666 2549 ⁸)
1685 2519 1824 2550 intringere
1842 2517 1868 2543 2.

223 2562 250 2598 b)
269 2564 338 2591 ame
354 2563 379 2591 8.
467 2563 491 2598 ⁶)
510 2569 614 2599 preter
631 2564 693 2590 add.
713 2563 738 2590 3.
825 2562 850 2597 11)
867 2572 946 2597 quos
964 2563 1026 2589 aad.
1045 2562 1069 2589 3.
1157 2566 1181 2591 ⁹)
1200 2563 1300 2596 ipsam
1319 2562 1463 2588 mulctam
1482 2566 1607 2587 centnm
1626 2561 1779 2587 libi-num
1798 2562 1866 2586 auri

224 2606 301 2642 ipae
319 2609 407 2634 fanto
425 2608 628 2634 decernimus
647 2608 861 2637 incursurum.
889 2607 1088 2633 medietatem
1113 2607 1193 2631 fisco
1218 2610 1324 2631 nostro
1348 2610 1379 2630 et
1401 2604 1496 2630 aliam
1520 2605 1719 2630 medietatem
1739 2612 1866 2629 camere

178 2695 206 2717 a
221 2650 463 2727 ἒῖιὲιιίἇῖὶὲιοέρί
480 2651 696 2677 Treverensis
717 2651 866 2676 totaliter
890 2650 1088 2676 inferendam
1114 2649 1176 2674 aad.
1194 2647 1219 2675 3.
1326 2647 1346 2680 f)
1365 2648 1453 2681 regie
1478 2647 1540 2672 add.
1559 2647 1583 2672 3.
1681 2648 1706 2687 ξ)
1725 2648 1823 2672 actv.
1842 2646 1866 2671 8.

275 2771 277 2773 -
320 2750 387 2780 1³8.
416 2753 439 2786 Ι)
457 2754 610 2780 Ludewieus
627 2753 652 2779 2.
740 2753 766 2786 1’)
784 2753 887 2779 cottidie
904 2751 928 2779 2.
1017 2754 1040 2782 ⁰)
1059 2771 1065 2778 .
1079 2771 1091 2778 ,ι
1103 2752 1166 2778 add.
1185 2751 1210 2778 2.
1297 2749 1322 2783 ὖ)
1341 2751 1490 2776 Heinricum
1509 2749 1533 2776 2.
1620 2751 1643 2781 ⁸)
1663 2750 1744 2775 halim
1763 2749 1787 2774 2.

325 2819 352 2855 1)
371 2819 462 2854 &apra
479 2822 541 2847 tom.
555 2818 602 2846 1V
615 2827 658 2846 nr.
671 2822 720 2847 274
738 2822 761 2846 et
780 2823 839 2848 314.
925 2820 952 2854 2)
970 2819 1060 2853 Supra
1078 2821 1138 2846 tom.
1153 2819 1198 2846 IV
1211 2827 1254 2846 nr.
1268 2821 1325 2845 833.
