2184 3126
309 246 374 274 440
515 239 612 266 ACTA
630 238 744 266 REGNI
763 238 946 265 LUDEWIOI
964 238 1012 266 1v.
1030 238 1076 264 ET
1095 236 1278 264 FRIDERICI
1297 236 1346 263 Ill.
1384 235 1458 262 1319.
1495 234 1543 261 Nr.
1556 235 1614 262 550.
1628 233 1687 260 551.
1706 233 1766 260 552.

310 330 379 370 ipse
403 327 549 358 dominus
577 335 684 357 eomes
711 325 752 355 sit
777 325 854 366 ipsis
877 324 1006 356 domino
1031 324 1103 356 duci
1131 327 1164 356 et
1186 323 1313 355 comuni
1329 323 1539 354 Venetiarum
1563 321 1667 363 gratia
1690 319 1897 352 citadinantie
1923 323 1957 352 et

311 380 441 420 antique
466 377 644 409 dilectionis
667 376 850 407 sinceritate
874 377 1072 417 congiuntus.

418 432 447 461 2.
481 429 564 460 Item
581 427 689 458 dicant
711 429 744 458 et
762 430 934 468 exponant,
958 427 1045 468 quod
1067 428 1136 468 ipse
1153 427 1299 458 dominus
1317 436 1425 458 comes
1440 425 1618 467 predictam
1643 425 1806 456 civitatem
1822 424 1959 456 Tarvisii

311 486 344 514 et
367 482 435 513 eius
455 480 631 512 districtum
655 478 783 509 favente
799 478 870 510 Deo
895 478 1051 520 disposuit
1074 488 1198 520 regere,
1222 481 1392 520 protegere
1416 488 1453 508 ac
1477 486 1665 508 conservare
1689 479 1816 507 servata
1838 476 1959 507 iustitia

310 534 343 564 in
359 535 443 564 statu
458 531 591 573 pacifico
610 533 642 561 et
658 529 840 571 tranquillo,
862 529 1032 561 intendens
1048 530 1175 561 omnino
1192 530 1419 562 conventiones
1434 528 1561 560 habitas
1576 529 1660 559 inter
1675 528 1778 569 ipsum
1795 527 1960 559 dominum
1989 538 2002 557 ⁵

311 585 426 616 ducem
455 586 487 615 et
510 591 645 614 comune
661 581 871 612 Venetiarum
904 584 938 612 et
959 591 1094 612 comune
1117 581 1252 613 Tarvisii
1276 584 1308 614 et
1330 581 1431 612 bonas
1455 584 1488 612 et
1509 580 1689 612 laudabiles
1713 579 1960 611 consuetudines

311 639 443 667 actenus
465 635 538 665 hinc
561 633 635 664 inde
659 633 808 664 obtentas
832 633 1034 664 efectualiter
1056 632 1228 664 observare
1252 635 1285 664 et
1307 634 1393 664 cives
1416 643 1454 664 ae
1477 632 1590 664 fideles
1613 633 1711 673 ipsius
1729 631 1847 662 domini
1871 630 1960 662 ducis

310 691 375 719 tam
409 697 505 728 super
538 685 736 716 exhibitione
770 684 890 715 iustitie
920 694 1016 726 quam
1049 694 1145 726 super
1171 684 1411 726 quibuscunque
1446 684 1516 715 aliis
1550 683 1789 715 imminentibus
1822 683 1960 724 negotiis

310 739 458 780 gratiosis
481 736 642 768 favoribus
665 735 817 778 prosequi
839 738 872 766 et
894 738 1042 767 tractare.

419 791 447 821 3.
482 789 566 820 Item
601 787 740 819 eundem
774 787 938 818 dominum
969 786 1084 818 ducem
1119 789 1152 818 et
1186 796 1320 818 comune
1343 787 1554 819 Venetiarum
1587 790 1703 829 rogent
1736 797 1807 818 cum
1842 786 1960 817 debitis
1981 797 2003 816 ιο

309 841 490 872 reverentia
514 843 547 871 et
568 840 700 879 honore,
724 837 811 880 quod
826 837 1008 868 huiusmodi
1030 837 1260 868 intentionibus
1283 848 1320 869 ac
1336 839 1507 880 propositis
1531 839 1675 870 eiusdem
1692 838 1811 870 domini
1835 838 1960 869 comitis

309 903 366 924 sue
390 892 595 933 benignitatis
618 894 652 922 et
674 890 777 932 gratie
800 889 944 920 favorem
968 889 1140 930 dignentur
1162 889 1349 931 impendere
1373 893 1407 921 et
1428 890 1493 922 alia
1516 890 1623 922 dicant
1646 893 1679 922 et
1701 893 1873 931 exponant,
1897 899 1960 931 que

310 945 394 976 circa
417 943 563 986 predicta
586 942 705 974 fuerint
727 944 894 983 oportuna.

487 1065 572 1100 551.
614 1065 769 1100 Litterae
796 1064 901 1100 Oanis
928 1064 1091 1109 Scaligeri
1118 1065 1166 1100 ad
1191 1064 1332 1099 eandem
1360 1065 1537 1109 civitatem.
1642 1064 1712 1100 Iul.
1731 1067 1788 1101 19.

423 1143 522 1183 Copia
545 1143 599 1185 (c.)
623 1143 737 1175 ibidem
758 1154 808 1175 nr.
824 1144 875 1174 95.
902 1162 939 1166 —
964 1143 1026 1175 Ed.
1043 1143 1161 1175 Ficker
1183 1142 1202 1174 l.
1219 1153 1244 1174 e.
1262 1152 1296 1182 p.
1315 1145 1336 1174 7
1356 1152 1406 1174 nr.
1425 1143 1467 1174 12
1489 1153 1527 1174 ex
1550 1153 1577 1175 c.
1622 1142 1703 1174 Item
1725 1143 1895 1183 repetimus
1904 1144 1925 1175 ¹.
1981 1155 2004 1174 ιε

419 1229 539 1261 Illustri
563 1232 596 1261 et
611 1229 780 1271 magnifico
798 1229 926 1260 domino
943 1229 1078 1260 Iohanni
1095 1227 1286 1270 Superantio
1310 1228 1418 1259 inclito
1433 1228 1654 1270 Venetiarum,
1677 1227 1842 1260 Dalmatio
1865 1232 1961 1271 atque

313 1280 442 1312 Croatie
466 1281 552 1322 duci,
582 1284 695 1323 quarte
718 1282 819 1322 partis
847 1284 880 1311 et
903 1280 1035 1311 dimidie
1058 1281 1157 1311 totius
1186 1280 1312 1321 imperii
1334 1279 1492 1312 Romanie
1516 1277 1670 1322 [domino]
1735 1279 1964 1322 Canisgrandis

311 1334 352 1365 de
379 1334 411 1365 la
439 1333 533 1365 Scala
560 1333 718 1375 imperiali
746 1333 937 1364 auctoritate
964 1333 1101 1364 vicarius
1117 1331 1247 1364 Verone
1278 1335 1311 1363 et
1325 1331 1474 1364 Vicentie
1508 1341 1546 1363 ac
1573 1331 1760 1373 capitaneus
1793 1335 1826 1363 et
1859 1334 1965 1363 rector

311 1386 436 1417 unionis
468 1388 500 1416 et
533 1385 695 1417 societatis
724 1385 924 1416 dominorum
955 1387 988 1416 et
1013 1384 1156 1416 fidelium
1185 1384 1311 1425 imperii
1338 1383 1534 1415 Lombardie
1601 1383 1712 1414 salutis
1742 1386 1776 1415 et
1802 1383 1964 1415 felicitatis

313 1447 512 1468 concursum.
1982 1445 2008 1465 so

417 1488 471 1520 Ad
487 1488 711 1520 dominationis
735 1491 768 1519 et
790 1498 864 1519 care
887 1488 1028 1519 amicitie
1045 1491 1150 1519 vestre
1173 1498 1275 1529 nuper
1296 1490 1447 1529 acceptas
1463 1487 1588 1518 litteras
1611 1486 1844 1528 respondentes
1866 1487 1964 1528 signi—

310 1541 442 1572 ficamus
469 1540 574 1581 vobis,
604 1539 690 1582 quod
722 1550 794 1571 cum
821 1539 950 1571 domino
981 1539 1098 1571 comite
1127 1538 1251 1571 Goritie
1279 1539 1398 1570 vicario
1422 1539 1559 1570 Tarvisii
1586 1549 1645 1580 pro
1674 1539 1766 1580 regia
1793 1539 1964 1571 maiestate

311 1592 429 1624 fuimus
451 1592 512 1622 hiis
529 1591 642 1623 diebus
662 1591 815 1632 proximis
838 1594 935 1632 atque
960 1602 1068 1622 sumus
1090 1592 1122 1622 in
1145 1593 1285 1623 tractatu
1308 1591 1548 1632 compositionis
1571 1593 1604 1621 et
1626 1589 1796 1622 concordie
1812 1590 1964 1631 gratiose,

313 1655 407 1686 quem
431 1654 596 1685 speramus
619 1647 750 1675 auctore
766 1643 837 1675 Deo
861 1644 929 1675 sine
953 1643 1048 1684 longo
1073 1646 1177 1674 tractu
1197 1643 1352 1684 temporis
1374 1641 1535 1674 amicabili
1552 1642 1776 1674 terminatione
1800 1640 1963 1682 compleri.

314 1696 384 1732 Quo
420 1695 580 1737 completo
615 1695 657 1726 ad
692 1696 794 1736 petita
827 1695 969 1736 ipsarum
998 1695 1176 1727 litterarum
1206 1698 1384 1726 vestrarum
1419 1694 1502 1726 serie
1537 1693 1719 1725 curabimus
1752 1692 1965 1724 amicabiliter
1982 1702 2006 1722 n

313 1746 508 1788 respondere
537 1749 570 1778 et
593 1747 706 1777 vestris
734 1757 863 1788 semper
885 1746 1097 1788 beneplacitis
1125 1746 1298 1786 adherere,
1327 1746 1408 1777 sicut
1437 1745 1526 1777 cordi
1548 1745 1640 1779 nobis
1665 1747 1727 1786 est,
1757 1744 1789 1775 in
1817 1743 1965 1775 omnibus

313 1798 519 1840 possibilibus
541 1797 632 1829 vobis
655 1798 763 1839 gratis.
802 1797 887 1829 Sane
910 1797 1082 1838 sororibus,
1107 1797 1258 1829 fratribus
1281 1800 1314 1829 et
1336 1796 1458 1829 familia
1481 1799 1578 1838 atque
1601 1796 1673 1827 loco
1697 1795 1785 1827 beati
1807 1795 1963 1827 Zacharie

314 1851 346 1881 in
368 1850 478 1882 Monte
503 1849 615 1890 Silice,
638 1851 669 1881 in
694 1852 847 1892 quantum
871 1860 943 1881 cum
966 1849 1087 1881 honore
1110 1849 1180 1881 fieri
1203 1850 1336 1890 poterit,
1366 1847 1590 1880 mandabimus
1613 1847 1753 1889 gratiose
1777 1847 1878 1879 faveri
1901 1846 1963 1878 Dei

314 1904 348 1933 et
370 1901 458 1933 beati
481 1902 635 1933 Zacharie
658 1902 844 1932 venerantia
867 1911 904 1932 ac
927 1901 1041 1932 vestris
1063 1900 1213 1942 precibus
1236 1903 1269 1931 et
1291 1911 1411 1931 amore.

422 1957 541 1988 Datum
557 1958 697 1997 Verone,
721 1957 772 1988 die
795 1956 938 1988 XVIIII.
955 1957 1037 1988 Iulii.
1981 1965 2006 1983 κο

434 2165 508 2201 552.
543 2164 810 2202 SCRIPTUM
831 2162 1256 2201 ARCHIEPISCOPI
1280 2163 1655 2201 COLONIENSIS
1683 2163 1850 2201 SUPER

894 2219 1166 2257 TELONEIS
1196 2219 1388 2256 RHENI.

1007 2289 1115 2324 1319.
1155 2288 1222 2324 Iul.
1242 2288 1277 2324 4.

431 2387 590 2427 Oriqinale
611 2386 683 2429 (or.)
708 2388 742 2418 in
765 2386 922 2418 tabulario
938 2388 1077 2419 civitatis
1096 2387 1296 2420 Coloniensis.
1338 2387 1535 2420 Contulimus
1557 2397 1622 2419 nos.
1662 2388 1803 2420 Pendent
1825 2390 1964 2430 quinque

320 2437 425 2478 siyilla
444 2437 518 2477 plus
538 2438 679 2469 minusve
701 2438 786 2469 laesa
808 2438 884 2470 loris
905 2439 1155 2470 membranaceis.
1179 2458 1221 2462 —
1244 2439 1305 2471 Ed.
1322 2438 1498 2471 Lacomblet
1514 2438 1798 2472 ‘Urlcundenbuch’
1815 2441 1883 2479 ΙΙΙ,
1900 2441 1964 2472 142
1981 2452 2006 2472 ιο

320 2499 370 2521 nr.
389 2489 450 2520 174
473 2500 511 2520 ex
533 2499 616 2528 cop.;
639 2489 778 2529 ‘Quellen
799 2500 858 2521 eur
883 2489 992 2521 Gesch.
1015 2490 1071 2522 der
1094 2490 1188 2522 Stadt
1210 2490 1311 2522 Keiln’
1333 2491 1394 2529 IV,
1419 2492 1459 2521 61
1481 2500 1531 2523 nr.
1549 2491 1591 2521 72
1613 2502 1651 2522 ex
1673 2502 1718 2523 or.

429 2566 497 2597 Nos
519 2566 678 2597 Henricus
701 2566 763 2598 Dei
786 2568 890 2608 gratia
917 2570 1024 2599 sancte
1049 2567 1246 2599 Coloniensis
1277 2568 1411 2600 ecclesie
1440 2568 1698 2610 archiepiscopus
1727 2570 1809 2602 sacri
1836 2571 1963 2612 imperii

322 2627 381 2659 per
413 2617 555 2648 Ytaliam
589 2618 886 2649 archicancellarius
919 2622 1029 2650 notum
1063 2619 1196 2651 facimus
1234 2621 1388 2652 universis
1419 2624 1584 2662 presentes
1624 2620 1749 2653 litteras
1782 2622 1897 2654 visuris
1930 2626 1964 2654 et

323 2669 488 2709 audituris,
512 2669 598 2710 quod
621 2668 748 2710 quando
764 2679 862 2700 naves
886 2680 956 2701 cum
973 2671 1053 2701 vinis
1071 2674 1103 2702 et
1118 2671 1276 2703 frumento
1300 2683 1357 2703 seu
1372 2672 1443 2703 aliis
1459 2671 1556 2703 rebus
1572 2675 1604 2704 et
1621 2672 1722 2715 bonis,
1746 2672 1962 2717 quocunq[ue]

323 2720 450 2751 nomine
475 2723 679 2761 censeantur,
707 2720 747 2751 de
771 2720 975 2753 Confluencia
998 2723 1202 2763 pervenerint
1226 2734 1324 2765 usque
1347 2724 1551 2765 Reymagen,
1582 2735 1639 2755 nos
1662 2725 1748 2766 ipsas
1770 2736 1868 2758 naves
1891 2736 1963 2757 cum
1981 2738 2007 2757 ιο

323 2772 467 2812 personis
489 2772 521 2802 in
544 2772 589 2802 eis
614 2772 824 2803 existentibus
847 2776 880 2804 et
902 2773 992 2804 bonis
1016 2774 1046 2804 in
1070 2777 1210 2806 nostram
1234 2775 1424 2817 recipiemus
1447 2776 1680 2818 protectionem
1705 2779 1737 2808 et
1760 2777 1961 2810 conductum.

428 2849 452 2881 1)
474 2848 513 2880 cf.
532 2847 669 2881 (Predem)
688 2848 703 2875 ι.
717 2856 738 2876 c.
759 2849 781 2881 Ι,
801 2852 852 2875 205
872 2858 912 2877 nr.
927 2854 980 2877 169.
