2184 3126
491 163 588 192 ACTA
606 163 720 192 REGNI
738 163 923 192 LUDEWICI
942 164 989 192 1v.
1009 164 1055 192 ET
1075 165 1261 194 FBIDERICI
1279 166 1329 194 111.
1366 166 1441 195 1823.
1478 167 1526 195 Nr.
1538 168 1598 196 824.
1812 173 1875 203 645

219 250 344 292 recipit,
368 250 466 283 feuda
483 250 609 283 confert
631 253 665 283 et
687 250 728 283 de
744 245 846 290 bonis,
870 250 1045 284 honoribus
1069 255 1103 284 et
1125 251 1336 295 dignitatibus
1358 256 1393 285 et
1415 253 1529 285 officiis
1553 255 1643 296 regni
1666 254 1758 286 iuxta
1774 254 1874 287 bene-

219 302 373 344 placitum
397 301 524 334 ordinat
547 304 580 334 et
601 301 752 344 disponit.

330 355 378 385 14.
414 352 523 390 Quare
547 363 619 385 cum
642 354 768 386 notorie
792 357 933 395 constet,
964 364 1023 387 nos
1049 365 1070 387 a
1092 354 1188 397 longe
1214 356 1329 388 maiori
1352 366 1486 389 numero
1509 357 1700 397 electorum,
1729 357 1771 389 ad
1794 367 1875 399 quos

220 405 270 436 ius
293 404 435 447 eligendi
464 414 576 447 regem
603 406 757 447 pertinet,
787 405 848 438 rite
878 416 949 438 esse
978 406 1101 439 electos
1131 411 1164 439 et
1195 407 1391 449 dyademate
1418 408 1509 450 regio
1536 412 1707 441 coronatos
1736 409 1768 440 in
1796 409 1875 441 locis

187 468 200 487 ι
220 455 338 488 debitis
360 460 394 489 et
417 457 586 498 consuetis,
610 458 644 489 et
666 456 728 489 hoc
744 458 814 499 ipso
838 467 955 490 nomen
979 461 1013 490 et
1034 458 1162 491 titulum
1181 459 1377 501 prelibatum
1400 463 1433 492 et
1455 460 1505 492 ius
1527 460 1782 492 amministrandi
1805 461 1875 492 iura

218 509 310 550 regni
333 511 367 540 et
389 505 476 551 [de]'¹
499 508 599 550 ipsius
621 508 727 550 rebus,
751 508 939 550 honoribus,
963 509 1172 552 dignitatibus
1195 514 1228 543 et
1250 511 1365 543 officiis
1388 511 1580 554 disponendi
1602 512 1762 554 legittime
1785 522 1874 544 asse·

218 559 309 600 cuti¹,
332 558 529 592 manifeste·²²
551 562 651 602 patet,
675 559 762 602 quod
785 561 817 592 in
840 561 988 593 iniuriam
1010 565 1153 594 nostram
1177 566 1210 594 et
1231 573 1407 605 gravamen
1431 563 1519 604 dicit,
1542 574 1601 595 nos
1623 563 1734 597 illicite
1757 574 1874 596 nomen

218 612 252 642 et
274 610 403 642 titulum
425 620 598 652 usurpasse
622 614 656 643 et
678 611 720 643 ad
743 612 1070 646 amministracionem
1097 616 1131 646 et
1157 613 1406 656 disposicionem
1434 614 1577 657 prefatas
1599 615 1744 648 indebite
1766 616 1874 658 inges-

217 661 311 701 sisse,
339 672 411 694 cum
438 662 550 704 pocius
573 662 846 704 quemadmodum
874 663 929 695 alii
953 663 1201 706 Rom(anorum)
1226 675 1321 706 reges
1349 665 1598 707 predecessores
1625 667 1725 699 nostri
1754 667 1787 699 in
1814 667 1874 699 hac

174 724 198 745 ιο
217 715 310 754 parte
339 713 389 744 usi
419 715 505 752 sunt,
538 716 571 745 et
598 723 657 745 nos
684 716 812 746 utamur
840 715 926 747 licite
954 715 1023 747 iure
1051 719 1170 748 nostro.
1220 716 1302 748 Cum
1332 717 1436 749 eciam
1471 718 1599 750 circiter
1626 717 1740 751 decem
1774 729 1875 750 annos

215 773 333 796 nomen
357 766 391 796 et
413 763 552 805 titulum,
575 765 903 799 amministracionem
926 769 961 799 et
982 766 1231 809 disposicionem
1254 767 1436 800 huiusmodi
1461 769 1492 800 in
1516 769 1650 811 pacifica
1673 771 1874 812 possessione

215 815 365 848 continue
393 816 615 858 scripserimus
644 820 677 849 et
704 818 898 859 gesserimus
925 818 1048 861 absque
1071 819 1306 861 reprobacione
1330 820 1498 853 electionis
1529 826 1561 853 ct
1588 832 1726 863 persone
1754 826 1874 862 nostre,

215 867 242 898 si
270 869 380 900 tamen
407 870 559 910 poterant
588 869 772 910 reprobari,
806 873 840 901 et
867 870 947 902 citra
969 870 1211 912 impeticionem
1235 875 1268 904 et
1291 872 1591 912 contradictionem,
1624 873 1650 904 si
1678 874 1768 905 cuius
1791 873 1874 905 forte

215 920 366 960 poterant
388 918 555 958 interesse,
578 919 661 951 sicut
683 922 732 951 est
754 921 880 952 notorie
897 920 1114 963 manifestum,
1137 922 1232 954 nimis
1255 926 1304 954 est
1326 923 1512 955 iniuriosum
1537 928 1570 955 et
1592 924 1653 956 iuri
1669 924 1874 965 contrarium,

173 979 197 1001 is
217 969 304 1012 quod
326 980 410 1002 nunc
432 971 571 1012 primum
595 971 664 1013 ipse
689 970 837 1003 dominus
860 972 1057 1014 apostolicus
1083 972 1157 1016 lege
1184 974 1404 1016 inperspecta,
1433 979 1526 1017 parte
1551 975 1709 1016 inaudita,
1736 976 1873 1017 negocio

215 1021 392 1054 indiscusso
418 1025 452 1054 et
474 1023 550 1054 iuris
574 1022 686 1055 ordine
702 1024 911 1065 pretermisso
934 1026 1046 1056 contra
1068 1035 1126 1057 nos
1141 1026 1285 1067 graviter
1300 1026 1461 1058 invehitur
1476 1030 1509 1058 et
1525 1026 1681 1069 procedit,
1703 1026 1874 1059 intendens

215 1073 282 1104 acsi
299 1072 426 1106 abiecto
442 1075 572 1106 nomine
597 1077 630 1106 et
653 1075 746 1106 titulo
770 1078 804 1107 et
826 1074 975 1119 deposita
990 1077 1284 1109 amministracione
1300 1078 1458 1119 premissa
1476 1088 1535 1110 nos
1557 1079 1644 1120 ipsos
1659 1079 1750 1120 quasi
1766 1079 1873 1121 capite

215 1125 412 1166 minuamus,
442 1125 519 1158 licet
550 1135 628 1168 sepe
656 1126 761 1158 missis
788 1126 831 1158 ad
859 1137 934 1159 eum
961 1137 1020 1169 per
1042 1138 1100 1160 nos
1122 1129 1246 1161 nunciis
1269 1132 1303 1161 et
1325 1130 1488 1172 rescriptis
1510 1130 1575 1162 suis
1597 1129 1714 1162 litteris
1736 1140 1795 1172 per
1817 1140 1873 1162 eas

215 1176 267 1208 vel
290 1177 322 1208 in
346 1176 409 1208 illis
432 1187 596 1219 nunquam
621 1177 777 1210 fuerimus
799 1178 999 1220 reprehensi.

171 1237 198 1257 ιο
327 1230 374 1260 15.
411 1227 455 1260 Et
477 1229 553 1271 quia
583 1238 626 1261 ex
652 1229 817 1271 premissis
844 1240 903 1272 per
930 1230 1130 1263 evidenciam
1162 1235 1196 1264 et
1218 1231 1370 1264 effectum
1400 1233 1507 1275 operis
1538 1236 1644 1275 patet,
1676 1232 1763 1275 quod
1791 1234 1872 1265 sacri

215 1280 306 1322 regni
329 1280 474 1322 regimen
490 1280 718 1323 gubernamus,
740 1291 870 1324 prorsus
885 1292 905 1314 a
920 1282 1056 1315 veritate
1073 1282 1245 1325 discrepat,
1269 1283 1355 1326 quod
1378 1283 1456 1316 dicit
1470 1285 1640 1326 imperium
1657 1294 1741 1316 nunc
1755 1294 1872 1317 vacare

215 1335 248 1363 et
273 1331 418 1364 eiusdem
441 1331 503 1363 sibi
518 1332 664 1374 regimen
679 1333 851 1374 pertinere.
897 1333 947 1365 Ex
964 1344 1027 1376 quo
1044 1334 1130 1366 enim
1145 1344 1205 1366 rex
1227 1345 1336 1367 sumus
1351 1339 1386 1368 et
1406 1336 1477 1368 iura
1492 1337 1583 1378 regni
1601 1336 1873 1368 amministramus

214 1386 249 1415 ut
272 1393 331 1415 rex
354 1386 388 1415 et
409 1383 441 1415 in
464 1384 667 1425 possessione
690 1384 826 1427 regendi
848 1395 982 1428 regnum
1005 1385 1188 1418 Romanum
1215 1397 1325 1418 sumus
1347 1390 1381 1419 et
1403 1386 1521 1419 fuimus
1543 1387 1653 1419 multis
1675 1388 1780 1429 annis,
1809 1398 1872 1419 non

214 1435 334 1476 poterit
366 1434 430 1466 dici
464 1445 596 1476 vacare,
635 1435 721 1478 quod
755 1435 855 1468 habet
887 1447 999 1479 regem
1036 1440 1204 1480 regentem
1238 1442 1272 1470 et
1304 1438 1439 1481 regendi
1465 1449 1601 1481 regnum
1635 1443 1668 1471 et
1701 1440 1872 1481 imperium

170 1493 196 1514 ἰ
215 1488 426 1528 postestatem
449 1486 636 1529 habentem,
660 1488 737 1519 solis
759 1487 928 1520 dumtaxat
950 1488 1058 1520 infulis
1080 1489 1302 1532 imperialibus
1325 1489 1555 1523 coronandum.

326 1539 373 1571 16.
407 1537 478 1570 Nec
501 1538 708 1571 concedimus
731 1539 776 1572 ita
798 1540 996 1582 simpliciter,
1020 1543 1056 1572 ut
1078 1541 1280 1582 proponitur,
1307 1541 1350 1573 ad
1377 1541 1490 1574 sedem
1513 1542 1724 1584 apostolicam
1747 1543 1871 1575 exami—

211 1589 396 1630 nacionem‚
425 1589 654 1622 admissionem
683 1594 715 1623 et
742 1591 1015 1634 approbacionem
1044 1592 1210 1624 electionis
1239 1595 1273 1625 et
1299 1603 1436 1635 persone
1468 1597 1576 1626 nostre
1599 1594 1817 1636 repulsionem
1840 1598 1874 1626 et

213 1640 480 1683 reprobacionem
503 1641 680 1683 pertinere,
710 1642 792 1675 sicut
814 1643 937 1676 asserit.
984 1642 1041 1676 Set
1063 1644 1090 1675 si
1113 1643 1201 1686 quod
1224 1654 1286 1676 non
1310 1644 1471 1676 credimus
1493 1645 1685 1687 pertineret,
1713 1645 1775 1678 hoc
1798 1649 1873 1678 tunc

213 1691 344 1724 demum
368 1692 427 1724 sibi
451 1692 557 1725 locum
580 1693 753 1726 vendicare
776 1694 860 1727 forte
883 1698 1003 1737 posset,
1031 1696 1057 1727 si
1081 1706 1139 1738 per
1162 1696 1329 1738 querelam
1351 1696 1403 1728 vel
1426 1707 1485 1738 per
1508 1697 1592 1729 viam
1614 1697 1873 1739 supplicacionis,

168 1751 195 1771 οο
213 1743 447 1786 appellacionis
470 1744 521 1777 vel
544 1746 786 1787 provocacionis
812 1745 864 1778 vel
887 1746 951 1778 alio
974 1746 1071 1779 modo
1094 1746 1136 1779 ad
1162 1747 1266 1789 ipsam
1289 1747 1400 1780 sedem
1424 1747 1536 1780 fuisset
1559 1748 1744 1781 devolutum
1767 1749 1872 1791 ipsum

211 1796 383 1837 negocium
406 1796 458 1828 vel
482 1795 668 1838 deductum,
692 1807 755 1839 que
779 1797 884 1829 locum
900 1808 964 1830 non
981 1799 1126 1840 optinent
1147 1799 1179 1830 in
1202 1800 1354 1840 presenti,
1378 1800 1429 1832 vel
1452 1801 1479 1831 si
1502 1799 1585 1832 forte
1608 1801 1718 1842 petitis
1741 1811 1800 1843 per
1814 1811 1872 1832 nos

211 1847 320 1879 infulis
336 1847 557 1890 imperialibus
579 1848 631 1880 vel
647 1848 913 1882 denominacione
932 1853 1040 1882 nostra
1063 1861 1106 1882 ex
1128 1851 1233 1882 causis
1256 1851 1409 1893 legitimis
1432 1851 1501 1883 iure
1523 1852 1660 1893 script-is,
1684 1862 1765 1894 quas
1788 1853 1873 1884 circa

211 1909 270 1931 nos
292 1898 399 1931 locum
422 1909 487 1931 non
503 1899 663 1931 credimus
678 1900 840 1942 habuisse,
864 1911 1035 1943 personam
1055 1906 1198 1934 nostram
1214 1903 1401 1945 contigisset
1417 1903 1569 1945 exigente
1585 1903 1711 1935 iusticia
1727 1904 1870 1936 refutari.

210 1950 445 1983 Denominacio
469 1951 588 1993 quippe
612 1961 750 1993 persone
773 1953 823 1984 vel
848 1952 1015 1985 electionis
1038 1953 1190 1985 admissio
1213 1953 1324 1985 habite
1347 1953 1582 1996 subsequenter
1604 1954 1696 1987 nobis
1723 1966 1786 1987 non
1813 1956 1871 1996 ius,

167 2007 193 2028 8⁵
211 2012 329 2034 nomen
352 2002 404 2034 vel
427 2001 556 2034 titulum
579 2002 780 2045 tribuissent,
810 2013 874 2046 que
897 2004 962 2036 iam
986 2014 1027 2036 ex
1050 2005 1119 2046 ipsa
1143 2004 1301 2037 electione
1329 2005 1432 2036 sortiti
1459 2015 1582 2046 sumus,
1613 2009 1663 2038 set
1693 2016 1732 2038 ea
1762 2006 1873 2048 pocius

211 2053 421 2094 detexissent,
444 2053 679 2096 approbassent
702 2058 735 2087 et
757 2055 859 2087 lacius
875 2055 1165 2088 commendassent.
1203 2055 1275 2088 Hec
1291 2057 1411 2088 veritas
1434 2057 1563 2089 racione
1579 2058 1716 2098 iuvatur,
1740 2059 1871 2090 canoni-

211 2105 270 2138 bus
300 2108 334 2138 et
363 2105 490 2148 legibus
515 2105 646 2138 fulcitur
673 2109 707 2138 et
733 2117 929 2139 summorum
959 2107 1126 2150 utriusque
1153 2108 1230 2140 iuris
1258 2107 1426 2140 doctorum
1455 2109 1627 2141 sentenciis
1655 2109 1872 2152 conprobatur

211 2159 244 2189 et
271 2167 331 2189 usu
359 2160 392 2189 et
414 2157 648 2189 consuetudine
671 2157 848 2200 longissimi
872 2159 1027 2201 temporis
1050 2158 1241 2191 declaratur.

322 2210 370 2239 17.
407 2207 503 2245 Quod
518 2219 595 2241 vero
618 2209 777 2250 adiunxit,
801 2220 859 2242 nos
880 2209 1033 2242 Galeazio
1057 2210 1098 2243 de
1114 2210 1369 2243 vicecomitibus
1393 2215 1426 2243 et
1449 2212 1518 2243 eius
1533 2211 1685 2244 fratribus
1708 2211 1750 2244 de
1766 2212 1872 2245 heresi

167 2265 194 2286 ⁴0
211 2258 455 2301 condempnatis
479 2262 513 2292 et
534 2260 695 2292 nonnullis
717 2261 788 2293 aliis
811 2262 948 2294 ecclesie
972 2261 1119 2294 Romane
1143 2259 1330 2304 rebellibus,
1353 2273 1434 2305 quos
1456 2268 1566 2295 tamen
1588 2274 1651 2295 non
1675 2263 1872 2305 denominat,

210 2309 432 2343 defensionem
462 2311 662 2353 exhibuisse,
694 2315 729 2344 ut
761 2314 890 2354 asserit,
922 2316 955 2345 et
982 2313 1142 2355 favorem,
1173 2314 1302 2356 penitus
1327 2314 1426 2346 nichil
1455 2315 1582 2347 scimus.
1627 2314 1712 2348 Nam
1740 2316 1767 2347 si
1794 2315 1871 2348 dicti

210 2360 373 2394 Galiazius
396 2365 430 2395 et
452 2362 569 2395 fratres
591 2364 640 2396 sui
663 2367 737 2397 sunt
761 2364 801 2397 de
824 2364 931 2397 heresi
955 2365 1197 2408 condempnati,
1227 2365 1318 2398 nobis
1345 2376 1409 2397 non
1436 2366 1573 2399 innotuit
1598 2377 1658 2399 nec
1681 2377 1740 2409 per
1766 2368 1871 2409 ipsum

210 2423 371 2446 summum
386 2414 572 2456 pontificem
588 2414 641 2447 vel
656 2415 765 2457 alium,
783 2417 837 2458 qui
853 2416 955 2450 voluit
966 2420 1023 2449 aut
1038 2418 1152 2459 potuit,
1169 2417 1261 2449 nobis
1276 2418 1494 2450 insinuacione
1507 2418 1619 2450 debita
1634 2421 1684 2451 est
1695 2418 1869 2451 detectum.

210 2464 322 2506 Ipsum
345 2474 424 2508 ergo
448 2468 614 2508 tamquam
637 2468 670 2499 in
693 2466 779 2499 facto
803 2468 981 2500 consistens
1009 2472 1042 2500 et
1070 2469 1101 2500 in
1124 2469 1257 2500 remotis
1285 2472 1392 2501 actum
1422 2469 1663 2502 racionabiliter
1684 2474 1871 2512 poteramus

165 2522 192 2541 ⁴³
210 2516 370 2558 ignorare.
407 2516 514 2549 Immo
531 2528 627 2560 quem
643 2519 788 2551 favorem
804 2522 860 2551 aut
876 2519 1096 2552 defensionem
1121 2520 1168 2552 eis
1190 2520 1241 2552 vel
1262 2520 1344 2562 aliis,
1367 2531 1449 2563 quos
1463 2522 1624 2554 nescimus
1646 2525 1680 2554 et
1703 2532 1785 2564 quos
1807 2532 1871 2554 non

211 2566 407 2608 denominat,
420 2567 662 2602 exhibuerimus
677 2573 711 2602 et
723 2571 887 2612 quomodo
903 2571 966 2603 sint
977 2571 1029 2603 vel
1042 2571 1161 2604 fuerint
1176 2571 1316 2604 rebelles
1329 2573 1476 2614 ecclesie,
1489 2583 1553 2606 non
1565 2573 1711 2606 videmus
1722 2577 1868 2616 apperte.

209 2618 438 2651 Connicimus¹¹
461 2624 495 2652 et
516 2630 577 2662 per
598 2621 750 2654 effectum
774 2623 881 2664 operis
903 2624 1158 2665 congnoscimus,
1181 2623 1352 2656 nonnullos
1374 2623 1512 2657 rebelles
1528 2625 1665 2658 ecclesie
1681 2626 1869 2662 nominari0,

208 2670 264 2712 qui
287 2680 347 2712 per
369 2670 468 2703 fidem
491 2671 676 2705 devocionis
699 2683 756 2706 sue
779 2674 987 2707 molientibus
1009 2677 1121 2707 contra
1143 2678 1263 2708 statum
1287 2679 1320 2708 et
1342 2676 1411 2708 iura
1434 2677 1560 2719 imperii
1583 2678 1773 2710 renituntur.

312 2745 379 2774 824.
406 2746 433 2780 ¹¹)
451 2748 545 2775 acidi:
562 2758 600 2776 or.
683 2749 703 2784 ¹)
721 2751 757 2777 nic
775 2759 813 2777 or.
895 2753 928 2784 ¹²²)
946 2752 1021 2778 {feste
1038 2753 1066 2778 in
1085 2753 1141 2778 Ioco
1159 2761 1221 2779 raso
1240 2761 1279 2779 or.
1360 2752 1387 2787 ¹²)
1405 2762 1463 2780 cum
1480 2755 1553 2789 siquo
1566 2756 1763 2782 abbrerviaeiom's
1781 2764 1813 2781 ur
1830 2765 1869 2781 or.

163 2795 191 2815 ⁴5
210 2789 235 2823 ⁰)
254 2791 383 2817 nominari
401 2792 508 2819 ecclesie
525 2801 583 2818 cum
601 2793 672 2827 eiquo
690 2794 878 2827 trmuponendi
895 2803 934 2821 cr.
