2184 3126
137 771 160 791 1⁰

138 1034 162 1053 n»

136 1291 162 1310 80

139 1547 164 1567 'b

144 2576 168 2595 ⁴⁵

145 2838 170 2857 Μ)

451 211 547 240 ACTA
565 209 679 239 REGNI
698 208 881 237 LUDEWICI
901 207 948 236 IV.
966 206 1012 235 ET
1032 204 1217 234 Falnssfflcl
1237 204 1286 232 111.
1322 205 1398 232 1324.
1435 204 1482 232 Nr.
1495 205 1555 233 944.
1765 208 1828 240 785

175 300 324 341 salutem,
347 302 461 342 proutv
484 298 606 330 iustitia
629 297 740 339 exigit,
763 299 931 338 amputare
954 294 1110 333 volentes,
1132 291 1174 324 de
1198 291 1332 324 fratrum
1356 292 1526 334 ipsorum*
1549 293 1682 325 consilio
1705 304 1829 326 memo-

176 355 280 383 ratum
315 351 470 391 electum,
500 350 554 392 qui
586 351 718 392 propter
747 357 899 380 excessus
932 346 1109 385 notorios',
1139 347 1343 386 contemptus
1370 354 1499 387 quoque
1532 355 1571 376 ac
1605 345 1831 387 superadditas

176 402 352 435 obstinatas
397 401 614 435 contumacias
652 399 852 442 supradictas
887 401 952 431 tam
990 398 1021 429 in
1060 407 1124 428 non
1165 395 1382 438 comparando
1421 395 1481 428 sibi
1521 397 1654 439 prefixis
1687 399 1831 431 terminis

179 464 275 496 quam
309 454 341 485 in
358 455 359 458 ’
375 463 438 486 non
472 451 614 495 parendo
649 451 764 483 nostris
797 449 990 483 salutaribus
1024 448 1184 491 preceptis
1219 451 1252 479 et
1288 448 1418 479 monitis
1451 448 1644 491 supradictis
1678 451 1831 493 predictis

176 515 276 548 regno
305 508 339 537 et
370 504 504 546 imperio
537 502 679 536 reddidit
708 501 928 544 multipliciter
950 511 984 532 se
1014 499 1180 542 indignum
1209 499 1327 541 quique
1357 503 1489 542 propter
1510 511 1601 533 suam
1625 506 1830 544 protervam¹

176 556 390 589 ambicionem
406 559 440 588 et
454 555 627 598 superbam
644 554 838 597 proterviam
854 563 874 586 a
889 552 972 593 Deo,
988 562 1029 584 ne
1045 551 1177 594 regnet¹
1195 551 1245 583 vel
1262 552 1410 593 imperet,
1427 555 1476 584 est
1491 552 1648 594 abiectus,
1726 556 1829 597 ipsum

177 608 377 641 Ludovicum
400 607 515 639 ducem
531 607 669 639 Bavarie
693 606 779 638 omni
802 606 882 646 iure,
905 605 931 636 si
955 603 1041 647 quod
1064 602 1124 635 sibi
1147 613 1188 635 ex
1212 602 1372 635 electione
1395 614 1453 636 sua
1475 604 1621 647 predicta
1644 611 1831 649 competere

178 670 235 692 seu
258 659 463 701 competiisse
486 661 624 700 poterat,
648 667 667 689 a
690 657 829 689 Domino
853 656 1011 698 privatum
1035 654 1260 687 denuntiamus
1289 659 1321 686 et
1349 655 1548 688 ostendimus
1576 668 1698 700 nosque
1727 659 1831 700 ipsum

178 711 247 743 iure
270 710 396 753 prefato
420 709 644 742 sententiando
668 710 827 751 privatum
858 707 1060 740 declaramus
1086 709 1120 738 et
1146 707 1308 748 privamus
1337 706 1561 740 nichilominus
1588 709 1630 741 ad
1659 710 1832 752 cautelam,

179 762 220 796 de
243 762 442 804 benignitate
465 761 552 793 aedis
575 761 752 802 apostolice
775 764 809 792 et
831 758 1020 792 eorumdem
1044 757 1177 790 fratrum
1201 758 1333 790 consilio
1357 759 1607 800 supersedentes
1634 761 1675 793 ad
1699 772 1832 804 presens

178 825 197 846 a
220 814 312 856 penis
333 813 419 854 aliis,
448 812 563 855 quibus
586 822 737 844 excessus
760 811 896 854 predicti
919 811 1023 853 ipsum
1047 809 1258 842 reddiderunt
1279 809 1469 851 obnoxium,
1493 822 1566 843 cum
1590 812 1632 844 ad
1655 813 1727 845 illas
1750 814 1832 846 infli-

177 865 301 908 gendas
323 864 375 897 vel
403 864 614 896 declarandas
638 864 774 896 inflictas
805 872 973 905 possemus
1000 861 1177 904 procedere
1204 861 1294 893 iuxta
1322 866 1468 894 tenorem
1496 867 1676 896 nostrorum
1704 865 1832 907 predic-

179 921 285 950 torum
320 926 529 959 processuum
565 916 686 948 iustitia
720 914 898 954 mediante,
937 916 1138 946 reservantes
1172 912 1263 945 nobis
1298 912 1495 955 procedendi
1535 914 1577 947 ad
1613 927 1714 958 penas
1747 918 1834 959 ipsas

179 968 370 1011 infligendas
393 978 451 1000 seu
474 967 609 1000 inflictas
625 966 836 999 declarandas
859 965 1051 998 coniunctim
1067 964 1118 996 vel
1142 964 1279 1005 divisim,
1303 969 1398 1006 prout
1421 967 1548 1008 negocii
1568 967 1707 1009 qualitas
1722 970 1834 1012 exiget

181 1020 390 1062 eiusdemque
407 1019 563 1051 Ludovici
588 1018 774 1051 obedientia
789 1017 841 1050 vel
864 1016 1083 1049 inobedientia
1106 1015 1256 1048 suadebit
1278 1019 1312 1048 et
1334 1017 1489 1059 expedire
1513 1018 1697 1060 viderimus,
1722 1021 1833 1062 plena-

180 1073 260 1104 riam
284 1074 490 1114 potestatem.

293 1124 341 1154 12.
365 1122 487 1155 Rursus
510 1123 693 1154 universos&
717 1121 948 1164 patriarchasr,
971 1119 1231 1162 archiepiscopos
1254 1123 1288 1152 et
1310 1121 1480 1163 episcopos
1507 1122 1652 1165 aliasque
1681 1133 1835 1165 personas

183 1175 418 1207 ecclesiasticas
441 1178 474 1206 et
497 1184 608 1206 eorum
631 1173 783 1215 singulos,
808 1172 863 1215 qui
885 1175 996 1204 contra
1019 1170 1253 1212 inhibitionem,
1276 1172 1485 1204 monitionem
1509 1178 1542 1206 et
1558 1174 1711 1207 mandata
1726 1180 1835 1208 nostra

167 1226 328 1269 predicta
351 1225 515 1258 Ludovico
545 1225 671 1267 prefato
702 1228 854 1267 tanquam
883 1224 952 1266 regi
979 1234 1036 1255 seu
1065 1223 1097 1254 in
1124 1232 1234 1265 regem
1258 1222 1478 1256 Romanorum
1506 1225 1611 1258 electo
1640 1226 1671 1258 in
1703 1227 1834 1269 quibus-

181 1288 306 1320 cunque
328 1277 419 1320 regni
441 1286 499 1309 seu
522 1276 647 1318 imperii
670 1276 814 1318 regimen
836 1285 894 1308 seu
915 1274 1225 1307 administrationem
1241 1275 1448 1316 tangentibus
1470 1282 1645 1318 paruerunt
1659 1278 1711 1310 vel
1734 1278 1834 1311 adhe-

181 1333 291 1362 serunt
313 1327 556 1371 quomodolibet
578 1331 635 1360 aut
656 1338 715 1370 per
737 1337 772 1359 se
795 1327 847 1360 vel
874 1331 948 1369 per¹
971 1326 1070 1358 alium
1097 1336 1153 1358 seu
1176 1325 1258 1358 alios
1281 1325 1403 1359 directe
1432 1328 1483 1359 vel
1506 1328 1678 1370 indirecte,
1707 1330 1835 1372 publice

182 1381 233 1414 vel
259 1380 397 1422 occulte,
422 1390 518 1422 super
541 1378 693 1422 predictis
715 1378 923 1420 prestiterunt
946 1377 1053 1410 eidem
1075 1377 1247 1418 auxilium,
1271 1378 1438 1411 consilium
1466 1380 1517 1411 vel
1541 1379 1701 1421 favorem,
1724 1386 1836 1414 aucto-

182 1433 278 1465 ritate
300 1431 448 1475 predicta
475 1431 516 1464 de
539 1432 681 1473 ipsorum
705 1430 836 1463 fratrum
861 1429 994 1462 consilio
1018 1429 1219 1461 declaramus
1242 1439 1342 1471 penas
1364 1431 1581 1472 suspensionis
1602 1432 1644 1464 ab
1673 1432 1780 1465 officio
1803 1437 1838 1466 et

182 1484 359 1516 beneficio·
389 1494 427 1515 ac
459 1481 800 1515 excommunicationis
830 1481 1007 1513 sententias
1035 1482 1146 1512 contra
1177 1480 1259 1512 tales
1286 1482 1508 1524 promulgatas
1537 1483 1569 1515 in
1598 1483 1692 1516 dictis
1720 1485 1836 1517 nostris

184 1535 385 1578 processibus
407 1534 586 1567 incurrisse.
632 1533 788 1566 Civitates
810 1535 930 1573 autem,
954 1533 1213 1573 communitates,
1236 1532 1461 1565 universitates
1484 1534 1537 1566 et'³
1560 1535 1738 1577 singulares
1761 1546 1835 1579 per-

183 1598 278 1620 sonas
305 1587 444 1624 illarum,
475 1596 537 1628 que
560 1586 591 1617 in
619 1584 772 1627 predictis
798 1584 850 1616 vel
874 1585 959 1616 circa
981 1594 1021 1615 ea
1043 1583 1176 1615 forsitan
1200 1582 1421 1626 deliquerunt,
1450 1589 1561 1618 contra
1587 1588 1780 1620 monitiones
1803 1592 1837 1621 et

182 1639 388 1672 inhibitiones
415 1641 540 1670 nostras
562 1636 724 1679 predictas
747 1636 832 1668 dicto
856 1635 1022 1668 Ludovico
1046 1639 1198 1677 tanquam
1222 1636 1291 1678 regi
1314 1647 1371 1668 seu
1395 1637 1426 1669 in
1450 1647 1562 1680 regem
1585 1638 1836 1681 Roman(orum)

184 1692 288 1723 electo
312 1689 465 1733 parendo,
489 1688 670 1721 obediendo
686 1688 737 1720 vel
761 1687 868 1720 eidem
891 1687 923 1719 in
947 1687 1109 1729 premissis
1132 1687 1306 1729 prestando
1330 1699 1389 1730 per
1410 1700 1445 1721 se
1470 1690 1538 1722 vel⁰
1553 1690 1651 1722 alium
1675 1702 1732 1723 seu
1755 1692 1837 1724 alios

183 1743 353 1783 auxilium,
377 1740 543 1773 consilium
567 1740 618 1772 vel
646 1739 791 1772 favorem
818 1738 947 1781 publice
970 1738 1022 1771 vel
1053 1738 1192 1779 occulte,
1223 1741 1416 1772 auctoritate
1447 1741 1592 1783 predicta
1620 1742 1661 1774 de
1694 1744 1836 1785 ipsorum

184 1794 319 1826 fratrum
342 1793 473 1825 consilio
498 1791 699 1824 declaramus
722 1791 883 1830 civitates,
906 1791 1154 1823 communitates
1177 1794 1210 1822 et
1231 1791 1457 1824 universitates
1479 1792 1642 1834 predictas
1665 1794 1836 1835 interdicti,

183 1845 361 1888 singulares
383 1854 460 1876 vero
484 1853 639 1886 personas
662 1842 1002 1875 excommunicationis
1024 1842 1191 1874 sententiis
1214 1842 1389 1875 subiacere.

295 1898 343 1929 13.
373 1895 416 1928 Et
438 1895 513 1937 quia
536 1896 562 1926 si
585 1894 738 1936 deinceps
761 1893 904 1936 prefatus
927 1893 1110 1926 Ludovicus
1139 1905 1173 1926 se
1202 1904 1314 1937 regem
1336 1894 1584 1937 Roman(orum)
1614 1907 1672 1929 seu
1696 1898 1836 1931 electum

183 1949 345 1981 intitulare
369 1950 571 1990 presumeret
594 1956 652 1979 seu
674 1945 943 1978 administrationi
966 1947 1055 1987 regni
1079 1945 1130 1977 vel
1155 1947 1280 1988 imperii
1304 1958 1339 1978 se
1362 1947 1510 1988 ingerere
1526 1951 1745 1991 attemptaret,
1769 1950 1838 1983 eius

184 2010 337 2033 excessus
359 2003 392 2031 et
415 1999 617 2031 contumacia
644 1998 810 2040 graviores
836 1998 1026 2038 existerent,
1055 2007 1152 2040 quam
1182 2001 1257 2030 ante
1285 1997 1444 2040 prefatam
1474 2003 1616 2032 nostram
1645 2003 1837 2034 sententiam

186 2052 378 2091 extitissent,
402 2050 520 2083 idcirco
544 2052 694 2091 presente
717 2049 778 2082 hac
804 2049 948 2082 fidelium
976 2049 1181 2081 multitudine
1209 2050 1341 2092 copiosa
1364 2050 1564 2083 Ludovicum
1593 2052 1755 2094 prefatum
1779 2064 1838 2095 per

183 2103 245 2136 hoc
275 2106 419 2135 nostrum
454 2101 595 2134 edictum
629 2101 792 2143 publicum
825 2111 1006 2142 monemus,
1044 2100 1150 2133 eidem
1180 2101 1405 2133 nichilominus
1434 2104 1627 2135 auctoritate
1659 2104 1838 2147 apostolica

185 2155 357 2188 districtius
391 2154 593 2196 iniungentes
623 2152 681 2185 sub
711 2153 801 2195 penis
829 2153 1168 2184 excommunicationis
1197 2153 1249 2184 etb
1272 2154 1459 2195 privationis
1486 2154 1670 2196 feudorum,
1704 2166 1768 2198 que
1794 2156 1836 2188 ab

185 2206 323 2238 ecclesia
343 2204 493 2238 Romana
516 2204 568 2237 vel
591 2205 661 2236 aliis
684 2215 741 2236 seu
762 2204 898 2246 imperio
922 2204 1061 2245 obtinet,
1095 2215 1218 2236 necnon
1246 2208 1280 2237 et
1308 2206 1548 2248 privilegiorum
1572 2218 1837 2250 quorumcunque

186 2267 205 2290 a
227 2256 305 2290 sede
328 2257 506 2299 apostolica
529 2256 580 2289 vel
603 2256 851 2297 Roman(orum)
874 2255 1123 2298 imperatoribus
1146 2256 1251 2289 eidem
1275 2257 1327 2289 vel
1350 2258 1416 2288 suis
1439 2258 1733 2300 predecessoribus,
1758 2271 1837 2302 qua·

186 2311 278 2341 tenus
312 2309 380 2341 eius
413 2307 584 2341 comodum
617 2311 801 2350 tangerent,
841 2307 1085 2350 quomodolibet
1117 2318 1356 2350 concessorum,
1396 2319 1436 2341 ne
1470 2309 1623 2352 deinceps
1657 2321 1693 2344 se
1725 2322 1838 2354 regem

186 2358 434 2402 Roman(orum)
457 2360 509 2392 vel
532 2359 671 2392 electum
694 2359 834 2392 intitulet
861 2370 921 2391 nec
948 2359 1215 2391 administrationi
1238 2361 1329 2402 regni
1352 2371 1410 2392 seu
1440 2361 1566 2403 imperii
1595 2372 1630 2394 se
1658 2363 1839 2396 immisceat

187 2421 245 2443 seu
267 2411 393 2453 ingerat
415 2421 545 2454 quoquo
568 2410 676 2451 modo,
699 2421 719 2442 a
742 2410 880 2443 fautoris
903 2421 1031 2453 quoque
1055 2410 1201 2452 predicta
1223 2411 1358 2444 desistat
1380 2412 1512 2445 realiter
1527 2423 1586 2445 nec
1601 2414 1688 2446 illam
1706 2415 1839 2447 ulterius

187 2465 366 2495 reassumat
388 2465 421 2494 et
444 2473 505 2505 que
523 2463 622 2504 gessit
638 2462 687 2494 vel
712 2461 790 2494 fecit
812 2461 871 2494 sub
894 2462 1003 2494 colore
1027 2461 1163 2504 predicti
1187 2462 1271 2495 tituli
1287 2463 1368 2505 regii
1385 2466 1507 2496 temere
1531 2466 1675 2507 usurpati
1699 2471 1839 2507 revocet,

187 2517 342 2556 quantum
358 2513 419 2546 erit
434 2513 494 2546 sibi
509 2513 672 2556 possibile,
695 2524 767 2545 cum
792 2513 832 2546 de
855 2515 923 2546 iure
939 2524 1003 2546 non
1019 2514 1181 2546 tenuerint
1197 2514 1284 2547 velut
1299 2518 1457 2557 attempta
1479 2515 1522 2548 ab
1546 2517 1612 2558 illo,
1636 2518 1687 2549 cui
1711 2517 1760 2549 ius
1776 2529 1839 2550 non

188 2565 355 2607 competiit
377 2564 526 2606 faciendi,
549 2575 612 2608 que
635 2568 669 2597 et
684 2575 742 2597 nos
757 2565 788 2597 in
812 2565 928 2597 nostris
944 2565 1147 2607 processibus
1169 2566 1241 2598 aliis
1256 2567 1486 2608 revocavimus,
1510 2571 1669 2610 quatenus
1692 2569 1733 2600 de
1753 2569 1839 2601 facto

187 2616 412 2659 processerint,
435 2617 504 2658 ipsa
527 2626 628 2657 cassa,
651 2617 739 2649 nulla
762 2620 795 2648 et
811 2617 900 2648 irrita
920 2617 1107 2649 nunciantes
1123 2627 1226 2660 eaque
1242 2618 1480 2660 presentialiter
1495 2630 1668 2658 cassamus,
1692 2621 1838 2652 annulla-

188 2667 276 2700 mus‘*
301 2670 335 2699 ot
356 2667 517 2699 irritamus
539 2677 578 2699 ac
600 2677 707 2708 cassa,
731 2668 819 2699 nulla
842 2671 875 2699 et
903 2668 992 2700 irrita
1015 2667 1226 2700 declaramus.
1277 2669 1365 2706 Quas
1397 2680 1497 2712 penas
1525 2674 1558 2703 et
1586 2682 1696 2704 earum
1726 2683 1838 2714 quam-

290 2734 354 2764 Μ.
382 2735 406 2768 V)
425 2740 451 2762 et
468 2736 531 2763 add.
549 2736 574 2762 3.
662 2738 693 2767 ἵ)
711 2737 738 2762 in
757 2737 810 2763 Ioco
829 2746 890 2762 meo
910 2737 933 2763 l.
1023 2737 1050 2769 ¹)
1068 2743 1216 2771 perpetuam
1235 2738 1259 2765 2.
1272 2738 1297 2765 3.
1392 2741 1417 2769 1)
1435 2758 1441 2765 .
1455 2759 1462 2765 .
1481 2740 1544 2766 add.
1561 2739 1586 2767 8.
1684 2742 1707 2769 Ι)
1726 2742 1794 2766 decu
1813 2741 1839 2767 3.

187 2780 211 2812 ὃ)
229 2785 255 2806 et
272 2780 356 2807 benef.
374 2779 426 2806 aa.
445 2778 470 2806 3.
555 2779 582 2811 ι>)
600 2787 630 2806 ac
647 2778 673 2806 3.
761 2780 783 2811 ι1)
802 2788 847 2813 per
864 2780 926 2806 add.
944 2779 969 2806 8.
1058 2779 1083 2812 d)
1101 2781 1182 2807 anull.
1200 2780 1224 2807 3.

292 2830 318 2863 l)
339 2829 380 2863 Cf.
402 2834 422 2857 1.
435 2830 497 2864 Req.
516 2833 541 2864 8,
556 2834 577 2857 7.

290 2889 327 2908 ιι..
340 2889 554 2908 cossurus-rosas
567 2890 591 2908 v.
1598 2886 1632 2912 99
