2190 3172
242 2322 287 2343 ⁷0v.
298 2325 331 2344 n.

347 190 410 221 366
579 187 676 215 ACTA
695 187 809 215 REGNI
828 187 1012 216 LUDEWIOI
1030 188 1078 215 IV.
1096 188 1144 215 ΕΤ
1162 188 1349 216 FRIDERJCI
1368 189 1416 215 111.
1455 188 1536 216 1317„
1565 188 1614 216 Nr.
1626 189 1686 216 441.
1704 188 1764 216 442.

641 308 729 345 441.
769 302 982 345 Mandatum
1012 313 1123 346 castro
1151 309 1258 355 Alzey
1283 309 1435 344 missum.
1539 309 1620 344 Iun.
1640 310 1703 344 27.

458 382 618 423 Oriyinale
649 383 714 414 iam
743 383 911 415 dissectum
938 384 1052 415 ibidem
1074 383 1166 415 KLS
1192 393 1242 415 nr.
1259 384 1332 415 139.
1388 382 1588 415 Contulimus
1612 393 1680 415 nos.
1731 380 1996 423 Sigillum'deest',

346 435 557 475 foraminibus
578 434 705 466 relictis.
751 435 794 466 In
815 445 902 467 verso
924 435 1054 476 leyitur:
1075 435 1150 467 Luc
1173 445 1270 477 super
1293 434 1484 467 obediencia
1508 434 1726 467 subiectorum
1748 435 1781 466 in
1796 433 1954 477 Alzeigia.

454 483 601 537 Bfflzmer,
625 495 700 535 Rey.
717 494 838 527 Ludws
846 505 882 535 p.
900 497 942 526 16
964 505 1014 527 ην.
1028 495 1102 526 259.

454 577 648 609 Ludowicus
669 571 733 610 Dei
754 577 859 618 gratia
881 576 1102 608 Romanorum
1128 586 1190 612 rex
1212 587 1341 618 semper
1364 580 1518 619 augustus
1605 601 1613 608 .
1631 601 1638 608 .
1662 577 1851 619 burcgravio
1875 579 1909 609 et
1929 576 1999 617 uuir
2030 591 2042 610 ε,

346 629 446 661 versis
463 628 683 665 ,castrensibus
710 629 806 660 castri
828 629 944 670 Altzey
966 638 1091 660 necnon
1115 653 1122 660 .
1140 652 1147 660 .
1171 628 1343 668 scultheto,
1367 653 1374 660 .
1392 653 1399 660 .
1423 629 1585 670 magistris
1607 629 1734 669 civium,
1759 653 1766 660 .
1783 652 1791 659 .
1814 627 1999 660 consulibus

348 685 379 712 et
395 681 552 712 universis
568 680 690 711 civibus
706 679 793 722 opidi
811 679 943 719 ibidem,
966 679 1116 712 fidelibus
1139 681 1204 711 suis
1225 679 1351 712 dilectis
1438 681 1577 722 gratiam
1593 691 1684 712 suam
1708 683 1741 712 et
1757 690 1852 712 omne
1867 680 1998 712 bonum.

455 732 556 764 Vobis
579 733 734 763 universis
757 735 790 764 et
812 732 945 774 singulis
968 731 1027 763 sub
1044 731 1185 763 obtentu
1212 732 1316 773 gratie
1348 735 1456 764 nostre
1487 735 1521 763 et
1547 733 1578 764 in
1602 733 1719 765 virtute
1742 732 1914 764 iuramenti
1939 742 2000 773 per

346 795 403 815 vos
426 783 518 815 nobis
541 783 689 826 prestiti'
681 784 875 825 miungimus
899 786 932 815 et
947 783 1148 822 mandamus,
1172 783 1323 825 quatinus
1345 787 1484 815 castrum
1508 787 1541 816 et
1564 777 1696 826 opidum
1712 784 1829 826 Altzey
1852 780 2033 833 predicta

347 846 419 867 cum
443 835 590 868 omnibus
616 835 751 876 iuribus,
781 835 1068 876 iurisdictionibus,
1099 835 1296 876 redditibus,
1325 835 1532 877 utilitatibus,
1563 835 1815 868 obvencionibus
1843 839 1876 867 et
1898 835 1997 877 perti-
2017 847 2042 867 ιο

346 888 467 919 nenciis
501 886 677 919 eorundem
712 887 882 929 assignetis
916 890 949 918 et
983 887 1176 929 presentetis
1210 887 1318 918 statim
1350 887 1425 918 visis
1455 888 1658 929 presentibus
1692 887 1870 919 venerabili
1899 887 1999 919 Petro

347 939 591 981 archiepiscopo
607 939 827 981 Mogunt(ino)
850 939 987 981 principi
1011 942 1044 970 et
1067 939 1242 970 secretario
1265 942 1375 970 nostro
1390 939 1561 971 karissimo
1585 939 1637 971 vel
1660 940 1730 971 eius
1751 939 1879 980 nuncio,
1903 949 2000 981 quem

347 991 388 1023 ad
415 991 476 1023 hoc
507 1001 579 1023 cum
611 992 676 1023 suis
703 992 820 1023 litteris
849 991 892 1023 ad
920 1002 977 1036 vos
1010 991 1228 1022 destinaverit.
1274 991 1462 1036 Prestantes
1491 991 1599 1023 eidem
1623 1016 1630 1023 .
1649 1015 1656 1023 .
1679 991 1923 1033 archiepiscopo
1946 991 1999 1022 vel

347 1054 403 1075 suo
434 1045 550 1077 nuncio
581 1044 649 1075 eius
675 1044 805 1088 nomine
833 1032 981 1084 huldam,
1015 1043 1203 1085 homagium
1233 1046 1266 1074 et
1295 1042 1461 1075 fidelitatis
1486 1043 1717 1083 iuramentum,
1751 1043 1839 1086 quod
1873 1042 1935 1074 sibi
1966 1044 1999 1074 in

347 1095 494 1128 omnibus
517 1098 550 1127 et
572 1106 631 1137 per
654 1096 771 1135 omnia,
795 1095 878 1126 sicut
900 1094 992 1126 nobis
1014 1095 1165 1136 paruistis
1180 1094 1358 1136 hucusque,
1381 1097 1548 1136 tamquam
1562 1098 1670 1126 vestro
1691 1094 1821 1127 domino
1845 1095 1997 1136 pareatis.
2016 1104 2042 1124 u»

346 1147 414 1178 Nos
438 1148 522 1178 enirn
547 1146 587 1178 de
611 1146 721 1187 hulda,
744 1146 897 1188 homagio
921 1150 955 1177 et
977 1145 1142 1177 fidelitatis
1164 1145 1360 1187 iuramento,
1387 1147 1420 1177 in
1443 1145 1559 1188 quibus
1581 1145 1675 1178 nobis
1697 1146 1866 1187 tenemini,
1890 1146 1998 1178 absol·
2026 1140 2033 1157 ¹

346 1199 449 1230 vimus
479 1201 512 1233 et
534 1198 699 1230 absolutos
723 1197 858 1230 dicimus
889 1198 922 1229 in
950 1197 1012 1242 hiis
1039 1198 1175 1239 scriptis.
1222 1197 1370 1229 Castrum
1402 1198 1487 1229 enim
1517 1201 1554 1229 et
1579 1198 1711 1240 opidum
1742 1197 1890 1239 predicta
1917 1197 1999 1229 obli-

347 1250 492 1292 gavimus
508 1250 654 1294 predicto
671 1250 914 1292 archiepiscopo
930 1250 990 1282 sub
1007 1250 1103 1283 certis
1117 1250 1224 1282 modis
1240 1254 1274 1283 et
1289 1249 1539 1291 condicionibus,
1563 1254 1659 1292 prout
1680 1251 1713 1282 in
1727 1250 1844 1283 litteris
1859 1249 2000 1292 desuper

347 1302 522 1334 confectisl
545 1302 671 1345 plenius
695 1303 897 1334 continetur.r
928 1302 1066 1334 Fructus
1089 1303 1205 1343 etiam,
1239 1313 1320 1344 quos
1348 1302 1389 1334 de
1419 1303 1466 1334 eis
1488 1303 1686 1344 perceperit,
1715 1301 1777 1334 sibi
1807 1304 1840 1333 et
1862 1300 1999 1333 ecclesie

347 1365 403 1386 sue
428 1354 595 1397 donamus,
618 1354 766 1386 nolentes
789 1354 876 1396 quod
899 1354 931 1385 in
947 1357 1066 1387 sortem
1083 1357 1307 1397 conputentur.
1345 1353 1390 1386 Et
1412 1355 1439 1385 si
1462 1365 1502 1387 eo
1517 1357 1676 1396 tempore,
1700 1358 1763 1396 quo
1779 1354 1850 1396 ipse
1865 1347 2000 1386 habebit
2017 1360 2044 1381 ⁹0

347 1409 486 1439 castrum
511 1409 544 1438 et
566 1406 700 1449 opidum
716 1406 873 1448 predicta,
896 1406 1023 1449 aliquos
1045 1406 1192 1438 redditus
1215 1406 1257 1438 ad
1281 1417 1321 1439 ea
1336 1407 1537 1449 pertinentes
1558 1405 1611 1438 vel
1633 1406 1704 1438 iura
1726 1406 1791 1438 alia
1813 1404 1998 1444 redemerit,
2032 1443 2036 1447 ¹

346 1457 516 1500 pecuniam
540 1468 636 1499 quam
659 1468 718 1500 pro
741 1458 788 1490 eis
812 1459 996 1500 erogaverit
1022 1458 1083 1501 sibi
1102 1462 1180 1490 ante
1203 1459 1312 1491 omnia
1334 1459 1556 1497 restituemus,
1586 1458 1716 1501 quando
1743 1457 1830 1490 dicta
1860 1460 1999 1490 castrum
2028 1455 2036 1458 ”

348 1514 380 1542 et
401 1509 535 1552 opidum
558 1509 745 1546 duxerimus
765 1509 990 1542 redimenda.
1046 1510 1086 1542 Ι11
1109 1511 1199 1543 cuius
1221 1511 1269 1543 rei
1292 1511 1511 1543 testimonium
1533 1510 1675 1552 sigillum
1697 1513 1805 1542 nostre
1821 1503 1999 1560 maiestatis

345 1563 435 1604 legie
459 1561 662 1605 presentibus
684 1561 800 1605 litteris
823 1565 872 1594 est
894 1551 1084 1604 appensum.

453 1614 574 1647 Datum
597 1600 781 1657 Moguntie,
806 1613 846 1646 V.
866 1613 983 1657 Kalen.
1005 1614 1096 1655 Iulii,
1131 1625 1214 1648 anno
1243 1604 1375 1647 Domini
1409 1605 1580 1647 millesimo
1612 1614 1839 1646 trecentesimo
1871 1605 1996 1663 decimo
2014 1625 2041 1646 25

347 1654 495 1708 septimO,
519 1666 611 1706 regni
635 1675 715 1696 vero·
735 1676 818 1697 anno
842 1667 949 1698 tertio.

739 1784 827 1821 442.
844 1785 848 1788 ’
868 1783 1074 1840 Constitutio
1100 1785 1347 1830 fideiussormn.
1452 1760 1531 1822 Imi.
1550 1789 1618 1822 29s
1641 1760 1643 1762 Ι

459 1846 620 1900 originale
645 1859 765 1903 ibidem,
789 1859 882 1891 KLS
913 1870 964 1892 nr.
985 1861 1058 1892 140.
1119 1860 1318 1893 Contulimus
1336 1863 1427 1892 mess
1449 1863 1451 1865 ’
1471 1859 1620 1901 Siyillum
1647 1860 1746 1898 deest,
1784 1850 1998 1906 foraminibus

346 1911 474 1944 relictis.
518 1911 562 1943 Ιη
584 1921 669 1943 verso
693 1910 822 1952 leyz'tur:
845 1910 919 1943 Lud
941 1912 1160 1954 super'opido
1183 1911 1341 1955 Alzeigie.
1414 1942 1417 1944 ,
1479 1915 1481 1917 ’
1980 1918 1981 1922 ’

454 1967 599 2006 Bc'ihmer,
624 1966 882 2007 Re9.'Ludw.,p.
902 1967 942 1998 16
963 1978 1012 1999 nr.
1029 1967 1103 1999 261.
1951 1971 1955 1974 '
2009 1959 2041 1996 ‘ab

458 2023 508 2065 Of.
533 2013 741 2062 etiamrinfr'a
763 2023 808 2054 ad
829 2033 860 2057 a.
877 2025 973 2055 1318.
1002 2023 1066 2056 Oct.
1082 2017 1140 2059 27.]
1980 2022 1982 2024 ’

453 2104 647 2136 Ludowicus
667 2104 730 2136 Dei
752 2106 857 2147 gratia
873 2105 1097 2138 Romanorum
1116 2116 1175 2138 rex
1187 2117 1328 2151 ‚semper
1350 2110 1504 2148 augustus
1519 2107 1778 2148 recognoscimus
1801 2110 1835 2138 et
1850 2109 1997 2138 constare

346 2157 493 2189 volumus
514 2158 685 2198 universis,
709 2157 735 2188 si
758 2157 952 2189 venerabilis
975 2157 1093 2189 Petrus
1116 2157 1379 2200 archiepiscopus
1402 2158 1637 2201 Moguntfinus)
1659 2159 1810 2201 princeps
1834 2161 1868 2190 et
1890 2169 1996 2191 secre-

346 2211 446 2243 tarius
469 2212 579 2241 noster
601 2209 789 2240 karissimus
816 2209 901 2240 ultra
927 2209 1307 2252 redditusrpertinentes
1326 2209 1368 2242 ad
1392 2201 1530 2242 castrum
1559 2213 1592 2243 et
1616 2210 1747 2253 opidum
1770 2210 1902 2252 Altzey,
1933 2215 1997 2252 qu'e
2030 2226 2033 2229 »

347 2262 407 2294 sibi
430 2261 654 2304 obligavimus,
678 2261 801 2303 aliquas
825 2272 984 2306 expensas
1007 2272 1105 2304 super
1127 2262 1273 2294 custodia
1296 2265 1330 2294 et
1352 2262 1582 2294 observacione
1605 2262 1763 2294 dictarum
1779 2263 1998 2294 municionum
2016 2273 2041 2294 ³⁵

347 2314 470 2354 fecerit,
493 2313 566 2344 illas
586 2313 648 2344 sibi
663 2313 796 2354 singulis
819 2314 910 2345 annis
932 2314 964 2345 in
986 2313 1070 2345 festo
1093 2314 1183 2345 beati
1197 2314 1418 2359 Martinisine
1442 2314 1601 2346 dilacione
1617 2314 1763 2356 qualibet
1778 2314 1997 2346 refundamus.

347 2364 390 2396 Et
411 2369 449 2397 ut
471 2364 512 2397 de
534 2364 701 2409 refusione⁴
722 2375 936 2409 expensarum
959 2365 1141 2397 huiusmodi
1165 2367 1288 2398 cercior
1310 2366 1351 2397 sit
1373 2366 1460 2398 idem
1483 2366 1758 2408 archiepiscopus,
1789 2366 1829 2398 de
1853 2366 1914 2398 hoc
1938 2366 1998 2397 sibi

349 2417 573 2459 constituimus
596 2416 800 2448 fideiussores
828 2417 1026 2461 insolidum
1057 2417 1281 2449 honorabilem
1307 2418 1411 2450 virum
1433 2417 1657 2450 Hermannum
1687 2418 1728 2450 de
1755 2417 1998 2460 Lyehtemberg

349 2468 552 2500 scolasticum
588 2468 730 2500 ecclesie·
757 2468 926 2510 Spyrensis
960 2464 1187 2513 cancellarium
1207 2472 1385 2510 nostrum,
1419 2469 1630 2512 spectabilem
1663 2470 1765 2502 virum
1796 2470 1995 2502 Fridericum

348 2521 497 2551 comitem
523 2520 563 2551 de
580 2519 831 2562 Thrfiendingen
855 2523 888 2552 et
910 2519 1051 2552 nobilem
1066 2519 1170 2553 virum
1185 2521 1405 2553 Humblonem
1429 2521 1469 2553 de
1486 2521 1731 2564 Lychtemberg
1741 2522 1856 2554 fideles
1871 2525 1997 2554 nostros
2015 2531 2042 2551 ιο

347 2573 379 2603 in
396 2568 486 2603 hunc
508 2572 656 2603 modum:
687 2572 713 2603 si
737 2572 839 2603 dictas
863 2572 1022 2614 expensas
1050 2573 1083 2604 in
1112 2574 1275 2615 assignato
1305 2573 1347 2605 ad
1376 2573 1438 2606 hoc
1466 2574 1602 2606 termino
1630 2585 1694 2606 non
1716 2574 1914 2607 solveremus
1937 2584 1997 2606 nec

347 2623 591 2655 refunderemus
615 2623 731 2664 eidem,
756 2624 842 2665 quod
866 2624 943 2655 dicti
958 2625 1162 2657 fideiussores
1178 2629 1296 2657 extunc
1319 2626 1402 2657 infra
1423 2626 1618 2668 quindenam
1641 2627 1755 2658 moniti
1777 2637 1836 2668 per
1858 2626 1997 2658 eundem

348 2675 624 2717 archiepiscopum
652 2686 710 2717 per
739 2686 773 2707 se
796 2676 847 2707 vel
876 2676 1011 2718 quilibet
1039 2687 1150 2708 eorum
1182 2688 1241 2719 per
1271 2689 1369 2709 unum
1398 2677 1553 2709 famulum
1580 2677 1723 2710 nobilem
1746 2679 1797 2710 vel
1824 2678 1996 2711 militarem

348 2738 419 2758 cum
449 2727 573 2758 duobus
604 2728 694 2769 equis
725 2727 889 2759 intrabunt
915 2729 1078 2760 civitatem
1106 2729 1329 2771 Moguntinarn
1364 2734 1397 2762 et
1431 2729 1551 2761 ibidem
1583 2730 1616 2760 in
1650 2731 1811 2762 communi
1840 2730 1996 2772 hospicio,

451 2814 476 2846 1)
496 2813 588 2847 Supra
605 2821 647 2839 nr.
661 2817 720 2840 440.
2014 2815 2042 2834 45
