2184 3126
199 707 231 722 nr.
243 703 282 723 792

202 733 249 753 cap.
261 729 279 748 2.

201 963 233 979 nr.
246 960 281 980 881

302 166 362 197 780
572 160 670 188 ACTA
688 159 802 186 REGNI
821 159 1004 186 LUDEWIOI
1023 159 1070 186 IV.
1089 159 1134 186 ET
1154 159 1340 187 FRIDERICI
1358 159 1407 186 111.
1445 158 1519 186 1324.
1555 159 1605 186 Nr.
1618 159 1677 188 944.

406 250 434 279 2.
456 247 587 279 Dudum
602 245 761 288 siquidem
778 255 836 287 pro
861 244 923 277 eo‘¹
939 245 1027 286 quod
1043 245 1146 276 dictus
1170 244 1236 276 dux
1251 244 1390 276 Bavarie
1413 244 1446 275 in
1462 243 1623 276 discordia
1644 245 1677 276 in
1700 255 1812 287 regem
1827 246 1952 278 Roma-

298 310 411 331 norum
434 298 688 340 promovendum
711 297 744 328 in
767 297 996 338 imperatorem
1020 296 1143 327 electus
1166 295 1305 327 discordi
1328 296 1487 328 electione
1510 296 1694 328 huiusmodi
1709 307 1769 339 per
1783 298 1952 330 ecclesiam

298 352 488 391 Romanam,
512 349 554 381 ad
578 350 666 381 cuius
689 358 827 380 examen
850 357 987 389 persone
1011 347 1107 379 electi
1129 347 1161 378 in
1184 357 1298 389 regem
1313 346 1534 379 Romanorum
1556 347 1590 379 in
1611 348 1842 390 imperatorem
1863 359 1952 382 assu-

298 402 406 434 mendi
430 401 620 443 approbatio
644 403 678 431 et
701 399 866 431 electionis
889 398 1042 430 admissio
1067 399 1220 439 pertinet,
1249 398 1408 430 electione
1436 398 1621 430 huiusmodi
1643 410 1707 431 non
1730 399 1871 432 admissa
1893 411 1952 433 nec

297 454 365 485 eius
381 452 561 495 approbata
577 461 724 493 persona,
748 460 866 481 nomen
881 450 967 491 regis
982 449 1203 485 Romanorum
1226 449 1370 481 indebite
1393 454 1606 491 usurpaverat
1620 460 1658 482 ac
1680 451 1772 493 regni
1786 450 1951 492 Roman(i)

299 508 331 537 et
353 505 480 545 imperii
497 502 769 535 administracioni
785 511 819 532 se
843 502 875 532 in
891 500 1036 532 eiusdem
1053 501 1190 533 ecclesie
1213 500 1419 532 manifestam
1443 501 1601 542 iniuriam,
1624 501 1836 543 plurimorum
1858 513 1951 535 scan-

295 555 414 595 dalum,
438 565 495 586 sue
518 557 551 586 et
573 553 708 585 aliorum
732 553 906 584 multorum
928 553 1107 584 animarum
1131 552 1309 594 periculum
1333 563 1370 584 ac
1393 553 1491 584 etiam
1515 556 1627 585 contra
1642 563 1812 595 processus
1827 557 1953 586 nostros

295 606 448 638 adversus
472 605 549 637 talia
573 607 794 646 presumentes
819 604 1160 635 excommunicationis
1183 607 1216 635 et
1232 604 1312 635 alias
1327 603 1471 635 diversas
1493 604 1676 646 spirituales
1700 608 1733 637 et
1755 606 1951 647 temporales

294 667 394 699 penas
418 660 450 688 et
473 657 648 688 sententias
672 656 872 687 continentes
895 655 999 687 factos
1022 658 1118 687 antea
1141 659 1175 687 et
1197 655 1372 687 solenniter
1394 655 1576 697 publicatos
1592 657 1686 688 nimis
1701 660 1950 699 presumptuose

295 712 328 740 et
347 708 525 750 periculose
542 708 749 748 ingesserate,
774 711 912 746 exigendo
928 705 1078 738 videlicet
1101 712 1130 738 et
1153 710 1315 745 recipiendo
1338 710 1390 738 sub
1413 711 1525 746 prefato
1546 711 1633 739 titulo
1656 712 1735 748 regio
1750 712 1898 741 fidelitatis
1922 713 1951 741 in

297 763 459 790 Alamanief
469 764 498 789 et
516 761 658 789 nonnullis
678 762 760 789 Italie
780 761 909 796 partibus
928 762 986 788 tam
1005 769 1022 787 a
1040 760 1165 795 personis
1183 760 1381 788 ecclesiasticis
1399 770 1482 795 quam
1501 762 1673 789 secularibus
1692 762 1821 790 vassallis
1839 763 1951 798 imperii

295 823 345 849 per
362 823 391 841 se
409 815 438 841 et
457 813 528 841 alios
554 813 711 840 iuramenta
737 822 770 840 ac
795 813 850 840 des
869 813 1071 848 dignitatibus,
1097 812 1249 840 honoribus
1271 814 1301 840 et
1325 813 1425 840 officiis
1447 813 1484 841 ad
1501 813 1624 841 eiusdem
1642 813 1783 849 Roman(i)
1804 815 1884 850 regni
1902 824 1950 843 seu

294 865 405 900 imperii
424 864 641 899 disposicionem
660 864 854 898 spectantibus
871 872 922 898 pro
939 873 989 891 suo
1008 863 1091 891 libito
1110 863 1290 898 disponendo.
1308 863 1403 892 sicut*
1421 864 1521 892 diebus
1539 865 1684 900 preteritis
1701 866 1735 893 de
1753 867 1950 894 marchionatu

293 912 607 952 Brandebnrgen(si)¹¹‚
638 912 735 951 quemi
758 916 948 951 primogenito
977 925 1027 944 suo
1055 917 1090 944 de
1113 917 1189 944 facto
1213 916 1326 951 publice
1349 917 1484 949 contulit,
1508 917 1664 950 ordinavit,
1691 920 1725 946 et
1747 918 1806 946 alia
1827 919 1951 954 plurima

203 987 281 1011 cap-2.
298 970 461 1002 exercendo,
485 977 539 1003 que
563 969 599 996 ad
623 969 747 996 eiusdem
769 968 891 995 Romani
913 968 994 1003 regni
1017 970 1047 995 et
1069 968 1182 1003 imperii
1205 968 1333 1003 regimen
1355 977 1413 996 non
1436 971 1480 996 est
1502 969 1620 997 dubium
1642 970 1795 1005 pertinere,
1817 971 1948 998 necnon*

200 1422 278 1468 (ἓξὲξ.

198 1490 231 1505 nr.
241 1487 279 1506 881

199 1516 246 1537 cap.
258 1512 276 1532 3.

293 1021 410 1048 ecclesie
443 1018 623 1048 memorate
658 1019 811 1047 rebellibus
843 1020 917 1046 sieut
945 1019 1078 1047 Galeatio
1106 1020 1140 1047 de
1169 1019 1412 1047 vicecomitibus*
1440 1020 1558 1055 eiusque
1591 1021 1748 1048 fratribus‘
1769 1021 1805 1049 de
1831 1022 1950 1050 crimine

292 1072 419 1100 heresis*
441 1081 458 1099 a
481 1072 538 1098 suis
562 1071 790 1106 competentibus
813 1071 953 1098 iudicibus
976 1071 1108 1106 exigente
1132 1071 1247 1098 iusticia
1269 1067 1505 1100 sententialiter
1526 1070 1560 1100 et
1581 1067 1711 1109 publice
1733 1073 1949 1108 condempnatis

292 1132 329 1150 ac
351 1123 495 1150 nonnullis
518 1123 582 1150 aliis
606 1123 719 1157 perfidis
742 1123 793 1150 Dei
811 1125 840 1150 et
864 1123 983 1150 ecclesie
1006 1123 1133 1158 predicte
1155 1123 1286 1150 hostibus
1302 1131 1332 1150 se
1348 1125 1448 1151 contra.
1463 1119 1568 1160 ipsam
1587 1124 1764 1152 defensorem
1781 1124 1949 1152 exhibuerat

292 1177 321 1202 et
343 1175 504 1202 fautorem*
528 1173 561 1201 et
589 1170 653 1201 alia
677 1170 790 1211 gravia
813 1170 1036 1209 commiserat,
1067 1180 1131 1211 que
1154 1180 1279 1202 necnon
1303 1173 1336 1201 et
1358 1170 1422 1202 alia
1444 1169 1568 1212 plurak,
1592 1181 1654 1213 que
1684 1171 1770 1203 circa
1791 1172 1949 1213 premissa

291 1224 415 1253 temere
438 1224 679 1263 presumpserat
701 1224 912 1262 attemptare,
936 1220 1019 1253 adeo
1050 1224 1143 1253 erant
1165 1222 1306 1263 notoria,
1334 1221 1420 1263 quod
1442 1221 1531 1254 nulla
1553 1223 1826 1264 tergiversacione
1849 1223 1949 1256 celari

291 1276 442 1314 poterant
464 1283 523 1304 nec
547 1272 618 1304 subl
640 1272 927 1304 dissimulationism
948 1273 1100 1315 neglectu
1123 1273 1450 1314 irreprehensibiliter
1472 1274 1651 1306 incorrecta
1673 1274 1820 1317 relinqui,
1844 1279 1950 1307 certos

292 1334 474 1366 processus,
498 1334 555 1366 per
579 1334 659 1366 quos
682 1325 787 1365 ipsum
811 1335 831 1356 a
854 1324 956 1356 deviis
978 1324 1161 1356 huiusmodi
1184 1324 1226 1356 ad
1249 1325 1394 1357 veritatis
1417 1328 1451 1357 et
1473 1326 1594 1358 iustitie
1617 1326 1767 1358 semitam
1792 1325 1948 1359 reducere

293 1375 534 1415 credebamusn,
567 1375 608 1407 de
639 1375 773 1407 fratrum
801 1379 982 1407 nostrorum
1014 1376 1147 1408 consilio
1178 1376 1314 1408 diversis
1341 1376 1540 1419 temporibus
1567 1376 1703 1408 fecimus
1725 1380 1837 1409 contra
1863 1387 1948 1409 eum.

293 1427 402 1458 Primo
426 1432 594 1469 namque0,
623 1431 756 1459 videlicet
785 1430 918 1459 V111.1d.
943 1432 1048 1459 mensis
1072 1432 1203 1460 Octobris
1230 1433 1359 1467 proximo
1388 1432 1445 1460 iam
1473 1433 1576 1468 elapsi,
1606 1429 1712 1470 ipsum
1741 1441 1793 1468 per
1823 1432 1948 1460 edictum

295 1481 438 1516 publicum
463 1484 590 1516 presente
615 1482 739 1509 fidelium
767 1481 950 1509 multitudine
979 1482 1091 1517 copiosa
1115 1482 1273 1510 monuimus
1297 1485 1326 1511 et
1350 1482 1378 1510 in
1406 1483 1510 1510 virtute
1534 1485 1630 1511 sancte
1654 1482 1814 1511 obedientie
1838 1492 1872 1511 ac
1895 1484 1948 1510 sub

292 1533 590 1560 excommunicacionis
602 1542 682 1568 pena,
702 1542 786 1567 quam
800 1533 901 1568 ipsum,
919 1533 973 1560 nisi
986 1543 1047 1560 cum
1067 1534 1168 1561 effectu
1181 1534 1340 1561 huiusmodi
1358 1534 1507 1562 monitioni
1521 1536 1640 1569 pareret,
1659 1534 1798 1562 incurrere
1811 1534 1948 1562 voluimus

292 1586 354 1620 ipso
378 1586 462 1618 facto,
485 1586 657 1613 auctoritate
680 1586 838 1621 apostolica
858 1586 1015 1614 districtius
1038 1582 1098 1613 sibi
1121 1582 1271 1614 duximus
1294 1587 1524 1622 iniungendum,
1548 1589 1581 1615 ut
1603 1587 1678 1615 infra
1700 1587 1787 1615 trium
1806 1587 1948 1615 mensium

291 1637 414 1672 spatium
437 1646 454 1664 a
474 1632 526 1664 die
550 1633 694 1674 predicta
717 1633 848 1665 inantea
871 1638 1101 1673 computandum,
1125 1647 1196 1673 quos
1219 1639 1246 1666 ei
1269 1639 1305 1666 ad
1328 1639 1382 1667 hoc
1403 1639 1439 1674 de
1461 1639 1580 1666 fratrum
1596 1639 1745 1674 ipsorum?
1760 1638 1880 1666 consilio
1895 1647 1947 1673 pro

290 1689 482 1723 peremptorio
505 1689 626 1716 termino
650 1689 781 1716 duximus
810 1689 1011 1725 assignandos,
1040 1690 1077 1717 ab
1100 1691 1363 1724 administratione,
1394 1691 1519 1718 fautor-ia
1548 1692 1578 1718 et
1599 1691 1764 1718 defensione
1793 1685 1947 1728 predictis

290 1740 403 1774 penitus
432 1740 617 1773 abstineretq,
648 1741 928 1769 administracionem
957 1742 1049 1777 ipsam
1078 1751 1130 1777 per
1153 1751 1182 1770 se
1206 1743 1251 1770 vel
1274 1742 1360 1770 alium
1385 1752 1435 1770 seu
1457 1743 1530 1771 alios
1556 1743 1720 1770 nullatenus
1742 1743 1946 1777 resumpturus,

290 1791 345 1818 nisi
368 1790 442 1818 tunc
465 1787 594 1819 demum
618 1798 689 1819 cum
713 1795 742 1820 et
765 1793 789 1820 si
812 1793 982 1821 electionem
998 1802 1078 1820 suam
1095 1794 1278 1821 huiusmodi*
1293 1794 1342 1821 acr
1357 1803 1507 1829 personam
1530 1794 1620 1829 ipsius
1642 1803 1694 1829 per
1716 1793 1810 1821 sedem
1833 1795 1946 1828 aposto-

290 1841 373 1868 licam
392 1842 541 1876 approbari
561 1843 735 1878 contingeret
752 1846 781 1871 et
800 1843 926 1875 admitti,
946 1844 1076 1878 quodque
1094 1846 1177 1879 gesta
1195 1853 1245 1879 per
1263 1853 1327 1871 eum
1345 1846 1410 1879 post
1428 1846 1640 1880 presumptum·
1657 1844 1694 1872 ab
1713 1852 1746 1872 eo
1764 1846 1947 1872 memoratum

290 1893 405 1920 titulum
424 1893 498 1920 circa
517 1894 665 1928 premissa,
691 1897 829 1928 quatenus
849 1895 883 1922 de
902 1895 979 1922 facto
997 1897 1226 1930 processerant,
1253 1904 1315 1923 cum
1335 1897 1368 1924 de
1391 1896 1470 1924 iure‘¹
1489 1896 1588 1923 velud¹
1606 1896 1642 1923 ab
1667 1904 1713 1928 eo,
1738 1895 1783 1923 cui
1802 1895 1844 1922 ius
1869 1901 1948 1922 nonu

291 1946 489 1980 competebat*
512 1947 608 1974 eadem
632 1947 754 1974 faciendi
762 1949 781 1981 ¹,
802 1947 991 1985 presumpta
1013 1944 1201 1976 nullomodo
1222 1951 1381 1982 tenerent,
1405 1949 1480 1976 infra
1502 1949 1610 1976 dietum
1633 1948 1786 1976 terminum
1808 1949 1948 1982 quantum

291 1996 344 2022 sibi
363 1997 452 2024 foretv
466 1997 597 2031 possibile
616 1997 730 2025 realiter
747 2007 848 2025 revoca
858 2000 918 2026 ret.
956 1998 1061 2033 Aperte
1079 1998 1134 2026 sibi
1153 1998 1351 2026 nichilominus
1370 1999 1542 2032 intimantes,
1561 1999 1635 2033 quod
1653 1998 1677 2025 si
1695 1998 1724 2026 in
1742 1998 1885 2033 premissis
1898 2006 1949 2032 per

291 2057 355 2075 eum
379 2049 452 2076 infra
475 2045 637 2086 prefatum
660 2050 813 2077 terminum
837 2051 1010 2084 exequendis
1033 2051 1183 2086 negligens
1206 2052 1343 2079 existeret
1365 2052 1410 2079 vel
1432 2051 1574 2085 remissus,
1597 2059 1649 2079 nos
1673 2052 1773 2079 contra
1795 2050 1887 2085 ipsum
1910 2050 1947 2077 ad

291 2100 514 2134 publicationem
538 2110 682 2136 penarum,
706 2102 735 2128 in
759 2110 829 2136 quas
852 2104 970 2137 propter
992 2103 1121 2130 notorios
1144 2102 1341 2131 memoratos
1364 2111 1495 2131 excessus
1517 2102 1673 2130 inciderat
1695 2102 1741 2130 vel
1763 2101 1903 2129 incideret
1917 2101 1947 2128 in

292 2150 416 2176 futurum
433 2152 462 2178 et
480 2151 551 2178 alias
569 2154 706 2185 quantum
725 2152 855 2180 suaderet
874 2152 985 2180 iustitia
1010 2153 1222 2188 procederemus
1240 2154 1300 2181 eius
1318 2154 1477 2181 absentiaw
1500 2162 1555 2181 non
1576 2153 1715 2181 obstante.
1805 2152 1948 2180 Universis

296 2201 429 2236 insuper¹
448 2202 642 2236 patriarchisx,
661 2203 882 2238 archiepiscopis
901 2206 953 2231 et¹
977 2205 1117 2239 episcopis
1136 2205 1256 2239 aliisque
1274 2205 1400 2240 personis
1421 2204 1636 2235 ecclesiasticis,
1660 2203 1872 2238 quibuscunque
1895 2203 1947 2230 sub

295 2261 369 2286 pena
387 2253 593 2286 suspensionisr
612 2254 647 2281 ab
667 2254 758 2281 officio
777 2257 806 2282 et
826 2255 976 2287 beneficio,
1002 2264 1086 2290 quam
1111 2265 1158 2283 eos
1180 2256 1319 2283 incurrere
1338 2256 1466 2283 volumus
1483 2256 1545 2290 ipso
1563 2255 1654 2288 facto,
1675 2254 1730 2282 nisi
1749 2254 1822 2282 infra
1840 2254 1948 2281 dictum

291 2303 441 2330 terminum
458 2304 615 2331 huiusmodi
635 2307 726 2333 nostre
745 2305 911 2334 inhibitioni
929 2307 1084 2335 efficaciter
1101 2307 1261 2340 obedirent,
1287 2309 1316 2334 et
1336 2310 1394 2335 tam
1414 2306 1484 2342 ipsis
1509 2315 1593 2341 quam
1617 2307 1746 2335 omnibus
1769 2308 1798 2334 et
1827 2306 1948 2341 singulis

297 2353 470 2386 civitatibus,
490 2356 765 2389 communitatibus*,
785 2357 1017 2385 universitatibus
1037 2366 1143 2386 necnon
1162 2359 1287 2393 personis
1304 2358 1495 2394 singularibus
1513 2358 1738 2392 quibuscunque,
1757 2358 1947 2392 cuiuscunque

293 2405 461 2432 conditionis
480 2408 529 2434 aut
547 2409 637 2434 status
657 2408 820 2441 existerent,
849 2409 960 2436 etiamsi
983 2410 1072 2444 regali
1096 2412 1147 2437 aut
1169 2410 1228 2438 alia
1250 2419 1426 2445 quacumque
1444 2410 1586 2445 dignitate
1610 2410 1765 2445 fulgerent,
1793 2409 1822 2436 in
1841 2409 1947 2437 virtute

292 2458 387 2483 sancte
406 2457 563 2485 obedientie
589 2461 617 2485 et
640 2459 690 2486 sub
713 2469 787 2494 pena
811 2461 1109 2488 excommunicationis
1134 2461 1163 2488 in
1188 2470 1320 2496 personas
1344 2464 1373 2489 et
1396 2461 1542 2489 interdicti
1565 2461 1593 2488 in
1612 2462 1702 2488 terras
1726 2469 1822 2489 eorum
1840 2469 1947 2488 necnon

292 2507 462 2541 privacionis
481 2508 689 2543 privilegiorum
708 2511 946 2545 quorumcunque⁰
954 2513 1173 2547 apostolicorum
1191 2515 1219 2541 et
1239 2513 1416 2548 imperalium
1429 2522 1462 2541 ac
1481 2513 1634 2545 feudorum,
1653 2521 1708 2547 que
1720 2513 1756 2540 ab
1770 2512 1889 2540 ecclesia
1901 2512 1947 2540 vel

396 2593 461 2621 944·
488 2594 512 2627 d)
531 2604 575 2628 [³¹¹0
594 2605 624 2622 0⁰
642 2598 694 2623 de«⁴³-
713 2597 737 2623 3·
766 2598 771 2603 “
834 2600 857 2629 e)
875 2600 1010 2625 iniesserat
1028 2600 1052 2626 1.
1149 2600 1170 2632 ί’)
1189 2601 1343 2627 Alamannis
1361 2601 1480 2626 similiter
1497 2608 1596 2633 semper
1614 2599 1638 2626 2.
1651 2599 1677 2626 3.
1764 2599 1790 2631 8)
1812 2607 1844 2625 ac
1867 2599 1899 2624 de
1920 2599 1948 2624 in

293 2637 348 2661 loco
361 2645 422 2661 raso
442 2638 465 2663 1.
552 2637 578 2669 h)
598 2640 823 2673 Brangdeburgen.
842 2642 865 2667 1.
953 2641 971 2675 i)
991 2663 997 2668 .
1011 2662 1018 2669 .
1031 2644 1094 2669 add.
1113 2643 1138 2669 2.
1150 2643 1175 2670 3.
1263 2643 1289 2676 ¹¹)
1307 2644 1420 2678 plurima
1438 2642 1463 2669 2.
1550 2642 1570 2675 ¹)
1587 2643 1656 2669 deest
1673 2641 1698 2668 2.
1710 2641 1736 2668 3.
1822 2641 1855 2674 ¹¹⁵)
1874 2642 1948 2666 disci-

294 2679 426 2705 mulatone
444 2679 468 2705 2.
555 2681 581 2713 ιι)
600 2682 737 2707 debeamus
755 2682 779 2708 2.
867 2684 892 2716 ⁰)
911 2693 1014 2718 nanque
1033 2685 1057 2711 2.
1145 2686 1171 2714 Ρ)
1189 2688 1236 2720 ips.
1250 2688 1359 2713 fratrum
1377 2686 1402 2713 2.
1415 2686 1441 2712 3.
1528 2685 1554 2718 ι1)
1572 2686 1700 2712 abstinere
1718 2685 1742 2711 3·
1833 2684 1855 2716 1“)
1873 2692 1948 2710 ³0-

294 2722 404 2747 faciendi
421 2722 449 2747 in
467 2723 522 2748 loco
540 2732 601 2749 raso
619 2725 700 2749 arcius
718 2726 813 2758 scripta
835 2726 858 2752 1.
946 2728 966 2759 Ι)
985 2733 1144 2762 resumptum
1163 2729 1187 2755 3.
1275 2729 1296 2763 t)
1314 2730 1387 2756 velut
1405 2732 1428 2755 2.
1442 2729 1466 2755 3.
1553 2729 1581 2761 ¹¹)
1600 2729 1668 2755 deese
1687 2728 1712 2760 l;
1731 2728 1758 2753 in
1777 2727 1832 2753 loco
1850 2734 1910 2752 ram
1923 2725 1948 2752 2.

294 2763 318 2795 v)
338 2765 384 2790 sor.
397 2765 446 2790 sibi
465 2764 489 2791 2.
577 2766 606 2798 w)
625 2767 755 2793 abscentia
772 2768 797 2794 2.
884 2770 909 2800 ¹)
929 2789 936 2796 .
949 2789 955 2795 .
974 2772 1037 2796 add.
1055 2770 1079 2797 3.
1168 2772 1192 2804 y)
1211 2773 1239 2798 in
1258 2773 1314 2799 loco
1331 2782 1392 2799 rano
1412 2774 1433 2799 1.

1971 717 1996 736 1⁰

1969 974 1994 994 15

1966 2520 1991 2540 45

1967 2773 1993 2792 50
