2158 3138
173 2393 207 2414 IV
219 2398 252 2415 nr.
263 2394 310 2414 262.

319 226 359 256 98
513 221 612 248 ACTA
630 220 743 248 REGNI
760 218 945 247 LUDEWICI
964 217 1012 244 IV.
1030 216 1078 244 ET
1097 214 1282 243 FRIDERICI
1301 214 1350 241 111.
1387 214 1462 242 1314.
1497 214 1618 241 Nr.101.
1638 213 1696 241 102.
1716 213 1773 241 103.

318 311 379 342 bus
402 309 547 352 patribus
570 307 708 339 dominis
731 307 829 338 Petro
853 305 1069 346 Magunt(in0)
1093 306 1127 335 et
1147 301 1343 342 Bald(wino)
1364 300 1555 333 Treverensi
1578 300 1827 342 archiepiscopis
1848 309 1974 332 necnon

320 361 493 394 excellenti
527 360 656 391 domino
690 358 834 389 Iohanne
868 356 1065 387 Boemorum
1102 364 1181 395 rege
1215 363 1253 385 ac
1287 353 1403 385 illustri
1435 354 1579 395 principe
1610 353 1739 384 domino
1759 352 1972 384 Woldemaro

319 411 624 453 Brandenburgensi
648 409 847 447 marchione,
869 408 985 438 nostris
1009 405 1253 445 coelectoribus,
1277 405 1349 437 aliis
1371 405 1503 436 minime
1527 404 1791 446 conpmentihus,
1817 404 1974 436 interesse

319 464 542 497 recusantibus
569 473 628 494 nec
658 472 716 503 pro
744 471 779 491 se
806 458 1021 499 mittentibus,
1056 468 1098 489 ex
1130 468 1193 499 quo
1220 456 1365 498 plenaria
1393 459 1538 498 potestas
1562 456 1750 487 nominandi
1777 458 1811 487 et
1833 455 1975 497 eligendi

319 526 491 559 personam
514 514 675 555 ydoneam
697 513 729 543 in
751 511 973 542 Romanorum
996 520 1109 551 regem
1136 519 1237 551 penes
1263 519 1321 539 nos
1348 511 1534 550 presentes·
1557 507 1739 549 residebat,
1761 506 1895 539 vocibus
1917 506 1990 538 ab?

320 568 460 600 sentium
483 565 634 598 extinctis
658 563 764 605 quoad
789 562 927 594 eandem
951 562 1143 593 electionem
1166 563 1284 592 extunc
1307 562 1340 592 et
1362 560 1490 601 penitus
1516 559 1676 601 anullatis,
1764 560 1797 590 in
1818 558 1975 590 illustrem

319 619 498 661 principem
522 617 686 648 dominum
710 613 928 654 Lud(wicun1)
952 613 1103 645 comitem
1126 612 1303 654 palatinum
1318 610 1403 643 Reni
1425 611 1540 643 ducem
1556 611 1717 651 Bawarie,
1736 610 1975 652 virumrutique

319 669 490 712 providum
515 671 549 699 et
572 669 850 708 circumspectum,
875 665 983 696 divina
1005 665 1180 706 inspirante
1197 663 1374 695 clemencia
1393 665 1502 694 nostra
1517 666 1593 694 vota
1617 662 1792 694 direximus
1816 664 1849 694 et
1870 662 1976 704 ipsum

320 723 353 753 in
376 731 488 762 regem
511 719 734 751 Romanorum
758 716 961 748 concorditer
984 715 1134 747 duximus
1157 714 1352 757 eligendum.
1440 714 1598 750 Quocirca
1614 714 1819 746 dilectionem
1835 716 1977 745 vestram

322 773 533 814 requirimus,
561 771 728 802 hortamur
760 772 793 800 et
821 768 990 810 diligentia
1018 778 1081 809 qua
1110 777 1280 809 possumus
1303 769 1336 798 et
1359 769 1513 807 quantum
1540 767 1572 797 in
1594 765 1687 797 nobis
1709 769 1760 798 est
1782 765 1978 797 consulendo

318 824 571 863 demandamus,
606 822 756 864 quatinus
783 820 890 852 eidem
923 819 1052 851 domino
1081 817 1267 860 Lud(wico)
1295 820 1461 859 tamquam
1483 818 1516 849 in
1538 817 1759 849 Romanorum
1781 827 1894 859 regem
1916 817 1978 849 rite

320 880 355 908 et
382 875 582 908 concorditer
612 874 715 905 electo
745 872 904 903 obediatis
934 875 968 903 et
997 871 1138 903 fideliter
1165 870 1339 902 intendatis
1370 869 1495 911 sibique
1525 880 1582 901 vos
1608 873 1775 911 promptos
1809 869 1851 901 ad
1877 869 1978 901 bene-

320 928 441 970 placita
477 927 589 968 quevis
623 929 790 966 tamquam
826 934 904 955 vero
937 926 1046 955 vestro
1080 922 1210 954 domino
1245 921 1426 954 exhibeatis
1460 924 1494 952 et
1526 925 1666 962 paratos.
1711 921 1835 953 Taliter
1862 921 1979 952 nostris

319 979 450 1011 monitis
481 982 514 1010 et
545 976 782 1008 hortationibus
809 975 960 1007 benivole
985 978 1178 1015 annuentes,
1205 976 1242 1005 ut
1267 974 1382 1005 vestris
1408 972 1599 1014 honoribus,
1626 973 1804 1005 commodis
1827 975 1860 1005 et
1881 972 1978 1004 liber-

321 1031 440 1063 tatibus
479 1031 548 1071 ipse
583 1029 732 1060 dominus
769 1038 829 1059 rex
865 1031 899 1059 et
930 1038 989 1058 nos
1022 1027 1185 1068 principes
1223 1025 1388 1067 oportunis
1422 1024 1622 1067 temporibus
1657 1025 1826 1057 intendere
1862 1025 1978 1057 merito

320 1082 530 1114 delectemur.

428 1134 548 1165 Datum
578 1134 611 1164 in
641 1132 753 1164 castris
780 1130 867 1173 apud
889 1129 1132 1170 Frankenfurd,
1165 1140 1248 1161 anno
1271 1127 1404 1160 Domini
1425 1127 1596 1159 millesimo
1619 1127 1702 1160 CCC
1725 1127 1979 1170 quartodecimo,

321 1186 379 1217 XI.
403 1185 519 1217 Kalen.
543 1184 748 1216 Novembris.

706 1332 789 1367 102.
823 1331 906 1367 103.
947 1331 1132 1366 Decretum
1158 1329 1337 1365 electionis.
1445 1328 1517 1364 Oct.
1538 1329 1601 1364 23.

434 1406 615 1448 Oriyinalia
630 1407 693 1438 duo
713 1406 743 1438 A
767 1408 797 1437 et
810 1406 839 1437 B
862 1406 898 1437 in
913 1404 1072 1437 tabulario
1086 1407 1200 1437 secreto
1215 1404 1326 1436 domus
1341 1404 1445 1446 reyiae
1459 1403 1659 1436 Bawaricae.
1700 1401 1899 1436 Contulimus
1912 1412 1979 1434 nos.

432 1468 463 1499 Α
490 1467 649 1507 exemplar
678 1466 908 1508 archiepiscopi
937 1466 1134 1507 Moquutini.
1185 1464 1330 1497 Pendeat
1357 1464 1464 1506 siyiua
1496 1464 1562 1503 filis
1588 1463 1698 1496 servicis
1725 1463 1815 1496 rubei
1842 1462 1981 1503 flavique

322 1520 452 1558 coloris,·
486 1520 551 1551 tria
573 1520 639 1560 fere
659 1519 771 1550 illaesa
789 1521 875 1557 sunt,
905 1517 1003 1559 siqilli
1022 1518 1104 1558 regis
1123 1517 1297 1550 Bohemiae
1318 1516 1502 1560 fraymenta
1528 1518 1652 1549 tantum
1677 1516 1894 1548 inveniuntur.
1937 1515 1981 1547 In

323 1571 515 1604 cancellaria
543 1571 722 1603 Trevirensi
744 1570 851 1602 eadem
873 1581 973 1602 manu
995 1580 1033 1602 ac
1056 1569 1095 1608 B,
1117 1569 1172 1601 sed
1188 1568 1298 1609 paullo
1320 1569 1527 1610 neqliyentius
1548 1568 1701 1608 scriplum
1722 1570 1776 1599 est.
1821 1567 1866 1599 In
1879 1566 1979 1607 plica,

323 1626 360 1655 ut
397 1623 502 1664 siyilla
538 1633 595 1655 suo
628 1623 771 1663 quodque
809 1622 873 1654 loco
911 1621 1181 1662 appenderentur,
1226 1620 1334 1653 cadem
1370 1631 1470 1652 manu
1506 1620 1626 1660 scripta
1666 1621 1742 1651 sunt
1778 1618 1872 1651 haec:
1920 1618 1980 1651 dfis

323 1675 468 1717 Magunt.
549 1675 623 1707 Rex
638 1674 742 1706 Boeffi
822 1674 967 1706 Marchio
991 1672 1111 1705 Brand.
1188 1672 1266 1704 Dux
1290 1672 1409 1704 Saxoii.

432 1736 460 1767 B
476 1735 635 1776 exemplar
650 1735 878 1775 archiepiscopi
901 1734 1110 1766 Treverensis.
1147 1732 1291 1764 Pendent
1309 1732 1415 1773 sigilla
1436 1733 1510 1764 item
1531 1731 1597 1772 filis
1617 1731 1727 1763 sericis
1741 1730 1831 1762 rubei
1844 1730 1982 1770 flavique

332 1788 460 1828 coloris,·
492 1789 558 1820 tria
588 1787 664 1828 plus
690 1788 833 1820 minusve
862 1786 948 1818 laesa
975 1787 1065 1824 sunt,
1098 1784 1237 1827 siyillum
1268 1785 1360 1816 ducis
1385 1783 1548 1817 Saxoniae
1569 1783 1640 1825 fere
1664 1782 1817 1814 illaesum,
1859 1781 1983 1814 Eadem

328 1850 429 1871 manu
452 1850 490 1871 ac
512 1839 553 1878 A,
576 1839 632 1871 sed
652 1839 839 1871 accuratius
859 1839 1013 1878 scriptum
1036 1842 1090 1872 est.
1133 1839 1177 1872 In
1191 1838 1282 1879 plica
1304 1837 1372 1870 alia
1393 1847 1502 1876 manu,
1524 1839 1629 1868 tamen
1651 1834 1858 1875 cancellariae
1877 1833 1983 1866 Trevi-

325 1891 428 1922 rensis
459 1891 580 1930 scripta
613 1893 689 1922 sunt
723 1890 817 1922 haec:
864 1891 995 1923 Trever.
1083 1891 1210 1923 Boheffi
1233 1900 1292 1922 rex
1378 1889 1522 1921 Marchio
1550 1886 1828 1928 Brandinburgen.
1916 1885 1983 1917 dux

327 1941 478 1974 Saxonie.
503 1961 545 1965 —
567 1941 630 1973 Ed.
651 1941 786 1974 Gewold
807 1942 854 1973 ‘de
876 1943 1109 1982 septemviratu’
1130 1943 1245 1983 (1616)
1262 1952 1338 1982 pay.
1354 1943 1397 1972 44
1418 1951 1456 1973 ex
1477 1941 1515 1972 B.

434 2002 580 2040 Bo'hmer,
602 2002 677 2042 Roy.
702 2002 815 2034 Ludw.
832 2013 869 2043 p.
884 2005 950 2035 238
973 2003 1206 2036 Rcichssachen
1225 2013 1276 2035 nr.
1293 2003 1346 2035 41.

442 2063 530 2102 Quae
551 2063 743 2094 concordant
766 2073 838 2094 cum
860 2062 993 2096 Decreto
1015 2065 1096 2096 anni
1119 2064 1214 2095 1308.
1238 2073 1339 2105 supra
1362 2065 1434 2094 tom.
1451 2061 1505 2094 IV
1524 2071 1574 2093 nr.
1590 2061 1664 2098 262,
1687 2069 1725 2091 ea
1746 2059 1831 2100 typis
1851 2058 1982 2090 minori-

328 2114 385 2145 bus
406 2124 538 2146 excussa
559 2117 644 2146 sunt.

357 2214 426 2244 102.
461 2213 635 2253 Exemplar
656 2213 884 2254 archiepiscopi
905 2214 1101 2255 Moquntim'.

707 2279 750 2309 A.

394 2332 431 2363 In
454 2333 582 2364 nomine
605 2333 736 2365 Domini
758 2344 863 2368 amen.

395 2388 577 2416 Sanctissimo
602 2390 632 2416 in
654 2390 766 2417 Christo
786 2390 862 2424 patri
885 2399 918 2417 ac
939 2390 1053 2418 domino
1077 2399 1127 2417 suo

329 2440 465 2467 domino*
497 2443 674 2468 sacrosancte
706 2441 832 2469 Romane
867 2447 904 2468 ac
938 2437 1128 2469 universalis

927 2489 1044 2521 Petrus
1064 2489 1129 2521 Dei

331 2541 364 2570 et
396 2539 575 2581 apostolice
608 2539 693 2571 sedis
721 2541 831 2581 gracia
858 2544 967 2572 sancte
991 2541 1127 2582 Magun-

330 2590 424 2633 t(ine)
448 2591 533 2622 sedis
551 2591 813 2633 archiepiscopus
831 2593 912 2623 sacri
927 2592 1055 2633 imperii
1070 2602 1130 2633 per

331 2641 540 2674 Germaniam
560 2643 871 2684 archicancellarius,
887 2643 1050 2675 Iohannes
1065 2643 1130 2675 Dei

331 2694 440 2735 gracia
455 2693 590 2726 Boemie
607 2698 640 2726 et
655 2694 791 2726 Polonie
814 2705 883 2735 rex,
899 2694 1130 2726 Woldemarus

331 2745 473 2777 marchio
490 2745 811 2788 Brandenburgensis
831 2757 870 2778 ac
886 2746 1047 2778 Iohannes
1064 2746 1130 2777 dux

331 2491 448 2519 ecclesie
472 2501 579 2519 summo
602 2492 730 2527 pontifici
754 2488 860 2520 futuro

436 2839 500 2867 101.
527 2840 551 2873 ⁸)
569 2849 581 2865 r
599 2849 677 2873 super
694 2849 708 2866 e
726 2850 793 2866 corr.
813 2850 850 2866 or.

1205 2216 1275 2246 103.
1309 2211 1484 2252 Exemplar
1505 2210 1732 2252 archicpiscopi
1756 2209 1963 2242 Trevirensis.

1561 2275 1604 2307 B.

1243 2334 1283 2365 In
1304 2334 1434 2365 nomine
1458 2332 1589 2364 Domini
1612 2341 1718 2365 amen.

1245 2388 1427 2416 Sanctissimo
1446 2394 1484 2415 ae
1496 2376 1724 2415 beatissimo'in
1737 2384 1848 2412 christo
1862 2384 1938 2420 patri
1950 2393 1983 2411 ac

1181 2441 1307 2468 domino*
1327 2439 1454 2467 domino*
1467 2440 1643 2466 sacrosancte
1660 2438 1785 2465 Romane
1801 2428 1839 2464 ac
1855 2432 1983 2464 univer-

1181 2489 1254 2520 salis
1277 2491 1394 2519 ecclesie
1412 2499 1519 2518 summo
1537 2489 1664 2525 pontifici
1679 2485 1787 2517 futuro
1846 2483 1983 2525 Bald(u-

1181 2541 1274 2582 ynus)
1297 2540 1361 2571 Dei
1385 2542 1418 2571 et
1438 2538 1616 2580 apostolice
1632 2537 1719 2569 sedis
1735 2536 1845 2579 gracia
1861 2535 1983 2572 Treve7

1181 2592 1283 2623 rensis
1307 2591 1443 2623 ecclesie
1468 2590 1732 2632 archiepiscopus
1751 2588 1833 2620 sacri
1855 2587 1984 2629 imperii

1182 2654 1241 2685 per
1256 2642 1397 2674 Galliam
1413 2641 1725 2682 archicancellarius,
1740 2639 1902 2672 Iohannes
1917 2638 1982 2670 Dei

1182 2695 1292 2737 gracia
1307 2694 1444 2726 Boemie
1468 2696 1501 2726 et
1516 2693 1652 2725 Polonie
1672 2703 1741 2731 rex,
1753 2690 1985 2722 Woldemarus

1183 2746 1326 2778 marchio
1343 2745 1665 2787 Brandenburgensis
1687 2754 1725 2775 ac
1741 2743 1903 2775 Iohannes
1918 2741 1985 2773 dux

1997 773 2023 792 1⁰

1997 1031 2022 1050 1⁵

2002 2841 2029 2861 4⁵
