2184 3126
329 173 392 203 600
514 170 610 198 ACTA
628 169 741 197 REGNI
761 168 943 196 LUDEWICI
963 167 1010 194 1v.
1029 166 1075 193 ΕΤ
1094 165 1280 192 FRIDERICI
1299 165 1349 192 111.
1386 164 1461 192 1323.
1497 164 1547 192 Nr.
1561 164 1620 192 766.
1640 165 1699 192 76⁷.
1719 164 1776 192 768.

328 267 396 289 war
423 257 510 289 unde
541 259 637 288 stette
667 255 752 287 unde
782 258 872 286 veste
895 253 1033 294 verlibe,
1064 264 1099 285 so
1129 253 1259 285 henken
1294 253 1351 284 wir
1386 252 1438 284 die
1460 255 1683 295 vorgenanten
1713 277 1720 284 .
1746 277 1753 284 .
1783 253 1853 285 rete
1886 263 1986 286 unser

331 311 414 341 stete
437 308 615 350 ingesigele
639 318 679 339 an
702 307 792 338 disen
815 305 887 338 brif.

436 360 504 392 Der
531 363 611 391 wart
638 358 743 400 geben
771 358 812 389 do
842 369 917 389 man
949 357 1032 388 zalte
1061 367 1122 388 von
1152 356 1274 388 Oristes
1301 355 1439 398 gebfirte
1470 355 1774 388 druzehenhundert
1796 357 1869 397 jare
1898 357 1984 390 unde

330 411 632 451 druundezwentzig
651 410 704 450 jar
727 415 796 440 anss.

414 585 658 629 767-778,
700 581 1031 628 LUDEWICI
1059 581 1385 628 LITTERAE
1411 581 1543 629 PRO
1572 582 1901 630 DIVERSIS.
2016 600 2029 621 ι

883 658 992 694 1323.
1034 658 1101 694 Iul.
1124 657 1352 703 30.—Aug.
1374 657 1435 695 28.

778 761 864 797 767.
908 761 1061 805 Quitatio
1089 763 1278 796 stararnrn.
1384 761 1456 798 Iul.
1476 762 1535 797 30.

439 832 598 873 Oriyimle
626 832 661 863 in
688 831 847 863 tabulario
874 830 1014 871 yenerali
1043 830 1133 872 reyni
1154 830 1324 863 Bawarici
1344 831 1437 863 KLS
1460 841 1510 864 nr.
1531 831 1605 864 262.
1651 830 1890 872 Descripsimus
1920 841 1985 864 nos.
2018 869 2020 873 .

328 884 448 917 Pendet
469 882 608 924 siyillurn
626 883 697 925 fere
719 882 864 915 illaesum
887 882 952 914 loro
973 882 1217 915 mambranaceo.
1239 900 1283 905 —
1306 882 1480 915 Ineditum.

395 952 402 963 ·
435 944 581 983 Bahman
604 944 679 984 Rey.
696 943 808 975 Ludw.
819 953 854 982 p.
872 942 914 974 35
937 953 987 975 nr.
1005 943 1078 975 603.
2005 960 2032 980 ω

435 1013 508 1044 Wir
530 1012 707 1044 Ludowich
734 1022 796 1043 von
820 1011 922 1042 Gotes
945 1010 1094 1052 genaden
1116 1010 1310 1043 Romischer
1333 1010 1471 1043 chfinich
1497 1022 1534 1043 ze
1562 1011 1649 1044 allen
1671 1012 1777 1044 zeiten
1798 1022 1906 1045 merer
1928 1011 1988 1045 des

327 1066 433 1097 riches
447 1065 604 1105 verjehen
620 1063 770 1095 offenlich
793 1074 834 1094 an
858 1063 959 1094 disem
984 1062 1077 1104 brief,
1101 1062 1161 1094 daz
1183 1073 1243 1094 uns
1265 1073 1362 1095 unser
1376 1062 1462 1096 liebe
1482 1063 1617 1106 getriwe
1639 1074 1760 1106 purger
1780 1075 1844 1096 von
1858 1064 1986 1097 Nfiren-

215 1123 314 1145 Nov-n-
328 1117 408 1159 berg
430 1126 526 1148 unser
549 1119 678 1156 stewer,
707 1115 760 1146 die
787 1115 814 1146 si
842 1125 902 1146 uns
934 1125 977 1146 nu
1004 1114 1063 1146 auf
1089 1114 1169 1146 saud
1192 1115 1357 1157 Marteyns
1387 1118 1444 1157 tag
1473 1115 1531 1147 der
1553 1115 1690 1148 schierst
1712 1115 1823 1147 chfimt
1843 1115 1910 1148 und
1931 1115 1992 1148 auf

212 1168 312 1213 53²2]
329 1172 399 1200 sant
418 1169 582 1209 Marteyns
605 1167 678 1198 tach
701 1167 764 1198 den
780 1167 944 1198 naechsten
967 1166 1026 1198 dar
1048 1166 1141 1208 nach,
1165 1166 1225 1198 daz
1247 1167 1289 1200 ist
1309 1177 1372 1198 von
1388 1167 1464 1199 dem
1479 1178 1523 1199 nu
1545 1167 1626 1199 saud
1640 1168 1806 1209 Marteyns
1829 1171 1885 1210 tag
1906 1167 1988 1201 uber
2020 1186 2023 1188 -

328 1221 379 1253 ein
399 1221 452 1261 jar
474 1219 579 1261 geben
602 1219 716 1260 solten,
740 1218 861 1250 ietzfint
882 1218 1032 1260 gegeben
1054 1218 1119 1250 und
1143 1218 1319 1251 verrichtet
1341 1218 1474 1250 habent.
1519 1218 1594 1250 Und
1618 1229 1717 1261 sagen
1745 1219 1771 1250 si
1795 1219 1853 1252 der
1876 1219 1988 1253 selben
2006 1235 2032 1256 ιι

326 1272 423 1303 zwair
445 1275 575 1319 stewer,
604 1270 663 1302 daz
690 1271 731 1301 ist
752 1280 815 1301 von
839 1269 919 1302 saud
941 1270 1107 1312 Marteyns
1134 1273 1191 1312 tag
1214 1270 1272 1302 der
1294 1281 1338 1302 nu
1361 1270 1498 1303 schierst
1520 1270 1631 1302 chumt
1652 1270 1735 1331 uber
1757 1271 1837 1303 zwai
1860 1272 1989 1314 gaumiu

324 1324 385 1365 jar,
409 1323 516 1355 ledich
539 1322 604 1354 und
627 1322 677 1353 loz
700 1322 760 1353 mit
783 1322 885 1354 disem
909 1321 1003 1354 brief.

369 1379 372 1382 ⁴
435 1375 503 1406 Der
525 1374 631 1416 geben
653 1374 695 1405 ist
723 1384 760 1405 ze
783 1373 991 1415 Nfirenberg,
1020 1384 1061 1405 an
1093 1373 1168 1406 dem
1193 1373 1360 1416 Samtztag
1388 1373 1470 1405 nach
1494 1373 1574 1406 saud
1597 1373 1718 1406 Jacobs
1741 1377 1812 1417 tag,
1841 1375 1883 1407 do
1913 1384 1990 1407 man

326 1427 391 1459 zalt
413 1437 475 1458 von
495 1426 638 1458 Ohristes
660 1425 793 1468 gcburtt
815 1425 1155 1458 dreutzehenhundcrt
1173 1426 1227 1467 jar
1250 1426 1309 1458 dar
1330 1425 1412 1457 nach
1436 1426 1467 1457 in
1493 1425 1567 1457 dem
1593 1425 1990 1468 dreiundzwaeintzigisteu

325 1480 387 1520 jar,
410 1480 442 1510 in
466 1478 540 1510 dem
563 1477 712 1510 neunden
733 1478 786 1518 jar
808 1487 921 1509 unsers
943 1477 1058 1509 riches.
2007 1494 2034 1514 ,0

572 1585 657 1620 768.
700 1584 926 1629 Confirmatio
955 1587 1149 1620 contractus
1179 1583 1401 1621 matrimonii.
1513 1583 1606 1627 (Iul.
1635 1584 1725 1630 Any.
1725 1585 1749 1629 )

441 1659 540 1699 Copia
563 1658 618 1700 (c.)
646 1659 682 1690 in
708 1658 892 1690 CartuZario
914 1658 1124 1700 Haynoraensi
1145 1659 1195 1692 II.
1218 1669 1269 1691 nr.
1290 1659 1332 1690 50
1359 1659 1514 1692 tabularii
1537 1658 1732 1698 Ire-salensis,
1764 1659 1819 1691 ubi
1841 1658 1992 1691 rubrum:
2025 1690 2029 1695 ,

329 1711 369 1743 Li
397 1710 446 1742 dis
473 1721 546 1751 roys
575 1709 737 1743 conferme
764 1711 796 1742 le
825 1710 966 1743 dowaire
993 1711 1144 1743 medame
1171 1711 1213 1743 de
1241 1711 1355 1743 Iulers.
1405 1710 1606 1744 Contulimus
1632 1721 1699 1743 noa
1727 1729 1769 1735 ——
1799 1710 1863 1743 Ed.
1885 1710 1924 1743 L.
1947 1710 1990 1744 Α..

329 1762 445 1801 Pfeffel
466 1763 501 1794 in
523 1762 697 1802 Zepernick
718 1762 893 1794 Analecta’
916 1762 966 1801 11,
991 1763 1055 1794 153
1076 1773 1126 1795 nr.
1143 1765 1164 1794 3
1187 1773 1226 1795 ea:
1249 1773 1275 1795 c.

437 1818 583 1857 Bo'hmem
606 1818 683 1859 Rey.
701 1818 813 1850 Ludw.
830 1818 923 1850 deest.
2009 1829 2036 1850 ιι

442 1874 716 1914 Confirmattonem
739 1874 833 1914 reyis,
865 1884 947 1914 quae
976 1874 1051 1906 dato
1079 1877 1178 1913 caret,
1207 1874 1317 1914 paullo
1337 1877 1414 1914 post
1445 1874 1569 1907 litteras
1590 1875 1714 1907 comitis
1735 1874 1929 1907 Iuliaoensis
1955 1875 1992 1907 in

331 1926 534 1958 adnotatione
556 1926 671 1957 citatas
694 1926 898 1964 emanavisse,
921 1926 1050 1965 opinari
1071 1925 1152 1958 licet.

438 1995 506 2026 Nos
535 1994 719 2026 Ludovicus
747 1998 779 2026 et
807 1998 868 2027 cet.
892 1994 1023 2036 publice
1055 1994 1259 2036 profitemur,
1290 1994 1377 2036 quod
1405 2005 1478 2026 cum
1507 1995 1703 2038 spectabiles
1730 1996 1790 2027 viri
1805 1995 1992 2028 Willelmus

331 2046 496 2086 Hanonie,
522 2045 697 2077 Hollandie
727 2049 759 2078 et
783 2045 958 2078 Zeelandie
985 2055 1111 2082 necnon
1134 2045 1301 2078 Gerardus
1323 2046 1515 2078 Iuliacensis
1538 2047 1673 2079 comites
1687 2047 1857 2079 willelmo
1881 2050 1915 2079 et
1935 2047 1990 2080 Io-

330 2097 435 2129 hanne
464 2097 573 2129 liberis
599 2099 742 2139 ipsorum
770 2099 1011 2129 matrimonium
1039 2099 1259 2130 contraxerint
1293 2108 1350 2130 eos
1380 2098 1423 2130 ad
1458 2099 1596 2131 invicem
1624 2098 1806 2141 copulando
1835 2109 1874 2130 ac
1901 2099 1990 2131 idem
2008 2112 2037 2133 ιο

332 2159 440 2179 comes
467 2149 653 2180 Iuliacensis
676 2149 878 2181 Willelmum
905 2149 1006 2181 filium
1034 2160 1125 2181 suum
1153 2149 1317 2191 prefatum
1348 2150 1381 2181 in
1410 2150 1565 2183 comitatu
1587 2150 1760 2182 Iuliacensi
1788 2150 1992 2183 adheredarc

331 2200 528 2241 promiserit,
558 2202 639 2232 sicut
666 2201 873 2242 postmodum
898 2201 938 2233 de
963 2202 1095 2233 consilio
1119 2202 1295 2233 amicorum
1324 2205 1358 2233 et
1387 2201 1543 2234 nobilium
1570 2205 1656 2235 terre
1685 2213 1756 2243 sue,
1789 2202 1830 2234 dc
1859 2212 1994 2235 assensu
2027 2219 2030 2222 ·

334 2261 461 2292 quoque
486 2252 678 2284 conthoralis
701 2264 758 2284 sue
782 2257 814 2285 et
836 2253 975 2285 filiorum
998 2264 1127 2285 suorum
1151 2253 1327 2285 dinoscitur
1350 2253 1538 2295 perfecisse,
1566 2254 1676 2296 plures
1698 2254 1796 2286 etiam
1819 2254 1894 2286 hinc
1916 2253 1993 2287 inde

332 2302 417 2333 inter
440 2303 572 2334 comites
595 2303 757 2345 predictos
773 2307 925 2346 pretextu
943 2308 1125 2336 contractus
1144 2305 1340 2336 matrimonii
1363 2305 1547 2337 huiusmodi
1564 2306 1802 2347 conventiones,
1825 2307 1993 2347 promissi<-

335 2364 412 2385 ones
435 2357 467 2385 et
490 2357 584 2395 pacta
607 2356 861 2397 intercesserint,
894 2360 990 2398 prout
1020 2357 1052 2388 in
1084 2356 1200 2388 litteris
1229 2357 1313 2388 inter
1344 2359 1454 2398 partes
1477 2366 1574 2399 super
1597 2367 1636 2389 eo
1659 2358 1848 2399 conscriptis
1869 2357 1992 2400 liquide
2011 2369 2038 2390 ιε

335 2406 544 2447 continetur1‚
631 2418 690 2439 nos
713 2408 754 2439 ad
781 2409 957 2440 eorundem
986 2409 1139 2440 comitum
1169 2419 1373 2440 communem
1396 2409 1592 2450 peticionem
1616 2409 1724 2441 omnia
1747 2412 1781 2441 et
1807 2410 1933 2451 singula
1960 2410 1994 2442 in

336 2456 458 2488 eisdem
475 2457 589 2488 litteris
606 2462 754 2491 contenta
770 2460 987 2501 approbamus
1010 2463 1044 2492 et
1059 2460 1284 2492 confirmamus
1305 2471 1342 2492 ac
1366 2461 1436 2502 ipsa
1459 2461 1702 2502 auctorisamus,
1727 2460 1930 2494 declarantes
1953 2472 1993 2494 ea

336 2507 376 2539 de
399 2511 507 2539 nostro
537 2519 574 2540 ac
597 2510 836 2543 karissimorum
867 2512 1070 2544 fratruelium
1099 2516 1280 2544 nostrorum
1303 2512 1429 2554 Adolfi,
1459 2511 1590 2544 Rudolfi
1618 2515 1652 2545 et
1672 2513 1811 2554 Ruperti
1839 2506 1992 2544 comitum

335 2559 550 2600 palatinorum
574 2560 665 2602 Reny
690 2566 722 2593 et
745 2563 861 2595 ducum
884 2564 1023 2596 Bavarie
1047 2574 1179 2596 assensu
1209 2567 1243 2596 et
1265 2564 1470 2606 beneplacito
1493 2564 1580 2596 sacta
1604 2574 1683 2597 esse.
1772 2565 1810 2596 In
1834 2565 1922 2596 cuius
1944 2564 1992 2596 rei

336 2611 555 2643 testimonium
579 2616 746 2653 presentes
770 2615 926 2647 conscribi
951 2619 983 2648 et
1006 2616 1112 2658 sigillo
1136 2616 1314 2649 maiestatis
1338 2619 1372 2648 et
1394 2619 1456 2648 cet.
1986 2620 1988 2623 ’
2008 2626 2037 2647 40

442 2688 507 2715 766.
534 2688 559 2722 8)
578 2691 614 2715 ita
633 2691 695 2716 desir
696 2697 750 2717 zant
770 2693 848 2723 1-3;
866 2695 915 2720 riel
907 2703 967 2727 iqua
985 2695 1039 2720 dean
1035 2695 1176 2721 Qderamur

442 2747 467 2782 1)
487 2747 606 2775 Litteras
625 2750 725 2776 comitis
744 2751 903 2779 Ialiacensis
923 2761 1001 2786 super
1019 2756 1139 2780 tractata
1160 2762 1215 2780 «ατη
1237 2753 1476 2781 a.1317.1un.24
1494 2753 1586 2780 habito
1610 2753 1750 2799 (Devenere
1769 2753 1824 2779 loco
1846 2760 1933 2787 supra
1954 2751 1993 2778 ad

337 2797 379 2817 nr.
393 2792 438 2817 131
456 2790 536 2817 citato
554 2791 613 2824 III,
635 2796 677 2818 711
695 2801 737 2820 nr.
752 2796 811 2827 482)
831 2804 856 2821 a.
870 2798 938 2822 1323.
958 2796 1021 2823 Iun.
1036 2800 1075 2824 26.
1093 2796 1173 2823 datas
1193 2805 1212 2823 υ.
1225 2797 1357 2824 Devillers
1375 2797 1434 2830 ΙΙΙ,
1449 2799 1509 2825 800.

2177 2261 2184 2324 -..μ
2180 2122 2184 2226 .....,
