2190 3172
435 167 534 196 ACTA
553 166 870 196 REGNILUDEWJCI
889 167 936 194 lv.
955 166 1002 195 ET
1020 166 1205 196 anssmcl
1224 167 1274 195 111.
1310 167 1385 196 1315.
1423 167 1471 196 Nr.
1484 169 1543 196 226.
1563 169 1622 197 227.
1793 174 1853 204 199

199 257 329 288 nostros
351 255 501 297 congruis
517 253 805 298 intercessionibus
827 254 1020 295 insistamus,
1044 255 1272 296 paternitatem
1296 259 1450 295 vestram,
1474 266 1571 298 quam
1594 255 1635 288 ad
1659 256 1854 289 benevolen-

203 305 286 338 ciam
308 309 451 338 nostram
474 306 591 339 scimus
608 315 684 339 ,esse
708 309 873 348 paratam,
901 306 1080 338 intrinsecis
1107 306 1277 339 affectibus
1300 306 1529 350 deprecamur,
1557 308 1706 350 quatinus
1728 319 1852 340 memo-

202 360 306 390 ratum
337 367 448 400 regem
484 358 517 390 in
544 358 613 390 iure
641 355 720 401 s[uo]
750 367 792 390 ex
822 357 977 400 predictis
1007 357 1186 398 eleccione,
1215 358 1403 391 inunecione
1436 362 1468 391 et
1491 360 1703 392 coronacione
1727 362 1853 402 quesite

204 408 274 441 loco
305 411 338 442 et
367 410 730 452 tempore'opportunis
757 410 874 441 nostris
904 409 1053 451 precibus
1082 413 1116 441 et
1143 411 1240 442 nostri
1268 409 1569 454 [oantemplaoione
1599 410 1753 455 hono[r]is
1776 422 1852 443 con-

153 468 183 494 ,1
202 459 312 492 fovere
345 460 474 503 placeat
503 465 536 493 et
557 460 664 493 velitis
691 471 729 493 ac
759 461 871 493 auxilii
894 461 992 493 vestri
1015 471 1111 503 opem
1135 466 1168 493 et
1196 472 1296 504 opera
1319 461 1556 506 effecstualiter]
1581 462 1796 507 [i]mp[ertiri?
1820 468 1853 496 et

201 510 357 556 sinJistros
379 515 512 545 conatus
535 519 808 556 quorumcumque
838 512 898 545 sibi
925 512 1091 545 adversari
1114 514 1294 546 volencium
1323 515 1451 556 paterni
1474 514 1593 547 favoris
1618 514 1852 559 be[nivolencia

201 566 235 596 et
257 562 579 607 circuszpeccioneb
602 563 738 606 provida
759 564 935 598 refrenare.
979 564 1052 597 Hec
1075 568 1185 598 autem
1209 577 1333 599 summe
1357 567 1486 609 placida
1502 567 1696 609 recipiemus
1712 571 1745 599 et
1759 571 1853 609 grata

194 618 236 648 et
262 615 304 648 ad
329 614 350 659 [.
367 639 375 648 .
393 614 442 659 .]⁰.
489 614 523 647 si
553 623 617 658 qua
643 616 676 661 in
702 616 811 659 regnis
838 619 871 649 et
898 617 991 650 terris
1014 618 1130 649 nostris
1153 618 1281 659 placida
1305 619 1396 650 vobis
1419 619 1631 659 occurrerint,
1660 619 1853 652 fiducialiter

200 664 406 710 requi[ratis].

158 725 184 747 ιο
310 717 442 762 [Datum
465 718 584 759 Ilerde,
607 719 701 752 VIII.
717 719 795 752 Idus
817 718 946 763 Martii]‚
970 730 1054 752 anno
1077 720 1208 753 Domini
1230 720 1423 754 Mcccxv.

309 851 503 885 Reverendo
534 852 566 885 in
595 850 722 885 Christo
753 851 850 896 [patri
876 852 1020 898 domi]n0
1052 854 1227 896 A(rnaldo)
1257 854 1365 887 divina
1392 855 1601 898 providencia
1631 856 1724 888 titulo
1751 856 1851 889 Sante

198 904 310 937 Prisce
333 904 498 946 cardinali,
521 905 656 948 speciali
677 905 781 938 amico
804 908 923 938 nostro.

306 956 500 989 Reverendo
523 957 554 988 in
578 956 706 989 Christo
731 957 813 999 patri
839 956 968 989 domino
991 957 1118 1000 P(etr)o
1142 957 1182 990 de
1199 958 1380 1002 Columpna
1397 958 1504 991 divina
1519 959 1726 1002 providencia
1743 971 1849 992 sacro-

166 1001 169 1011 '
198 1012 289 1042 sante
311 1008 458 1041 Romane
482 1008 619 1050 ecclesie
642 1009 808 1050 cardinali,
832 1009 967 1051 speciali
990 1010 1094 1042 amico
1117 1010 1259 1042 nostro¹.

155 1065 180 1086 ¹⁸
306 1059 500 1093 Reverendo
523 1061 555 1092 in
579 1059 706 1093 Christo
730 1061 815 1103 patri
838 1060 968 1093 domino
992 1060 1111 1093 Iacobo
1136 1061 1176 1094 de
1193 1061 1374 1104 Columpna
1390 1062 1498 1095 divina
1519 1063 1727 1105 providencia
1742 1074 1850 1097 sacro-

198 1114 307 1145 sancte
331 1111 478 1144 Romane
502 1112 639 1145 ecclesie
663 1112 829 1154 cardinali,
853 1113 986 1155 speciali
1009 1114 1112 1145 amico
1135 1113 1275 1146 nostro'.
1744 1125 1748 1128 ’

305 1163 500 1196 Reverendo
523 1164 556 1196 in
579 1164 707 1197 Christo
730 1165 816 1206 patri
839 1164 968 1197 domino
991 1165 1102 1197 Luche
1127 1164 1235 1197 divina
1255 1165 1463 1208 providencia
1479 1165 1596 1199 Sancte
1612 1166 1716 1200 Marie
1740 1167 1771 1199 in
1787 1167 1850 1200 Via

197 1216 265 1248 lata
288 1216 425 1248 diacono
449 1216 616 1256 cardinali,
639 1216 810 1249 karissimo
834 1217 1073 1260 consanguineo
1095 1220 1214 1249 nostro.

305 1267 499 1300 Reverendo
522 1267 555 1299 in
578 1266 706 1300 Christo
730 1269 814 1310 patri
842 1268 972 1301 domino
1000 1268 1182 1311 Napoleoni
1212 1268 1320 1301 divina
1347 1270 1555 1312 providencia
1583 1270 1692 1303 Sancti
1713 1270 1848 1303 Adriani

153 1322 180 1343 ’⁰
197 1320 333 1353 diacono
357 1320 522 1360 cardinali,
545 1320 678 1362 speciali
701 1321 804 1353 amico
828 1323 936 1353 nostro
947 1321 969 1352 ⁸.

193 1372 195 1375 “
305 1370 499 1404 Reverendo
523 1372 556 1404 in
579 1372 706 1405 Christo
731 1373 814 1415 patri
838 1373 967 1405 domino
991 1373 1165 1415 A(rnaldo)
1189 1373 1297 1405 divina
1320 1373 1528 1416 providencia
1551 1373 1668 1406 Sancte
1690 1374 1792 1406 Marie
1817 1375 1847 1406 in

197 1423 329 1456 Porticu
352 1423 487 1456 diacono
512 1423 675 1466 cardinali,
700 1425 831 1467 speciali
855 1425 959 1457 amico
982 1428 1102 1457 nostro.

371 1555 456 1592 227.
497 1555 653 1593 Litterae
679 1556 847 1593 breviores
873 1556 954 1593 aliis
980 1556 1219 1593 cardinalibus
1245 1557 1404 1593 directae.
1509 1557 1622 1593 Mart.
1642 1558 1676 1593 8.

307 1629 407 1670 Copta
429 1630 486 1672 (c.)
514 1630 629 1663 ibidem
657 1630 676 1662 l.
702 1641 727 1663 c.
757 1630 811 1670 sol.
829 1631 859 1661 5‘
886 1630 938 1663 hic
967 1630 1033 1663 illic
1059 1631 1204 1663 evanida.
1255 1630 1318 1663 Est
1339 1631 1490 1663 rubrum:
1519 1631 1594 1664 Alia
1622 1631 1724 1664 forma
1748 1633 1845 1664 infra-

153 1692 178 1713 ²³
197 1681 322 1724 scriptis
352 1678 568 1714 cardinalibus
598 1693 696 1725 super
728 1682 855 1715 eodem.
889 1702 931 1706 ——
971 1682 1033 1715 Ed.
1061 1682 1223 1724 Zeissberq
1257 1682 1277 1715 Ζ.
1300 1694 1326 1715 c.
1354 1694 1391 1724 p.
1411 1684 1453 1715 21
1484 1694 1533 1715 nr.
1556 1686 1606 1716 13.
1667 1683 1849 1716 Editionem

197 1734 378 1774 repetimus.

303 1809 496 1843 Reverendo
528 1811 560 1842 in
590 1811 718 1844 Christo
745 1812 830 1853 patri
859 1810 988 1843 domino
1016 1811 1106 1844 fratri
1135 1811 1292 1844 Nicholao
1322 1812 1430 1844 divina
1462 1812 1670 1854 providencia
1693 1814 1846 1856 episcopo

196 1861 363 1894 Hostiensi
397 1865 431 1895 et
456 1862 663 1903 Velletrensi,
698 1862 833 1905 speciali
867 1864 971 1895 amico
1004 1867 1114 1895 nostro
1217 1864 1354 1896 Iacobus
1390 1863 1451 1895 Dei
1484 1865 1594 1907 gracia
1628 1875 1687 1896 rex
1720 1866 1847 1907 Arago-

146 1926 149 1930 ’
195 1924 271 1946 num
295 1918 356 1948 etc.
445 1915 582 1947 salutem
606 1919 640 1947 et
663 1914 806 1947 debitam
830 1915 1048 1947 reverenciam
1072 1926 1144 1947 cum
1168 1915 1299 1948 honore.

153 1974 179 1995 ιο
305 1965 406 1998 Sicuti
429 1967 554 1999 noviter
577 1966 619 1998 ad
642 1970 784 1998 nostram
807 1966 1011 1998 audienciam
1037 1971 1087 1998 est
1110 1967 1294 2001 deductum.
1318 1977 1390 1999 cum
1414 1967 1578 2000 excellens
1605 1972 1639 1999 et
1660 1967 1848 2010 magnificus

195 2018 344 2060 princeps
373 2017 520 2050 dominus
548 2018 741 2050 Fredericus
769 2018 990 2050 Romanorum
1020 2029 1079 2050 rex
1110 2023 1184 2061 post
1213 2019 1410 2051 eleccionem
1438 2030 1529 2051 suam
1552 2021 1704 2052 canonice
1728 2019 1847 2051 factam

194 2069 227 2101 in
250 2079 361 2112 regem
385 2070 498 2102 fuisset
520 2070 667 2102 inunctus
690 2074 724 2102 et
745 2070 847 2112 regali
865 2069 1049 2103 diademate
1074 2072 1226 2113 exigente
1242 2072 1368 2103 iusticia
1384 2075 1563 2112 coronatus,
1587 2072 1732 2113 regimen
1755 2072 1847 2114 regni

194 2121 332 2163 predicti
362 2121 404 2154 ad
435 2121 592 2154 honorem
619 2122 848 2164 omnipotentis
876 2121 939 2154 Dei
967 2123 1108 2164 suscepit
1134 2123 1166 2154 in
1193 2133 1251 2165 spe
1286 2124 1528 2165 cooperacionis
1561 2123 1667 2155 divine
1697 2125 1845 2166 potencie

145 2186 148 2190 ’
195 2173 451 2215 gubernandum.
501 2173 648 2216 Cumque
672 2184 714 2206 ex
738 2177 903 2206 contracto
927 2173 1037 2206 debito
1061 2174 1144 2206 inter
1167 2174 1287 2206 dictum
1310 2185 1421 2216 regem
1445 2178 1478 2206 et
1500 2185 1572 2215 nos,
1602 2175 1689 2217 quod
1713 2175 1846 2207 audistis

150 2233 177 2254 ιθ
195 2228 229 2257 et
255 2225 296 2257 ob
325 2225 412 2268 quod
440 2235 515 2257 eum
538 2225 695 2257 habemus
718 2226 750 2258 in
771 2225 890 2266 filium,
913 2226 955 2257 sit
977 2236 1109 2268 equum,
1131 2230 1169 2258 ut
1191 2237 1249 2268 pro
1273 2227 1338 2258 suis
1360 2227 1503 2269 negociis
1525 2227 1668 2269 paternis
1690 2227 1845 2259 sollicitu-

195 2274 322 2308 dinibus
357 2276 562 2317 insistamus,
597 2277 826 2318 paternitatem
859 2280 1001 2308 vestram
1035 2277 1158 2309 intente
1192 2287 1376 2319 precamur,
1415 2279 1564 2320 quatinus
1598 2279 1683 2310 circa
1716 2278 1844 2310 felicem

194 2327 442 2370 expedicionem
471 2328 600 2370 negocii
630 2329 802 2360 memorati
835 2329 922 2370 regis
946 2353 952 2360 .
976 2353 983 2360 .
1007 2352 1015 2359 .
1039 2328 1146 2361 eidem
1185 2329 1290 2362 velitis
1322 2333 1356 2362 et
1392 2330 1521 2372 placeat
1554 2334 1661 2362 nostro
1696 2335 1844 2372 respectu

193 2380 373 2422 nostrisque
397 2379 550 2422 precibus
572 2379 682 2412 auxilii
705 2380 803 2412 vestri
827 2383 860 2412 et
883 2380 1002 2412 favoris
1025 2379 1147 2423 o[pe]m
1172 2382 1236 2413 suis
1252 2382 1401 2423 congruis
1417 2382 1616 2424 temporibus
1631 2382 1845 2414 effectualiter

145 2442 147 2449 ⁴
194 2430 350 2463 exhibere
374 2435 572 2474 conatusque
595 2431 656 2463 sibi
680 2431 844 2463 adversari
866 2431 1049 2464 voleneium
1073 2432 1271 2474 propulsare.
1316 2433 1387 2465 Hec
1411 2432 1571 2477 [au]t[em]
1588 2444 1711 2465 summe
1728 2434 1843 2465 nostris

151 2493 178 2514 ιο
195 2481 414 2526 [ρίαοοδιιῃιτ]
447 2483 616 2515 affectibus
650 2486 684 2515 et
716 2483 758 2515 ad
792 2483 935 2526 graciam
968 2483 1190 2525 reputabimus
1223 2485 1408 2526 specialem.
1461 2484 1493 2516 Si
1522 2496 1586 2527 qua
1617 2486 1648 2516 in
1676 2486 1783 2527 regnis
1811 2490 1844 2516 et

195 2534 288 2567 terris
311 2535 426 2566 nostris
448 2533 577 2576 placida
600 2534 690 2566 vobis
713 2533 944 2578 [occurr]erint,
967 2535 1160 2567 fiducialiter
1182 2537 1363 2578 requiratis.

302 2585 422 2618 Datum
445 2586 564 2627 Ilerde,
588 2587 680 2619 VIII.
697 2587 774 2619 Idu·
796 2585 963 2630 M[ar]t[ii],
986 2597 1070 2619 anno
1093 2587 1246 2629 predicto.

297 2730 364 2759 228.
392 2731 418 2764 b)
435 2732 526 2758 domne
544 2733 643 2759 circiter
662 2736 692 2759 10
703 2733 802 2759 litterae
819 2742 856 2759 or.
945 2733 968 2765 ι·)
989 2737 1018 2760 12
1030 2734 1137 2760 litterae.

298 2797 325 2830 1)
345 2795 388 2828 Cf.
407 2796 486 2830 infra
503 2804 546 2824 nr.
557 2800 611 2824 267.
698 2797 725 2830 2)
745 2797 827 2830 Infra
844 2805 887 2824 nr.
899 2800 953 2825 256.
1042 2798 1070 2830 8)
1090 2798 1173 2830 Infra
1191 2806 1234 2825 ur.
1247 2802 1305 2826 258.
