2190 3172
504 173 601 202 ACTA
622 174 736 202 REGNI
753 174 940 202 LUDEWICI
958 174 1005 202 IV.
1025 174 1070 202 ΕΤ
1089 174 1276 204 FRIDERICI
1295 176 1343 204 111.
1381 177 1456 204 1314.
1492 177 1613 206 Nr.166.
1825 186 1885 215 159

229 275 344 303 precum
367 266 532 294 interventu
555 266 713 294 thelonium
736 275 818 294 auum
840 266 871 293 in
893 266 1069 294 Brabantia‘
1091 267 1167 302 apud
1189 267 1238 295 An
1246 269 1399 303 twerpen
1422 278 1473 304 pro
1496 269 1581 297 certis
1604 271 1787 305 pecuniarum
1811 281 1884 300 snm-

229 318 282 346 mis
304 318 334 346 in
356 319 485 347 nostram
508 318 538 346 et
559 317 673 353 imperii
694 317 851 346 utilitatem
873 318 1025 351 conversis,
1049 318 1161 346 *eidem
1184 319 1214 346 in
1237 319 1332 347 decem
1356 322 1386 348 et
1408 322 1473 348 octo
1488 321 1604 349 milibus
1619 322 1754 350 librarum
1770 323 1883 351 Halieu-

229 370 323 403 (sium)
351 364 506 397 bonorum
536 367 569 396 et
597 363 766 406 legalium,
794 369 952 397 Turonensi
980 378 1079 405 grosso
1110 379 1161 405 pro
1190 371 1405 405 quatuordecim
1434 369 1641 408 Hallen(sibus)
1671 376 1883 409 computando,

228 421 298 450 item
321 416 496 449 venerabili
519 420 685 449 Baldewino
701 421 867 449 Treverensi
883 421 1096 457 archiepiscopo
1117 419 1252 461 principi
1275 422 1383 451 nostro
1407 419 1576 452 karissimo
1599 425 1659 453 eins
1683 428 1793 460 patruo.
1817 428 1885 462 quia

198 481 210 501 ι
229 473 361 509 exposuit
383 474 413 501 et
434 481 572 507 expensas
595 472 664 500 fecit
685 472 842 500 insistendo
858 473 964 500 nostris
981 473 1124 508 obsequiis
1140 474 1215 509 apud
1238 475 1450 503 Frankenford
1472 472 1504 503 in
1528 472 1685 505 electione
1713 476 1747 505 et
1765 474 1882 516 Aquis-

227 521 320 563 grani
346 521 379 552 in
405 522 515 552 nostra
542 520 748 552 coronatione
775 525 852 552 ultra
874 524 1026 552 terminum
1049 525 1131 553 nobis
1154 526 1336 561 promissum,
1364 527 1394 554 in
1417 522 1587 556 duodecim
1610 529 1724 557 milibus
1748 530 1883 558 librarum

227 577 303 605 dicte
330 578 444 605 monete
473 576 699 612 recognoscimus
727 576 833 604 eisdem
863 585 914 605 nos
945 577 1037 604 teneri
1066 578 1096 605 et
1121 578 1275 606 efficaciter
1302 587 1364 606 esse
1392 579 1542 614 obligatos.
1632 578 1677 617 (2)
1705 581 1757 610 Pro
1781 582 1883 617 quibus

227 629 410 664 pecuniarum
438 627 553 656 summis
584 623 737 655 videlicet
766 624 897 666 triginta
929 623 1059 656 milibus
1088 624 1242 657 librarum
1270 625 1495 659 Hallencium⁰
1519 632 1588 667 ipsis
1611 629 1825 668 persolvendi-‘¹
1848 634 1883 662 de

228 680 356 708 thelonio
378 681 479 708 nostro
500 674 627 707 meliori
650 679 726 714 apud
748 680 955 707 Bacheracum
978 689 1064 715 supra
1086 680 1195 708 Renum
1218 683 1342 716 quatuor
1363 682 1562 716 Turonenuen)
1584 686 1716 719 grossose
1738 685 1882 718 levandos,

185 739 210 759 ιο
226 731 423 768 percipiendos
447 733 477 759 et
499 731 673 767 colligendos
695 740 747 767 per
768 731 839 759 duos
854 731 973 759 nuncios
990 741 1056 759 suos
1080 731 1114 759 et
1135 733 1165 760 in
1187 733 1294 760 nostris
1309 735 1440 769 expensis
1463 737 1493 762 et
1514 736 1673 771 sumptibus
1696 737 1881 772 assignamus.

227 782 339 821 Quibus*
353 781 444 814 etiam
463 780 705 810 nunciis‘clavem
729 782 763 810 de
781 781 867 814 cista,
892 782 939 809 ubi
959 782 1079 817 pecunia
1102 783 1221 810 thelonii
1247 784 1409 819 reponitur.
1427 785 1633 820 assignabimus
1651 795 1744 815 eorum
1764 788 1882 817 arbitrio

226 828 265 861 ad
281 833 482 869 aperiendam
500 833 590 869 ipsam
605 833 705 861 cistam
723 835 752 861 et
770 833 932 868 porcionem
945 843 1009 862 suos
1021 834 1146 862 dominos
1164 835 1374 871 contingentem
1394 837 1422 864 in
1441 837 1518 865 dicta
1537 839 1656 873 pecunia
1668 840 1742 867 omni
1755 842 1881 876 tempore

226 893 282 919 quo
310 885 450 912 voluerint
476 884 694 920 recipiend(am)
720 884 808 912 libere
835 885 1036 920 relinquentes,
1061 887 1122 913 tam
1150 886 1198 914 diu
1226 895 1370 922 quousque
1397 888 1464 923 ipsis
1490 890 1524 917 de
1548 890 1682 925 predictis
1700 892 1881 926 pecuniarum

225 937 339 965 summis
371 937 548 973 integraliter
574 936 659 964 fuerit
685 937 877 971 satisfactum,
905 934 1069 976 perceptis
1103 934 1143 967 de
1176 935 1262 967 dicto
1295 936 1438 968 thelonio
1472 938 1504 968 in
1537 941 1656 970 sortem
1691 943 1880 981 computan-

183 997 208 1018 ιβ
228 985 306 1029 (dis)
314 986 339 1018 ⁴¹.
429 985 476 1028 (3)
497 989 535 1016 Et
553 989 589 1017 ad
612 989 746 1016 maiorem
770 989 951 1017 securitatem
974 990 1096 1017 omnium
1118 990 1349 1024 promissionum!
1372 992 1443 1027 [etJe
1465 992 1669 1028 obligationum
1693 994 1880 1029 predictarum

227 1042 320 1070 castra
342 1043 440 1068 nostra
467 1041 695 1074 Stabelbemh,
718 1039 912 1069 Stahelecke
934 1043 964 1068 et
981 1041 1165 1069 Brunshorn
1192 1050 1254 1070 cum
1275 1042 1360 1078 opido
1378 1039 1419 1072 de
1439 1043 1612 1072 Bacheraco
1630 1048 1659 1073 et
1677 1045 1752 1073 villis
1771 1046 1799 1074 in
1817 1048 1880 1082 ipsa

229 1092 311 1121 Valle
329 1093 490 1121 iacentibus
507 1101 569 1120 cum
589 1093 663 1120 omni
681 1102 730 1120 suo
755 1093 815 1121 iure
838 1094 868 1120 et
885 1093 1015 1120 omnibus
1037 1093 1095 1120 suis
1113 1093 1295 1128 pertinenciis
1313 1095 1402 1122 nobili
1421 1095 1481 1123 viro
1499 1096 1596 1123 Gisoni
1619 1097 1653 1124 de
1671 1097 1880 1134 Mollesperg

225 1144 313 1172 militi
330 1144 407 1172 fideli
427 1146 523 1172 nostro
541 1153 559 1172 a
576 1144 657 1172 nobis
675 1144 741 1172 hinc
759 1145 825 1172 inde
843 1147 958 1180 recepto
980 1145 1155 1181 assignamus
1178 1149 1208 1174 et
1226 1147 1416 1182 promittimus
1434 1148 1566 1176 eosdem·
1584 1158 1677 1185 regem
1696 1151 1725 1177 et
1742 1150 1879 1186 archiepi-

224 1205 338 1232 scopum
363 1205 411 1224 seu
435 1205 530 1224 eorum
553 1195 668 1224 nuncios
692 1197 720 1224 in
745 1197 946 1232 possessionem
969 1197 1039 1224 dicti
1065 1198 1185 1225 thelonii
1208 1198 1321 1227 mittere
1345 1199 1378 1228 et
1399 1197 1513 1228 missos
1536 1197 1712 1230 defendere
1736 1209 1774 1230 ac
1797 1201 1879 1231 tueri

180 1255 206 1276 ω
225 1250 255 1277 et
273 1247 350 1276 dicta
368 1250 463 1276 castra
482 1257 545 1276 cnm
563 1247 648 1283 opido
673 1250 702 1276 et
727 1248 803 1276 villis
827 1248 856 1276 in
873 1249 956 1276 Valle
978 1249 1136 1279 iacentibus
1160 1259 1222 1278 cuin
1241 1251 1298 1278 suis
1316 1251 1497 1286 pertinenciis
1515 1253 1656 1287 assignare
1678 1253 1756 1282 dicto
1774 1254 1878 1287 Gisoni,

223 1303 378 1336 antequam
401 1297 442 1329 de
470 1296 658 1329 Bacharaoo
682 1296 879 1339 recedimus,
903 1301 1031 1328 volentes
1054 1303 1086 1329 ut
1111 1301 1172 1336 ipse
1197 1302 1263 1330 Giso
1289 1303 1366 1330 dicta
1389 1306 1481 1331 eastra
1503 1313 1566 1331 cum
1588 1305 1673 1332 dictis
1695 1305 1878 1340 pertinenciis

223 1349 339 1381 nostris
362 1350 512 1392 expensis
535 1351 676 1380 custodiat
694 1354 724 1380 et
741 1353 885 1388 gubernet,
905 1349 1008 1382 donec
1033 1350 1073 1382 de
1097 1350 1184 1382 dicta
1206 1362 1331 1383 summa
1356 1351 1478 1384 eisdem
1501 1353 1571 1394 regi
1587 1356 1620 1385 et
1635 1353 1878 1397 archiepiscopo

223 1401 276 1433 vel
298 1401 362 1434 suis
385 1401 622 1433 successoribus
644 1400 739 1443 plene
763 1400 861 1432 fuerit
883 1401 1099 1443 satisfactum,
1127 1403 1290 1445 perceptis
1319 1407 1415 1445 prout
1440 1405 1630 1446 premissum
1655 1408 1704 1436 est
1726 1405 1767 1438 de
1792 1406 1878 1438 dicto

221 1452 365 1485 thelonio
388 1453 421 1485 in
443 1456 563 1485 Sortem
587 1453 821 1495 computandis.
911 1453 959 1496 (4)
984 1457 1020 1484 Et
1044 1457 1067 1484 si
1093 1458 1272 1493 contingeret
1296 1459 1370 1492 quod
1389 1459 1545 1494 *premissa
1562 1458 1591 1486 in
1609 1461 1670 1486 toto
1689 1460 1733 1487 vel
1751 1461 1780 1487 in
1796 1463 1877 1496 parte

182 1514 208 1535 ὀ
227 1517 283 1536 non
300 1508 516 1536 observarentur
537 1508 621 1536 dictis
640 1508 719 1543 *regi
737 1503 769 1536 et
785 1508 998 1544 archiepiscopo
1017 1509 1060 1537 vel
1079 1518 1133 1536 non
1153 1509 1386 1545 adimplerentur,
1406 1512 1490 1545 prout
1507 1511 1633 1546 superius
1651 1514 1694 1539 est
1710 1521 1877 1547 expressum.

223 1560 268 1587 vel
292 1559 332 1588 eis
358 1559 448 1587 eciam
472 1559 517 1587 vel
542 1569 636 1587 eorum
659 1560 768 1588 nunciis
792 1560 956 1588 violentiam
980 1560 1076 1588 inferri
1101 1561 1289 1596 contingeret,
1315 1562 1441 1589 volumus
1466 1565 1498 1590 ut
1521 1562 1598 1590 dicta
1623 1565 1716 1590 castra
1738 1564 1797 1592 sine
1819 1565 1877 1592 alio

226 1614 325 1641 nostro
347 1613 482 1640 mandato
505 1621 556 1648 per
577 1612 670 1648 ipsum
694 1613 828 1641 Gisonem
851 1609 980 1641 nomine
998 1613 1030 1641 et
1046 1609 1116 1641 vice
1138 1613 1297 1641 dictorum
1315 1614 1408 1648 ’regis
1431 1616 1460 1641 et
1477 1614 1682 1650 archiepiscopi
1700 1616 1774 1654 post
1795 1613 1876 1645 duos

222 1670 360 1702 menses,
385 1672 459 1691 cum
477 1663 628 1698 requisitus
647 1665 740 1697 suerit,
760 1664 932 1693 teneantur
955 1665 989 1693 et
1011 1661 1238 1703 possideantur
1261 1666 1294 1694 et
1316 1662 1357 1694 de
1381 1663 1528 1695 omnibus
1552 1663 1716 1704 fructibus,
1739 1675 1876 1706 proven-

221 1711 306 1744 tibus
338 1716 371 1745 et
398 1713 605 1755 pertinenciis
634 1713 787 1754 predictis
815 1723 875 1755 per
903 1713 1042 1745 eundem
1065 1713 1219 1745 Gisonem
1248 1714 1370 1746 eisdem
1398 1715 1467 1757 regi
1496 1718 1529 1746 et
1557 1715 1800 1758 archiepiscopo
1823 1716 1874 1748 vel

179 1773 204 1794 ω
222 1763 315 1796 alteri
350 1775 461 1796 eorum
494 1764 547 1796 vel
579 1765 693 1796 nuncio
726 1775 784 1796 seu
817 1765 940 1797 nunciis
975 1775 1084 1796 eorum
1120 1766 1322 1808 integraliter
1354 1765 1603 1808 respondeatur,
1637 1778 1803 1810 quousque
1834 1768 1875 1800 de

222 1814 372 1858 dampno,
396 1816 502 1848 usuris
526 1819 559 1848 et
581 1817 738 1848 interesse
762 1816 884 1848 eisdem
908 1818 978 1859 regi
1002 1820 1035 1848 et
1057 1817 1301 1860 archiepiscopo
1325 1817 1366 1850 ad
1390 1818 1520 1860 plenum
1544 1818 1642 1850 fuerit
1664 1819 1873 1851 satisfactum.

220 1867 292 1905 Quo
315 1867 400 1900 facto
424 1867 552 1910 prefata
575 1871 680 1900 castra
703 1879 776 1900 cum
799 1869 863 1900 suis
886 1869 1092 1911 pertinenciis
1119 1873 1155 1901 ut
1186 1869 1274 1912 prius
1302 1870 1430 1901 nomine
1454 1874 1562 1902 nostro
1586 1870 1752 1912 possidere
1776 1871 1875 1903 debet

221 1922 256 1952 et
277 1923 402 1961 tenere,
433 1923 529 1962 prout
551 1921 698 1962 superius
722 1924 771 1953 est
793 1931 992 1963 expressum.
1038 1921 1271 1953 Permittentes
1300 1925 1333 1953 et
1356 1921 1572 1954 concedentes
1594 1923 1782 1954 memoratis
1805 1924 1874 1965 regi

219 1974 253 2004 et
285 1971 528 2014 archiepiscopo
561 1974 731 2014 pecuniam
766 1973 977 2005 estimationis
1013 1973 1230 2015 predictorum
1265 1973 1475 2015 dampnorum
1509 1977 1542 2005 et
1571 1974 1727 2006 interesse
1761 1979 1872 2006 mutuo

177 2035 202 2056 u
220 2024 365 2066 recipere
389 2023 448 2056 sub
470 2025 574 2056 usuris
597 2025 767 2057 consuetis.
836 2026 882 2066 (5)
907 2028 1028 2055 Licitum
1041 2028 1129 2055 eciam
1143 2029 1199 2056 erit
1211 2028 1288 2055 dicto
1300 2028 1406 2061 Gisoni,
1422 2038 1456 2056 ne
1469 2028 1690 2063 indignationem
1711 2029 1872 2057 Rodulfih

221 2079 300 2106 ducis
326 2079 455 2107 Bawarie
482 2079 570 2107 nostri
594 2079 720 2114 germani
748 2080 883 2112 incurrat,
910 2089 992 2114 quain
1021 2080 1127 2107 evitare
1153 2079 1307 2112 desiderat,
1331 2080 1411 2115 lapso
1429 2081 1548 2108 termino
1567 2081 1771 2116 purificationis
1790 2081 1872 2109 beate

176 2150 178 2153 s
219 2130 346 2166 Virginis
365 2130 490 2165 proxime
509 2133 626 2158 venturo
644 2131 730 2159 aliam
749 2132 885 2166 ydoneam
902 2140 1048 2166 personam
1067 2131 1128 2159 loco
1147 2132 1190 2158 sui
1208 2132 1372 2167 subrogare,
1391 2141 1444 2166 que
1467 2132 1544 2159 dicta
1566 2134 1659 2160 castra
1678 2134 1774 2160 teneat
1791 2135 1821 2160 et
1838 2142 1871 2159 ea

220 2182 369 2214 deliberet.
394 2185 478 2219 prout
500 2184 627 2218 superius
652 2183 749 2211 extitit
771 2186 939 2211 enarratum.
1026 2181 1074 2221 (6)
1099 2183 1152 2210 Per
1178 2183 1250 2211 hanc
1273 2186 1368 2212 autem
1391 2186 1514 2211 nostram
1537 2183 1738 2219 obligationem
1761 2186 1792 2211 et
1809 2194 1871 2219 pro-

218 2233 378 2262 missionem
397 2234 526 2262 nolumus
544 2234 610 2262 aliis
628 2235 730 2262 nost-ris
749 2235 971 2271 obligationibus
989 2237 1020 2262 et
1038 2234 1274 2270 promissionibus.
1293 2237 1378 2270 prout
1395 2235 1423 2262 in
1442 2235 1546 2263 litteris
1564 2245 1647 2270 super
1665 2236 1717 2263 hoc
1736 2237 1871 2263 confectis

174 2293 202 2314 ω
219 2286 379 2314 continetur
398 2286 533 2322 plenius¹‚
551 2286 647 2314 inferri
666 2286 851 2322 preiudicium
869 2287 914 2314 vel
933 2286 1070 2322 derogari,
1089 2287 1144 2314 seti
1164 2296 1211 2315 eas
1230 2287 1259 2314 in
1278 2295 1327 2314 suo
1344 2287 1443 2314 robore
1462 2296 1632 2322 permanere.
1705 2288 1736 2314 In
1754 2296 1871 2322 quorum

218 2338 414 2366 testimonium
437 2337 605 2376 presentes
628 2335 705 2376 ipsis
727 2335 883 2367 tradimus
905 2338 1013 2366 nostre
1036 2335 1216 2367 maiestatis
1238 2340 1333 2375 sigillo
1357 2336 1570 2377 consignatas.

325 2393 401 2427 Dat.
433 2395 465 2426 in
492 2394 696 2437 Bacheraco,
728 2394 819 2427 XVI.
843 2394 983 2427 Kalend.
1014 2395 1157 2436 Ianuar„
1190 2406 1273 2427 anno
1297 2395 1428 2427 Domini
1450 2395 1621 2428 millesimo
1646 2397 1870 2428 trecentesimo

218 2446 472 2488 quartodecimo,
495 2448 587 2490 regni
609 2458 685 2479 vero
708 2448 809 2479 nostri
832 2458 915 2479 anno
939 2447 1052 2489 primo.

322 2676 387 2715 leo.
424 2677 448 2711 ¹)
467 2679 614 2704 Brabancis
630 2677 656 2705 ἓ.
743 2678 768 2712 ¹¹)
784 2679 926 2705 'rhutenen
945 2678 1060 2704 eimiliter
1077 2687 1174 2712 semper
1192 2678 1217 2704 2.
1305 2679 1328 2712 c)
1347 2679 1436 2704 naum
1453 2678 1477 2704 2.
1565 2677 1590 2711 ⁴)
1609 2679 1788 2712 persolvendas
1808 2679 1830 2704 1.
1844 2678 1860 2704 2

176 2724 203 2746 ⁴⁸
223 2718 247 2753 0)
263 2729 366 2754 grossos
384 2721 469 2748 Timr.
487 2720 512 2747 2.
600 2720 620 2753 r)
638 2722 818 2755 premissorum
837 2722 861 2748 1.
879 2721 903 2748 2.
991 2722 1016 2754 s)
1034 2721 1126 2748 excidit
1145 2722 1168 2748 1.
1187 2721 1212 2748 2.
1299 2721 1325 2753 ¹¹)
1344 2723 1444 2748 Rudolfi
1462 2721 1486 2748 2.
1573 2721 1591 2754 ἱ)
1609 2723 1653 2748 sed
1671 2722 1695 2747 2.

321 2797 347 2832 1)
365 2796 456 2831 Supra
473 2805 516 2825 nr.
528 2800 640 2825 63—68.

1888 2080 1982 2126 ,aa
