<?xml version="1.0" encoding="UTF-8"?>
<!DOCTYPE html PUBLIC "-//W3C//DTD XHTML 1.0 Transitional//EN"
    "http://www.w3.org/TR/xhtml1/DTD/xhtml1-transitional.dtd">
<html xmlns="http://www.w3.org/1999/xhtml" xml:lang="en" lang="en">
 <head>
  <title>
</title>
<meta http-equiv="Content-Type" content="text/html;charset=utf-8" />
  <meta name='ocr-system' content='tesseract 3.04.00' />
  <meta name='ocr-capabilities' content='ocr_page ocr_carea ocr_par ocr_line ocrx_word'/>
</head>
<body>
  <div class='ocr_page' id='page_1' title='image "./monumentagerma05geseuoft_0478.png"; bbox 0 0 2184 3126; ppageno 0'>
   <div class='ocr_carea' id='block_1_1' title="bbox 281 226 1673 272">
    <p class='ocr_par' dir='ltr' id='par_1_1' title="bbox 281 226 1673 272">
     <span class='ocr_line' id='line_1_1' title="bbox 281 226 1673 272; baseline -0.011 -5"><span class='ocrx_word' id='word_1_1' title='bbox 281 242 344 272; x_wconf 71' lang='grc'><strong>438</strong></span> <span class='ocrx_word' id='word_1_2' title='bbox 573 237 670 264; x_wconf 85' lang='lat' dir='ltr'>ACTA</span> <span class='ocrx_word' id='word_1_3' title='bbox 689 235 800 262; x_wconf 83' lang='lat' dir='ltr'><strong>REGNI</strong></span> <span class='ocrx_word' id='word_1_4' title='bbox 821 233 1003 261; x_wconf 83' lang='lat' dir='ltr'>LUDEWICI</span> <span class='ocrx_word' id='word_1_5' title='bbox 1023 233 1069 261; x_wconf 87' lang='lat' dir='ltr'><strong>lV.</strong></span> <span class='ocrx_word' id='word_1_6' title='bbox 1088 232 1134 258; x_wconf 82' lang='lat' dir='ltr'><strong>ET</strong></span> <span class='ocrx_word' id='word_1_7' title='bbox 1155 229 1337 258; x_wconf 77' lang='lat' dir='ltr'><strong>FfflDEfflCl</strong></span> <span class='ocrx_word' id='word_1_8' title='bbox 1358 230 1405 255; x_wconf 86' lang='grc' dir='ltr'><strong>ΙΙΙ.</strong></span> <span class='ocrx_word' id='word_1_9' title='bbox 1443 227 1516 254; x_wconf 83' lang='grc'><strong>1319.</strong></span> <span class='ocrx_word' id='word_1_10' title='bbox 1554 226 1601 252; x_wconf 81' lang='lat' dir='ltr'><strong>Nr.</strong></span> <span class='ocrx_word' id='word_1_11' title='bbox 1615 226 1673 252; x_wconf 85' lang='lat'><strong>549.</strong></span> 
     </span>
    </p>
   </div>
   <div class='ocr_carea' id='block_1_2' title="bbox 415 333 1802 388">
    <p class='ocr_par' dir='ltr' id='par_1_2' title="bbox 415 333 1802 388">
     <span class='ocr_line' id='line_1_2' title="bbox 415 333 1802 388; baseline -0.009 -8"><span class='ocrx_word' id='word_1_12' title='bbox 415 345 500 380; x_wconf 79' lang='lat'>549.</span> <span class='ocrx_word' id='word_1_13' title='bbox 541 344 700 388; x_wconf 73' lang='lat' dir='ltr'><strong>Receptio</strong></span> <span class='ocrx_word' id='word_1_14' title='bbox 728 343 853 377; x_wconf 73' lang='lat' dir='ltr'><strong>vicarii</strong></span> <span class='ocrx_word' id='word_1_15' title='bbox 877 341 916 376; x_wconf 74' lang='lat' dir='ltr'><strong>in</strong></span> <span class='ocrx_word' id='word_1_16' title='bbox 945 341 1118 376; x_wconf 72' lang='lat' dir='ltr'><strong>dominum</strong></span> <span class='ocrx_word' id='word_1_17' title='bbox 1145 339 1295 373; x_wconf 68' lang='lat' dir='ltr'><strong>civitatis</strong></span> <span class='ocrx_word' id='word_1_18' title='bbox 1326 337 1532 372; x_wconf 67' lang='lat' dir='ltr'><strong>Tervisimce.</strong></span> <span class='ocrx_word' id='word_1_19' title='bbox 1638 333 1720 368; x_wconf 80' lang='lat' dir='ltr'><strong>Izm.</strong></span> <span class='ocrx_word' id='word_1_20' title='bbox 1740 333 1802 367; x_wconf 75' lang='lat'><strong>25.</strong></span> 
     </span>
    </p>
   </div>
   <div class='ocr_carea' id='block_1_3' title="bbox 395 405 1937 459">
    <p class='ocr_par' dir='ltr' id='par_1_3' title="bbox 395 405 1937 459">
     <span class='ocr_line' id='line_1_3' title="bbox 395 405 1937 459; baseline -0.009 -9"><span class='ocrx_word' id='word_1_21' title='bbox 395 418 555 459; x_wconf 75' lang='lat' dir='ltr'><strong>Oriyinale</strong></span> <span class='ocrx_word' id='word_1_22' title='bbox 588 418 624 449; x_wconf 75' lang='lat' dir='ltr'><strong>in</strong></span> <span class='ocrx_word' id='word_1_23' title='bbox 657 415 813 448; x_wconf 76' lang='lat' dir='ltr'><strong>tabulario</strong></span> <span class='ocrx_word' id='word_1_24' title='bbox 849 424 992 446; x_wconf 81' lang='lat' dir='ltr'><strong>caesareo</strong></span> <span class='ocrx_word' id='word_1_25' title='bbox 1025 413 1253 446; x_wconf 74' lang='lat' dir='ltr'><strong>Vindobonensi</strong></span> <span class='ocrx_word' id='word_1_26' title='bbox 1264 413 1285 443; x_wconf 84' lang='lat'><strong>¹.</strong></span> <span class='ocrx_word' id='word_1_27' title='bbox 1352 410 1527 449; x_wconf 74' lang='lat' dir='ltr'><em>Descripsit</em></span> <span class='ocrx_word' id='word_1_28' title='bbox 1566 408 1608 439; x_wconf 91' lang='lat' dir='ltr'><strong>K.</strong></span> <span class='ocrx_word' id='word_1_29' title='bbox 1633 406 1744 438; x_wconf 59' lang='lat' dir='ltr'><strong>chel.</strong></span> <span class='ocrx_word' id='word_1_30' title='bbox 1807 405 1937 438; x_wconf 63' lang='lat' dir='ltr'><strong>Pendet,</strong></span> 
     </span>
    </p>
   </div>
   <div class='ocr_carea' id='block_1_4' title="bbox 282 464 1347 511">
    <p class='ocr_par' dir='ltr' id='par_1_4' title="bbox 282 464 1347 511">
     <span class='ocr_line' id='line_1_4' title="bbox 282 464 1347 511; baseline -0.008 -8"><span class='ocrx_word' id='word_1_31' title='bbox 282 471 380 511; x_wconf 60' lang='lat' dir='ltr'><strong>sigilli</strong></span> <span class='ocrx_word' id='word_1_32' title='bbox 402 471 612 510; x_wconf 74' lang='lat' dir='ltr'><strong>fraqmentum</strong></span> <span class='ocrx_word' id='word_1_33' title='bbox 635 468 712 499; x_wconf 69' lang='lat' dir='ltr'><strong>linis</strong></span> <span class='ocrx_word' id='word_1_34' title='bbox 733 467 842 498; x_wconf 65' lang='lat' dir='ltr'><strong>sericis</strong></span> <span class='ocrx_word' id='word_1_35' title='bbox 863 467 947 498; x_wconf 77' lang='lat' dir='ltr'><strong>vwrii</strong></span> <span class='ocrx_word' id='word_1_36' title='bbox 970 466 1088 498; x_wconf 80' lang='lat' dir='ltr'><strong>coloris.</strong></span> <span class='ocrx_word' id='word_1_37' title='bbox 1113 484 1153 489; x_wconf 91' lang='lat'>—</span> <span class='ocrx_word' id='word_1_38' title='bbox 1176 464 1347 496; x_wconf 78' lang='lat' dir='ltr'><strong>Ineditum.</strong></span> 
     </span>
    </p>
   </div>
   <div class='ocr_carea' id='block_1_5' title="bbox 391 545 907 579">
    <p class='ocr_par' dir='ltr' id='par_1_5' title="bbox 391 545 907 579">
     <span class='ocr_line' id='line_1_5' title="bbox 391 545 907 579; baseline -0.01 0"><span class='ocrx_word' id='word_1_39' title='bbox 391 546 415 579; x_wconf 81' lang='lat' dir='ltr'>C</span> <span class='ocrx_word' id='word_1_40' title='bbox 451 547 489 577; x_wconf 88' lang='lat' dir='ltr'><strong>In</strong></span> <span class='ocrx_word' id='word_1_41' title='bbox 513 546 630 578; x_wconf 83' lang='lat' dir='ltr'>Christi</span> <span class='ocrx_word' id='word_1_42' title='bbox 653 545 780 576; x_wconf 89' lang='lat' dir='ltr'><strong>nomine</strong></span> <span class='ocrx_word' id='word_1_43' title='bbox 805 554 907 575; x_wconf 87' lang='lat' dir='ltr'><strong>amen.</strong></span> 
     </span>
    </p>
   </div>
   <div class='ocr_carea' id='block_1_6' title="bbox 394 586 1937 639">
    <p class='ocr_par' dir='ltr' id='par_1_6' title="bbox 394 586 1937 639">
     <span class='ocr_line' id='line_1_6' title="bbox 394 586 1937 639; baseline -0.008 -10"><span class='ocrx_word' id='word_1_44' title='bbox 394 599 440 639; x_wconf 89' lang='lat' dir='ltr'><strong>(l)</strong></span> <span class='ocrx_word' id='word_1_45' title='bbox 456 599 550 629; x_wconf 89' lang='lat' dir='ltr'><strong>Anno</strong></span> <span class='ocrx_word' id='word_1_46' title='bbox 567 597 741 628; x_wconf 84' lang='lat' dir='ltr'><strong>nativitatis</strong></span> <span class='ocrx_word' id='word_1_47' title='bbox 757 595 901 627; x_wconf 87' lang='lat' dir='ltr'><strong>eiusdem</strong></span> <span class='ocrx_word' id='word_1_48' title='bbox 918 594 1087 626; x_wconf 88' lang='lat' dir='ltr'><strong>millesimo</strong></span> <span class='ocrx_word' id='word_1_49' title='bbox 1100 592 1325 625; x_wconf 85' lang='lat' dir='ltr'><strong>trecentesimo</strong></span> <span class='ocrx_word' id='word_1_50' title='bbox 1339 592 1463 626; x_wconf 88' lang='lat' dir='ltr'><strong>decimo</strong></span> <span class='ocrx_word' id='word_1_51' title='bbox 1480 601 1573 630; x_wconf 89' lang='lat' dir='ltr'><strong>nono,</strong></span> <span class='ocrx_word' id='word_1_52' title='bbox 1590 589 1761 620; x_wconf 81' lang='lat' dir='ltr'><strong>indictione</strong></span> <span class='ocrx_word' id='word_1_53' title='bbox 1778 586 1937 627; x_wconf 58' lang='lat' dir='ltr'><strong>secunda,</strong></span> 
     </span>
    </p>
   </div>
   <div class='ocr_carea' id='block_1_7' title="bbox 283 640 1935 743">
    <p class='ocr_par' dir='ltr' id='par_1_7' title="bbox 283 640 1935 743">
     <span class='ocr_line' id='line_1_7' title="bbox 285 640 1929 690; baseline -0.007 -8"><span class='ocrx_word' id='word_1_54' title='bbox 285 651 337 683; x_wconf 86' lang='lat' dir='ltr'><strong>die</strong></span> <span class='ocrx_word' id='word_1_55' title='bbox 353 651 444 682; x_wconf 89' lang='lat' dir='ltr'><strong>Lune</strong></span> <span class='ocrx_word' id='word_1_56' title='bbox 461 650 616 690; x_wconf 84' lang='lat' dir='ltr'><strong>vigesimo</strong></span> <span class='ocrx_word' id='word_1_57' title='bbox 641 648 751 689; x_wconf 87' lang='lat' dir='ltr'><strong>quinto</strong></span> <span class='ocrx_word' id='word_1_58' title='bbox 775 646 869 686; x_wconf 88' lang='lat' dir='ltr'><strong>Iunii,</strong></span> <span class='ocrx_word' id='word_1_59' title='bbox 894 646 987 677; x_wconf 88' lang='lat' dir='ltr'><strong>curiis</strong></span> <span class='ocrx_word' id='word_1_60' title='bbox 1011 646 1215 677; x_wconf 87' lang='lat' dir='ltr'><strong>ancianorum</strong></span> <span class='ocrx_word' id='word_1_61' title='bbox 1240 648 1272 675; x_wconf 88' lang='lat' dir='ltr'><strong>et</strong></span> <span class='ocrx_word' id='word_1_62' title='bbox 1296 643 1459 675; x_wconf 87' lang='lat' dir='ltr'><strong>consulum</strong></span> <span class='ocrx_word' id='word_1_63' title='bbox 1483 642 1625 673; x_wconf 90' lang='lat' dir='ltr'><strong>comunis</strong></span> <span class='ocrx_word' id='word_1_64' title='bbox 1641 640 1797 672; x_wconf 86' lang='lat' dir='ltr'><strong>Tarvisini</strong></span> <span class='ocrx_word' id='word_1_65' title='bbox 1821 649 1929 670; x_wconf 85' lang='lat' dir='ltr'><strong>coram</strong></span> 
     </span>
     <span class='ocr_line' id='line_1_8' title="bbox 283 687 1935 743; baseline -0.008 -10"><span class='ocrx_word' id='word_1_66' title='bbox 283 703 391 734; x_wconf 87' lang='lat' dir='ltr'><strong>nobile</strong></span> <span class='ocrx_word' id='word_1_67' title='bbox 424 706 456 733; x_wconf 90' lang='lat' dir='ltr'><strong>et</strong></span> <span class='ocrx_word' id='word_1_68' title='bbox 477 704 609 743; x_wconf 88' lang='lat' dir='ltr'><strong>potente</strong></span> <span class='ocrx_word' id='word_1_69' title='bbox 635 699 737 730; x_wconf 89' lang='lat' dir='ltr'><strong>milite</strong></span> <span class='ocrx_word' id='word_1_70' title='bbox 761 699 889 730; x_wconf 83' lang='lat' dir='ltr'><strong>domino</strong></span> <span class='ocrx_word' id='word_1_71' title='bbox 913 699 1077 728; x_wconf 87' lang='lat' dir='ltr'><strong>Armanno</strong></span> <span class='ocrx_word' id='word_1_72' title='bbox 1105 696 1146 728; x_wconf 90' lang='lat' dir='ltr'><strong>de</strong></span> <span class='ocrx_word' id='word_1_73' title='bbox 1171 695 1382 727; x_wconf 83' lang='lat' dir='ltr'><strong>Guelfonibus</strong></span> <span class='ocrx_word' id='word_1_74' title='bbox 1411 694 1451 725; x_wconf 92' lang='lat' dir='ltr'><strong>de</strong></span> <span class='ocrx_word' id='word_1_75' title='bbox 1474 693 1621 735; x_wconf 84' lang='lat' dir='ltr'><strong>Eugubio</strong></span> <span class='ocrx_word' id='word_1_76' title='bbox 1644 693 1763 723; x_wconf 81' lang='lat' dir='ltr'><strong>vicario</strong></span> <span class='ocrx_word' id='word_1_77' title='bbox 1795 687 1935 722; x_wconf 82' lang='lat' dir='ltr'><strong>civitatis</strong></span> 
     </span>
    </p>
   </div>
   <div class='ocr_carea' id='block_1_8' title="bbox 284 743 1982 846">
    <p class='ocr_par' dir='ltr' id='par_1_8' title="bbox 284 743 1982 846">
     <span class='ocr_line' id='line_1_9' title="bbox 284 743 1937 792; baseline -0.007 -8"><span class='ocrx_word' id='word_1_78' title='bbox 284 753 449 785; x_wconf 84' lang='lat' dir='ltr'><strong>Tervisine</strong></span> <span class='ocrx_word' id='word_1_79' title='bbox 481 756 513 784; x_wconf 88' lang='lat' dir='ltr'><strong>et</strong></span> <span class='ocrx_word' id='word_1_80' title='bbox 540 752 700 783; x_wconf 87' lang='lat' dir='ltr'><strong>districtus</strong></span> <span class='ocrx_word' id='word_1_81' title='bbox 728 761 786 792; x_wconf 91' lang='lat' dir='ltr'><strong>pro</strong></span> <span class='ocrx_word' id='word_1_82' title='bbox 812 750 903 791; x_wconf 88' lang='lat' dir='ltr'><strong>regia</strong></span> <span class='ocrx_word' id='word_1_83' title='bbox 931 749 1101 780; x_wconf 89' lang='lat' dir='ltr'><strong>maiestate</strong></span> <span class='ocrx_word' id='word_1_84' title='bbox 1132 748 1165 779; x_wconf 92' lang='lat' dir='ltr'><strong>in</strong></span> <span class='ocrx_word' id='word_1_85' title='bbox 1195 747 1318 779; x_wconf 85' lang='lat' dir='ltr'><strong>camino</strong></span> <span class='ocrx_word' id='word_1_86' title='bbox 1347 747 1445 788; x_wconf 88' lang='lat' dir='ltr'><strong>ipsius</strong></span> <span class='ocrx_word' id='word_1_87' title='bbox 1469 745 1589 776; x_wconf 88' lang='lat' dir='ltr'><strong>domini</strong></span> <span class='ocrx_word' id='word_1_88' title='bbox 1612 745 1728 775; x_wconf 65' lang='lat' dir='ltr'><strong>vicarii*</strong></span> <span class='ocrx_word' id='word_1_89' title='bbox 1750 743 1791 774; x_wconf 83' lang='lat' dir='ltr'><strong>ad</strong></span> <span class='ocrx_word' id='word_1_90' title='bbox 1819 747 1937 773; x_wconf 86' lang='lat' dir='ltr'><strong>sonum</strong></span> 
     </span>
     <span class='ocr_line' id='line_1_10' title="bbox 284 787 1982 846; baseline -0.007 -10"><span class='ocrx_word' id='word_1_91' title='bbox 284 804 471 846; x_wconf 86' lang='lat' dir='ltr'><strong>campanele</strong></span> <span class='ocrx_word' id='word_1_92' title='bbox 495 813 584 835; x_wconf 86' lang='lat' dir='ltr'><strong>more</strong></span> <span class='ocrx_word' id='word_1_93' title='bbox 608 802 702 833; x_wconf 89' lang='lat' dir='ltr'><strong>solito</strong></span> <span class='ocrx_word' id='word_1_94' title='bbox 727 801 929 843; x_wconf 85' lang='lat' dir='ltr'><strong>congregatis</strong></span> <span class='ocrx_word' id='word_1_95' title='bbox 953 801 1103 841; x_wconf 82' lang='lat' dir='ltr'><strong>proponit</strong></span> <span class='ocrx_word' id='word_1_96' title='bbox 1126 802 1159 830; x_wconf 91' lang='lat' dir='ltr'><strong>et</strong></span> <span class='ocrx_word' id='word_1_97' title='bbox 1180 799 1257 830; x_wconf 89' lang='lat' dir='ltr'><strong>dicit</strong></span> <span class='ocrx_word' id='word_1_98' title='bbox 1278 798 1381 842; x_wconf 85' lang='lat' dir='ltr'><strong>dictus</strong></span> <span class='ocrx_word' id='word_1_99' title='bbox 1398 798 1544 829; x_wconf 86' lang='lat' dir='ltr'><strong>dominus</strong></span> <span class='ocrx_word' id='word_1_100' title='bbox 1559 797 1695 827; x_wconf 81' lang='lat' dir='ltr'><strong>vicarius</strong></span> <span class='ocrx_word' id='word_1_101' title='bbox 1719 799 1752 826; x_wconf 90' lang='lat' dir='ltr'><strong>et</strong></span> <span class='ocrx_word' id='word_1_102' title='bbox 1767 795 1848 836; x_wconf 88' lang='lat' dir='ltr'><strong>petit</strong></span> <span class='ocrx_word' id='word_1_103' title='bbox 1871 793 1931 825; x_wconf 90' lang='lat' dir='ltr'><strong>sibi</strong></span> <span class='ocrx_word' id='word_1_104' title='bbox 1977 787 1982 801; x_wconf 70' lang='lat'><strong><em>⁷</em></strong></span> 
     </span>
    </p>
   </div>
   <div class='ocr_carea' id='block_1_9' title="bbox 284 846 1933 1050">
    <p class='ocr_par' dir='ltr' id='par_1_9' title="bbox 284 846 1932 1000">
     <span class='ocr_line' id='line_1_11' title="bbox 284 846 1930 896; baseline -0.006 -9"><span class='ocrx_word' id='word_1_105' title='bbox 284 856 447 887; x_wconf 88' lang='lat' dir='ltr'><strong>coscilium</strong></span> <span class='ocrx_word' id='word_1_106' title='bbox 471 854 635 896; x_wconf 86' lang='lat' dir='ltr'><strong>exhyberi,</strong></span> <span class='ocrx_word' id='word_1_107' title='bbox 659 853 735 895; x_wconf 90' lang='lat' dir='ltr'><strong>quid</strong></span> <span class='ocrx_word' id='word_1_108' title='bbox 758 853 866 884; x_wconf 85' lang='lat' dir='ltr'><strong>facere</strong></span> <span class='ocrx_word' id='word_1_109' title='bbox 889 852 990 883; x_wconf 87' lang='lat' dir='ltr'><strong>habet</strong></span> <span class='ocrx_word' id='word_1_110' title='bbox 1012 861 1108 892; x_wconf 85' lang='lat' dir='ltr'><strong>super</strong></span> <span class='ocrx_word' id='word_1_111' title='bbox 1127 850 1330 892; x_wconf 78' lang='lat' dir='ltr'><strong>infrascripta</strong></span> <span class='ocrx_word' id='word_1_112' title='bbox 1352 850 1564 891; x_wconf 88' lang='lat' dir='ltr'><strong>requisicione</strong></span> <span class='ocrx_word' id='word_1_113' title='bbox 1588 848 1673 879; x_wconf 83' lang='lat' dir='ltr'><strong>facta</strong></span> <span class='ocrx_word' id='word_1_114' title='bbox 1694 858 1751 889; x_wconf 90' lang='lat' dir='ltr'><strong>per</strong></span> <span class='ocrx_word' id='word_1_115' title='bbox 1767 846 1930 878; x_wconf 89' lang='lat' dir='ltr'><strong>dominum</strong></span> 
     </span>
     <span class='ocr_line' id='line_1_12' title="bbox 284 898 1932 942; baseline -0.007 -3"><span class='ocrx_word' id='word_1_116' title='bbox 284 906 484 939; x_wconf 85' lang='lat' dir='ltr'><strong>Bernardum</strong></span> <span class='ocrx_word' id='word_1_117' title='bbox 505 905 545 937; x_wconf 91' lang='lat' dir='ltr'><strong>de</strong></span> <span class='ocrx_word' id='word_1_118' title='bbox 563 905 721 936; x_wconf 87' lang='lat' dir='ltr'><strong>Strausolt</strong></span> <span class='ocrx_word' id='word_1_119' title='bbox 744 907 776 936; x_wconf 86' lang='lat' dir='ltr'><strong>et</strong></span> <span class='ocrx_word' id='word_1_120' title='bbox 791 903 967 935; x_wconf 90' lang='lat' dir='ltr'><strong>Henricum</strong></span> <span class='ocrx_word' id='word_1_121' title='bbox 990 903 1030 934; x_wconf 91' lang='lat' dir='ltr'><strong>de</strong></span> <span class='ocrx_word' id='word_1_122' title='bbox 1048 902 1174 942; x_wconf 68' lang='lat' dir='ltr'><strong>Orcono</strong></span> <span class='ocrx_word' id='word_1_123' title='bbox 1197 902 1354 933; x_wconf 88' lang='lat' dir='ltr'><strong>notarium</strong></span> <span class='ocrx_word' id='word_1_124' title='bbox 1371 900 1491 932; x_wconf 90' lang='lat' dir='ltr'><strong>domini</strong></span> <span class='ocrx_word' id='word_1_125' title='bbox 1506 899 1639 931; x_wconf 90' lang='lat' dir='ltr'><strong>Henrici</strong></span> <span class='ocrx_word' id='word_1_126' title='bbox 1663 899 1788 930; x_wconf 89' lang='lat' dir='ltr'><strong>comitis</strong></span> <span class='ocrx_word' id='word_1_127' title='bbox 1804 898 1932 937; x_wconf 71' lang='lat' dir='ltr'><strong>Goricie</strong></span> 
     </span>
     <span class='ocr_line' id='line_1_13' title="bbox 285 954 1290 1000; baseline -0.006 -10"><span class='ocrx_word' id='word_1_128' title='bbox 285 970 342 1000; x_wconf 91' lang='lat' dir='ltr'><strong>pro</strong></span> <span class='ocrx_word' id='word_1_129' title='bbox 365 962 456 999; x_wconf 82' lang='lat' dir='ltr'><strong>parte</strong></span> <span class='ocrx_word' id='word_1_130' title='bbox 479 958 578 999; x_wconf 88' lang='lat' dir='ltr'><strong>ipsius</strong></span> <span class='ocrx_word' id='word_1_131' title='bbox 602 956 721 990; x_wconf 85' lang='lat' dir='ltr'><strong>domini</strong></span> <span class='ocrx_word' id='word_1_132' title='bbox 744 956 879 996; x_wconf 88' lang='lat' dir='ltr'><strong>comitis,</strong></span> <span class='ocrx_word' id='word_1_133' title='bbox 903 956 992 986; x_wconf 84' lang='lat' dir='ltr'><strong>cuius</strong></span> <span class='ocrx_word' id='word_1_134' title='bbox 1015 958 1107 986; x_wconf 88' lang='lat' dir='ltr'><strong>tenor</strong></span> <span class='ocrx_word' id='word_1_135' title='bbox 1129 954 1202 985; x_wconf 90' lang='lat' dir='ltr'><strong>talis</strong></span> <span class='ocrx_word' id='word_1_136' title='bbox 1226 956 1290 984; x_wconf 90' lang='lat' dir='ltr'><strong>est:</strong></span> 
     </span>
    </p>

    <p class='ocr_par' dir='ltr' id='par_1_10' title="bbox 434 1003 1933 1050">
     <span class='ocr_line' id='line_1_14' title="bbox 434 1003 1933 1050; baseline -0.005 -9"><span class='ocrx_word' id='word_1_137' title='bbox 434 1009 508 1041; x_wconf 88' lang='lat' dir='ltr'><strong>‘Pro</strong></span> <span class='ocrx_word' id='word_1_138' title='bbox 537 1011 628 1050; x_wconf 86' lang='lat' dir='ltr'><strong>parte</strong></span> <span class='ocrx_word' id='word_1_139' title='bbox 657 1008 777 1039; x_wconf 89' lang='lat' dir='ltr'><strong>domini</strong></span> <span class='ocrx_word' id='word_1_140' title='bbox 799 1007 933 1038; x_wconf 89' lang='lat' dir='ltr'><strong>Henrici</strong></span> <span class='ocrx_word' id='word_1_141' title='bbox 957 1007 1081 1037; x_wconf 85' lang='lat' dir='ltr'><strong>comitis</strong></span> <span class='ocrx_word' id='word_1_142' title='bbox 1104 1005 1232 1044; x_wconf 74' lang='lat' dir='ltr'><strong>Goricie</strong></span> <span class='ocrx_word' id='word_1_143' title='bbox 1255 1006 1389 1046; x_wconf 89' lang='lat' dir='ltr'><strong>petitur,</strong></span> <span class='ocrx_word' id='word_1_144' title='bbox 1421 1003 1507 1046; x_wconf 88' lang='lat' dir='ltr'><strong>quod</strong></span> <span class='ocrx_word' id='word_1_145' title='bbox 1537 1014 1607 1035; x_wconf 88' lang='lat' dir='ltr'><strong>cum</strong></span> <span class='ocrx_word' id='word_1_146' title='bbox 1631 1004 1767 1044; x_wconf 82' lang='lat' dir='ltr'><strong>negocia</strong></span> <span class='ocrx_word' id='word_1_147' title='bbox 1790 1003 1933 1034; x_wconf 89' lang='lat' dir='ltr'><strong>comunis</strong></span> 
     </span>
    </p>
   </div>
   <div class='ocr_carea' id='block_1_10' title="bbox 327 1051 1981 1098">
    <p class='ocr_par' dir='ltr' id='par_1_11' title="bbox 327 1051 1981 1098">
     <span class='ocr_line' id='line_1_15' title="bbox 327 1051 1981 1098; baseline -0.005 -5"><span class='ocrx_word' id='word_1_148' title='bbox 327 1062 483 1093; x_wconf 85' lang='lat' dir='ltr'><strong>Tervisini</strong></span> <span class='ocrx_word' id='word_1_149' title='bbox 507 1060 680 1091; x_wconf 86' lang='lat' dir='ltr'><strong>secundum</strong></span> <span class='ocrx_word' id='word_1_150' title='bbox 703 1058 906 1090; x_wconf 77' lang='lat' dir='ltr'><strong>condiciones</strong></span> <span class='ocrx_word' id='word_1_151' title='bbox 937 1057 978 1088; x_wconf 89' lang='lat' dir='ltr'><strong>ad</strong></span> <span class='ocrx_word' id='word_1_152' title='bbox 1002 1067 1135 1098; x_wconf 81' lang='lat' dir='ltr'><strong>presens</strong></span> <span class='ocrx_word' id='word_1_153' title='bbox 1158 1059 1322 1087; x_wconf 85' lang='lat' dir='ltr'><strong>exstantes</strong></span> <span class='ocrx_word' id='word_1_154' title='bbox 1345 1056 1527 1087; x_wconf 88' lang='lat' dir='ltr'><strong>necessario</strong></span> <span class='ocrx_word' id='word_1_155' title='bbox 1550 1055 1727 1096; x_wconf 84' lang='lat' dir='ltr'><strong>requirant,</strong></span> <span class='ocrx_word' id='word_1_156' title='bbox 1757 1054 1843 1096; x_wconf 89' lang='lat' dir='ltr'><strong>quod</strong></span> <span class='ocrx_word' id='word_1_157' title='bbox 1875 1065 1934 1096; x_wconf 89' lang='lat' dir='ltr'><strong>per</strong></span> <span class='ocrx_word' id='word_1_158' title='bbox 1978 1051 1981 1059; x_wconf 73' lang='lat'><em>&#39;</em></span> 
     </span>
    </p>
   </div>
   <div class='ocr_carea' id='block_1_11' title="bbox 285 1106 1939 1510">
    <p class='ocr_par' dir='ltr' id='par_1_12' title="bbox 285 1106 1939 1510">
     <span class='ocr_line' id='line_1_16' title="bbox 327 1106 1933 1149; baseline -0.005 -5"><span class='ocrx_word' id='word_1_159' title='bbox 327 1113 495 1147; x_wconf 84' lang='lat' dir='ltr'><strong>meliorem</strong></span> <span class='ocrx_word' id='word_1_160' title='bbox 527 1115 559 1143; x_wconf 90' lang='lat' dir='ltr'><strong>et</strong></span> <span class='ocrx_word' id='word_1_161' title='bbox 581 1111 742 1142; x_wconf 85' lang='lat' dir='ltr'><strong>utiliorem</strong></span> <span class='ocrx_word' id='word_1_162' title='bbox 764 1109 895 1141; x_wconf 90' lang='lat' dir='ltr'><strong>modum</strong></span> <span class='ocrx_word' id='word_1_163' title='bbox 924 1112 956 1140; x_wconf 89' lang='lat' dir='ltr'><strong>et</strong></span> <span class='ocrx_word' id='word_1_164' title='bbox 979 1108 1124 1139; x_wconf 81' lang='lat' dir='ltr'><strong>ordinem</strong></span> <span class='ocrx_word' id='word_1_165' title='bbox 1147 1107 1340 1149; x_wconf 80' lang='lat' dir='ltr'><strong>procedatur</strong></span> <span class='ocrx_word' id='word_1_166' title='bbox 1364 1117 1459 1148; x_wconf 86' lang='lat' dir='ltr'><strong>quam</strong></span> <span class='ocrx_word' id='word_1_167' title='bbox 1483 1117 1542 1148; x_wconf 89' lang='lat' dir='ltr'><strong>per</strong></span> <span class='ocrx_word' id='word_1_168' title='bbox 1565 1106 1710 1138; x_wconf 87' lang='lat' dir='ltr'><strong>ordinem</strong></span> <span class='ocrx_word' id='word_1_169' title='bbox 1734 1106 1933 1137; x_wconf 89' lang='lat' dir='ltr'><strong>cosciliorum</strong></span> 
     </span>
     <span class='ocr_line' id='line_1_17' title="bbox 328 1157 1934 1202; baseline -0.004 -7"><span class='ocrx_word' id='word_1_170' title='bbox 328 1164 464 1196; x_wconf 84' lang='lat' dir='ltr'><strong>civitatis</strong></span> <span class='ocrx_word' id='word_1_171' title='bbox 480 1163 656 1201; x_wconf 72' lang='lat' dir='ltr'><strong>Tervisine‚</strong></span> <span class='ocrx_word' id='word_1_172' title='bbox 679 1165 714 1192; x_wconf 91' lang='lat' dir='ltr'><strong>ut</strong></span> <span class='ocrx_word' id='word_1_173' title='bbox 729 1163 796 1202; x_wconf 84' lang='lat' dir='ltr'><strong>ipsa</strong></span> <span class='ocrx_word' id='word_1_174' title='bbox 814 1161 951 1201; x_wconf 86' lang='lat' dir='ltr'><strong>negocia</strong></span> <span class='ocrx_word' id='word_1_175' title='bbox 968 1160 1044 1191; x_wconf 90' lang='lat' dir='ltr'><strong>dicti</strong></span> <span class='ocrx_word' id='word_1_176' title='bbox 1060 1160 1203 1191; x_wconf 88' lang='lat' dir='ltr'><strong>comunis</strong></span> <span class='ocrx_word' id='word_1_177' title='bbox 1218 1159 1331 1190; x_wconf 90' lang='lat' dir='ltr'><strong>melius</strong></span> <span class='ocrx_word' id='word_1_178' title='bbox 1355 1162 1388 1189; x_wconf 87' lang='lat' dir='ltr'><strong>et</strong></span> <span class='ocrx_word' id='word_1_179' title='bbox 1403 1158 1512 1189; x_wconf 88' lang='lat' dir='ltr'><strong>utilius</strong></span> <span class='ocrx_word' id='word_1_180' title='bbox 1529 1157 1742 1199; x_wconf 84' lang='lat' dir='ltr'><strong>expediantur</strong></span> <span class='ocrx_word' id='word_1_181' title='bbox 1757 1157 1799 1189; x_wconf 83' lang='lat' dir='ltr'><strong>ad</strong></span> <span class='ocrx_word' id='word_1_182' title='bbox 1814 1157 1934 1189; x_wconf 91' lang='lat' dir='ltr'><strong>bonum</strong></span> 
     </span>
     <span class='ocr_line' id='line_1_18' title="bbox 330 1209 1935 1255; baseline -0.004 -9"><span class='ocrx_word' id='word_1_183' title='bbox 330 1219 362 1246; x_wconf 89' lang='lat' dir='ltr'><strong>et</strong></span> <span class='ocrx_word' id='word_1_184' title='bbox 384 1214 577 1255; x_wconf 88' lang='lat' dir='ltr'><strong>tranquilum</strong></span> <span class='ocrx_word' id='word_1_185' title='bbox 604 1216 722 1244; x_wconf 81' lang='lat' dir='ltr'><strong>statum</strong></span> <span class='ocrx_word' id='word_1_186' title='bbox 746 1213 883 1243; x_wconf 86' lang='lat' dir='ltr'><strong>civitatis</strong></span> <span class='ocrx_word' id='word_1_187' title='bbox 906 1215 939 1242; x_wconf 91' lang='lat' dir='ltr'><strong>et</strong></span> <span class='ocrx_word' id='word_1_188' title='bbox 962 1211 1072 1252; x_wconf 90' lang='lat' dir='ltr'><strong>populi</strong></span> <span class='ocrx_word' id='word_1_189' title='bbox 1089 1210 1245 1242; x_wconf 86' lang='lat' dir='ltr'><strong>Tervisini</strong></span> <span class='ocrx_word' id='word_1_190' title='bbox 1270 1214 1303 1241; x_wconf 87' lang='lat' dir='ltr'><strong>et</strong></span> <span class='ocrx_word' id='word_1_191' title='bbox 1323 1210 1477 1240; x_wconf 84' lang='lat' dir='ltr'><strong>honorem</strong></span> <span class='ocrx_word' id='word_1_192' title='bbox 1494 1209 1638 1241; x_wconf 90' lang='lat' dir='ltr'><strong>eiusdem</strong></span> <span class='ocrx_word' id='word_1_193' title='bbox 1655 1209 1775 1240; x_wconf 90' lang='lat' dir='ltr'><strong>domini</strong></span> <span class='ocrx_word' id='word_1_194' title='bbox 1799 1209 1935 1249; x_wconf 84' lang='lat' dir='ltr'><strong>comitis,</strong></span> 
     </span>
     <span class='ocr_line' id='line_1_19' title="bbox 328 1260 1936 1308; baseline -0.004 -11"><span class='ocrx_word' id='word_1_195' title='bbox 328 1267 456 1308; x_wconf 85' lang='lat' dir='ltr'><strong>placeat</strong></span> <span class='ocrx_word' id='word_1_196' title='bbox 479 1265 608 1296; x_wconf 90' lang='lat' dir='ltr'><strong>domino</strong></span> <span class='ocrx_word' id='word_1_197' title='bbox 631 1264 766 1303; x_wconf 85' lang='lat' dir='ltr'><strong>vicario,</strong></span> <span class='ocrx_word' id='word_1_198' title='bbox 797 1264 954 1302; x_wconf 81' lang='lat' dir='ltr'><strong>ancianis,</strong></span> <span class='ocrx_word' id='word_1_199' title='bbox 984 1262 1167 1294; x_wconf 85' lang='lat' dir='ltr'><strong>consulibus</strong></span> <span class='ocrx_word' id='word_1_200' title='bbox 1191 1265 1223 1293; x_wconf 91' lang='lat' dir='ltr'><strong>et</strong></span> <span class='ocrx_word' id='word_1_201' title='bbox 1246 1262 1404 1293; x_wconf 86' lang='lat' dir='ltr'><strong>consciliis</strong></span> <span class='ocrx_word' id='word_1_202' title='bbox 1428 1260 1642 1302; x_wconf 79' lang='lat' dir='ltr'><strong>quadraginta</strong></span> <span class='ocrx_word' id='word_1_203' title='bbox 1665 1263 1698 1292; x_wconf 90' lang='lat' dir='ltr'><strong>et</strong></span> <span class='ocrx_word' id='word_1_204' title='bbox 1720 1262 1936 1296; x_wconf 84' lang='lat' dir='ltr'><strong>trecentorum</strong></span> 
     </span>
     <span class='ocr_line' id='line_1_20' title="bbox 328 1310 1598 1359; baseline -0.004 -11"><span class='ocrx_word' id='word_1_205' title='bbox 328 1328 424 1359; x_wconf 86' lang='lat' dir='ltr'><strong>super</strong></span> <span class='ocrx_word' id='word_1_206' title='bbox 446 1317 506 1347; x_wconf 85' lang='lat' dir='ltr'><strong>hiis</strong></span> <span class='ocrx_word' id='word_1_207' title='bbox 529 1317 561 1347; x_wconf 93' lang='lat' dir='ltr'><strong>in</strong></span> <span class='ocrx_word' id='word_1_208' title='bbox 583 1316 661 1357; x_wconf 87' lang='lat' dir='ltr'><strong>ipsis</strong></span> <span class='ocrx_word' id='word_1_209' title='bbox 685 1315 820 1347; x_wconf 84' lang='lat' dir='ltr'><strong>cosciliis</strong></span> <span class='ocrx_word' id='word_1_210' title='bbox 844 1314 950 1346; x_wconf 87' lang='lat' dir='ltr'><strong>faeere</strong></span> <span class='ocrx_word' id='word_1_211' title='bbox 974 1314 1044 1345; x_wconf 89' lang='lat' dir='ltr'><strong>fieri</strong></span> <span class='ocrx_word' id='word_1_212' title='bbox 1068 1316 1255 1355; x_wconf 85' lang='lat' dir='ltr'><strong>propostam</strong></span> <span class='ocrx_word' id='word_1_213' title='bbox 1279 1323 1316 1344; x_wconf 88' lang='lat' dir='ltr'><strong>ac</strong></span> <span class='ocrx_word' id='word_1_214' title='bbox 1339 1310 1598 1354; x_wconf 72' lang='lat' dir='ltr'><strong>providentiam.³</strong></span> 
     </span>
     <span class='ocr_line' id='line_1_21' title="bbox 393 1363 1936 1406; baseline -0.003 -7"><span class='ocrx_word' id='word_1_215' title='bbox 393 1369 549 1400; x_wconf 80' lang='lat' dir='ltr'><strong>Dominus</strong></span> <span class='ocrx_word' id='word_1_216' title='bbox 564 1367 694 1398; x_wconf 89' lang='lat' dir='ltr'><strong>Articus</strong></span> <span class='ocrx_word' id='word_1_217' title='bbox 711 1365 751 1398; x_wconf 93' lang='lat' dir='ltr'><strong>de</strong></span> <span class='ocrx_word' id='word_1_218' title='bbox 767 1367 799 1397; x_wconf 86' lang='lat' dir='ltr'><strong>la</strong></span> <span class='ocrx_word' id='word_1_219' title='bbox 815 1366 903 1398; x_wconf 85' lang='lat' dir='ltr'><strong>Rosa</strong></span> <span class='ocrx_word' id='word_1_220' title='bbox 919 1365 1030 1397; x_wconf 85' lang='lat' dir='ltr'><strong>consul</strong></span> <span class='ocrx_word' id='word_1_221' title='bbox 1046 1366 1188 1397; x_wconf 89' lang='lat' dir='ltr'><strong>comunis</strong></span> <span class='ocrx_word' id='word_1_222' title='bbox 1205 1365 1362 1396; x_wconf 87' lang='lat' dir='ltr'><strong>Tervisini</strong></span> <span class='ocrx_word' id='word_1_223' title='bbox 1379 1364 1543 1404; x_wconf 84' lang='lat' dir='ltr'><strong>cosculuit,</strong></span> <span class='ocrx_word' id='word_1_224' title='bbox 1561 1363 1647 1405; x_wconf 85' lang='lat' dir='ltr'><strong>quod</strong></span> <span class='ocrx_word' id='word_1_225' title='bbox 1665 1364 1750 1395; x_wconf 89' lang='lat' dir='ltr'><strong>dicta</strong></span> <span class='ocrx_word' id='word_1_226' title='bbox 1765 1364 1936 1406; x_wconf 88' lang='lat' dir='ltr'><strong>requisicio</strong></span> 
     </span>
     <span class='ocr_line' id='line_1_22' title="bbox 286 1414 1939 1463; baseline -0.003 -12"><span class='ocrx_word' id='word_1_227' title='bbox 286 1423 482 1463; x_wconf 81' lang='lat' dir='ltr'><strong>proponatur</strong></span> <span class='ocrx_word' id='word_1_228' title='bbox 505 1418 633 1450; x_wconf 87' lang='lat' dir='ltr'><strong>coscilio</strong></span> <span class='ocrx_word' id='word_1_229' title='bbox 658 1418 880 1460; x_wconf 85' lang='lat' dir='ltr'><strong>quadraginta.</strong></span> <span class='ocrx_word' id='word_1_230' title='bbox 920 1417 1013 1454; x_wconf 86' lang='lat' dir='ltr'><strong>Quod</strong></span> <span class='ocrx_word' id='word_1_231' title='bbox 1036 1418 1141 1458; x_wconf 88' lang='lat' dir='ltr'><strong>posito</strong></span> <span class='ocrx_word' id='word_1_232' title='bbox 1164 1417 1283 1458; x_wconf 85' lang='lat' dir='ltr'><strong>partito</strong></span> <span class='ocrx_word' id='word_1_233' title='bbox 1306 1427 1364 1458; x_wconf 84' lang='lat' dir='ltr'><strong>per</strong></span> <span class='ocrx_word' id='word_1_234' title='bbox 1387 1416 1506 1448; x_wconf 86' lang='lat' dir='ltr'><strong>dictum</strong></span> <span class='ocrx_word' id='word_1_235' title='bbox 1531 1415 1695 1448; x_wconf 88' lang='lat' dir='ltr'><strong>dominum</strong></span> <span class='ocrx_word' id='word_1_236' title='bbox 1718 1414 1874 1447; x_wconf 80' lang='lat' dir='ltr'><strong>vicarium</strong></span> <span class='ocrx_word' id='word_1_237' title='bbox 1897 1414 1939 1446; x_wconf 78' lang='lat' dir='ltr'><strong>ad</strong></span> 
     </span>
     <span class='ocr_line' id='line_1_23' title="bbox 285 1467 1938 1510; baseline -0.003 -7"><span class='ocrx_word' id='word_1_238' title='bbox 285 1472 427 1504; x_wconf 90' lang='lat' dir='ltr'><strong>busullos</strong></span> <span class='ocrx_word' id='word_1_239' title='bbox 457 1474 490 1502; x_wconf 87' lang='lat' dir='ltr'><strong>et</strong></span> <span class='ocrx_word' id='word_1_240' title='bbox 518 1470 658 1502; x_wconf 85' lang='lat' dir='ltr'><strong>balottas</strong></span> <span class='ocrx_word' id='word_1_241' title='bbox 685 1470 846 1501; x_wconf 84' lang='lat' dir='ltr'><strong>firmatum</strong></span> <span class='ocrx_word' id='word_1_242' title='bbox 873 1469 935 1500; x_wconf 86' lang='lat' dir='ltr'><strong>fuit</strong></span> <span class='ocrx_word' id='word_1_243' title='bbox 961 1479 1019 1510; x_wconf 88' lang='lat' dir='ltr'><strong>per</strong></span> <span class='ocrx_word' id='word_1_244' title='bbox 1042 1467 1202 1510; x_wconf 87' lang='lat' dir='ltr'><strong>quidecim</strong></span> <span class='ocrx_word' id='word_1_245' title='bbox 1230 1468 1419 1508; x_wconf 71' lang='lat' dir='ltr'><strong>concordet-3,</strong></span> <span class='ocrx_word' id='word_1_246' title='bbox 1447 1471 1584 1510; x_wconf 86' lang='lat' dir='ltr'><strong>quatuor</strong></span> <span class='ocrx_word' id='word_1_247' title='bbox 1612 1467 1868 1509; x_wconf 85' lang='lat' dir='ltr'><strong>discrepantibus</strong></span> <span class='ocrx_word' id='word_1_248' title='bbox 1897 1467 1938 1499; x_wconf 86' lang='lat' dir='ltr'><strong>ab</strong></span> 
     </span>
    </p>
   </div>
   <div class='ocr_carea' id='block_1_12' title="bbox 285 1518 1938 1606">
    <p class='ocr_par' dir='ltr' id='par_1_13' title="bbox 285 1518 1938 1606">
     <span class='ocr_line' id='line_1_24' title="bbox 286 1518 1938 1564; baseline -0.004 -9"><span class='ocrx_word' id='word_1_249' title='bbox 286 1523 422 1563; x_wconf 82' lang='lat' dir='ltr'><strong>eisdem,</strong></span> <span class='ocrx_word' id='word_1_250' title='bbox 453 1521 540 1564; x_wconf 91' lang='lat' dir='ltr'><strong>quod</strong></span> <span class='ocrx_word' id='word_1_251' title='bbox 564 1523 761 1563; x_wconf 81' lang='lat' dir='ltr'><strong>proponatur</strong></span> <span class='ocrx_word' id='word_1_252' title='bbox 792 1521 921 1552; x_wconf 88' lang='lat' dir='ltr'><strong>coscilio</strong></span> <span class='ocrx_word' id='word_1_253' title='bbox 946 1519 1174 1561; x_wconf 81' lang='lat' dir='ltr'><strong>quadraginta,</strong></span> <span class='ocrx_word' id='word_1_254' title='bbox 1203 1523 1239 1550; x_wconf 90' lang='lat' dir='ltr'><strong>ut</strong></span> <span class='ocrx_word' id='word_1_255' title='bbox 1269 1519 1425 1551; x_wconf 87' lang='lat' dir='ltr'><strong>consuluit</strong></span> <span class='ocrx_word' id='word_1_256' title='bbox 1449 1519 1551 1550; x_wconf 88' lang='lat' dir='ltr'><strong>dictus</strong></span> <span class='ocrx_word' id='word_1_257' title='bbox 1575 1519 1722 1550; x_wconf 90' lang='lat' dir='ltr'><strong>dominus</strong></span> <span class='ocrx_word' id='word_1_258' title='bbox 1744 1519 1874 1555; x_wconf 84' lang='lat' dir='ltr'><strong>Atticus</strong></span> <span class='ocrx_word' id='word_1_259' title='bbox 1897 1518 1938 1550; x_wconf 83' lang='lat' dir='ltr'><strong>de</strong></span> 
     </span>
     <span class='ocr_line' id='line_1_25' title="bbox 285 1573 548 1606; baseline -0.008 0"><span class='ocrx_word' id='word_1_260' title='bbox 285 1576 317 1606; x_wconf 85' lang='lat' dir='ltr'><strong>la</strong></span> <span class='ocrx_word' id='word_1_261' title='bbox 339 1575 427 1606; x_wconf 82' lang='lat' dir='ltr'><strong>Rosa</strong></span> <span class='ocrx_word' id='word_1_262' title='bbox 452 1573 548 1605; x_wconf 88' lang='lat' dir='ltr'><strong>cosul.</strong></span> 
     </span>
    </p>
   </div>
   <div class='ocr_carea' id='block_1_13' title="bbox 288 1627 1939 1739">
    <p class='ocr_par' dir='ltr' id='par_1_14' title="bbox 288 1627 1939 1739">
     <span class='ocr_line' id='line_1_26' title="bbox 395 1627 1939 1689; baseline -0.001 -11"><span class='ocrx_word' id='word_1_263' title='bbox 395 1647 443 1689; x_wconf 85' lang='lat'><strong>(2)</strong></span> <span class='ocrx_word' id='word_1_264' title='bbox 468 1647 553 1678; x_wconf 89' lang='lat' dir='ltr'><strong>Item</strong></span> <span class='ocrx_word' id='word_1_265' title='bbox 577 1646 692 1678; x_wconf 86' lang='lat' dir='ltr'><strong>eodem</strong></span> <span class='ocrx_word' id='word_1_266' title='bbox 709 1645 890 1686; x_wconf 87' lang='lat' dir='ltr'><strong>millesimo,</strong></span> <span class='ocrx_word' id='word_1_267' title='bbox 914 1645 1088 1677; x_wconf 88' lang='lat' dir='ltr'><strong>indictione</strong></span> <span class='ocrx_word' id='word_1_268' title='bbox 1112 1648 1145 1677; x_wconf 91' lang='lat' dir='ltr'><strong>et</strong></span> <span class='ocrx_word' id='word_1_269' title='bbox 1159 1644 1212 1677; x_wconf 91' lang='lat' dir='ltr'><strong>die</strong></span> <span class='ocrx_word' id='word_1_270' title='bbox 1228 1645 1373 1686; x_wconf 86' lang='lat' dir='ltr'><strong>predicta</strong></span> <span class='ocrx_word' id='word_1_271' title='bbox 1397 1645 1547 1676; x_wconf 89' lang='lat' dir='ltr'><strong>conscilio</strong></span> <span class='ocrx_word' id='word_1_272' title='bbox 1564 1644 1778 1687; x_wconf 80' lang='lat' dir='ltr'><strong>quadraginta</strong></span> <span class='ocrx_word' id='word_1_273' title='bbox 1794 1627 1939 1677; x_wconf 77' lang='lat' dir='ltr'><strong>comunis</strong></span> 
     </span>
     <span class='ocr_line' id='line_1_27' title="bbox 288 1695 1938 1739; baseline -0.001 -8"><span class='ocrx_word' id='word_1_274' title='bbox 288 1700 444 1732; x_wconf 81' lang='lat' dir='ltr'><strong>Tarvisini</strong></span> <span class='ocrx_word' id='word_1_275' title='bbox 473 1709 581 1730; x_wconf 83' lang='lat' dir='ltr'><strong>coram</strong></span> <span class='ocrx_word' id='word_1_276' title='bbox 609 1697 716 1729; x_wconf 87' lang='lat' dir='ltr'><strong>nobile</strong></span> <span class='ocrx_word' id='word_1_277' title='bbox 749 1701 781 1728; x_wconf 89' lang='lat' dir='ltr'><strong>et</strong></span> <span class='ocrx_word' id='word_1_278' title='bbox 808 1700 940 1739; x_wconf 88' lang='lat' dir='ltr'><strong>potente</strong></span> <span class='ocrx_word' id='word_1_279' title='bbox 967 1697 1068 1728; x_wconf 90' lang='lat' dir='ltr'><strong>milite</strong></span> <span class='ocrx_word' id='word_1_280' title='bbox 1098 1696 1227 1728; x_wconf 87' lang='lat' dir='ltr'><strong>domino</strong></span> <span class='ocrx_word' id='word_1_281' title='bbox 1250 1697 1393 1728; x_wconf 88' lang='lat' dir='ltr'><strong>Armano</strong></span> <span class='ocrx_word' id='word_1_282' title='bbox 1422 1696 1462 1728; x_wconf 88' lang='lat' dir='ltr'><strong>de</strong></span> <span class='ocrx_word' id='word_1_283' title='bbox 1486 1695 1698 1730; x_wconf 83' lang='lat' dir='ltr'><strong>Guelfonibus</strong></span> <span class='ocrx_word' id='word_1_284' title='bbox 1726 1697 1767 1729; x_wconf 87' lang='lat' dir='ltr'><strong>de</strong></span> <span class='ocrx_word' id='word_1_285' title='bbox 1789 1697 1938 1739; x_wconf 84' lang='lat' dir='ltr'><strong>Eugubio</strong></span> 
     </span>
    </p>
   </div>
   <div class='ocr_carea' id='block_1_14' title="bbox 1950 858 1975 878">
    <p class='ocr_par' dir='ltr' id='par_1_15' title="bbox 1950 858 1975 878">
     <span class='ocr_line' id='line_1_28' title="bbox 1950 858 1975 878; baseline -0.04 0"><span class='ocrx_word' id='word_1_286' title='bbox 1950 858 1975 878; x_wconf 82' lang='lat' dir='ltr'><strong>m</strong></span> 
     </span>
    </p>
   </div>
   <div class='ocr_carea' id='block_1_15' title="bbox 1953 1116 1977 1136">
    <p class='ocr_par' dir='ltr' id='par_1_16' title="bbox 1953 1116 1977 1136">
     <span class='ocr_line' id='line_1_29' title="bbox 1953 1116 1977 1136; baseline -0.042 0"><span class='ocrx_word' id='word_1_287' title='bbox 1953 1116 1977 1136; x_wconf 70' lang='lat' dir='ltr'><strong>lb</strong></span> 
     </span>
    </p>
   </div>
   <div class='ocr_carea' id='block_1_16' title="bbox 1956 1653 1981 1672">
    <p class='ocr_par' dir='ltr' id='par_1_17' title="bbox 1956 1653 1981 1672">
     <span class='ocr_line' id='line_1_30' title="bbox 1956 1653 1981 1672; baseline 0 0"><span class='ocrx_word' id='word_1_288' title='bbox 1956 1653 1981 1672; x_wconf 70' lang='lat'><strong>25</strong></span> 
     </span>
    </p>
   </div>
   <div class='ocr_carea' id='block_1_17' title="bbox 288 1748 1962 1790">
    <p class='ocr_par' dir='ltr' id='par_1_18' title="bbox 288 1748 1962 1790">
     <span class='ocr_line' id='line_1_31' title="bbox 288 1748 1962 1790; baseline -0.002 -7"><span class='ocrx_word' id='word_1_289' title='bbox 288 1752 405 1783; x_wconf 84' lang='lat' dir='ltr'><strong>vicario</strong></span> <span class='ocrx_word' id='word_1_290' title='bbox 429 1750 568 1782; x_wconf 85' lang='lat' dir='ltr'><strong>civitatis</strong></span> <span class='ocrx_word' id='word_1_291' title='bbox 584 1749 748 1780; x_wconf 82' lang='lat' dir='ltr'><strong>Tervisine</strong></span> <span class='ocrx_word' id='word_1_292' title='bbox 773 1751 805 1780; x_wconf 86' lang='lat' dir='ltr'><strong>et</strong></span> <span class='ocrx_word' id='word_1_293' title='bbox 821 1748 981 1781; x_wconf 83' lang='lat' dir='ltr'><strong>districtus</strong></span> <span class='ocrx_word' id='word_1_294' title='bbox 996 1759 1054 1790; x_wconf 89' lang='lat' dir='ltr'><strong>pro</strong></span> <span class='ocrx_word' id='word_1_295' title='bbox 1071 1749 1161 1790; x_wconf 88' lang='lat' dir='ltr'><strong>regia</strong></span> <span class='ocrx_word' id='word_1_296' title='bbox 1176 1749 1346 1780; x_wconf 81' lang='lat' dir='ltr'><strong>maiestate</strong></span> <span class='ocrx_word' id='word_1_297' title='bbox 1370 1748 1403 1779; x_wconf 91' lang='lat' dir='ltr'><strong>in</strong></span> <span class='ocrx_word' id='word_1_298' title='bbox 1423 1748 1539 1780; x_wconf 88' lang='lat' dir='ltr'><strong>minori</strong></span> <span class='ocrx_word' id='word_1_299' title='bbox 1554 1748 1680 1789; x_wconf 82' lang='lat' dir='ltr'><strong>palacio</strong></span> <span class='ocrx_word' id='word_1_300' title='bbox 1696 1748 1774 1780; x_wconf 90' lang='lat' dir='ltr'><strong>dicti</strong></span> <span class='ocrx_word' id='word_1_301' title='bbox 1796 1750 1940 1781; x_wconf 84' lang='lat' dir='ltr'><strong>comunis</strong></span> <span class='ocrx_word' id='word_1_302' title='bbox 1956 1755 1962 1761; x_wconf 93' lang='lat'>&#39;</span> 
     </span>
    </p>
   </div>
   <div class='ocr_carea' id='block_1_18' title="bbox 289 1799 1989 1842">
    <p class='ocr_par' dir='ltr' id='par_1_19' title="bbox 289 1799 1989 1842">
     <span class='ocr_line' id='line_1_32' title="bbox 289 1799 1989 1842; baseline -0.001 -8"><span class='ocrx_word' id='word_1_303' title='bbox 289 1803 330 1834; x_wconf 91' lang='lat' dir='ltr'><strong>ad</strong></span> <span class='ocrx_word' id='word_1_304' title='bbox 356 1812 470 1834; x_wconf 90' lang='lat' dir='ltr'><strong>sonum</strong></span> <span class='ocrx_word' id='word_1_305' title='bbox 497 1811 618 1842; x_wconf 83' lang='lat' dir='ltr'><strong>capane</strong></span> <span class='ocrx_word' id='word_1_306' title='bbox 645 1811 736 1831; x_wconf 90' lang='lat' dir='ltr'><strong>more</strong></span> <span class='ocrx_word' id='word_1_307' title='bbox 764 1800 858 1831; x_wconf 86' lang='lat' dir='ltr'><strong>solito</strong></span> <span class='ocrx_word' id='word_1_308' title='bbox 887 1803 1083 1841; x_wconf 87' lang='lat' dir='ltr'><strong>congregato</strong></span> <span class='ocrx_word' id='word_1_309' title='bbox 1110 1801 1261 1842; x_wconf 86' lang='lat' dir='ltr'><strong>proponit</strong></span> <span class='ocrx_word' id='word_1_310' title='bbox 1290 1803 1323 1831; x_wconf 89' lang='lat' dir='ltr'><strong>et</strong></span> <span class='ocrx_word' id='word_1_311' title='bbox 1345 1799 1423 1831; x_wconf 87' lang='lat' dir='ltr'><strong>dicit</strong></span> <span class='ocrx_word' id='word_1_312' title='bbox 1445 1799 1548 1831; x_wconf 85' lang='lat' dir='ltr'><strong>dictus</strong></span> <span class='ocrx_word' id='word_1_313' title='bbox 1572 1799 1721 1831; x_wconf 86' lang='lat' dir='ltr'><strong>dominus</strong></span> <span class='ocrx_word' id='word_1_314' title='bbox 1741 1800 1878 1832; x_wconf 85' lang='lat' dir='ltr'><strong>vicarius</strong></span> <span class='ocrx_word' id='word_1_315' title='bbox 1906 1804 1940 1832; x_wconf 86' lang='lat' dir='ltr'><strong>et</strong></span> <span class='ocrx_word' id='word_1_316' title='bbox 1985 1829 1989 1832; x_wconf 25' lang='grc' dir='ltr'><strong>Α</strong></span> 
     </span>
    </p>
   </div>
   <div class='ocr_carea' id='block_1_19' title="bbox 289 1851 1942 2047">
    <p class='ocr_par' dir='ltr' id='par_1_20' title="bbox 289 1851 1942 2047">
     <span class='ocr_line' id='line_1_33' title="bbox 289 1851 1939 1896; baseline -0.001 -11"><span class='ocrx_word' id='word_1_317' title='bbox 289 1855 371 1896; x_wconf 89' lang='lat' dir='ltr'><strong>petit</strong></span> <span class='ocrx_word' id='word_1_318' title='bbox 397 1853 459 1884; x_wconf 90' lang='lat' dir='ltr'><strong>sibi</strong></span> <span class='ocrx_word' id='word_1_319' title='bbox 482 1853 645 1884; x_wconf 87' lang='lat' dir='ltr'><strong>coscilium</strong></span> <span class='ocrx_word' id='word_1_320' title='bbox 668 1851 830 1892; x_wconf 81' lang='lat' dir='ltr'><strong>exhiberi,</strong></span> <span class='ocrx_word' id='word_1_321' title='bbox 858 1851 935 1893; x_wconf 90' lang='lat' dir='ltr'><strong>quid</strong></span> <span class='ocrx_word' id='word_1_322' title='bbox 958 1851 1066 1884; x_wconf 86' lang='lat' dir='ltr'><strong>facere</strong></span> <span class='ocrx_word' id='word_1_323' title='bbox 1090 1851 1190 1884; x_wconf 81' lang='lat' dir='ltr'><strong>habet</strong></span> <span class='ocrx_word' id='word_1_324' title='bbox 1219 1861 1316 1892; x_wconf 88' lang='lat' dir='ltr'><strong>super</strong></span> <span class='ocrx_word' id='word_1_325' title='bbox 1339 1851 1458 1882; x_wconf 85' lang='lat' dir='ltr'><strong>dictam</strong></span> <span class='ocrx_word' id='word_1_326' title='bbox 1480 1851 1735 1892; x_wconf 84' lang='lat' dir='ltr'><strong>requisicionem.</strong></span> <span class='ocrx_word' id='word_1_327' title='bbox 1780 1851 1939 1884; x_wconf 85' lang='lat' dir='ltr'><strong>Dominus</strong></span> 
     </span>
     <span class='ocr_line' id='line_1_34' title="bbox 292 1902 1938 1945; baseline -0.001 -8"><span class='ocrx_word' id='word_1_328' title='bbox 292 1906 455 1937; x_wconf 81' lang='lat' dir='ltr'><strong>Thomeus</strong></span> <span class='ocrx_word' id='word_1_329' title='bbox 471 1904 511 1935; x_wconf 82' lang='lat' dir='ltr'><strong>de</strong></span> <span class='ocrx_word' id='word_1_330' title='bbox 527 1903 684 1942; x_wconf 86' lang='lat' dir='ltr'><strong>Beraldis‚</strong></span> <span class='ocrx_word' id='word_1_331' title='bbox 709 1903 763 1944; x_wconf 90' lang='lat' dir='ltr'><strong>qui</strong></span> <span class='ocrx_word' id='word_1_332' title='bbox 786 1906 834 1934; x_wconf 88' lang='lat' dir='ltr'><strong>est</strong></span> <span class='ocrx_word' id='word_1_333' title='bbox 857 1903 897 1934; x_wconf 86' lang='lat' dir='ltr'><strong>de</strong></span> <span class='ocrx_word' id='word_1_334' title='bbox 921 1903 1007 1935; x_wconf 88' lang='lat' dir='ltr'><strong>dicto</strong></span> <span class='ocrx_word' id='word_1_335' title='bbox 1031 1903 1160 1935; x_wconf 88' lang='lat' dir='ltr'><strong>coscilio</strong></span> <span class='ocrx_word' id='word_1_336' title='bbox 1176 1902 1399 1944; x_wconf 82' lang='lat' dir='ltr'><strong>quadraginta,</strong></span> <span class='ocrx_word' id='word_1_337' title='bbox 1421 1902 1589 1943; x_wconf 87' lang='lat' dir='ltr'><strong>consuluit,</strong></span> <span class='ocrx_word' id='word_1_338' title='bbox 1613 1903 1700 1944; x_wconf 86' lang='lat' dir='ltr'><strong>quod</strong></span> <span class='ocrx_word' id='word_1_339' title='bbox 1723 1903 1809 1935; x_wconf 84' lang='lat' dir='ltr'><strong>dicta</strong></span> <span class='ocrx_word' id='word_1_340' title='bbox 1831 1904 1938 1945; x_wconf 90' lang='lat' dir='ltr'><strong>requi-</strong></span> 
     </span>
     <span class='ocr_line' id='line_1_35' title="bbox 293 1954 1942 1998; baseline -0.001 -10"><span class='ocrx_word' id='word_1_341' title='bbox 293 1958 369 1988; x_wconf 90' lang='lat' dir='ltr'><strong>sicio</strong></span> <span class='ocrx_word' id='word_1_342' title='bbox 404 1959 601 1998; x_wconf 83' lang='lat' dir='ltr'><strong>proponatur</strong></span> <span class='ocrx_word' id='word_1_343' title='bbox 634 1955 783 1986; x_wconf 88' lang='lat' dir='ltr'><strong>conscilio</strong></span> <span class='ocrx_word' id='word_1_344' title='bbox 817 1958 1041 1986; x_wconf 85' lang='lat' dir='ltr'><strong>trecentorum.</strong></span> <span class='ocrx_word' id='word_1_345' title='bbox 1109 1954 1204 1991; x_wconf 85' lang='lat' dir='ltr'><strong>Quod</strong></span> <span class='ocrx_word' id='word_1_346' title='bbox 1238 1955 1343 1996; x_wconf 87' lang='lat' dir='ltr'><strong>posito</strong></span> <span class='ocrx_word' id='word_1_347' title='bbox 1377 1954 1495 1996; x_wconf 82' lang='lat' dir='ltr'><strong>partito</strong></span> <span class='ocrx_word' id='word_1_348' title='bbox 1529 1964 1588 1995; x_wconf 88' lang='lat' dir='ltr'><strong>per</strong></span> <span class='ocrx_word' id='word_1_349' title='bbox 1621 1954 1740 1987; x_wconf 89' lang='lat' dir='ltr'><strong>dictum</strong></span> <span class='ocrx_word' id='word_1_350' title='bbox 1775 1955 1942 1988; x_wconf 88' lang='lat' dir='ltr'><strong>dominum</strong></span> 
     </span>
     <span class='ocr_line' id='line_1_36' title="bbox 292 2006 1940 2047; baseline 0.001 -9"><span class='ocrx_word' id='word_1_351' title='bbox 292 2009 446 2040; x_wconf 87' lang='lat' dir='ltr'><strong>vicarium</strong></span> <span class='ocrx_word' id='word_1_352' title='bbox 468 2007 509 2038; x_wconf 90' lang='lat' dir='ltr'><strong>ad</strong></span> <span class='ocrx_word' id='word_1_353' title='bbox 532 2006 662 2039; x_wconf 88' lang='lat' dir='ltr'><strong>busulos</strong></span> <span class='ocrx_word' id='word_1_354' title='bbox 685 2010 718 2038; x_wconf 89' lang='lat' dir='ltr'><strong>et</strong></span> <span class='ocrx_word' id='word_1_355' title='bbox 741 2006 880 2038; x_wconf 86' lang='lat' dir='ltr'><strong>balottas</strong></span> <span class='ocrx_word' id='word_1_356' title='bbox 896 2006 1062 2045; x_wconf 20' lang='lat' dir='ltr'><strong>‘firmatum</strong></span> <span class='ocrx_word' id='word_1_357' title='bbox 1086 2009 1118 2038; x_wconf 92' lang='lat' dir='ltr'><strong>et</strong></span> <span class='ocrx_word' id='word_1_358' title='bbox 1140 2006 1307 2038; x_wconf 88' lang='lat' dir='ltr'><strong>obtentum</strong></span> <span class='ocrx_word' id='word_1_359' title='bbox 1330 2006 1390 2038; x_wconf 89' lang='lat' dir='ltr'><strong>fuit</strong></span> <span class='ocrx_word' id='word_1_360' title='bbox 1411 2015 1470 2047; x_wconf 91' lang='lat' dir='ltr'><strong>per</strong></span> <span class='ocrx_word' id='word_1_361' title='bbox 1492 2006 1743 2047; x_wconf 86' lang='lat' dir='ltr'><strong>vigintiquatuor</strong></span> <span class='ocrx_word' id='word_1_362' title='bbox 1765 2007 1940 2039; x_wconf 86' lang='lat' dir='ltr'><strong>concordes</strong></span> 
     </span>
    </p>
   </div>
   <div class='ocr_carea' id='block_1_20' title="bbox 293 2057 1941 2142">
    <p class='ocr_par' dir='ltr' id='par_1_21' title="bbox 293 2057 1941 2142">
     <span class='ocr_line' id='line_1_37' title="bbox 293 2057 1941 2100; baseline 0 -9"><span class='ocrx_word' id='word_1_363' title='bbox 293 2071 351 2091; x_wconf 86' lang='lat' dir='ltr'><strong>sex</strong></span> <span class='ocrx_word' id='word_1_364' title='bbox 374 2058 627 2100; x_wconf 79' lang='lat' dir='ltr'><strong>discrepantibus</strong></span> <span class='ocrx_word' id='word_1_365' title='bbox 650 2058 691 2089; x_wconf 88' lang='lat' dir='ltr'><strong>ab</strong></span> <span class='ocrx_word' id='word_1_366' title='bbox 715 2057 848 2098; x_wconf 86' lang='lat' dir='ltr'><strong>eisdem,</strong></span> <span class='ocrx_word' id='word_1_367' title='bbox 872 2057 958 2099; x_wconf 91' lang='lat' dir='ltr'><strong>quod</strong></span> <span class='ocrx_word' id='word_1_368' title='bbox 981 2061 1179 2099; x_wconf 89' lang='lat' dir='ltr'><strong>proponatur</strong></span> <span class='ocrx_word' id='word_1_369' title='bbox 1201 2058 1331 2090; x_wconf 84' lang='lat' dir='ltr'><strong>coscilio</strong></span> <span class='ocrx_word' id='word_1_370' title='bbox 1354 2061 1580 2097; x_wconf 83' lang='lat' dir='ltr'><strong>trecentorum,</strong></span> <span class='ocrx_word' id='word_1_371' title='bbox 1603 2062 1640 2089; x_wconf 82' lang='lat' dir='ltr'><strong>ut</strong></span> <span class='ocrx_word' id='word_1_372' title='bbox 1662 2058 1819 2090; x_wconf 86' lang='lat' dir='ltr'><strong>consuluit</strong></span> <span class='ocrx_word' id='word_1_373' title='bbox 1837 2059 1941 2091; x_wconf 82' lang='lat' dir='ltr'><strong>dictus</strong></span> 
     </span>
     <span class='ocr_line' id='line_1_38' title="bbox 294 2110 634 2142; baseline -0.006 0"><span class='ocrx_word' id='word_1_374' title='bbox 294 2111 440 2142; x_wconf 86' lang='lat' dir='ltr'><strong>dominus</strong></span> <span class='ocrx_word' id='word_1_375' title='bbox 463 2110 634 2142; x_wconf 84' lang='lat' dir='ltr'><strong>Thomeus.</strong></span> 
     </span>
    </p>
   </div>
   <div class='ocr_carea' id='block_1_21' title="bbox 294 2181 1943 2690">
    <p class='ocr_par' dir='ltr' id='par_1_22' title="bbox 294 2181 1943 2690">
     <span class='ocr_line' id='line_1_39' title="bbox 400 2181 1940 2224; baseline 0.003 -12"><span class='ocrx_word' id='word_1_376' title='bbox 400 2182 446 2224; x_wconf 88' lang='lat'><strong>(3)</strong></span> <span class='ocrx_word' id='word_1_377' title='bbox 469 2181 553 2212; x_wconf 86' lang='lat' dir='ltr'><strong>Item</strong></span> <span class='ocrx_word' id='word_1_378' title='bbox 577 2181 693 2212; x_wconf 90' lang='lat' dir='ltr'><strong>eodem</strong></span> <span class='ocrx_word' id='word_1_379' title='bbox 716 2181 897 2220; x_wconf 84' lang='lat' dir='ltr'><strong>millesimo,</strong></span> <span class='ocrx_word' id='word_1_380' title='bbox 922 2181 1095 2213; x_wconf 86' lang='lat' dir='ltr'><strong>indictione</strong></span> <span class='ocrx_word' id='word_1_381' title='bbox 1121 2184 1153 2212; x_wconf 88' lang='lat' dir='ltr'><strong>et</strong></span> <span class='ocrx_word' id='word_1_382' title='bbox 1176 2181 1227 2213; x_wconf 88' lang='lat' dir='ltr'><strong>die</strong></span> <span class='ocrx_word' id='word_1_383' title='bbox 1250 2182 1282 2213; x_wconf 92' lang='lat' dir='ltr'><strong>in</strong></span> <span class='ocrx_word' id='word_1_384' title='bbox 1305 2181 1401 2223; x_wconf 88' lang='lat' dir='ltr'><strong>pleno</strong></span> <span class='ocrx_word' id='word_1_385' title='bbox 1426 2185 1459 2213; x_wconf 88' lang='lat' dir='ltr'><strong>et</strong></span> <span class='ocrx_word' id='word_1_386' title='bbox 1482 2182 1626 2223; x_wconf 88' lang='lat' dir='ltr'><strong>generali</strong></span> <span class='ocrx_word' id='word_1_387' title='bbox 1650 2183 1779 2215; x_wconf 80' lang='lat' dir='ltr'><strong>co&#39;scilio</strong></span> <span class='ocrx_word' id='word_1_388' title='bbox 1803 2185 1940 2217; x_wconf 85' lang='lat' dir='ltr'><strong>civitatis</strong></span> 
     </span>
     <span class='ocr_line' id='line_1_40' title="bbox 294 2232 1940 2277; baseline 0.002 -12"><span class='ocrx_word' id='word_1_389' title='bbox 294 2234 436 2265; x_wconf 85' lang='lat' dir='ltr'><strong>comunis</strong></span> <span class='ocrx_word' id='word_1_390' title='bbox 459 2236 492 2264; x_wconf 87' lang='lat' dir='ltr'><strong>et</strong></span> <span class='ocrx_word' id='word_1_391' title='bbox 507 2233 619 2274; x_wconf 90' lang='lat' dir='ltr'><strong>populi</strong></span> <span class='ocrx_word' id='word_1_392' title='bbox 634 2232 791 2263; x_wconf 84' lang='lat' dir='ltr'><strong>Tarvisini</strong></span> <span class='ocrx_word' id='word_1_393' title='bbox 806 2234 994 2264; x_wconf 85' lang='lat' dir='ltr'><strong>nominatim</strong></span> <span class='ocrx_word' id='word_1_394' title='bbox 1009 2243 1067 2274; x_wconf 88' lang='lat' dir='ltr'><strong>pro</strong></span> <span class='ocrx_word' id='word_1_395' title='bbox 1084 2233 1294 2275; x_wconf 85' lang='lat' dir='ltr'><strong>infrascriptis</strong></span> <span class='ocrx_word' id='word_1_396' title='bbox 1317 2233 1463 2265; x_wconf 89' lang='lat' dir='ltr'><strong>omnibus</strong></span> <span class='ocrx_word' id='word_1_397' title='bbox 1485 2234 1526 2265; x_wconf 85' lang='lat' dir='ltr'><strong>ad</strong></span> <span class='ocrx_word' id='word_1_398' title='bbox 1543 2244 1655 2266; x_wconf 89' lang='lat' dir='ltr'><strong>sonum</strong></span> <span class='ocrx_word' id='word_1_399' title='bbox 1672 2245 1827 2277; x_wconf 85' lang='lat' dir='ltr'><strong>campane</strong></span> <span class='ocrx_word' id='word_1_400' title='bbox 1850 2247 1940 2269; x_wconf 88' lang='lat' dir='ltr'><strong>more</strong></span> 
     </span>
     <span class='ocr_line' id='line_1_41' title="bbox 295 2283 1943 2325; baseline 0.002 -9"><span class='ocrx_word' id='word_1_401' title='bbox 295 2289 330 2316; x_wconf 51' lang='lat' dir='ltr'><strong>et¹</strong></span> <span class='ocrx_word' id='word_1_402' title='bbox 354 2285 425 2315; x_wconf 89' lang='lat' dir='ltr'><strong>loco</strong></span> <span class='ocrx_word' id='word_1_403' title='bbox 456 2283 557 2314; x_wconf 85' lang='lat' dir='ltr'><strong>solitis</strong></span> <span class='ocrx_word' id='word_1_404' title='bbox 587 2286 798 2325; x_wconf 84' lang='lat' dir='ltr'><strong>congregato,</strong></span> <span class='ocrx_word' id='word_1_405' title='bbox 828 2284 859 2314; x_wconf 92' lang='lat' dir='ltr'><strong>in</strong></span> <span class='ocrx_word' id='word_1_406' title='bbox 885 2293 947 2324; x_wconf 89' lang='lat' dir='ltr'><strong>quo</strong></span> <span class='ocrx_word' id='word_1_407' title='bbox 978 2284 1152 2315; x_wconf 87' lang='lat' dir='ltr'><strong>secundum</strong></span> <span class='ocrx_word' id='word_1_408' title='bbox 1183 2294 1288 2315; x_wconf 88' lang='lat' dir='ltr'><strong>mores</strong></span> <span class='ocrx_word' id='word_1_409' title='bbox 1318 2288 1351 2316; x_wconf 84' lang='lat' dir='ltr'><strong>et</strong></span> <span class='ocrx_word' id='word_1_410' title='bbox 1378 2287 1498 2317; x_wconf 84' lang='lat' dir='ltr'><strong>statuta</strong></span> <span class='ocrx_word' id='word_1_411' title='bbox 1521 2285 1605 2317; x_wconf 87' lang='lat' dir='ltr'><strong>dicte</strong></span> <span class='ocrx_word' id='word_1_412' title='bbox 1636 2287 1771 2318; x_wconf 84' lang='lat' dir='ltr'><strong>civitatis</strong></span> <span class='ocrx_word' id='word_1_413' title='bbox 1798 2288 1943 2320; x_wconf 83' lang='lat' dir='ltr'><strong>interfuit</strong></span> 
     </span>
     <span class='ocr_line' id='line_1_42' title="bbox 295 2334 1941 2381; baseline 0.003 -15"><span class='ocrx_word' id='word_1_414' title='bbox 295 2335 482 2376; x_wconf 88' lang='lat' dir='ltr'><strong>solempnis,</strong></span> <span class='ocrx_word' id='word_1_415' title='bbox 511 2334 671 2365; x_wconf 85' lang='lat' dir='ltr'><strong>sufficiens</strong></span> <span class='ocrx_word' id='word_1_416' title='bbox 699 2337 732 2365; x_wconf 90' lang='lat' dir='ltr'><strong>et</strong></span> <span class='ocrx_word' id='word_1_417' title='bbox 754 2335 867 2375; x_wconf 88' lang='lat' dir='ltr'><strong>plenus</strong></span> <span class='ocrx_word' id='word_1_418' title='bbox 895 2335 1164 2366; x_wconf 80' lang='lat' dir='ltr'><strong>consciliariomm</strong></span> <span class='ocrx_word' id='word_1_419' title='bbox 1190 2346 1342 2367; x_wconf 88' lang='lat' dir='ltr'><strong>numerus</strong></span> <span class='ocrx_word' id='word_1_420' title='bbox 1365 2347 1422 2378; x_wconf 91' lang='lat' dir='ltr'><strong>pro</strong></span> <span class='ocrx_word' id='word_1_421' title='bbox 1446 2337 1655 2379; x_wconf 80' lang='lat' dir='ltr'><strong>infrascriptis</strong></span> <span class='ocrx_word' id='word_1_422' title='bbox 1679 2339 1824 2370; x_wconf 85' lang='lat' dir='ltr'><strong>omnibus</strong></span> <span class='ocrx_word' id='word_1_423' title='bbox 1847 2350 1941 2381; x_wconf 82' lang='lat' dir='ltr'><strong>pera-</strong></span> 
     </span>
     <span class='ocr_line' id='line_1_43' title="bbox 296 2386 1941 2433; baseline 0.004 -16"><span class='ocrx_word' id='word_1_424' title='bbox 296 2387 419 2428; x_wconf 87' lang='lat' dir='ltr'><strong>gendis,</strong></span> <span class='ocrx_word' id='word_1_425' title='bbox 443 2387 497 2427; x_wconf 91' lang='lat' dir='ltr'><strong>qui</strong></span> <span class='ocrx_word' id='word_1_426' title='bbox 519 2396 670 2417; x_wconf 88' lang='lat' dir='ltr'><strong>numerus</strong></span> <span class='ocrx_word' id='word_1_427' title='bbox 686 2386 847 2427; x_wconf 87' lang='lat' dir='ltr'><strong>predictus</strong></span> <span class='ocrx_word' id='word_1_428' title='bbox 863 2387 966 2418; x_wconf 85' lang='lat' dir='ltr'><strong>tocius</strong></span> <span class='ocrx_word' id='word_1_429' title='bbox 982 2387 1123 2418; x_wconf 86' lang='lat' dir='ltr'><strong>conscilii</strong></span> <span class='ocrx_word' id='word_1_430' title='bbox 1146 2398 1182 2419; x_wconf 87' lang='lat' dir='ltr'><strong>ac</strong></span> <span class='ocrx_word' id='word_1_431' title='bbox 1199 2389 1301 2419; x_wconf 81' lang='lat' dir='ltr'><strong>tocius</strong></span> <span class='ocrx_word' id='word_1_432' title='bbox 1316 2389 1426 2430; x_wconf 90' lang='lat' dir='ltr'><strong>populi</strong></span> <span class='ocrx_word' id='word_1_433' title='bbox 1442 2389 1599 2420; x_wconf 80' lang='lat' dir='ltr'><strong>Tarvisini</strong></span> <span class='ocrx_word' id='word_1_434' title='bbox 1614 2391 1714 2421; x_wconf 86' lang='lat' dir='ltr'><strong>instar</strong></span> <span class='ocrx_word' id='word_1_435' title='bbox 1730 2395 1941 2433; x_wconf 82' lang='lat' dir='ltr'><strong>representat,</strong></span> 
     </span>
     <span class='ocr_line' id='line_1_44' title="bbox 297 2437 1941 2482; baseline 0.004 -14"><span class='ocrx_word' id='word_1_436' title='bbox 297 2438 518 2479; x_wconf 86' lang='lat' dir='ltr'><strong>proposicione</strong></span> <span class='ocrx_word' id='word_1_437' title='bbox 549 2437 588 2468; x_wconf 88' lang='lat' dir='ltr'><strong>de</strong></span> <span class='ocrx_word' id='word_1_438' title='bbox 618 2437 826 2479; x_wconf 84' lang='lat' dir='ltr'><strong>infrascriptis</strong></span> <span class='ocrx_word' id='word_1_439' title='bbox 855 2438 1029 2479; x_wconf 89' lang='lat' dir='ltr'><strong>solepniter</strong></span> <span class='ocrx_word' id='word_1_440' title='bbox 1060 2439 1142 2470; x_wconf 90' lang='lat' dir='ltr'><strong>inter</strong></span> <span class='ocrx_word' id='word_1_441' title='bbox 1171 2439 1273 2470; x_wconf 89' lang='lat' dir='ltr'><strong>dictos</strong></span> <span class='ocrx_word' id='word_1_442' title='bbox 1304 2440 1496 2471; x_wconf 87' lang='lat' dir='ltr'><strong>cosciliarios</strong></span> <span class='ocrx_word' id='word_1_443' title='bbox 1530 2440 1614 2472; x_wconf 87' lang='lat' dir='ltr'><strong>facta</strong></span> <span class='ocrx_word' id='word_1_444' title='bbox 1643 2452 1701 2482; x_wconf 88' lang='lat' dir='ltr'><strong>per</strong></span> <span class='ocrx_word' id='word_1_445' title='bbox 1732 2442 1873 2474; x_wconf 87' lang='lat' dir='ltr'><strong>nobilem</strong></span> <span class='ocrx_word' id='word_1_446' title='bbox 1907 2446 1941 2475; x_wconf 87' lang='lat' dir='ltr'><strong>et</strong></span> 
     </span>
     <span class='ocr_line' id='line_1_45' title="bbox 297 2488 1940 2537; baseline 0.004 -17"><span class='ocrx_word' id='word_1_447' title='bbox 297 2492 462 2532; x_wconf 87' lang='lat' dir='ltr'><strong>potentem</strong></span> <span class='ocrx_word' id='word_1_448' title='bbox 488 2489 623 2520; x_wconf 88' lang='lat' dir='ltr'><strong>militem</strong></span> <span class='ocrx_word' id='word_1_449' title='bbox 651 2488 815 2520; x_wconf 84' lang='lat' dir='ltr'><strong>dominum</strong></span> <span class='ocrx_word' id='word_1_450' title='bbox 837 2490 1035 2522; x_wconf 85' lang='lat' dir='ltr'><strong>Armannum</strong></span> <span class='ocrx_word' id='word_1_451' title='bbox 1063 2490 1104 2522; x_wconf 90' lang='lat' dir='ltr'><strong>de</strong></span> <span class='ocrx_word' id='word_1_452' title='bbox 1127 2489 1338 2522; x_wconf 83' lang='lat' dir='ltr'><strong>Guelfonibus</strong></span> <span class='ocrx_word' id='word_1_453' title='bbox 1366 2491 1407 2523; x_wconf 90' lang='lat' dir='ltr'><strong>de</strong></span> <span class='ocrx_word' id='word_1_454' title='bbox 1430 2492 1577 2534; x_wconf 85' lang='lat' dir='ltr'><strong>Eugubio</strong></span> <span class='ocrx_word' id='word_1_455' title='bbox 1606 2493 1829 2533; x_wconf 84' lang='lat' dir='ltr'><strong>honorabilem</strong></span> <span class='ocrx_word' id='word_1_456' title='bbox 1850 2495 1940 2537; x_wconf 87' lang='lat' dir='ltr'><strong>regie</strong></span> 
     </span>
     <span class='ocr_line' id='line_1_46' title="bbox 297 2540 1941 2587; baseline 0.004 -16"><span class='ocrx_word' id='word_1_457' title='bbox 297 2540 474 2572; x_wconf 85' lang='lat' dir='ltr'><strong>maiestatis</strong></span> <span class='ocrx_word' id='word_1_458' title='bbox 496 2540 648 2571; x_wconf 85' lang='lat' dir='ltr'><strong>vicarium</strong></span> <span class='ocrx_word' id='word_1_459' title='bbox 672 2540 808 2571; x_wconf 86' lang='lat' dir='ltr'><strong>civitatis</strong></span> <span class='ocrx_word' id='word_1_460' title='bbox 831 2541 995 2572; x_wconf 82' lang='lat' dir='ltr'><strong>Tarvisine</strong></span> <span class='ocrx_word' id='word_1_461' title='bbox 1020 2545 1052 2573; x_wconf 88' lang='lat' dir='ltr'><strong>et</strong></span> <span class='ocrx_word' id='word_1_462' title='bbox 1076 2541 1245 2584; x_wconf 75' lang='lat' dir='ltr'><strong>districtus,</strong></span> <span class='ocrx_word' id='word_1_463' title='bbox 1268 2543 1388 2584; x_wconf 88' lang='lat' dir='ltr'><strong>placuit</strong></span> <span class='ocrx_word' id='word_1_464' title='bbox 1410 2544 1523 2575; x_wconf 86' lang='lat' dir='ltr'><strong>maiori</strong></span> <span class='ocrx_word' id='word_1_465' title='bbox 1546 2545 1628 2586; x_wconf 88' lang='lat' dir='ltr'><strong>parti</strong></span> <span class='ocrx_word' id='word_1_466' title='bbox 1653 2547 1685 2576; x_wconf 90' lang='lat' dir='ltr'><strong>et</strong></span> <span class='ocrx_word' id='word_1_467' title='bbox 1707 2545 1803 2587; x_wconf 89' lang='lat' dir='ltr'><strong>longe</strong></span> <span class='ocrx_word' id='word_1_468' title='bbox 1826 2547 1941 2578; x_wconf 87' lang='lat' dir='ltr'><strong>maiori</strong></span> 
     </span>
     <span class='ocr_line' id='line_1_47' title="bbox 299 2583 1940 2639; baseline 0.004 -16"><span class='ocrx_word' id='word_1_469' title='bbox 299 2592 455 2623; x_wconf 90' lang='lat' dir='ltr'><strong>dictorum</strong></span> <span class='ocrx_word' id='word_1_470' title='bbox 478 2592 739 2631; x_wconf 84' lang='lat' dir='ltr'><strong>cosciliariorum,</strong></span> <span class='ocrx_word' id='word_1_471' title='bbox 763 2592 884 2623; x_wconf 88' lang='lat' dir='ltr'><strong>scilicet</strong></span> <span class='ocrx_word' id='word_1_472' title='bbox 907 2596 1034 2624; x_wconf 89' lang='lat' dir='ltr'><strong>centum</strong></span> <span class='ocrx_word' id='word_1_473' title='bbox 1058 2597 1090 2625; x_wconf 92' lang='lat' dir='ltr'><strong>et</strong></span> <span class='ocrx_word' id='word_1_474' title='bbox 1109 2595 1385 2636; x_wconf 88' lang='lat' dir='ltr'><strong>quinquagintiuni</strong></span> <span class='ocrx_word' id='word_1_475' title='bbox 1408 2596 1596 2637; x_wconf 77' lang='lat' dir='ltr'><strong>concordes,</strong></span> <span class='ocrx_word' id='word_1_476' title='bbox 1619 2583 1940 2639; x_wconf 84' lang='lat' dir='ltr'><strong>septuagintanovem</strong></span> 
     </span>
     <span class='ocr_line' id='line_1_48' title="bbox 299 2642 1942 2690; baseline 0.005 -17"><span class='ocrx_word' id='word_1_477' title='bbox 299 2642 552 2684; x_wconf 83' lang='lat' dir='ltr'><strong>discrepantibus</strong></span> <span class='ocrx_word' id='word_1_478' title='bbox 581 2642 622 2674; x_wconf 84' lang='lat' dir='ltr'><strong>ab</strong></span> <span class='ocrx_word' id='word_1_479' title='bbox 653 2642 788 2683; x_wconf 77' lang='lat' dir='ltr'><strong>eisdem,</strong></span> <span class='ocrx_word' id='word_1_480' title='bbox 819 2655 856 2675; x_wconf 90' lang='lat' dir='ltr'><strong>ac</strong></span> <span class='ocrx_word' id='word_1_481' title='bbox 886 2655 944 2685; x_wconf 85' lang='lat' dir='ltr'><strong>per</strong></span> <span class='ocrx_word' id='word_1_482' title='bbox 971 2645 1056 2686; x_wconf 89' lang='lat' dir='ltr'><strong>ipsos</strong></span> <span class='ocrx_word' id='word_1_483' title='bbox 1084 2646 1277 2677; x_wconf 84' lang='lat' dir='ltr'><strong>cosciliarios</strong></span> <span class='ocrx_word' id='word_1_484' title='bbox 1299 2647 1473 2688; x_wconf 86' lang='lat' dir='ltr'><strong>firmatum,</strong></span> <span class='ocrx_word' id='word_1_485' title='bbox 1503 2648 1693 2690; x_wconf 86' lang='lat' dir='ltr'><strong>stabilitum,</strong></span> <span class='ocrx_word' id='word_1_486' title='bbox 1723 2653 1878 2682; x_wconf 85' lang='lat' dir='ltr'><strong>statutum</strong></span> <span class='ocrx_word' id='word_1_487' title='bbox 1908 2653 1942 2682; x_wconf 82' lang='lat' dir='ltr'><strong>et</strong></span> 
     </span>
    </p>
   </div>
   <div class='ocr_carea' id='block_1_22' title="bbox 1957 1911 1984 1930">
    <p class='ocr_par' dir='ltr' id='par_1_23' title="bbox 1957 1911 1984 1930">
     <span class='ocr_line' id='line_1_49' title="bbox 1957 1911 1984 1930; baseline 0 0"><span class='ocrx_word' id='word_1_488' title='bbox 1957 1911 1984 1930; x_wconf 81' lang='lat'><strong>³0</strong></span> 
     </span>
    </p>
   </div>
   <div class='ocr_carea' id='block_1_23' title="bbox 1960 2194 1984 2214">
    <p class='ocr_par' dir='ltr' id='par_1_24' title="bbox 1960 2194 1984 2214">
     <span class='ocr_line' id='line_1_50' title="bbox 1960 2194 1984 2214; baseline 0.042 -1"><span class='ocrx_word' id='word_1_489' title='bbox 1960 2194 1984 2214; x_wconf 77' lang='lat'><strong>³5</strong></span> 
     </span>
    </p>
   </div>
   <div class='ocr_carea' id='block_1_24' title="bbox 299 2694 1989 2742">
    <p class='ocr_par' dir='ltr' id='par_1_25' title="bbox 299 2694 1989 2742">
     <span class='ocr_line' id='line_1_51' title="bbox 299 2694 1989 2742; baseline 0.006 -18"><span class='ocrx_word' id='word_1_490' title='bbox 299 2694 465 2725; x_wconf 86' lang='lat' dir='ltr'><strong>decretum</strong></span> <span class='ocrx_word' id='word_1_491' title='bbox 492 2696 554 2731; x_wconf 81' lang='lat' dir='ltr'><strong>est,</strong></span> <span class='ocrx_word' id='word_1_492' title='bbox 582 2694 667 2735; x_wconf 89' lang='lat' dir='ltr'><strong>quod</strong></span> <span class='ocrx_word' id='word_1_493' title='bbox 691 2694 776 2726; x_wconf 83' lang='lat' dir='ltr'><strong>dicta</strong></span> <span class='ocrx_word' id='word_1_494' title='bbox 799 2695 909 2727; x_wconf 82' lang='lat' dir='ltr'><strong>civitas</strong></span> <span class='ocrx_word' id='word_1_495' title='bbox 932 2696 1096 2728; x_wconf 84' lang='lat' dir='ltr'><strong>Tervisina</strong></span> <span class='ocrx_word' id='word_1_496' title='bbox 1119 2708 1190 2728; x_wconf 89' lang='lat' dir='ltr'><strong>cum</strong></span> <span class='ocrx_word' id='word_1_497' title='bbox 1220 2709 1276 2729; x_wconf 85' lang='lat' dir='ltr'><strong>suo</strong></span> <span class='ocrx_word' id='word_1_498' title='bbox 1301 2698 1458 2740; x_wconf 88' lang='lat' dir='ltr'><strong>districtu,</strong></span> <span class='ocrx_word' id='word_1_499' title='bbox 1486 2701 1611 2741; x_wconf 86' lang='lat' dir='ltr'><strong>integro</strong></span> <span class='ocrx_word' id='word_1_500' title='bbox 1635 2705 1721 2733; x_wconf 84' lang='lat' dir='ltr'><strong>statu</strong></span> <span class='ocrx_word' id='word_1_501' title='bbox 1743 2712 1816 2733; x_wconf 89' lang='lat' dir='ltr'><strong>cum</strong></span> <span class='ocrx_word' id='word_1_502' title='bbox 1838 2711 1938 2742; x_wconf 83' lang='lat' dir='ltr'><strong>merc,</strong></span> <span class='ocrx_word' id='word_1_503' title='bbox 1957 2716 1989 2735; x_wconf 52' lang='grc' dir='ltr'><strong>ιε,</strong></span> 
     </span>
    </p>
   </div>
   <div class='ocr_carea' id='block_1_25' title="bbox 298 2745 1940 2796">
    <p class='ocr_par' dir='ltr' id='par_1_26' title="bbox 298 2745 1940 2796">
     <span class='ocr_line' id='line_1_52' title="bbox 298 2745 1940 2796; baseline 0.007 -21"><span class='ocrx_word' id='word_1_504' title='bbox 298 2745 399 2776; x_wconf 82' lang='lat' dir='ltr'><strong>mixto</strong></span> <span class='ocrx_word' id='word_1_505' title='bbox 426 2745 560 2786; x_wconf 89' lang='lat' dir='ltr'><strong>imperio</strong></span> <span class='ocrx_word' id='word_1_506' title='bbox 589 2748 622 2776; x_wconf 86' lang='lat' dir='ltr'><strong>et</strong></span> <span class='ocrx_word' id='word_1_507' title='bbox 647 2746 849 2778; x_wconf 89' lang='lat' dir='ltr'><strong>iurisdicione</strong></span> <span class='ocrx_word' id='word_1_508' title='bbox 881 2748 912 2778; x_wconf 93' lang='lat' dir='ltr'><strong>in</strong></span> <span class='ocrx_word' id='word_1_509' title='bbox 943 2748 1119 2780; x_wconf 86' lang='lat' dir='ltr'><strong>dominium</strong></span> <span class='ocrx_word' id='word_1_510' title='bbox 1146 2754 1178 2781; x_wconf 89' lang='lat' dir='ltr'><strong>et</strong></span> <span class='ocrx_word' id='word_1_511' title='bbox 1206 2749 1363 2782; x_wconf 85' lang='lat' dir='ltr'><strong>dicionem</strong></span> <span class='ocrx_word' id='word_1_512' title='bbox 1391 2751 1527 2783; x_wconf 87' lang='lat' dir='ltr'><strong>liberum</strong></span> <span class='ocrx_word' id='word_1_513' title='bbox 1560 2756 1592 2783; x_wconf 89' lang='lat' dir='ltr'><strong>et</strong></span> <span class='ocrx_word' id='word_1_514' title='bbox 1615 2752 1748 2785; x_wconf 87' lang='lat' dir='ltr'><strong>liberam</strong></span> <span class='ocrx_word' id='word_1_515' title='bbox 1778 2754 1940 2796; x_wconf 83' lang='lat' dir='ltr'><strong>magnifici</strong></span> 
     </span>
    </p>
   </div>
   <div class='ocr_carea' id='block_1_26' title="bbox 404 2821 1457 2860">
    <p class='ocr_par' dir='ltr' id='par_1_27' title="bbox 404 2821 1457 2860">
     <span class='ocr_line' id='line_1_53' title="bbox 404 2821 1457 2860; baseline 0.009 -14"><span class='ocrx_word' id='word_1_516' title='bbox 404 2822 428 2854; x_wconf 88' lang='lat'><strong>1)</strong></span> <span class='ocrx_word' id='word_1_517' title='bbox 450 2821 491 2853; x_wconf 80' lang='lat' dir='ltr'><strong>Cf.</strong></span> <span class='ocrx_word' id='word_1_518' title='bbox 510 2821 594 2854; x_wconf 81' lang='lat' dir='ltr'><strong>Kopp</strong></span> <span class='ocrx_word' id='word_1_519' title='bbox 612 2821 710 2848; x_wconf 58' lang='lat' dir='ltr'><strong>‘Gema</strong></span> <span class='ocrx_word' id='word_1_520' title='bbox 732 2822 778 2848; x_wconf 82' lang='lat' dir='ltr'><strong>der</strong></span> <span class='ocrx_word' id='word_1_521' title='bbox 797 2823 1016 2857; x_wconf 67' lang='lat' dir='ltr'><strong>eidyeno&#39;ssischen</strong></span> <span class='ocrx_word' id='word_1_522' title='bbox 1034 2825 1145 2852; x_wconf 75' lang='lat' dir='ltr'><strong>Bitnde&#39;</strong></span> <span class='ocrx_word' id='word_1_523' title='bbox 1164 2826 1215 2860; x_wconf 90' lang='lat' dir='ltr'><strong>IV,</strong></span> <span class='ocrx_word' id='word_1_524' title='bbox 1229 2831 1245 2853; x_wconf 84' lang='lat'><strong><em>2</em></strong></span> <span class='ocrx_word' id='word_1_525' title='bbox 1258 2836 1286 2860; x_wconf 31' lang='lat' dir='ltr'><strong>pi</strong></span> <span class='ocrx_word' id='word_1_526' title='bbox 1301 2831 1350 2854; x_wconf 71' lang='lat'><strong>424</strong></span> <span class='ocrx_word' id='word_1_527' title='bbox 1368 2831 1421 2855; x_wconf 77' lang='lat' dir='ltr'><strong>not.</strong></span> <span class='ocrx_word' id='word_1_528' title='bbox 1435 2832 1457 2855; x_wconf 87' lang='lat'><strong>6.</strong></span> 
     </span>
    </p>
   </div>
  </div>
 </body>
</html>
