2158 3138
341 208 403 238 104
575 204 672 232 ACTA
690 203 805 231 REGNI
824 201 1009 230 LUDEWICI
1028 201 1075 229 IV.
1093 201 1139 228 ET
1158 200 1344 228 FRIDERIGI
1363 200 1413 228 111.
1449 200 1525 227 1314.
1559 200 1609 227 Nr.
1623 199 1681 227 105.
1702 198 1771 226 106q

456 355 530 391 105.
564 353 828 390 LITTERAE
858 351 1155 389 CONSENSUS
1182 349 1287 387 PRO
1317 349 1516 387 COMITE
1544 347 1877 385 HAYNONIAE.

1014 420 1123 456 1314.
1165 419 1243 456 Oct.
1265 419 1325 456 21.

454 522 634 563 Oriyinalia
662 522 724 553 duo
752 522 788 552 in
816 520 974 553 tabulario
1001 521 1084 560 reyio
1108 520 1271 551 Montensi
1294 519 1481 551 ‘Tre'sorerie
1509 519 1562 550 des
1589 517 1721 549 chartes’
1748 527 1799 549 nr.
1815 517 1879 548 365
1906 515 1995 557 (olim

342 574 411 607 DD
425 575 493 616 33).
592 577 606 605 1
632 573 789 613 extemplar
810 572 1037 612 archiepiscopi
1055 572 1257 603 Trevirensis.
1304 571 1447 603 Pendent
1468 569 1565 610 siyilli
1586 569 1765 609 fragmenta
1787 568 1864 599 linis
1885 563 1995 599 sericis

342 627 455 658 viridis
476 625 597 659 coloris.
687 627 705 656 2
726 624 885 664 exemplar
903 624 986 664 regis
1001 623 1189 655 Bohemiae„
1216 622 1358 654 Pendent
1380 623 1453 654 item
1473 621 1571 661 sigilli
1585 621 1765 661 fraymenta
1787 619 1864 651 linis
1885 619 1995 654 sericis
2025 628 2038 648 ι

340 678 455 710 viridis
475 677 596 709 coloris.
619 695 660 699 -
683 676 756 708 Iam
778 676 936 708 edidimus
958 674 1073 706 ‘Neues
1087 674 1214 706 Archiv’
1237 674 1371 712 XXIX,
1395 674 1459 704 597
1480 683 1530 704 nr.
1544 674 1585 704 18
1608 683 1646 704 ex
1665 675 1679 704 1
1705 674 1734 703 et
1756 673 1786 703 2.

450 728 623 768 Exemplar
646 730 664 760 3
695 728 786 759 ducis
813 727 986 764 Saoeoniae,
1019 726 1104 766 quod
1129 729 1219 758 notat
1247 725 1280 757 J.
1302 726 1339 757 de
1366 724 1609 758 Saint-Genois
1633 723 1833 755 ‘Monumens
1855 723 1994 758 amiens.

343 781 456 813 Droits
472 779 639 820 primitifs'
656 780 680 811 Ι
699 779 814 821 (Paris
829 779 928 820 1782)
946 788 1022 819 pay.
1034 780 1108 816 417,
1131 778 1196 809 iam
1219 777 1427 810 desideratur.
1445 796 1486 799 —-
1508 775 1699 808 Ed.Mieris
1715 775 1826 807 ‘Groot
1846 774 1994 807 Chwrter—
2018 798 2025 814 1

342 833 422 865 boelc’
445 833 495 871 11,
511 832 584 866 144.
1904 835 1907 837 ’
1982 852 1983 855 ,

451 888 599 926 Bb'hmer,
624 887 698 927 Rey.
715 886 827 918 Ludw.
845 897 881 926 p.
899 887 962 917 183
985 885 1111 918 Iohann
1132 895 1182 916 nr.
1198 885 1251 916 26.
2013 886 2040 906 1⁰

450 983 518 1015 Nos
539 982 718 1014 Balduinus
741 981 805 1013 Dei
827 982 936 1023 gracia
960 983 1069 1012 sancte
1086 979 1294 1012 Treverensis
1318 978 1454 1010 ecclesie
1479 977 1740 1019 archiepiscopus
1762 978 1845 1009 sacri
1868 977 1996 1018 imperii

342 1045 402 1076 per
430 1033 570 1065 Galliam
600 1032 900 1064 archicancellarius
929 1031 973 1063 ad
997 1032 1219 1062 universorum
1246 1030 1418 1061 noticiam⁰
1447 1029 1593 1062 volumus
1616 1029 1800 1070 pervenire,
1829 1028 1916 1070 quod
1937 1039 1997 1060 nos
2023 1059 2026 1061 .

344 1086 568 1128 quittationem
598 1084 717 1116 factam
745 1083 915 1125 spectabili
941 1084 1009 1114 viro
1039 1082 1244 1125 Guill(elmo)
1272 1081 1381 1113 comiti
1412 1080 1587 1112 Hollandie
1617 1081 1854 1122 consanguineo
1885 1083 1995 1122 nostro
2019 1071 2025 1074 ’

343 1137 462 1169 dilecto
487 1137 618 1178 eiusque
642 1135 816 1167 heredibus
840 1139 873 1167 et
895 1134 1132 1166 successoribus
1154 1144 1213 1175 per
1236 1133 1476 1164 serenissimum
1499 1132 1679 1174 principem
1702 1131 1866 1164 dominum
1886 1131 1996 1164 Ludo-

343 1189 480 1220 wicumb
496 1188 559 1220 Dei
582 1188 691 1230 gracia
710 1188 743 1219 in
758 1197 870 1229 regem
886 1186 1105 1218 Romanorum
1130 1186 1269 1216 electum
1292 1184 1332 1216 de
1357 1185 1443 1215 omni
1466 1184 1546 1224 iure,
1569 1183 1654 1225 quod
1678 1183 1726 1214 sui
1748 1183 1997 1224 predecessores
2015 1192 2041 1212 ιε

344 1251 439 1282 reges
461 1240 681 1272 Romanorum
705 1241 738 1270 et
759 1239 972 1280 imperatores
994 1238 1212 1270 reclamarunt
1234 1247 1292 1268 seu
1314 1236 1492 1268 reclamare
1517 1238 1691 1277 potuerunt
1718 1245 1756 1266 ac
1783 1234 1871 1266 idem
1892 1234 1997 1267 recla-

345 1303 433 1324 mare
460 1294 571 1333 posset
602 1291 633 1323 in
662 1290 865 1322 comitatibus
895 1289 1089 1329 Hollandie‚
1112 1288 1267 1320 Zelandie
1291 1299 1328 1319 ac
1352 1287 1520 1319 dominatu
1542 1287 1662 1327 Frizie,
1686 1289 1790 1318 ratum
1815 1289 1848 1318 et
1869 1289 1999 1328 gratum

345 1343 503 1375 habentes
538 1353 610 1374 eam
645 1346 810 1384 tamquam
843 1342 993 1383 princeps
1027 1344 1060 1373 et
1088 1340 1209 1371 elector
1240 1341 1322 1371 sacri
1348 1339 1488 1371 Romani
1515 1339 1643 1380 imperii
1671 1348 1713 1370 ex
1742 1341 1831 1370 certa
1860 1338 2000 1370 sciencia

346 1395 564 1437 approbamus
595 1397 629 1426 et
656 1394 882 1426 confirmamus
911 1404 948 1425 ac
976 1395 1119 1424 nostrum
1147 1402 1338 1424 consensum
1366 1394 1400 1423 et
1422 1401 1587 1423 assensum
1611 1389 1733 1422 eisdem
1758 1389 1943 1432 quittationi
1966 1391 2000 1421 et

345 1446 579 1478 renunciationi
602 1445 751 1477 duximus
775 1445 1004 1477 adhibendum.
1094 1444 1151 1475 In⁰
1174 1443 1330 1485 quorumcl
1353 1443 1572 1475 testimonium
1596 1441 1735 1483 sigillum
1758 1444 1902 1474 nostrum
1923 1451 1998 1483 pre·
2017 1450 2043 1470 ω

347 1498 492 1530 sentibus
515 1498 631 1529 litteris
655 1498 805 1529 duximus
828 1497 1056 1539 apponendum
1065 1502 1086 1527 ⁰.

453 1549 528 1581 Dat.
558 1550 590 1581 iu
625 1550 736 1581 castris
770 1553 844 1581 ante
879 1549 1117 1590 Frankenvort,
1151 1549 1304 1580 vicesima
1338 1547 1442 1589 prima
1475 1546 1527 1578 die
1561 1546 1679 1578 mensis
1715 1545 1878 1585 Octobris,
1913 1555 1998 1577 anno

345 1602 475 1633 Domini
499 1600 670 1633 millesimo
694 1601 921 1633 trecentesimo
946 1600 1218 1642 quartodecimo0.

360 1844 593 1905 106-110,
637 1857 907 1904 SCRIPTA
934 1855 1265 1902 LUDEWICI
1295 1853 1484 1901 REGIS
1515 1853 1645 1900 PRO
1674 1853 1986 1900 DIVERSIS.

959 1934 1069 1970 1314.
1109 1932 1398 1970 Oenea-26.
2017 1940 2044 1965 x·

601 2047 682 2082 106.
724 2046 900 2092 Scriptum
920 2058 988 2092 pro
1014 2047 1169 2082 Iohanne
1195 2046 1279 2081 duce
1305 2044 1490 2080 Saxoniae.
1597 2043 1668 2078 Oct.
1687 2045 1753 2078 22.

459 2121 620 2161 Oriyinale
635 2120 708 2163 (or.)
732 2122 769 2152 in
790 2120 949 2152 tabulario
972 2121 1056 2161 reyio
1072 2119 1271 2152 Sleswicensi
1293 2118 1516 2159 ‘Herzoythum
1533 2117 1734 2157 Lauenbury'
1756 2127 1805 2149 nr.
1823 2118 1876 2150 46.
1920 2117 2000 2149 Con-

347 2173 480 2205 tulimus
504 2183 570 2204 nos.
616 2172 736 2204 Pendet
758 2172 896 2213 sigillum
919 2172 1040 2204 laesum
1067 2171 1131 2204 loro
1158 2171 1400 2203 membranaceo.
1423 2188 1467 2192 -—
1496 2169 1559 2201 Ed.
1583 2168 1774 2210 Sadendorf
1791 2168 1997 2209 ‘Reyistrum’

348 2225 482 2263 ΙΙ,“181
506 2235 555 2256 nr.
573 2225 615 2256 92
636 2235 675 2256 ex
698 2235 743 2256 or.
2034 2260 2037 2261 ⁷

456 2285 600 2322 Bb'hmer,
624 2284 698 2325 Rey.
716 2284 827 2316 Ludw.
846 2295 881 2324 p.
898 2286 961 2315 349
984 2295 1033 2318 nr.
1050 2285 1135 2315 3131
1159 2283 1285 2325 (Addit.
1301 2283 1389 2324 III).
2018 2289 2046 2309 ³⁰

395 2382 401 2387 '
455 2379 649 2412 Ludowicus
683 2379 746 2411 Dei
780 2380 885 2421 gratia
918 2379 1138 2411 Romanorum
1169 2390 1229 2411 rex
1262 2388 1391 2420 semper
1425 2381 1578 2419 augustus
1676 2378 1833 2409 universis
1867 2387 2001 2418 presens

349 2433 503 2474 scriptum
528 2431 733 2464 cernentibus
821 2431 956 2463 salutem
982 2435 1014 2463 et
1037 2442 1132 2463 omne
1156 2431 1285 2463 bonum.

458 2483 539 2515 Cum
562 2483 692 2515 illustris
715 2484 864 2525 princeps
880 2483 1087 2526 Iho(annes)⁸
1105 2483 1171 2514 dux
1194 2483 1300 2514 senior
1323 2481 1476 2523 Saxonie,
1498 2481 1625 2523 imperii
1650 2481 1800 2523 princeps
1824 2482 1857 2512 et
1880 2480 2003 2512 elector

347 2546 406 2577 pro
429 2536 559 2576 negotio
584 2536 749 2567 electionis
772 2535 813 2566 ad
838 2535 924 2566 diem
940 2536 1136 2577 assignatam
1158 2534 1394 2566 Frankemvort
1409 2544 1482 2564 cum
1505 2533 1576 2564 aliis
1593 2532 1787 2564 electoribus
1802 2532 2002 2573 accessisset,

455 2630 518 2656 105.
547 2632 571 2662 ⁸)
585 2631 750 2663 protocollon
767 2632 794 2656 in
812 2630 840 2656 2:
859 2632 911 2656 Nos
929 2632 1088 2657 Iohannes
1105 2631 1154 2656 Dei
1171 2631 1259 2663 gracia
1275 2630 1398 2655 Boemie
1416 2634 1446 2654 et
1462 2629 1591 2654 Polonie
1609 2637 1663 2654 rex
1681 2637 1718 2654 ac
1736 2636 1838 2654 comes
1856 2628 2001 2653 Lucelin-
2020 2633 2047 2652 86

350 2674 520 2706 burgensis
538 2674 571 2699 ad
588 2682 650 2700 u.n.
663 2677 724 2705 ete.;
743 2672 775 2698 in
792 2672 818 2699 3:
837 2674 890 2699 Nos
908 2674 1068 2699 Iohannes
1084 2674 1133 2699 Dei
1151 2674 1236 2706 gracia
1253 2673 1361 2698 senior
1379 2673 1441 2697 dux
1458 2672 1594 2698 saxonie
1612 2672 1645 2697 ad
1663 2680 1725 2698 u.n.
1738 2675 1787 2697 etc.
1874 2669 1900 2704 b)
1918 2671 2003 2696 Ludo-

349 2716 436 2741 vicum
454 2715 478 2741 3.
566 2716 590 2748 θ)
609 2717 663 2742 loco
682 2718 946 2749 In-appoueudum
962 2716 991 2742 2:
1010 2718 1126 2742 Harum
1149 2717 1335 2742 testimonio
1356 2716 1536 2741 litterarum
1557 2715 1670 2748 sigillo
1691 2715 1872 2741 maiestatis
1892 2717 2002 2740 nostro

348 2759 557 2792 signatarum.
647 2758 672 2792 ἃ)
691 2760 783 2785 cuius
801 2761 845 2785 rei
864 2760 888 2785 3.
977 2762 1000 2792 Θ)
1018 2769 1185 2793 regnorum
1204 2763 1386 2785 nostrorum
1404 2767 1487 2784 anno
1505 2762 1624 2792 quarto
1642 2757 1744 2785 add.2.

455 2827 522 2855 106.
552 2828 575 2862 ι)
594 2829 630 2853 ,ὼ
649 2838 686 2854 or.
