2190 3172
222 1754 275 1780 Apr.
286 1756 318 1776 19.

327 156 392 186 222
606 151 703 179 ACTA
723 151 837 178 REGNI
856 150 1041 179 LUDEWICI
1059 150 1106 177 IV.
1125 149 1171 176 ΕΤ
1190 148 1374 176 FRIDERICI
1395 147 1442 175 111.
1478 148 1555 174 1315.
1590 147 1639 174 Nr.
1651 147 1711 174 260.

330 240 479 282 proximo
507 249 591 271 nunc
622 238 819 270 defunctum.
864 236 1022 268 Dominus
1052 235 1255 277 Guyllelmus
1283 234 1323 267 de
1350 234 1513 276 Pergamo
1541 234 1639 266 etiam
1662 243 1727 265 non
1748 233 1911 274 rescribit,
1935 235 1986 264 set

332 291 414 322 dixit
442 290 555 330 michi,
583 289 670 332 quod
697 298 808 320 secure
837 287 1005 319 confidatis
1035 286 1076 318 de
1106 297 1162 324 eo,
1194 285 1282 328 quod
1309 288 1343 316 et
1369 285 1402 316 in
1424 285 1486 316 isto
1508 284 1645 327 negocio
1670 287 1704 316 et
1725 284 1758 316 in
1780 294 1985 326 quocumque

331 343 395 374 alio
424 343 581 374 honorem
610 343 751 372 vestrum
782 340 834 370 vel
856 342 1037 371 vestrorum
1066 341 1220 380 tangente
1247 340 1379 379 paratus
1403 340 1451 368 est
1473 336 1564 368 vobis
1586 335 1769 378 gratificare
1793 339 1826 368 et
1847 335 1987 368 fideliter

329 394 488 426 laborare.
526 393 569 424 Et
588 392 687 424 vellet
709 391 801 423 vobis
824 390 1018 422 afectionem
1041 389 1236 429 benivolam,
1260 399 1358 430 quam
1381 388 1423 419 ad
1437 398 1495 419 vos
1517 388 1610 430 gerit,
1634 387 1729 419 factis
1750 388 1854 429 magis
1877 390 1986 418 osten-

331 445 407 477 dere
431 456 528 487 quam
552 455 610 486 per
631 443 741 475 verba.
787 442 829 474 Et
851 445 955 482 certe,
979 442 1166 474 serenisime
1190 441 1356 482 princeps,
1385 439 1495 471 valens
1523 439 1621 471 homo
1645 443 1694 471 est
1717 443 1750 471 et
1772 439 1842 471 sani
1863 438 1988 471 consilii

331 500 363 528 et
385 507 503 538 magne
527 496 693 527 literature
717 498 750 526 et
773 497 822 526 est
845 494 966 525 amicus
989 492 1159 532 factorum,
1181 502 1245 523 non
1269 491 1437 523 dictorum.

438 551 487 594 (3)
517 552 601 583 Item
628 550 715 592 apud
732 549 922 581 Valenciam
952 549 1080 589 didisci,
1108 548 1195 590 quod
1219 548 1481 590 archiepiscopus
1507 548 1728 590 Maguntinus,
1753 548 1808 590 qui
1831 547 1919 579 favet
1940 547 1989 579 illi

330 604 496 636 Ludovico
519 603 660 642 Bavare,
691 601 817 643 scripsit
841 601 987 632 omnibus
1015 600 1230 633 cardinalibus
1258 600 1419 632 narrando
1448 603 1552 632 totum
1583 609 1772 641 processum
1798 598 1927 641 negocii
1954 601 1988 630 et

329 654 532 686 informando
568 664 623 686 eos
654 653 685 684 in
715 653 860 684 favorem
883 652 1040 684 Ludovici
1066 652 1205 694 predicti
1216 652 1238 692 ²,
1268 655 1364 694 prout
1392 651 1541 683 dominus
1564 651 1702 683 Iacobus
1729 651 1770 682 de
1794 650 1988 692 Gollumpna

330 706 428 738 michi
451 706 541 746 dixit,
558 705 613 746 qui
628 703 792 736 desiderat
808 704 1057 745 prosperitatem
1073 703 1200 745 imperii
1216 706 1249 735 et
1265 703 1457 745 profectum.
1504 702 1668 745 Quidquid
1690 706 1800 735 tamen
1823 702 1988 744 scripserit

331 761 364 789 et
387 756 541 799 quidquid
568 760 682 797 gerant
706 755 884 787 cardinales
914 755 947 786 in
970 754 1119 786 cordibus
1143 755 1223 796 suis,
1248 765 1359 786 omnes
1383 754 1494 786 dicunt
1521 765 1555 786 se
1578 754 1662 787 velle
1685 754 1795 786 favere
1819 753 1988 795 sepedicto

330 809 395 840 filio
429 812 553 848 vestro,
592 807 832 839 considerantes
867 806 953 848 quod
993 807 1020 838 si
1053 807 1159 848 ipsum
1194 806 1339 838 obtinere
1375 806 1540 848 contingat
1574 817 1647 838 cum
1678 805 1789 838 favore
1818 808 1924 837 vestro
1955 807 1990 836 et

331 861 491 902 potencia,
516 859 556 891 de
579 859 666 891 facili
689 861 757 890 tota
780 858 876 890 Italia
899 858 1075 889 subicietur
1097 858 1225 900 imperii
1249 857 1375 889 dicioni.

438 916 488 958 (4)
516 915 727 947 Reverendus
754 917 848 956 pater
877 914 977 946 frater
1000 913 1118 945 Vitalis
1146 914 1231 946 tituli
1261 913 1370 945 Sancti
1404 913 1535 946 Martini
1568 913 1601 944 in
1630 912 1795 945 Montibus
1829 912 1989 955 presbiter

331 968 511 1007 cardinalis,
535 967 590 1009 qui
606 966 712 998 Vasco
737 969 786 997 est
809 969 841 997 et
865 966 987 1006 origine
1004 965 1207 1003 vasatensis,
1233 965 1370 997 multum
1394 965 1559 996 desiderat
1585 975 1620 997 se
1643 965 1873 1007 obsequiosum
1895 964 1988 996 vobis

331 1020 463 1051 exibere
487 1022 520 1051 et
543 1022 668 1050 secrete
692 1018 842 1059 exposuit
864 1017 975 1058 michi,
1010 1017 1097 1059 quod
1120 1017 1276 1049 deberem
1299 1016 1389 1048 vobis
1412 1017 1609 1057 rescribere,
1633 1017 1721 1058 quod
1742 1016 1915 1058 aliquando
1939 1018 1990 1047 est

330 1072 453 1103 factum
488 1070 622 1103 verbum
655 1070 740 1101 inter
773 1069 952 1101 cardinales
984 1068 1024 1100 de
1056 1069 1126 1100 istis
1153 1068 1365 1101 electionibus
1394 1069 1479 1110 regis
1507 1068 1739 1100 Romanorum.
1792 1067 1835 1100 Et
1862 1067 1991 1099 videtur

330 1123 418 1164 ipsis,
443 1122 529 1164 quod
551 1123 655 1153 minus
679 1122 842 1162 sapienter
865 1124 963 1162 agant
986 1120 1033 1151 illi
1056 1120 1161 1160 electi,
1186 1120 1262 1163 quia
1284 1123 1399 1151 neuter
1414 1120 1558 1161 ipsorum
1578 1119 1664 1151 misit
1679 1119 1822 1161 aliquem
1837 1117 1990 1150 nuncium

332 1174 374 1206 ad
401 1175 522 1205 curiam
549 1173 591 1204 ad
620 1172 798 1214 petendum
828 1171 1077 1213 aprobacionem
1109 1182 1166 1203 sue
1198 1181 1336 1213 persone
1366 1174 1399 1203 et
1426 1171 1638 1212 prestandum
1666 1171 1848 1203 iuramenta
1871 1173 1904 1203 et
1925 1170 1990 1202 alia

331 1224 530 1265 faciendum,
561 1234 624 1265 que
653 1223 748 1255 electi
776 1226 863 1255 retro
891 1223 1052 1264 principes
1079 1222 1226 1254 Romane
1255 1222 1393 1254 ecclesie
1421 1225 1495 1253 sunt
1522 1222 1630 1254 facere
1661 1222 1821 1262 consueti,
1845 1225 1879 1254 et
1901 1221 1990 1264 quod

332 1275 511 1318 expediret,
534 1275 621 1317 quod
645 1274 749 1306 dictus
771 1274 855 1306 filius
878 1277 985 1306 vester
1007 1274 1137 1306 miteret
1159 1273 1202 1308 ad
1224 1273 1409 1305 faciendum
1432 1273 1578 1315 predicta
1593 1273 1645 1306 vel
1661 1273 1769 1305 saltim
1784 1273 1826 1305 ad
1841 1276 1989 1315 prestan-

331 1328 408 1360 dum
431 1327 568 1360 ecclesia
589 1326 739 1358 Romana
761 1329 905 1358 vacante.
951 1325 1103 1357 Intellexi
1125 1328 1235 1359 tamen
1257 1335 1316 1367 per
1338 1325 1504 1357 dominum
1526 1324 1692 1367 P(etrum)
1719 1325 1760 1356 de
1784 1324 1990 1366 Oollumpna,

332 1379 418 1421 quod
447 1378 507 1410 sibi
535 1378 689 1420 scriptum
719 1377 795 1417 fuit,
823 1377 909 1419 quod
936 1377 1002 1408 iam
1030 1377 1195 1419 predictus
1218 1380 1326 1410 vester
1356 1376 1441 1408 filius
1469 1377 1627 1419 disposuit
1653 1377 1769 1409 mitere
1793 1376 1991 1419 sollempnes

331 1433 565 1473 procuratores.
611 1429 645 1460 Si
668 1432 776 1461 tamen
801 1432 949 1460 occurrat
972 1429 1088 1471 aliquis
1110 1429 1244 1462 nuncius
1268 1432 1301 1460 et
1323 1431 1430 1460 vestre
1458 1428 1669 1461 dominationi
1692 1428 1876 1460 faciendum
1898 1428 1989 1462 vide-

331 1483 427 1523 bitur,
450 1482 570 1513 bonum
594 1484 643 1513 est
665 1491 724 1522 per
746 1491 803 1512 vos
826 1480 886 1511 sibi
909 1480 1091 1521 significari.

440 1537 489 1579 (5)
521 1536 604 1568 Sane
635 1537 710 1578 quia
740 1536 832 1568 iuxta
854 1536 952 1568 finem
975 1536 1068 1567 litere
1095 1535 1193 1568 michi
1216 1536 1314 1569 misse
1337 1535 1531 1577 mandastis,
1558 1538 1595 1567 ut
1616 1546 1700 1567 nova
1723 1535 1764 1567 de
1788 1535 1876 1567 curia
1898 1535 1990 1568 vobis

330 1590 507 1622 literatorie
534 1589 734 1628 intimarem,
761 1587 965 1629 infrascripta
994 1591 1067 1619 sunt
1096 1597 1160 1629 que
1190 1590 1297 1620 vestre
1327 1587 1527 1619 excellencie
1556 1588 1646 1629 regie
1669 1588 1816 1629 congruit
1838 1588 1988 1619 intimari.

330 1641 494 1676 Noveritis
516 1650 671 1682 namque,
694 1639 880 1671 serenisime
903 1639 1068 1681 princeps,
1093 1639 1180 1681 quod
1203 1640 1375 1682 episcopus
1399 1638 1622 1671 Suesionensis
1645 1642 1678 1671 et
1701 1649 1810 1670 comes
1831 1639 1990 1679 Bononia,

330 1693 438 1726 nuncil
459 1693 545 1734 regis
567 1692 704 1724 Francie
727 1691 857 1723 fuerunt
881 1691 1027 1732 expediti
1049 1702 1069 1722 a
1092 1691 1308 1728 cardinalibus
1331 1690 1574 1723 citramontanis
1588 1691 1749 1723 Avinione
1765 1691 1990 1732 existentibus,

334 1747 387 1787 qui
410 1747 483 1779 sunt
506 1754 639 1776 numero
656 1743 747 1783 XVI,
771 1743 823 1774 die
840 1742 974 1774 Sabbati
996 1742 1092 1774 XIII.
1108 1742 1275 1775 Kalendas
1297 1742 1385 1774 Maii.
1425 1742 1467 1774 Et
1491 1742 1661 1784 expedicio
1684 1742 1830 1784 ipsorum
1853 1746 1902 1774 est
1917 1743 1990 1784 ista,

332 1797 483 1835 videlicet
511 1795 598 1838 quod
630 1805 741 1830 omnes
772 1794 909 1836 predicti
935 1794 1018 1826 XVI
1041 1794 1222 1826 cardinales
1249 1795 1456 1826 consenciunt
1486 1798 1519 1826 et
1546 1794 1656 1826 volunt
1683 1795 1730 1826 ire
1757 1794 1800 1826 ad
1827 1794 1991 1826 civitatem

332 1848 617 1888 Masticonensem,
646 1857 709 1890 que
737 1850 786 1878 est
812 1847 844 1877 in
872 1846 1014 1877 dominio
1044 1845 1131 1888 regis
1158 1845 1308 1886 Francic,
1337 1845 1380 1878 ad
1402 1856 1520 1878 novem
1543 1846 1653 1878 leucas
1680 1855 1778 1888 supra
1799 1845 1992 1878 Lucdunum

333 1900 375 1931 ad
397 1899 600 1933 tractandum
624 1898 664 1933 de
688 1898 847 1930 electione
871 1898 969 1929 futuri
992 1898 1109 1929 summi
1131 1897 1306 1939 pontificis,
1330 1897 1357 1928 si
1379 1897 1502 1929 domini
1525 1897 1704 1930 cardinales
1727 1897 1833 1930 Italici
1856 1907 1991 1930 consen-

334 1952 432 1984 serint
461 1951 536 1982 illuc
564 1951 621 1982 ire.
666 1950 718 1981 Ita
746 1949 833 1991 quod
862 1952 1018 1991 quantum
1046 1949 1089 1980 ad
1118 1950 1197 1984 istos
1222 1949 1474 1981 citramontanos
1496 1949 1582 1992 regis
1604 1949 1724 1991 peticio
1754 1953 1804 1981 est
1827 1959 1991 1991 concessa,

334 2013 397 2045 que
421 2003 525 2034 solum
548 2001 704 2034 tendebat
727 2001 768 2033 ad
791 2001 864 2042 hoc,
888 2001 975 2043 quod
998 2001 1179 2032 cardinales
1202 2011 1237 2032 se
1260 2000 1473 2033 transferrent
1495 2001 1538 2033 ad
1552 2005 1672 2034 terram
1688 2012 1746 2034 sue
1764 2001 1992 2033 iurisdictionis

335 2055 375 2086 de
399 2055 557 2086 electione
580 2053 720 2087 Romani
742 2053 900 2094 pontificis
923 2053 1101 2092 tractaturi,
1124 2053 1213 2089 nulla
1236 2052 1386 2094 specifice
1407 2053 1572 2085 nominata
1587 2063 1735 2095 persona.
1777 2053 1899 2085 Verum
1915 2053 1992 2095 quia

335 2106 468 2138 dubium
492 2109 550 2146 est,
573 2108 680 2138 utrum
704 2104 826 2136 domini
848 2105 953 2136 Italici
977 2106 1179 2140 consentiant
1200 2105 1415 2136 Masticonem
1438 2105 1606 2146 accedere,
1629 2104 1712 2136 aduc
1734 2105 1890 2145 nescitur,
1914 2104 1993 2147 quid

336 2158 397 2191 erit
421 2155 663 2189 determinated.
709 2156 765 2187 Set
788 2157 850 2198 ipsi
872 2157 979 2188 nuncii
1001 2157 1066 2188 iam
1090 2159 1163 2193 sunt
1175 2156 1341 2188 Valencie.
1387 2156 1537 2188 Nescitur
1559 2159 1669 2188 tamen
1692 2155 1790 2197 aduc,
1819 2156 1896 2198 quid
1919 2167 1992 2189 cum

335 2209 456 2242 Italicis
480 2212 528 2239 est
551 2211 733 2240 tractatum.

444 2265 491 2305 (6)
514 2263 599 2296 Item
625 2263 791 2304 noveritis,
815 2264 859 2294 mi
883 2263 1011 2295 domine
1036 2264 1322 2304 excellentissime,
1346 2263 1433 2305 quod
1456 2274 1565 2296 comes
1587 2264 1717 2296 Avelini
1739 2264 1864 2295 noviter
1886 2263 1991 2295 factus

336 2320 385 2350 est
415 2316 610 2348 senescallus
637 2316 806 2347 Provincie
835 2319 868 2347 et
894 2317 981 2348 vices
1013 2327 1130 2358 gerens
1157 2316 1244 2358 regis
1273 2320 1306 2348 et
1336 2319 1386 2347 est
1412 2317 1579 2358 potencior
1609 2316 1707 2347 homo
1741 2315 1782 2347 de
1809 2315 1992 2347 Provincia.

336 2368 395 2400 Est
418 2369 501 2399 enim
526 2367 674 2398 dominus
698 2368 738 2399 de
762 2368 881 2399 Bausio
905 2371 938 2399 et
960 2369 1084 2409 recepit
1106 2368 1217 2399 literas
1239 2368 1325 2409 regis
1347 2367 1496 2408 Roberti,
1519 2367 1606 2409 quod
1628 2367 1842 2409 personaliter
1857 2367 1994 2399 deberet

336 2419 493 2462 accedere
518 2419 558 2450 ad
583 2419 763 2450 cardinales
786 2420 1036 2451 citramontanos
1060 2423 1093 2451 et
1115 2419 1248 2451 Italicos
1271 2423 1304 2451 et
1325 2419 1473 2451 insistere
1496 2419 1583 2461 apud
1606 2429 1672 2459 eos,
1696 2418 1782 2461 quod
1798 2419 1893 2450 simul
1915 2429 1992 2451 con-

337 2471 445 2502 venire
469 2470 580 2502 vellint
609 2470 650 2501 ad
673 2471 815 2512 aliquem
838 2471 945 2502 locum
967 2471 1137 2504 Provincia
1164 2471 1205 2502 ad
1238 2471 1381 2503 futurum
1404 2481 1564 2503 summum
1587 2470 1772 2512 pontificem
1797 2470 1991 2512 eligendum.

336 2522 423 2554 Nam
455 2523 524 2566 ipse
560 2532 632 2552 cum
665 2523 815 2563 potencia
849 2523 934 2564 regis
962 2526 995 2555 et
1022 2533 1080 2554 sua
1108 2526 1157 2554 est
1185 2526 1317 2564 paratus
1346 2523 1490 2564 utrisque
1520 2523 1726 2554 securitatem
1749 2525 1905 2564 prestare.
1950 2521 1994 2554 Et

337 2574 466 2615 loqutus
493 2573 553 2604 fuit
579 2574 738 2605 Avinione
768 2584 839 2604 cum
864 2574 1105 2605 citramontanis
1135 2577 1168 2605 et
1196 2575 1257 2615 ipsi
1280 2575 1385 2615 parati
1409 2578 1481 2605 sunt
1503 2574 1641 2605 ubilibet
1666 2574 1699 2605 in
1721 2573 1892 2605 Provincia
1916 2584 1993 2605 oon-

337 2626 462 2665 venire,
496 2624 678 2666 ubicunque
713 2625 833 2656 domini
864 2625 970 2657 Italici
1005 2626 1163 2668 elegerint
1199 2626 1389 2658 consentire.
1446 2625 1488 2657 Et
1522 2636 1597 2657 ecce
1631 2625 1717 2667 quod
1744 2635 1848 2667 nuper
1874 2625 1995 2657 accesit

442 2709 509 2736 260.
536 2709 561 2742 d)
580 2711 616 2736 eie
634 2720 671 2736 or.

444 2770 469 2802 1)
491 2769 563 2803 Quae
581 2770 683 2796 litterae
701 2773 820 2797 servatae
837 2779 894 2797 non
912 2774 983 2798 sunt.

2007 975 2033 995 1⁸

2010 2011 2037 2030 ³⁵

2009 2275 2037 2294 4⁰

2010 2531 2039 2551 a
