2158 3138
321 189 380 219 106
547 185 645 213 ACTA
664 186 778 213 REGNI
798 185 984 212 LUDEWICI
1003 185 1050 212 IV.
1070 185 1116 212 ΕΤ
1134 185 1321 214 FRIDERICI
1339 185 1390 213 111.
1427 185 1503 213 1314.
1540 185 1590 214 Nr.
1603 186 1662 213 107.
1682 185 1740 213 108.

318 273 505 305 racionesve
536 273 568 304 in
599 273 676 314 ipsis
706 275 810 303 castro
839 276 872 303 et
899 273 975 303 villa
1003 271 1132 312 fecerit,
1165 271 1251 313 quod
1280 283 1319 303 ea
1347 273 1455 304 omnia
1482 273 1608 315 integre
1638 273 1700 304 sibi
1727 273 1889 304 solvemus
1912 283 1975 304 una

317 335 391 355 cum
423 324 533 355 debito
563 324 732 365 principali
761 326 794 355 et
823 334 882 365 pro
909 322 1093 354 huiusmodi
1116 323 1268 363 pecunia,
1292 334 1389 364 quam
1412 324 1457 355 sic
1486 324 1518 355 in
1542 324 1767 366 redemptione
1790 324 1975 355 reddituum

319 376 385 407 sive
409 376 639 407 melioracione
663 376 757 406 castri
782 375 834 406 vel
856 374 931 405 ville
954 373 1160 415 impenderit,
1183 374 1288 415 ipsum
1312 378 1451 406 castrum
1480 379 1512 406 et
1534 375 1643 406 villam
1671 376 1753 407 sicut
1774 386 1833 416 pro
1856 376 1974 417 princi—

316 427 382 469 pali
407 437 477 458 esse
502 427 649 458 volumus
672 426 825 468 obligata.
872 425 1040 459 Adicimus
1063 427 1176 466 eciam,
1201 426 1287 468 quod
1310 427 1471 468 prefatum
1495 431 1634 459 castrum
1658 438 1677 459 a
1700 427 1846 469 predicto
1870 427 1974 459 archi-

316 479 488 520 episcopo,
518 479 586 509 eius
617 477 855 509 successoribus
884 480 918 508 et
948 477 1087 508 ecclesia
1113 477 1304 518 Moguntina
1337 479 1520 510 nullatenus
1549 479 1745 510 redimemus
1774 479 1975 511 redimereve
2005 490 2018 510 ε

317 530 489 571 possimus,
522 529 581 559 nisi
609 529 697 569 prius
725 528 1010 570 adimpleverimus
1038 529 1146 559 omnia
1180 532 1213 560 et
1235 529 1362 570 singula
1384 541 1443 572 per
1465 541 1523 562 nos
1546 530 1607 562 sibi
1630 531 1802 572 promissa,
1825 534 1977 562 contenta

318 582 351 613 in
375 582 490 613 litteris
513 580 699 622 patentibus
722 581 838 611 nostris
863 580 1018 611 confectis
1041 590 1139 622 super
1162 591 1201 612 co
1212 581 1232 611 ¹.
1277 581 1434 613 Volumus
1458 583 1570 623 eciam,
1595 583 1681 624 quod
1705 582 1849 624 prefatus
1872 583 1976 614 archi-

319 634 490 674 episcopus
525 633 612 673 ipsos
646 631 791 663 redditus
822 631 1032 663 ducentarum
1066 642 1248 664 marcarum
1282 633 1497 674 predictarum
1527 635 1558 665 in
1588 639 1707 666 sortem
1736 645 1800 665 non
1830 638 1978 667 teneatur

317 689 528 726 computare,
562 695 642 726 quos
676 683 737 715 sibi
768 686 801 715 et
828 684 965 715 ecclesie
1004 694 1062 715 sue
1089 684 1278 726 Moguntine
1307 695 1433 717 exnunc
1465 686 1578 717 damus
1606 686 1784 718 liberaliter
1811 690 1844 718 et
1877 686 1978 718 dona-

316 747 397 768 mus.
499 736 545 776 (3)
575 736 734 767 Preterea
763 735 921 766 illustrem
949 734 1128 767 Rfidolfum
1164 737 1315 768 comitem
1349 737 1527 778 palatinum
1561 737 1645 770 Reni
1680 738 1795 770 ducem
1829 739 1978 770 Bawarie
1997 746 2023 766 ιο

319 787 453 818 fratrem
479 790 623 819 nostrum
647 798 852 828 nequaquam
875 787 1069 828 recipiemus
1093 787 1134 818 ad
1157 789 1311 829 gratiam,
1341 789 1399 820 nisi
1424 790 1511 830 prius
1534 789 1608 821 huic
1631 790 1822 832 obligationi
1845 801 1978 822 consen-

317 840 397 870 serit
433 840 604 881 ipsamque
643 839 709 870 suis
742 839 923 870 manifestis
961 839 1076 870 litteris
1113 840 1320 872 ratificaverit
1356 840 1547 882 tradend(is)
1586 841 1829 883 archiepiscopo
1868 853 1980 884 supra-

322 890 419 922 dicto.
510 892 555 932 (4)
579 891 733 922 Predicte
757 901 890 932 quoque
914 890 1103 932 obligationi
1119 890 1256 923 Beatrix
1279 892 1474 923 conthoralis
1496 896 1605 924 nostra
1627 893 1798 925 karissima
1821 893 1924 925 libera
1947 898 1980 926 et

317 942 404 973 bona
427 943 595 974 voluntate
620 942 679 973 sub
703 943 903 984 appensione
930 943 1026 983 sigilli
1050 943 1097 973 sui
1122 943 1292 983 consensit,
1315 944 1507 985 promittens
1533 947 1644 976 contra
1668 955 1741 977 eam
1759 945 1870 986 verbo,
1894 945 1979 977 facto

317 993 370 1025 vel
393 1004 597 1036 quocumque
628 994 692 1025 alio
716 994 815 1025 modo
839 1005 903 1025 non
926 994 1046 1025 venire.
1093 994 1188 1030 Quod
1211 1005 1270 1026 nos
1292 994 1428 1026 Beatrix
1451 996 1646 1028 conthoralis
1670 997 1790 1028 domini
1806 997 1982 1039 Lud(wici)
2003 1004 2026 1024 ¹⁵

318 1045 349 1075 in
365 1044 588 1076 Romanorum
605 1055 716 1087 regem
734 1045 829 1076 electi
844 1045 981 1086 predicti
998 1046 1137 1076 fatemur
1153 1048 1186 1076 et
1200 1047 1458 1087 recognoscimus
1473 1057 1532 1078 nos
1547 1047 1672 1081 fecisse.
1750 1049 1797 1090 (5)
1820 1048 1982 1080 Renunci-

317 1099 410 1128 antes
434 1097 466 1127 in
493 1098 658 1138 premissis
682 1100 749 1128 tam
772 1107 830 1127 nos
853 1096 1052 1135 Lud(wicus)
1075 1098 1107 1128 in
1127 1096 1348 1129 Romanorum
1372 1109 1484 1140 regem
1509 1099 1630 1131 electus
1654 1110 1751 1141 quam
1774 1111 1833 1131 nos
1848 1100 1983 1132 Beatrix

319 1148 517 1179 conthoralis
548 1149 669 1179 domini
703 1148 877 1189 Lud(wici)
905 1148 1042 1189 predicti
1068 1149 1251 1190 exceptioni
1282 1149 1347 1180 doli
1370 1149 1458 1190 mali,
1480 1160 1544 1181 non
1566 1154 1745 1191 numerate,
1768 1162 1831 1182 non
1854 1151 1984 1191 tradite,

317 1210 379 1230 non
415 1200 520 1230 solute
551 1200 704 1241 pecunie,
734 1200 853 1231 actioni
883 1200 915 1230 in
945 1200 1065 1231 factum
1101 1203 1134 1231 et
1170 1200 1304 1232 cuilibet
1333 1201 1387 1232 alii
1419 1202 1603 1243 exceptioni
1629 1213 1688 1233 seu
1714 1203 1792 1234 iuris
1814 1202 1982 1243 beneficio,

317 1252 436 1292 scripto
460 1251 511 1281 vel
535 1262 599 1282 non
624 1252 754 1292 scripto,
780 1251 819 1282 de
845 1262 908 1292 quo
933 1252 1036 1282 eciam
1060 1251 1209 1283 facienda
1234 1255 1320 1284 esset
1342 1253 1491 1293 specialis
1506 1254 1644 1292 mencio,
1668 1264 1731 1295 que
1753 1253 1847 1285 nobis
1869 1257 1980 1286 contra
1999 1268 2026 1288 a»

318 1302 497 1343 predictam
523 1302 758 1343 obligationem
774 1306 906 1343 possent
923 1302 1169 1344 quomodolibet
1184 1303 1363 1345 suffragari.
1452 1304 1498 1344 (6)
1520 1304 1558 1335 In
1581 1305 1670 1335 cuius
1692 1305 1739 1335 rei
1763 1305 1980 1336 testimonium

319 1354 404 1384 dicto
437 1354 683 1395 archiepiscopo
711 1357 879 1395 presentes
908 1354 1033 1385 litteras
1057 1354 1205 1386 dedimus
1229 1355 1341 1396 sigillis
1364 1358 1473 1387 nostro
1502 1358 1535 1387 et
1558 1355 1753 1387 conthoralis
1775 1359 1883 1388 nostre
1906 1367 1980 1398 pre-

319 1405 414 1446 dicte,
439 1405 555 1446 quibus
579 1409 654 1436 ante
680 1405 871 1436 electionem
894 1409 1047 1446 nostram,
1071 1417 1143 1438 cum
1167 1406 1272 1438 adhuc
1296 1417 1359 1438 non
1382 1407 1561 1439 habeamus
1577 1407 1683 1449 sigilla
1706 1408 1838 1449 regalia,
1865 1408 1981 1440 uteba-

318 1467 403 1496 mur,
435 1458 657 1488 communitas.
704 1457 952 1497 Promittentes,
983 1457 1069 1499 quod
1102 1457 1233 1490 easdem
1262 1458 1376 1500 sigillis
1399 1458 1563 1500 regalibus
1585 1459 1827 1500 innovabimus,
1852 1459 1981 1501 quando

318 1508 360 1539 ad
384 1508 445 1540 hoc
469 1519 528 1550 per
550 1509 730 1550 predictum
755 1508 1033 1550 archiepiscopum
1057 1509 1212 1541 fuerimus
1239 1510 1395 1552 requisiti.
1999 1523 2025 1542 ιι

427 1560 501 1592 Dat.
534 1561 564 1591 in
596 1561 707 1592 castris
741 1560 828 1601 apud
855 1560 1103 1602 Frankenvord,
1137 1572 1220 1593 anno
1250 1562 1381 1593 Domini
1413 1562 1584 1593 millesimo
1613 1561 1694 1594 OOC
1725 1562 1981 1604 quartodecimo,

320 1622 403 1643 nono
427 1612 566 1643 Kalend.
590 1612 766 1645 Novembr.

776 1736 860 1772 108.
904 1735 1078 1781 Scriptum
1107 1735 1261 1771 alterum.
1371 1736 1445 1772 Oct.
1466 1739 1527 1772 29.

433 1804 595 1845 Oriyimle
619 1806 693 1846 (or.)
717 1806 831 1838 ibidem
854 1806 946 1837 KLS
973 1816 1023 1837 nr.
1041 1807 1071 1837 7.
1119 1805 1318 1838 Contulimus
1339 1817 1405 1838 nos.
1456 1805 1603 1847 Siyillum
1630 1806 1751 1839 laesum
1774 1807 1894 1847 pendet
1916 1790 1982 1839 loro

321 1857 564 1888 membranaceo.
591 1877 628 1880 —
654 1858 716 1889 Ed.
738 1857 962 1890 Winkelmann
985 1857 1005 1888 l.
1021 1868 1046 1888 c.
1070 1857 1120 1896 II,
1142 1857 1207 1888 284
1229 1867 1278 1890 nr.
1295 1859 1359 1888 449
1382 1868 1420 1890 ex
1442 1868 1507 1897 cop.
1998 1874 2025 1893 ω

430 1913 584 1953 Reyesten
609 1914 665 1944 der
687 1913 898 1955 Pfalzyrafen
919 1924 968 1945 nr.
986 1913 1081 1945 1924.

433 1969 484 2010 Of.
509 1969 599 2009 infra
621 1980 671 2000 nr.
690 1970 760 2001 149.

429 2046 475 2087 (1)
500 2046 694 2078 Ludewicus
717 2047 781 2078 Dei
804 2048 909 2088 gratia
931 2048 961 2078 in
974 2047 1195 2078 Romanorum
1218 2057 1331 2088 regem
1355 2047 1476 2079 electus
1499 2048 1768 2089 recognoscimus,
1792 2047 1879 2088 quod
1903 2048 1978 2089 quia

320 2097 514 2128 venerabilis
537 2098 654 2129 Petrus
677 2099 939 2140 archiepiscopus
965 2099 1172 2140 Maguntinus
1203 2099 1353 2140 princeps
1382 2101 1415 2130 et
1441 2100 1633 2130 secretarius
1656 2102 1766 2130 noster
1788 2099 1982 2130 karissimus

320 2159 393 2180 cum
425 2153 554 2181 centum
583 2151 754 2182 dextrariis
783 2151 979 2193 Aquisgrani
1012 2150 1054 2182 ad
1084 2151 1327 2182 coronationem
1350 2154 1493 2182 nostram
1516 2161 1574 2182 nos
1597 2150 1766 2182 assotiabit
1789 2154 1822 2182 et
1843 2161 1902 2192 pro
1927 2160 1977 2191 eo,
1998 2172 2025 2191 ³5

321 2201 353 2231 in
385 2211 448 2242 quo
476 2201 559 2232 ultra
588 2212 627 2233 ea
656 2213 718 2243 que
743 2202 835 2234 nobis
859 2202 967 2234 facere
992 2203 1105 2235 debuit
1127 2207 1279 2245 gravatus
1303 2206 1367 2244 est,
1390 2205 1426 2234 ut
1448 2202 1623 2244 aliqualem
1646 2203 1708 2234 sibi
1729 2213 1980 2244 reconpenssam

322 2253 493 2294 faciamus,
518 2255 579 2295 ipsi
603 2255 848 2297 archiepiscopo
878 2255 967 2287 mille
990 2266 1116 2287 marcas
1140 2255 1344 2287 denariorum
1369 2254 1623 2295 Coloniensium,
1647 2254 1750 2286 tribus
1771 2253 1981 2286 Hallensibus

321 2315 379 2347 pro
408 2305 554 2346 quolibet
577 2306 710 2338 denario
742 2307 965 2348 conputandis,
989 2308 1195 2349 promisimus
1219 2310 1252 2338 et
1274 2307 1491 2349 promittimus
1513 2306 1693 2338 liberaliter
1719 2317 1778 2348 per
1800 2309 1978 2348 presentes.

322 2355 386 2386 Pro
411 2356 525 2397 quibus
549 2358 579 2388 ei
604 2361 740 2389 castrum
765 2362 910 2390 nostrum
927 2359 1149 2401 Vurstenberg
1173 2358 1232 2390 sub
1257 2358 1404 2390 omnibus
1427 2358 1541 2399 modis,
1565 2357 1707 2390 articulis
1731 2361 1764 2389 et
1787 2357 1976 2388 conditioni-

322 2407 391 2447 bus,
417 2408 474 2439 sub
499 2408 615 2449 quibus
638 2409 725 2440 idem
749 2414 888 2442 castrum
912 2410 974 2442 sibi
996 2422 1055 2452 pro
1079 2411 1206 2442 duobus
1228 2410 1356 2442 milibus
1379 2420 1559 2442 marcarum
1583 2409 1788 2441 denariorum
1806 2408 1978 2440 Colonien-
1997 2430 2023 2449 ⁴0

322 2459 421 2498 sium,
452 2470 531 2500 quas
564 2460 655 2491 nobis
684 2463 857 2502 mutuavit,
888 2454 1133 2504 obligavimus&
1168 2462 1261 2494 titulo
1295 2462 1438 2504 pignoris
1466 2462 1613 2492 similiter
1640 2461 1822 2502 obligamus
1850 2460 1980 2502 suisque

322 2510 562 2541 successoribus
592 2523 629 2542 ac
660 2512 796 2545 ecclesie
824 2513 1029 2555 Maguntine,
1058 2514 1161 2546 donec
1185 2514 1433 2555 persolverimus
1463 2513 1633 2554 pecuniam
1656 2512 1864 2544 antedictam.
1909 2511 1982 2543 Hoc

325 2560 453 2592 adiecto
479 2562 564 2603 quod
588 2563 656 2604 ipse
681 2569 811 2596 centum
833 2576 1013 2597 marcarum
1038 2566 1184 2597 redditus
1207 2565 1413 2597 denariorum
1429 2564 1679 2604 Coloniensium,
1703 2563 1805 2594 tribus
1818 2562 1982 2594 Hallensi-

327 2612 387 2643 bus
420 2623 478 2654 pro
514 2613 646 2645 denario
682 2617 908 2657 conputandis,
941 2617 1026 2648 ultra
1060 2617 1270 2648 ducentarum
1299 2627 1480 2648 marcarum
1507 2616 1748 2648 Coloniensium
1778 2615 1982 2647 denariorum

324 2663 486 2704 redditus,
512 2675 592 2706 quos
616 2667 704 2706 prius
734 2668 763 2698 ei
787 2678 885 2709 super
913 2669 984 2710 ipso
1008 2671 1113 2699 castro
1138 2672 1171 2700 et
1193 2669 1258 2699 suis
1281 2668 1462 2699 attinenciis
1489 2667 1715 2709 percipiendos
1739 2665 1982 2708 obligavimus2,
2002 2685 2027 2704 ⁴⁵

322 2714 444 2746 habere
469 2715 567 2748 debet
591 2720 624 2748 et
647 2719 815 2760 percipere
839 2730 899 2751 nec
923 2723 1079 2761 percepta
1102 2720 1154 2751 vel
1177 2719 1386 2762 percipienda
1409 2720 1442 2750 in
1464 2722 1585 2751 sortem
1608 2719 1770 2750 tenebitur
1795 2719 1984 2759 conputare.

427 2800 452 2834 l)
471 2801 561 2835 Supra
579 2810 622 2828 nr.
635 2806 676 2829 58.
764 2804 790 2837 2)
810 2804 899 2838 Supra
917 2813 959 2832 nr.
974 2809 1025 2832 107
1041 2813 1099 2838 cap.
1113 2810 1134 2831 1.
