2190 3172
426 255 522 283 ACTA
540 254 653 283 REGNI
674 253 858 282 LUDEWICI
877 253 924 281 IV.
942 254 990 282 ET
1008 253 1194 282 FRIDERICI
1213 254 1262 282 111.
1299 254 1373 282 1319.
1410 254 1458 282 Nr.
1470 254 1528 282 525,
1548 254 1607 282 526.
1626 255 1684 282 527.
1819 258 1876 288 421

231 354 264 382 et
286 351 426 393 egregiis
449 351 524 382 viris
546 350 683 383 dominis
712 350 829 392 legatis
856 349 977 382 domini
1006 351 1092 393 regis
1114 350 1348 391 Romanorum,
1384 350 1540 393 quidquid
1570 351 1616 382 eis
1639 350 1800 383 videbitur
1822 362 1880 393 pro

229 405 315 435 statu
339 406 373 435 et
395 402 624 435 reformatione
648 402 765 445 quietis
787 406 820 435 et
843 403 931 444 pacis
953 403 1092 435 civitatis
1115 402 1311 444 Tei-(visino)
1339 405 1373 434 et
1395 402 1558 434 districtus
1580 406 1614 434 et
1636 403 1881 444 recuperatione

230 457 406 486 castrorum
430 458 463 487 et
484 454 627 486 locorum
650 457 880 496 occupatorum
904 457 939 486 et
960 454 1142 486 invasorum
1165 464 1224 497 per
1246 454 1390 486 inimicos
1419 458 1452 486 et
1475 453 1614 486 rebelles
1637 453 1714 486 dicti
1737 455 1882 486 comunis

230 509 263 538 et
285 506 373 548 quod
399 516 458 548 per
485 517 541 538 eos
564 516 636 538 cum
660 505 812 548 predictis
834 505 952 548 legatis
974 506 1141 547 collatum,
1170 509 1342 538 tractatum
1365 510 1399 538 et
1422 506 1603 538 ordinatum
1632 505 1729 538 fuerit
1752 506 1784 537 in
1807 517 1880 548 pre·

194 571 207 589 ι
227 557 330 597 dietis,
354 557 527 590 reducatur
549 558 690 600 presenti
714 558 801 590 curie
825 560 858 590 et
881 561 955 590 tunc
978 557 1172 600 procedatur
1194 567 1292 600 super
1312 557 1473 600 predictis,
1497 558 1579 590 sicut
1602 556 1687 590 dicte
1711 558 1797 590 curie
1823 569 1880 600 pro

227 609 348 642 honore
382 612 415 641 et
450 612 535 641 statu
569 610 706 642 civitatis
739 610 838 652 ipsius
872 610 1016 642 comunis
1052 608 1207 653 [quieto]·
1240 614 1273 642 et
1302 610 1436 652 pacifico
1469 609 1689 642 conservando
1719 609 1881 642 videbitur

228 661 447 694 obtinendum.

554 733 640 770 526.
682 733 900 770 Provisiones
926 745 1031 780 super
1057 735 1251 770 carceratis.
1356 734 1435 769 Ian.
1455 736 1491 769 8.
1519 736 1552 769 9.

337 807 435 847 Copia
459 808 513 848 (c.)
536 807 658 840 ibidem.
684 827 723 831 —
748 808 810 840 Ed.
836 807 926 840 Verci
947 807 967 840 l.
984 819 1009 840 ε.
1034 819 1072 840 ez
1095 819 1122 841 c.
1169 808 1250 841 Item
1272 809 1451 849 repetimus.

185 905 210 926 ιο
335 889 397 922 Die
422 889 568 931 predicta
592 891 679 922 curia
695 891 897 922 antianorum
923 893 956 923 et
975 890 1140 923 consulum
1157 891 1300 923 comunis
1323 894 1357 923 et
1372 890 1572 933 sapientibus
1595 901 1667 923 cum
1691 891 1776 923 dicta
1793 893 1880 923 curia

225 951 324 983 super
346 942 590 973 conservatione
614 942 752 974 civitatis
775 942 968 985 Ter(visine)
995 946 1030 975 et
1051 942 1214 975 districtus
1241 942 1405 985 deputatis
1427 953 1536 975 coram
1559 942 1668 975 nobile
1692 946 1725 974 et
1747 947 1879 985 potente

225 993 327 1026 milite
357 992 487 1025 domino
514 995 659 1025 Armano
687 993 728 1025 de
758 993 971 1026 Guelfonibus
1005 993 1046 1026 de
1076 993 1225 1037 Eugubio
1259 994 1398 1026 civitatis
1428 994 1624 1036 Ter(visine)
1657 999 1691 1026 et
1719 994 1880 1027 districtus

225 1045 343 1076 vicario
378 1055 436 1087 pro
470 1045 675 1077 serenissimo
711 1047 855 1088 principe
890 1046 1020 1078 domino
1051 1046 1216 1079 Friderico
1246 1046 1310 1078 Dei
1343 1047 1449 1088 gratia
1478 1046 1698 1079 Romanorum
1733 1057 1812 1089 rege
1847 1051 1881 1079 et

227 1106 356 1138 semper
385 1099 523 1140 augusto
558 1098 589 1128 in
620 1098 746 1130 camino
774 1098 886 1140 palatii
916 1099 1059 1131 comunis
1092 1099 1187 1131 solito
1221 1098 1263 1130 ad
1298 1109 1411 1131 sonum
1443 1109 1600 1141 campane
1634 1103 1670 1131 ut
1702 1100 1800 1131 moris
1832 1103 1881 1131 est

184 1163 207 1183 n
226 1148 414 1180 solemniter
436 1153 649 1191 congregata,
678 1151 845 1191 proposuit
867 1149 952 1182 idem
978 1150 1126 1182 dominus
1149 1151 1286 1182 vicarius
1309 1154 1342 1182 et
1364 1150 1424 1182 sibi
1447 1151 1542 1192 petiit
1563 1151 1731 1183 consilium
1755 1150 1880 1183 exiberi

226 1210 324 1242 super
346 1211 384 1233 eo
409 1200 495 1242 quod
515 1202 636 1243 petitur
659 1212 717 1243 per
732 1202 961 1234 ambaxatores
976 1202 1097 1234 domini
1114 1203 1199 1244 regis
1221 1212 1241 1234 a
1264 1202 1350 1234 dicto
1372 1202 1502 1234 domino
1518 1202 1637 1234 vicario
1661 1206 1695 1235 et
1717 1214 1736 1234 a
1752 1203 1879 1235 comuni

226 1252 430 1293 Tei-(visino).
470 1252 532 1289 Qui
555 1256 679 1295 petunt,
704 1253 789 1296 quod
813 1253 943 1296 placeat
965 1253 1095 1286 domino
1113 1254 1232 1286 vicario
1257 1258 1290 1286 et
1313 1255 1441 1286 comuni
1457 1253 1652 1295 Ter(visin0)
1675 1255 1822 1287 relaxare
1847 1259 1880 1286 et

226 1304 367 1336 relaxari
389 1304 497 1337 facere
521 1304 561 1337 de
586 1306 768 1337 carceribus
793 1307 936 1338 comunis
959 1306 1145 1347 Tei-(vieini)
1170 1316 1282 1338 omnes
1311 1309 1345 1338 et
1366 1306 1509 1348 singulos
1533 1310 1729 1348 carceratos,
1760 1307 1815 1349 qui
1837 1306 1879 1338 ad

226 1366 359 1399 presens
382 1356 423 1389 ad
447 1357 635 1398 petitionem
660 1358 803 1389 comunis
827 1357 1013 1398 Ter(visini)
1037 1361 1110 1390 sunt
1132 1358 1163 1390 in
1187 1358 1379 1398 carceribus,
1402 1358 1560 1390 habentes
1582 1368 1712 1400 pacem,
1735 1358 1789 1390 ubi
1814 1369 1879 1400 pax

183 1421 210 1442 so
227 1409 399 1450 requiritur
426 1419 445 1440 a
467 1410 532 1440 suis
555 1409 755 1441 adversariis.
796 1409 839 1442 Et
861 1409 922 1441 hoc
946 1413 1061 1452 petunt
1083 1409 1143 1442 sibi
1166 1410 1235 1442 fieri
1260 1409 1301 1442 de
1324 1410 1429 1452 gratia
1449 1409 1582 1452 speciali
1605 1410 1646 1442 ob
1663 1411 1878 1442 reverentiam

226 1458 347 1492 domini
376 1460 462 1502 regis
495 1464 527 1493 et
556 1461 713 1493 dictorum
741 1461 989 1494 ambaxatorum
1016 1467 1167 1504 precum·
1190 1463 1382 1494 interventu.
1427 1461 1567 1494 Demum
1593 1463 1625 1494 in
1649 1462 1878 1494 reformatione

226 1510 311 1544 dicte
334 1512 422 1544 curie
449 1515 483 1544 et
511 1514 693 1554 sapientum
716 1513 932 1555 predictorum
961 1513 1067 1555 posito
1090 1514 1208 1555 partito
1236 1524 1295 1556 per
1321 1513 1442 1546 dictum
1474 1514 1638 1546 dominum
1661 1515 1814 1546 vicarium
1838 1513 1879 1546 ad

226 1562 389 1606 bux(ulas)
414 1567 447 1596 et
470 1564 663 1606 ball(ottas),
686 1566 852 1608 proposita
874 1565 1041 1607 negativa,
1064 1564 1274 1597 reformatum
1297 1565 1358 1598 fuit
1382 1577 1441 1608 per
1463 1565 1560 1598 XXV
1583 1566 1780 1598 consiliarios
1803 1576 1878 1597 con·

226 1615 381 1657 corditer,
415 1626 480 1648 uno
509 1616 551 1648 ab
579 1617 625 1649 eis
655 1616 874 1659 discrepante,
909 1616 995 1659 quod
1023 1616 1109 1649 dicta
1135 1618 1301 1659 proposita
1330 1621 1550 1660 proponantur
1577 1618 1709 1650 consilio
1734 1618 1808 1657 XL,
1844 1621 1879 1649 ut

183 1679 208 1699 2⁵
227 1667 386 1700 consuluit
407 1667 570 1700 Iohannes
594 1668 634 1700 de
658 1668 806 1701 Maunico
830 1669 1000 1711 not(arius)
1012 1670 1033 1701 ².

333 1741 395 1773 Die
418 1741 531 1776 Martis
554 1742 612 1774 IX.
630 1742 709 1783 Ian.,
734 1742 866 1774 consilio
890 1742 971 1774 000
997 1745 1059 1774 etc.

332 1792 490 1825 Dominus
506 1793 646 1825 Michael
669 1794 709 1825 de
726 1794 862 1836 Ciglano
885 1793 1055 1835 not(arius)
1078 1794 1226 1826 antianus
1249 1804 1306 1836 pro
1331 1804 1365 1826 se
1389 1798 1423 1826 et
1445 1794 1517 1826 aliis
1539 1794 1634 1826 sociis
1655 1794 1720 1825 suis
1741 1794 1877 1825 antianis

226 1843 302 1876 dicti
325 1846 468 1876 comunis
491 1855 588 1886 super
611 1844 696 1877 dicta
719 1846 884 1888 proposita
908 1845 1082 1883 consuluit,
1111 1845 1196 1887 quod
1220 1855 1332 1878 omnes
1359 1849 1392 1878 et
1414 1845 1531 1888 singuli
1554 1846 1709 1878 carcerati
1733 1846 1876 1877 comunis

225 1895 422 1937 Ter(visini)‚
446 1897 499 1938 qui
523 1896 565 1928 ad
589 1907 720 1939 presens
743 1901 817 1928 sunt
838 1898 869 1928 in
894 1896 1076 1929 carceribus
1092 1898 1237 1929 comunis
1260 1897 1302 1929 ad
1325 1898 1514 1940 petitionem
1531 1898 1676 1929 comunis
1691 1896 1876 1938 Ter(visini)

181 1963 207 1983 ω
224 1955 424 1990 quacumque
442 1949 620 1989 occasione,
644 1949 793 1981 habendo
810 1959 935 1991 pacem,
958 1949 985 1980 si
1000 1959 1065 1991 pax
1081 1949 1255 1991 requiritur
1269 1948 1383 1981 haberi
1402 1960 1422 1981 a
1437 1949 1502 1981 suis
1517 1948 1710 1981 adversariis
1730 1948 1876 1991 quando-

223 2008 371 2042 cumque,
395 1999 436 2031 ob
459 2001 673 2032 reverentiam
697 2001 772 2032 dicti
790 2001 910 2033 domini
934 2001 1019 2043 regis
1043 2004 1076 2032 et
1092 2001 1248 2032 dictorum
1265 2000 1510 2033 ambaxatorum
1527 2006 1679 2043 precum·
1694 2002 1876 2033 interventu

223 2050 366 2083 debeant
389 2051 429 2084 de
453 2052 636 2084 carceribus
659 2052 761 2085 libere
785 2052 923 2084 relaxari
949 2056 981 2084 et
1005 2052 1091 2094 quod
1108 2063 1219 2084 eorum
1235 2052 1519 2085 condemnationes
1543 2057 1577 2086 et
1598 2053 1703 2085 banne
1728 2057 1761 2084 et
1784 2052 1875 2085 dacie

223 2103 442 2135 cancellentur
464 2107 498 2135 et
513 2115 570 2146 pro
587 2104 773 2137 cancellatis
789 2104 973 2136 omnimode
990 2103 1172 2136 habeantur
1195 2107 1229 2135 et
1244 2114 1301 2146 pro
1318 2104 1471 2146 predictis
1487 2104 1554 2137 sive
1571 2104 1679 2147 aliqua
1696 2105 1874 2140 occasione,

223 2165 287 2197 qua
310 2155 416 2187 forent
439 2154 582 2197 obligati,
607 2156 647 2188 de
672 2160 780 2188 cetero
804 2167 867 2188 non
892 2156 1033 2188 debeant
1055 2156 1219 2188 molestari
1231 2156 1252 2188 ².

178 2289 205 2310 ,ὅ
346 2269 431 2306 527.
473 2270 660 2307 Promissio
687 2271 816 2307 comitis
843 2271 885 2306 de
912 2270 1057 2307 Collalto
1085 2271 1266 2308 Friden'co
1293 2271 1364 2317 rcqi
1390 2273 1499 2317 facta.
1602 2271 1681 2307 Ian.
1701 2272 1757 2306 13.

335 2343 496 2385 oriqinale
521 2345 557 2377 in
584 2345 743 2378 tabulario
766 2355 911 2378 caesareo
938 2345 1177 2378 Vindobonensi.
1223 2345 1459 2385 Descripsimus
1479 2355 1546 2378 nos.
1592 2345 1713 2378 Pendet
1734 2345 1874 2385 siqulum

225 2394 342 2428 laesum
365 2395 430 2428 loro
452 2396 694 2430 membranaceo.
719 2416 758 2422 —
783 2397 954 2430 Ineditum.

333 2455 407 2496 Rey.
424 2455 631 2499 Lichnowsky
652 2457 847 2490 ‘Geschichte
870 2459 923 2491 des
943 2458 1070 2490 Hauses
1086 2458 1269 2498 Habsburq‘
1295 2458 1358 2490 III
1372 2468 1404 2498 p.
1424 2457 1668 2490 CCCLXXIII
1686 2468 1735 2489 nr.
1751 2460 1824 2489 486.

331 2533 400 2566 Nos
432 2533 633 2567 Rambaldus
666 2535 707 2567 de
737 2535 864 2569 Colalto
905 2547 1013 2568 comes
1047 2536 1210 2575 Tervisffi)
1250 2536 1469 2568 universorum
1512 2536 1629 2567 noticie
1670 2534 1873 2567 declaramus

181 2599 207 2619 ιο
225 2587 259 2616 et
284 2585 486 2626 presentibus
519 2586 722 2629 profitemur,
757 2588 844 2630 quod
874 2589 1077 2620 serenissimo
1109 2587 1237 2619 domino
1267 2591 1376 2619 nostro
1406 2586 1535 2619 domino
1563 2586 1728 2619 Friderico
1751 2586 1871 2618 Roma-

223 2646 336 2668 norum
366 2637 437 2678 regi
463 2638 666 2679 promisimus
689 2639 848 2681 corporali
877 2650 974 2681 super
1001 2639 1061 2671 hoc
1092 2640 1224 2680 prestito
1248 2639 1427 2671 iuramento
1457 2643 1491 2671 et
1517 2638 1559 2671 ad
1588 2639 1648 2671 hec
1675 2650 1734 2671 nos
1761 2644 1872 2671 tenore

223 2686 424 2728 presencium
447 2688 644 2731 obligamus,
674 2690 761 2732 quod
784 2691 1040 2732 quandocunque
1069 2691 1133 2721 inm
1161 2689 1280 2722 dictum
1307 2690 1470 2723 dominum
1501 2701 1612 2733 regem
1635 2691 1686 2722 vel
1710 2701 1806 2722 unum
1831 2690 1871 2721 de

325 2771 391 2800 525.
410 2773 434 2806 Ι)
453 2773 544 2799 aaran
562 2783 583 2800 c.

326 2823 394 2852 526.
422 2824 446 2858 ι)
466 2826 586 2859 precibus
603 2835 624 2852 e.

182 2893 208 2914 ⁴5
331 2889 356 2920 1)
373 2887 430 2915 ‘Fu
441 2887 490 2915 dal
502 2888 637 2924 Consiqln‘o
649 2889 690 2916 de'
703 2889 765 2917 XL.
778 2890 886 2917 ηἠκεεα
899 2899 915 2916 α
928 2890 1014 2924 quello
1025 2890 1056 2917 dc
1069 2890 1149 2918 CCC·
1166 2890 1276 2917 additur
1287 2891 1318 2918 ἀπ
1331 2899 1352 2918 c.
1434 2892 1462 2925 2)
1479 2892 1520 2919 ‘F
1518 2900 1536 2918 u
1545 2890 1633 2926 μεθῶ
1645 2891 1757 2918 additur
1773 2892 1801 2917 u'n
1815 2900 1836 2918 c.
