2184 3126
161 779 186 799 1⁰

162 1046 185 1066 1⁶

163 1306 190 1326 20

165 1575 189 1595 2³

163 2103 190 2123 ³5

167 2359 192 2378 40

167 2615 192 2634 45

499 213 597 242 ACTA
615 213 727 241 REGNI
746 211 930 240 LUDEWICI
950 211 998 239 lv.
1016 210 1064 238 ET
1083 210 1268 238 Fumssmct
1286 210 1336 236 111.
1374 209 1448 236 1324.
1485 208 1533 236 Nr.
1546 208 1606 237 907.
1796 211 1853 241 721

310 301 519 334 Sanctissimo
543 301 575 332 in
599 299 726 332 Christo
749 300 833 342 patri
855 310 894 331 ac
917 298 1048 331 domino
1076 298 1206 331 domino
1230 297 1365 330 Iohanni
1390 296 1497 328 divina
1521 295 1729 338 providencia
1751 307 1859 328 sacro-

202 357 312 386 sancte
335 352 482 385 Romane
506 363 544 385 ac
566 351 755 384 universalis
784 350 920 383 ecclesie
948 360 1073 383 summo
1103 349 1246 392 pontifici
1334 347 1495 381 Rfidolfus
1522 347 1563 380 dc
1587 347 1773 380 Monteforti
1796 347 1859 380 Dei

203 411 235 438 et
263 405 440 448 apostolice
468 403 553 437 sedis
585 404 695 446 gracia
723 403 981 436 Constanciensis
1010 403 1181 445 episcopus
1214 404 1247 434 et
1279 400 1519 433 administrator
1553 400 1689 431 ecclesie
1724 399 1860 432 Curien-

202 457 245 488 sis
334 455 452 489 devota
473 456 593 498 pedum
616 455 727 487 oscula
749 454 928 487 beatorum.

309 507 357 550 (l)
380 507 521 540 Litteras
544 510 650 539 vestre
673 507 852 539 sanctitatis
878 516 972 538 sanas
1000 509 1033 538 et
1059 505 1201 548 integras
1228 507 1263 536 et
1288 504 1376 536 bulla
1401 508 1508 536 vestra
1531 504 1669 536 bullatas
1693 514 1862 546 processus

203 563 316 592 contra
338 558 538 599 Galeacium,
562 558 717 600 Marcum,
740 559 907 599 Lucinum,
932 557 1111 590 Iohannem
1135 560 1167 589 ct
1183 555 1384 599 Stephanum
1404 555 1487 588 filios
1508 555 1670 598 quondam
1686 555 1861 598 dampnate

203 612 359 644 memorie
375 610 498 643 Mathei
522 609 563 642 de
580 610 832 642 vicecomitibus
855 609 896 642 de
912 609 1097 642 Mediolano
1115 608 1304 640 manifestos
1327 607 1487 640 hereticos
1509 611 1543 639 et
1566 607 1607 639 dc
1630 607 1735 639 heresi
1758 608 1861 640 mani-

202 663 286 695 festa
310 673 368 705 per
391 662 560 694 ecclesiam
585 661 839 704 condempnatos
861 662 1072 701 continentes,
1095 670 1158 702 que
1181 660 1226 691 sic
1250 660 1419 702 incipiunt:

310 717 483 750 ‘Iohannes
510 718 700 759 episcopus*
722 727 832 749 servus
859 727 1025 749 servorum
1054 715 1118 748 Dei
1216 715 1391 748 venerabili
1423 715 1511 748 fratri
1537 739 1569 747 ..
1598 716 1752 758 episcopo
1776 715 1862 748 Con-

205 769 402 811 stancien(si)
491 769 628 802 salutem
653 773 686 801 et
707 769 919 811 apostolicam
943 767 1213 800 benedictionem.

309 829 421 872 Nuper
444 833 555 862 contra
578 829 778 871 Galeacium,
801 828 978 870 Marchum,
1000 828 1180 860 Luchinum
1204 831 1238 859 et
1254 852 1260 859 .
1277 852 1284 859 .
1308 827 1389 859 alios
1405 828 1487 859 filios
1503 827 1666 870 quondam
1683 827 1860 870 dampnate

202 881 358 914 memorie
381 881 503 913 Mathei
527 881 568 913 de
591 880 842 913 Vicecomitibus
865 880 906 913 de
928 879 1114 912 Mediolano
1136 879 1297 911 hereticos
1319 879 1507 911 manifestos
1530 890 1568 911 ac
1591 879 1632 911 de
1656 879 1730 912 labe
1754 880 1860 922 pravi-

202 934 278 966 tatis
311 933 456 966 heretice
490 933 724 965 sententialiter
758 932 1010 975 condempnatos
1044 941 1220 974 eorumque
1255 931 1411 971 fautores,
1442 932 1666 973 auxiliatores,
1700 931 1863 971 valitores,

202 995 359 1028 sequaces
386 988 419 1017 et
449 985 643 1018 adherentes
670 985 793 1018 eisdem
820 995 879 1028 per
905 985 1043 1017 victricis
1070 985 1172 1016 crucis
1203 984 1393 1026 suffragium
1424 985 1454 1016 in
1488 985 1605 1016 virtute
1632 984 1791 1016 Altissimi
1823 984 1864 1016 de

205 1037 339 1082 fratrum
373 1041 553 1070 nostrorum
586 1036 718 1069 consilio
752 1036 949 1079 providimus
983 1035 1257 1079 expurgandumb.
1325 1035 1446 1068 Contra
1480 1047 1561 1079 quos
1594 1046 1692 1079 super
1725 1036 1786 1068 hiis
1822 1036 1864 1068 de

207 1089 383 1122 eorundem
407 1089 541 1121 fratrum
566 1089 699 1121 consilio
721 1092 872 1131 presente
895 1087 1099 1120 multitudine
1123 1088 1254 1130 copiosa
1276 1087 1420 1120 fidelium
1443 1097 1503 1130 per
1525 1099 1584 1120 nos
1600 1089 1678 1120 certi
1695 1098 1866 1131 processus

207 1145 280 1173 sunt
302 1141 414 1182 habiti,
438 1143 562 1173 certas⁰
578 1141 782 1173 remissiones
798 1146 831 1172 et
853 1139 1068 1182 indulgentias
1091 1150 1150 1182 per
1165 1149 1224 1171 nos
1239 1149 1410 1172 concessas
1433 1139 1582 1172 fidelibus
1598 1139 1660 1172 Dei
1678 1143 1712 1172 et
1727 1140 1865 1173 ecclesie

207 1203 245 1224 ac
268 1193 345 1225 fidei
379 1192 537 1225 catholice
573 1193 744 1235 negocium
778 1195 890 1224 contra
923 1191 1025 1224 dictos
1058 1191 1219 1224 hereticos
1248 1201 1427 1234 eorumque
1461 1191 1613 1232 fautores,
1642 1192 1863 1233 auxiliatores,

208 1245 370 1286 valitores,
390 1254 546 1287 sequaces
567 1247 600 1276 et
620 1243 743 1276 eisdem
759 1243 952 1276 adherentes
968 1242 1236 1285 prosequentibus
1250 1243 1461 1275 continentes.
1497 1243 1640 1280 Quorum
1657 1255 1865 1286 processuum

208 1299 300 1329 tenor
322 1297 466 1339 sequitur
489 1295 548 1328 sub
572 1296 632 1328 hac
655 1296 772 1328 forma:
1899 1288 1902 1291 ’

313 1351 486 1384 ‘Iohannes
510 1352 680 1394 episcopus
702 1361 813 1383 servus
835 1361 1000 1383 servorum
1024 1350 1096 1383 Dei.
1188 1350 1238 1382 Ad
1262 1353 1452 1392 perpetuam
1476 1352 1523 1383 rei
1547 1352 1747 1384 memoriam.

317 1404 414 1447 Cogit
435 1415 493 1436 nos
516 1404 670 1445 temporis
693 1403 831 1446 qualitas
854 1406 887 1435 et
909 1403 1058 1445 nequicia
1081 1403 1252 1445 plurimum
1276 1402 1470 1435 detestanda
1493 1403 1644 1436 sollicitat
1666 1407 1699 1436 et
1714 1405 1790 1437 cet?

211 1463 244 1492 et
267 1461 375 1493 taliter
396 1460 563 1493 finiuntur:

317 1511 498 1544 ‘Predictas
521 1511 725 1544 remissiones
748 1514 782 1543 et
803 1510 1025 1553 indulgencias
1047 1521 1085 1542 ac
1108 1510 1215 1542 omnia
1238 1514 1390 1542 contenta
1412 1511 1444 1541 in
1462 1510 1585 1543 eisdem
1608 1512 1812 1554 processibus
1835 1514 1867 1545 in

209 1564 353 1596 ecclesiis
377 1567 410 1595 et
432 1563 511 1595 locis
533 1563 605 1595 aliis
628 1567 755 1596 tuarum
771 1562 909 1595 civitatis
931 1565 965 1594 ct
980 1562 1128 1604 dyocesis
1151 1561 1266 1594 dicbus
1281 1561 1450 1594 dominicis
1474 1566 1506 1594 et
1530 1562 1662 1603 festivis,
1686 1563 1727 1595 de
1751 1564 1868 1606 quibus

209 1616 266 1648 tibi
296 1615 457 1648 videbitur
484 1615 654 1658 expedire,
683 1618 808 1647 astante
842 1613 929 1646 fideli
957 1614 1077 1656 populo
1114 1613 1190 1646 dum
1219 1614 1406 1646 convenerit
1434 1614 1477 1646 ad
1511 1614 1619 1647 divina
1645 1615 1869 1658 sollempniter

208 1667 374 1710 publicare
398 1678 561 1710 procures,
590 1667 704 1700 fideles
732 1666 773 1699 ad
803 1667 1032 1709 acquirendum
1061 1666 1245 1698 huiusmodi
1275 1667 1480 1699 remissiones
1503 1670 1536 1698 et
1566 1666 1787 1709 indulgencias
1810 1679 1869 1710 per

208 1719 343 1751 verbum
370 1719 603 1762 predicacionis
632 1722 665 1751 et
691 1719 772 1751 alias
798 1719 950 1760 solerter,
982 1722 1077 1762 prout
1107 1717 1337 1760 expediencius
1367 1718 1478 1757 fuerit,
1514 1718 1715 1758 inducturus,
1747 1719 1868 1752 faciens

208 1771 249 1803 de
273 1771 496 1817 publicacione
520 1769 702 1803 huiusmodi
726 1770 795 1802 fieri
819 1770 948 1813 publica
971 1771 1193 1810 instrumenta,
1216 1780 1279 1812 que
1303 1769 1395 1801 nobis
1417 1769 1558 1802 fideliter
1580 1771 1786 1803 transmittas.
1826 1771 1868 1803 Et

207 1823 432 1855 nichilominus
462 1833 521 1865 per
555 1826 627 1854 tuas
661 1822 784 1855 litteras
812 1823 1012 1854 continentes
1040 1822 1231 1863 principium
1267 1826 1300 1853 et
1333 1821 1430 1853 finem
1462 1822 1663 1863 presencium
1698 1822 1868 1863 rescribas,

208 1875 364 1917 quidquid
387 1876 420 1906 in
442 1874 596 1916 predictis
619 1874 750 1907 duxeris
772 1873 964 1906 faciendum.

315 1926 436 1962 Datum
460 1926 656 1966 Avinicn(e),
679 1926 719 1958 V.
737 1925 809 1957 Kal.
835 1925 948 1967 April.‚
972 1925 1178 1967 pontificatus
1200 1925 1299 1956 nostri
1324 1935 1407 1956 anuo
1432 1925 1588 1957 octavo.’²

206 1997 279 2019 cum
322 1986 432 2019 debita
469 1987 551 2018 sicu't
587 1986 695 2018 decuit
728 1987 914 2018 reverencia
951 1996 1010 2028 per
1046 1996 1160 2017 manus
1197 1985 1341 2017 strennui
1379 1985 1437 2016 viri
1477 1985 1631 2018 Iohannis
1668 1986 1746 2019 dicti
1785 1987 1864 2020 Rin-

207 2039 335 2082 egg(er)
363 2039 508 2080 magistri
537 2039 624 2070 curie
651 2049 724 2071 mee
752 2038 923 2070 undecima
952 2037 1004 2070 die
1031 2037 1170 2069 intrante
1200 2036 1299 2077 Maio,
1329 2037 1388 2068 sub
1423 2047 1507 2069 anno
1536 2036 1667 2070 Domini
1695 2038 1979 2072 millesimomu.

208 2091 433 2123 trecentesimo
450 2091 603 2122 vicesimo
620 2093 746 2132 quarto,
768 2089 973 2132 pontificatus
989 2099 1065 2121 vero
1082 2090 1179 2121 vestri
1194 2099 1278 2120 anno
1295 2092 1420 2129 octavo,
1442 2090 1562 2131 recepi,
1585 2089 1727 2122 studiose
1744 2091 1869 2134 perlegi

208 2146 241 2175 ct
274 2153 346 2175 cum
374 2143 460 2174 omni
489 2141 646 2174 fidelitate
677 2141 905 2174 terciadecima
937 2141 989 2173 die
1022 2141 1168 2187 eiusdem
1201 2141 1276 2172 anni
1310 2141 1449 2172 intrante
1479 2140 1581 2182 Maio,
1618 2143 1803 2174 convocatis
1835 2147 1869 2174 et

207 2195 412 2237 congregatis
435 2194 521 2227 clero
545 2197 612 2226 tam
635 2193 772 2226 seculari
787 2204 885 2236 quam
901 2193 1054 2235 religioso
1078 2196 1110 2224 et
1127 2192 1247 2235 populo
1265 2193 1404 2224 civitatis
1423 2192 1723 2234 Constancien(sis),
1747 2188 1869 2226 vocatis

209 2247 308 2278 etiam
340 2246 382 2279 ad
417 2246 478 2279 hoc
511 2246 695 2288 specialiter
727 2249 892 2288 tamquam
921 2245 1093 2277 autenticis
1128 2248 1161 2276 et
1187 2243 1360 2287 fidedignis
1392 2244 1538 2286 personis
1570 2244 1812 2278 honorabilibus
1835 2250 1869 2277 et

210 2297 368 2340 religiosis
390 2299 465 2331 viris
492 2298 645 2331 fratribus
667 2297 797 2330 Donato
821 2296 930 2330 Sancti
954 2296 1065 2329 Iacobi
1089 2296 1208 2328 ordinis
1230 2296 1332 2328 sancti
1355 2296 1540 2336 Benedicti,
1564 2296 1736 2329 Walthero
1760 2296 1869 2330 Sancti

210 2339 354 2382 &dalrici
381 2350 414 2382 in
442 2350 648 2392 Grsstzlingen
679 2349 799 2381 ordinis
827 2349 928 2381 sancti
958 2349 1130 2391 Augustini
1158 2358 1260 2390 prope
1295 2358 1404 2380 muros
1429 2348 1726 2390 Constancien(ses)
1755 2359 1868 2381 mona-

211 2402 381 2434 steriorum
404 2401 586 2442 abbatibus,
612 2425 643 2434 ..
669 2401 824 2443 offic(iali)
849 2400 964 2443 oui-(ie)
988 2399 1288 2441 Constan(ciensis),
1312 2399 1500 2432 Diethelmo
1524 2400 1700 2442 preposito,
1723 2400 1868 2432 Iohanne

212 2452 335 2486 decano
358 2454 498 2494 maioris,
521 2453 658 2486 Alberto
681 2454 845 2496 preposito
862 2453 972 2486 Sancti
987 2452 1143 2495 Stephani
1166 2451 1324 2484 ecclesied
1339 2452 1636 2494 Constan(ciensis),
1660 2476 1668 2483 .
1685 2476 1692 2483 .
1710 2452 1870 2494 prioribus

210 2505 455 2537 Predicatorum
478 2508 512 2538 et
533 2504 775 2538 Heremitarum
798 2506 899 2537 sancti
922 2505 1094 2547 Augustini
1124 2508 1157 2536 et
1187 2503 1364 2546 guardiano
1388 2503 1548 2536 Minoi-um
1572 2503 1705 2536 fratrum
1729 2515 1868 2536 conven-

211 2559 302 2588 tuum
312 2555 599 2598 Constan(ciensis)
612 2556 751 2589 civitatis
767 2560 800 2589 et
815 2557 879 2589 alia
890 2557 1034 2589 fidelium
1046 2555 1249 2588 multitudine
1262 2556 1394 2598 copiosa
1405 2555 1438 2588 in
1450 2556 1587 2588 ecclesia
1598 2555 1868 2596 Constan(ciensi)

212 2607 319 2639 omnia
346 2610 379 2640 et
405 2607 530 2650 singula
558 2609 590 2641 in
617 2608 741 2641 eisdem
768 2609 884 2641 litteris
910 2612 1061 2641 contenta
1095 2607 1317 2650 sollempniter
1345 2607 1524 2651 publicavi,
1551 2607 1665 2640 fideles
1691 2608 1733 2639 ad
1757 2609 1868 2651 acqui-

314 2689 383 2718 ΜῚ.
410 2691 434 2723 ι)
452 2699 534 2724 cupra
552 2692 647 2718 lineam
665 2691 727 2718 add.
745 2701 784 2717 or.
871 2690 898 2723 ιι)
916 2691 1112 2725 expurgandum
1130 2699 1169 2716 or.
1257 2691 1281 2721 e)
1299 2695 1384 2716 cartas
1401 2699 1440 2716 or.
1528 2689 1554 2722 (Ι)
1571 2692 1607 2716 eie
1629 2699 1668 2717 or.

316 2750 344 2783 1)
362 2748 415 2777 Est
431 2751 584 2778 arcetum
605 2759 630 2778 a.
647 2754 720 2778 1324.
739 2750 824 2778 Mart.
841 2753 881 2778 28.
906 2750 1013 2783 emissa,
1041 2758 1110 2784 quaa-⁴:
1134 2757 1285 2783 processum
1308 2752 1402 2777 coma
1424 2749 1591 2776 vicecomites
1613 2749 1656 2776 die
1679 2753 1719 2781 23,
1733 2758 1765 2776 m.
1780 2749 1868 2776 Mare.

211 2793 381 2826 publicatum
392 2794 523 2827 continea-
542 2793 664 2827 Butam,
683 2793 752 2829 Rey.
766 2793 863 2821 Ladw.
878 2802 907 2827 p.
920 2797 967 2820 215
986 2792 1082 2820 Ribsee
1099 2800 1142 2820 nr.
1156 2796 1200 2826 ως
1219 2792 1300 2827 Lany
1312 2793 1392 2820 ‘Acta
1405 2792 1665 2826 Saum-Aqua:
1684 2793 1705 2824 1,
1722 2795 1752 2819 73
1771 2796 1869 2823 nr..]7,·

212 2837 247 2869 cf.
266 2844 350 2871 snpra
367 2845 410 2864 m.
423 2840 474 2865 883
487 2837 653 2871 proemium
671 2837 701 2863 in
718 2837 780 2870 sine.

316 2897 354 2916 u..
367 2897 593 2917 coss-rumiens
605 2898 630 2917 v.
1627 2888 1659 2914 91
