<?xml version="1.0" encoding="UTF-8"?>
<!DOCTYPE html PUBLIC "-//W3C//DTD XHTML 1.0 Transitional//EN"
    "http://www.w3.org/TR/xhtml1/DTD/xhtml1-transitional.dtd">
<html xmlns="http://www.w3.org/1999/xhtml" xml:lang="en" lang="en">
 <head>
  <title>
</title>
<meta http-equiv="Content-Type" content="text/html;charset=utf-8" />
  <meta name='ocr-system' content='tesseract 3.04.00' />
  <meta name='ocr-capabilities' content='ocr_page ocr_carea ocr_par ocr_line ocrx_word'/>
</head>
<body>
  <div class='ocr_page' id='page_1' title='image "./monumentagerma05geseuoft_0247.png"; bbox 0 0 2190 3172; ppageno 0'>
   <div class='ocr_carea' id='block_1_1' title="bbox 389 187 1848 225">
    <p class='ocr_par' dir='ltr' id='par_1_1' title="bbox 389 187 1848 225">
     <span class='ocr_line' id='line_1_1' title="bbox 389 187 1848 225; baseline 0.003 -9"><span class='ocrx_word' id='word_1_1' title='bbox 389 188 486 216; x_wconf 73' lang='lat' dir='ltr'>ACTA</span> <span class='ocrx_word' id='word_1_2' title='bbox 505 187 617 216; x_wconf 74' lang='lat' dir='ltr'><strong>amm</strong></span> <span class='ocrx_word' id='word_1_3' title='bbox 637 187 771 216; x_wconf 83' lang='lat' dir='ltr'>LUDEW</span> <span class='ocrx_word' id='word_1_4' title='bbox 773 187 822 216; x_wconf 83' lang='lat'><strong>101</strong></span> <span class='ocrx_word' id='word_1_5' title='bbox 840 187 887 216; x_wconf 86' lang='lat' dir='ltr'><strong>1v.</strong></span> <span class='ocrx_word' id='word_1_6' title='bbox 906 187 952 216; x_wconf 82' lang='grc' dir='ltr'><strong>ΕΤ</strong></span> <span class='ocrx_word' id='word_1_7' title='bbox 972 187 1158 216; x_wconf 74' lang='lat' dir='ltr'><strong>FmDERICI</strong></span> <span class='ocrx_word' id='word_1_8' title='bbox 1177 187 1226 216; x_wconf 91' lang='lat'>111.</span> <span class='ocrx_word' id='word_1_9' title='bbox 1264 188 1340 216; x_wconf 81' lang='lat'>1315.</span> <span class='ocrx_word' id='word_1_10' title='bbox 1377 188 1424 216; x_wconf 85' lang='lat' dir='ltr'><strong>Nr.</strong></span> <span class='ocrx_word' id='word_1_11' title='bbox 1437 189 1497 219; x_wconf 79' lang='lat'><strong>287.</strong></span> <span class='ocrx_word' id='word_1_12' title='bbox 1515 191 1576 219; x_wconf 79' lang='lat'>288.</span> <span class='ocrx_word' id='word_1_13' title='bbox 1595 192 1654 219; x_wconf 80' lang='lat'><strong>2:39.</strong></span> <span class='ocrx_word' id='word_1_14' title='bbox 1786 194 1848 225; x_wconf 81' lang='lat'><strong>207</strong></span> 
     </span>
    </p>
   </div>
   <div class='ocr_carea' id='block_1_2' title="bbox 167 274 1849 581">
    <p class='ocr_par' dir='ltr' id='par_1_2' title="bbox 193 274 1849 474">
     <span class='ocr_line' id='line_1_2' title="bbox 194 274 1849 318; baseline 0.002 -11"><span class='ocrx_word' id='word_1_15' title='bbox 194 275 322 309; x_wconf 87' lang='lat' dir='ltr'><strong>solutus</strong></span> <span class='ocrx_word' id='word_1_16' title='bbox 344 278 379 308; x_wconf 89' lang='lat' dir='ltr'><strong>et</strong></span> <span class='ocrx_word' id='word_1_17' title='bbox 400 274 625 308; x_wconf 78' lang='lat' dir='ltr'><strong>nichilominus</strong></span> <span class='ocrx_word' id='word_1_18' title='bbox 647 285 706 318; x_wconf 80' lang='lat' dir='ltr'><strong>pro</strong></span> <span class='ocrx_word' id='word_1_19' title='bbox 729 274 851 316; x_wconf 85' lang='lat' dir='ltr'><strong>debito,</strong></span> <span class='ocrx_word' id='word_1_20' title='bbox 873 275 905 307; x_wconf 91' lang='lat' dir='ltr'><strong>in</strong></span> <span class='ocrx_word' id='word_1_21' title='bbox 929 286 993 318; x_wconf 87' lang='lat' dir='ltr'><strong>quo</strong></span> <span class='ocrx_word' id='word_1_22' title='bbox 1017 276 1078 308; x_wconf 92' lang='lat' dir='ltr'><strong>sibi</strong></span> <span class='ocrx_word' id='word_1_23' title='bbox 1101 276 1143 308; x_wconf 88' lang='lat' dir='ltr'><strong>ad</strong></span> <span class='ocrx_word' id='word_1_24' title='bbox 1167 275 1307 308; x_wconf 91' lang='lat' dir='ltr'><strong>eundem</strong></span> <span class='ocrx_word' id='word_1_25' title='bbox 1330 278 1501 310; x_wconf 90' lang='lat' dir='ltr'><strong>terminum</strong></span> <span class='ocrx_word' id='word_1_26' title='bbox 1518 278 1570 311; x_wconf 89' lang='lat' dir='ltr'><strong>vel</strong></span> <span class='ocrx_word' id='word_1_27' title='bbox 1589 279 1744 310; x_wconf 87' lang='lat' dir='ltr'><strong>terminos</strong></span> <span class='ocrx_word' id='word_1_28' title='bbox 1768 278 1849 310; x_wconf 91' lang='lat' dir='ltr'><strong>obli-</strong></span> 
     </span>
     <span class='ocr_line' id='line_1_3' title="bbox 193 326 1849 372; baseline 0.002 -13"><span class='ocrx_word' id='word_1_29' title='bbox 193 327 354 370; x_wconf 79' lang='lat' dir='ltr'><strong>gabimur,</strong></span> <span class='ocrx_word' id='word_1_30' title='bbox 378 326 487 360; x_wconf 80' lang='lat' dir='ltr'><strong>nostra</strong></span> <span class='ocrx_word' id='word_1_31' title='bbox 510 328 629 370; x_wconf 86' lang='lat' dir='ltr'><strong>poterit</strong></span> <span class='ocrx_word' id='word_1_32' title='bbox 650 328 683 360; x_wconf 89' lang='lat' dir='ltr'><strong>in</strong></span> <span class='ocrx_word' id='word_1_33' title='bbox 705 326 802 360; x_wconf 86' lang='lat' dir='ltr'><strong>rebus</strong></span> <span class='ocrx_word' id='word_1_34' title='bbox 824 328 952 370; x_wconf 90' lang='lat' dir='ltr'><strong>imperii</strong></span> <span class='ocrx_word' id='word_1_35' title='bbox 975 328 1027 360; x_wconf 86' lang='lat' dir='ltr'><strong>vel</strong></span> <span class='ocrx_word' id='word_1_36' title='bbox 1051 329 1188 370; x_wconf 90' lang='lat' dir='ltr'><strong>propriis</strong></span> <span class='ocrx_word' id='word_1_37' title='bbox 1211 329 1346 370; x_wconf 79' lang='lat' dir='ltr'><strong>pignora</strong></span> <span class='ocrx_word' id='word_1_38' title='bbox 1370 339 1540 372; x_wconf 81' lang='lat' dir='ltr'><strong>occupare,</strong></span> <span class='ocrx_word' id='word_1_39' title='bbox 1565 335 1704 372; x_wconf 84' lang='lat' dir='ltr'><strong>excepta</strong></span> <span class='ocrx_word' id='word_1_40' title='bbox 1726 329 1849 362; x_wconf 80' lang='lat' dir='ltr'><strong>familia</strong></span> 
     </span>
     <span class='ocr_line' id='line_1_4' title="bbox 193 378 1848 424; baseline 0.002 -13"><span class='ocrx_word' id='word_1_41' title='bbox 193 379 283 412; x_wconf 85' lang='lat' dir='ltr'><strong>curie</strong></span> <span class='ocrx_word' id='word_1_42' title='bbox 305 382 414 411; x_wconf 86' lang='lat' dir='ltr'><strong>nostre</strong></span> <span class='ocrx_word' id='word_1_43' title='bbox 438 382 472 412; x_wconf 91' lang='lat' dir='ltr'><strong>et</strong></span> <span class='ocrx_word' id='word_1_44' title='bbox 493 380 564 411; x_wconf 91' lang='lat' dir='ltr'><strong>aliis</strong></span> <span class='ocrx_word' id='word_1_45' title='bbox 587 379 745 419; x_wconf 85' lang='lat' dir='ltr'><strong>omnibus,</strong></span> <span class='ocrx_word' id='word_1_46' title='bbox 761 378 848 422; x_wconf 88' lang='lat' dir='ltr'><strong>apud</strong></span> <span class='ocrx_word' id='word_1_47' title='bbox 865 390 945 422; x_wconf 90' lang='lat' dir='ltr'><strong>quos</strong></span> <span class='ocrx_word' id='word_1_48' title='bbox 961 379 1155 412; x_wconf 85' lang='lat' dir='ltr'><strong>conductum</strong></span> <span class='ocrx_word' id='word_1_49' title='bbox 1179 383 1322 412; x_wconf 88' lang='lat' dir='ltr'><strong>nostrum</strong></span> <span class='ocrx_word' id='word_1_50' title='bbox 1339 381 1519 413; x_wconf 78' lang='lat' dir='ltr'><strong>invenerit·</strong></span> <span class='ocrx_word' id='word_1_51' title='bbox 1535 382 1722 424; x_wconf 86' lang='lat' dir='ltr'><strong>specialem.</strong></span> <span class='ocrx_word' id='word_1_52' title='bbox 1811 382 1848 414; x_wconf 91' lang='lat' dir='ltr'><strong>In</strong></span> 
     </span>
     <span class='ocr_line' id='line_1_5' title="bbox 195 430 1846 474; baseline 0.002 -11"><span class='ocrx_word' id='word_1_53' title='bbox 195 431 288 466; x_wconf 91' lang='lat' dir='ltr'><strong>cuius</strong></span> <span class='ocrx_word' id='word_1_54' title='bbox 309 431 358 463; x_wconf 89' lang='lat' dir='ltr'><strong>rei</strong></span> <span class='ocrx_word' id='word_1_55' title='bbox 379 431 597 463; x_wconf 87' lang='lat' dir='ltr'><strong>testimonium</strong></span> <span class='ocrx_word' id='word_1_56' title='bbox 613 431 673 463; x_wconf 89' lang='lat' dir='ltr'><strong>sibi</strong></span> <span class='ocrx_word' id='word_1_57' title='bbox 690 434 858 473; x_wconf 75' lang='lat' dir='ltr'><strong>presentes</strong></span> <span class='ocrx_word' id='word_1_58' title='bbox 872 430 1020 463; x_wconf 87' lang='lat' dir='ltr'><strong>dedimus</strong></span> <span class='ocrx_word' id='word_1_59' title='bbox 1037 435 1070 463; x_wconf 85' lang='lat' dir='ltr'><strong>et</strong></span> <span class='ocrx_word' id='word_1_60' title='bbox 1084 432 1262 464; x_wconf 85' lang='lat' dir='ltr'><strong>maiestatis</strong></span> <span class='ocrx_word' id='word_1_61' title='bbox 1277 435 1385 464; x_wconf 89' lang='lat' dir='ltr'><strong>nostre</strong></span> <span class='ocrx_word' id='word_1_62' title='bbox 1405 432 1511 474; x_wconf 77' lang='lat' dir='ltr'><strong>sigillo</strong></span> <span class='ocrx_word' id='word_1_63' title='bbox 1528 434 1677 465; x_wconf 89' lang='lat' dir='ltr'><strong>iussimus</strong></span> <span class='ocrx_word' id='word_1_64' title='bbox 1692 433 1846 466; x_wconf 82' lang='lat' dir='ltr'><strong>roborari.</strong></span> 
     </span>
    </p>

    <p class='ocr_par' dir='ltr' id='par_1_3' title="bbox 167 485 1847 581">
     <span class='ocr_line' id='line_1_6' title="bbox 167 485 1847 531; baseline 0.002 -13"><span class='ocrx_word' id='word_1_65' title='bbox 167 497 179 517; x_wconf 71' lang='grc' dir='ltr'>ι</span> <span class='ocrx_word' id='word_1_66' title='bbox 303 485 424 519; x_wconf 82' lang='lat' dir='ltr'><strong>Datum</strong></span> <span class='ocrx_word' id='word_1_67' title='bbox 454 486 565 529; x_wconf 87' lang='lat' dir='ltr'><strong>Spire‚</strong></span> <span class='ocrx_word' id='word_1_68' title='bbox 594 487 707 519; x_wconf 90' lang='lat' dir='ltr'>XIIII.</span> <span class='ocrx_word' id='word_1_69' title='bbox 730 486 847 520; x_wconf 84' lang='lat' dir='ltr'><strong>Kalen.</strong></span> <span class='ocrx_word' id='word_1_70' title='bbox 870 486 1006 530; x_wconf 78' lang='lat' dir='ltr'><strong>Aprilis,</strong></span> <span class='ocrx_word' id='word_1_71' title='bbox 1033 497 1118 519; x_wconf 88' lang='lat' dir='ltr'><strong>anno</strong></span> <span class='ocrx_word' id='word_1_72' title='bbox 1141 487 1272 520; x_wconf 89' lang='lat' dir='ltr'><strong>Domini</strong></span> <span class='ocrx_word' id='word_1_73' title='bbox 1295 487 1490 530; x_wconf 83' lang='lat' dir='ltr'><strong>MOCOXV,</strong></span> <span class='ocrx_word' id='word_1_74' title='bbox 1521 490 1612 531; x_wconf 79' lang='lat' dir='ltr'><strong>regni</strong></span> <span class='ocrx_word' id='word_1_75' title='bbox 1642 500 1720 522; x_wconf 84' lang='lat' dir='ltr'><strong>vero</strong></span> <span class='ocrx_word' id='word_1_76' title='bbox 1748 491 1847 522; x_wconf 78' lang='lat' dir='ltr'><strong>nostri</strong></span> 
     </span>
     <span class='ocr_line' id='line_1_7' title="bbox 195 538 417 581; baseline -0.005 -11"><span class='ocrx_word' id='word_1_77' title='bbox 195 547 282 570; x_wconf 88' lang='lat' dir='ltr'><strong>anno</strong></span> <span class='ocrx_word' id='word_1_78' title='bbox 303 538 417 581; x_wconf 87' lang='lat' dir='ltr'><strong>primo.</strong></span> 
     </span>
    </p>
   </div>
   <div class='ocr_carea' id='block_1_3' title="bbox 367 650 1659 701">
    <p class='ocr_par' dir='ltr' id='par_1_4' title="bbox 367 650 1659 701">
     <span class='ocr_line' id='line_1_8' title="bbox 367 650 1659 701; baseline 0.001 -11.01"><span class='ocrx_word' id='word_1_79' title='bbox 367 650 468 690; x_wconf 69' lang='lat'><strong>238</strong></span> <span class='ocrx_word' id='word_1_80' title='bbox 510 652 685 700; x_wconf 76' lang='lat' dir='ltr'><strong>Scriptum</strong></span> <span class='ocrx_word' id='word_1_81' title='bbox 711 652 875 690; x_wconf 77' lang='lat' dir='ltr'><strong>iteratum</strong></span> <span class='ocrx_word' id='word_1_82' title='bbox 895 665 963 700; x_wconf 77' lang='lat' dir='ltr'><strong>pro</strong></span> <span class='ocrx_word' id='word_1_83' title='bbox 990 655 1108 691; x_wconf 75' lang='lat' dir='ltr'><strong>comite</strong></span> <span class='ocrx_word' id='word_1_84' title='bbox 1135 655 1176 690; x_wconf 82' lang='lat' dir='ltr'><strong>de</strong></span> <span class='ocrx_word' id='word_1_85' title='bbox 1202 654 1364 701; x_wconf 59' lang='lat' dir='ltr'><strong>Frilmry.</strong></span> <span class='ocrx_word' id='word_1_86' title='bbox 1467 655 1580 692; x_wconf 81' lang='lat' dir='ltr'><strong>Mart.</strong></span> <span class='ocrx_word' id='word_1_87' title='bbox 1599 657 1659 692; x_wconf 77' lang='lat'><strong>20.</strong></span> 
     </span>
    </p>
   </div>
   <div class='ocr_carea' id='block_1_4' title="bbox 139 727 1846 822">
    <p class='ocr_par' dir='ltr' id='par_1_5' title="bbox 139 727 1846 822">
     <span class='ocr_line' id='line_1_9' title="bbox 139 727 1846 771; baseline 0.001 -10"><span class='ocrx_word' id='word_1_88' title='bbox 139 755 142 761; x_wconf 93' lang='grc'><em>,</em></span> <span class='ocrx_word' id='word_1_89' title='bbox 305 727 465 769; x_wconf 67' lang='lat' dir='ltr'><strong>Originale</strong></span> <span class='ocrx_word' id='word_1_90' title='bbox 489 727 564 771; x_wconf 91' lang='lat' dir='ltr'><strong>(or.)</strong></span> <span class='ocrx_word' id='word_1_91' title='bbox 594 728 630 761; x_wconf 79' lang='lat' dir='ltr'><strong>in</strong></span> <span class='ocrx_word' id='word_1_92' title='bbox 660 727 820 762; x_wconf 81' lang='lat' dir='ltr'><strong>tabulario</strong></span> <span class='ocrx_word' id='word_1_93' title='bbox 844 728 987 770; x_wconf 69' lang='lat' dir='ltr'><strong>,qeuerali</strong></span> <span class='ocrx_word' id='word_1_94' title='bbox 1014 729 1250 763; x_wconf 80' lang='lat' dir='ltr'><strong>Karlsruhcmo.</strong></span> <span class='ocrx_word' id='word_1_95' title='bbox 1297 729 1443 771; x_wconf 62' lang='lat' dir='ltr'><strong>Sigillum</strong></span> <span class='ocrx_word' id='word_1_96' title='bbox 1469 730 1677 763; x_wconf 76' lang='lat' dir='ltr'><strong>desideratur.</strong></span> <span class='ocrx_word' id='word_1_97' title='bbox 1708 749 1749 754; x_wconf 98' lang='lat'><strong>—</strong></span> <span class='ocrx_word' id='word_1_98' title='bbox 1783 730 1846 763; x_wconf 81' lang='lat' dir='ltr'><strong>Ed.</strong></span> 
     </span>
     <span class='ocr_line' id='line_1_10' title="bbox 184 778 1427 822; baseline 0.001 -10.007"><span class='ocrx_word' id='word_1_99' title='bbox 184 779 294 814; x_wconf 74' lang='lat' dir='ltr'><strong>Mene</strong></span> <span class='ocrx_word' id='word_1_100' title='bbox 318 778 527 822; x_wconf 68' lang='lat' dir='ltr'><strong>‘Zeitschrift’</strong></span> <span class='ocrx_word' id='word_1_101' title='bbox 549 778 628 812; x_wconf 90' lang='lat' dir='ltr'><strong>XII</strong></span> <span class='ocrx_word' id='word_1_102' title='bbox 647 779 762 821; x_wconf 76' lang='lat'><em>(1861)</em></span> <span class='ocrx_word' id='word_1_103' title='bbox 779 790 815 821; x_wconf 96' lang='grc' dir='ltr'><strong>Ρ.</strong></span> <span class='ocrx_word' id='word_1_104' title='bbox 829 780 872 811; x_wconf 87' lang='grc'><strong>98</strong></span> <span class='ocrx_word' id='word_1_105' title='bbox 893 790 932 812; x_wconf 76' lang='lat' dir='ltr'><strong>ex</strong></span> <span class='ocrx_word' id='word_1_106' title='bbox 955 790 999 812; x_wconf 89' lang='lat' dir='ltr'><strong>or.</strong></span> <span class='ocrx_word' id='word_1_107' title='bbox 1045 780 1227 813; x_wconf 77' lang='lat' dir='ltr'><strong>Editicmem</strong></span> <span class='ocrx_word' id='word_1_108' title='bbox 1248 782 1427 821; x_wconf 78' lang='lat' dir='ltr'><strong>repetimus.</strong></span> 
     </span>
    </p>
   </div>
   <div class='ocr_carea' id='block_1_5' title="bbox 150 838 1209 942">
    <p class='ocr_par' dir='ltr' id='par_1_6' title="bbox 150 838 1209 942">
     <span class='ocr_line' id='line_1_11' title="bbox 150 838 1209 882; baseline 0.002 -10"><span class='ocrx_word' id='word_1_109' title='bbox 150 841 174 862; x_wconf 78' lang='lat'><strong>²⁰</strong></span> <span class='ocrx_word' id='word_1_110' title='bbox 299 838 445 879; x_wconf 71' lang='lat' dir='ltr'><strong>Bb&#39;hmsr,</strong></span> <span class='ocrx_word' id='word_1_111' title='bbox 469 839 545 881; x_wconf 73' lang='lat' dir='ltr'><strong>Req.</strong></span> <span class='ocrx_word' id='word_1_112' title='bbox 560 838 672 872; x_wconf 81' lang='lat' dir='ltr'><strong>Ludw.</strong></span> <span class='ocrx_word' id='word_1_113' title='bbox 691 850 726 882; x_wconf 83' lang='grc' dir='ltr'><strong>Ρ.</strong></span> <span class='ocrx_word' id='word_1_114' title='bbox 740 841 806 871; x_wconf 83' lang='grc'><strong>317</strong></span> <span class='ocrx_word' id='word_1_115' title='bbox 827 850 876 872; x_wconf 79' lang='lat' dir='ltr'><strong>nr.</strong></span> <span class='ocrx_word' id='word_1_116' title='bbox 892 840 979 872; x_wconf 84' lang='lat'><strong><em>2939</em></strong></span> <span class='ocrx_word' id='word_1_117' title='bbox 1001 841 1128 881; x_wconf 76' lang='lat' dir='ltr'><strong>(Addit</strong></span> <span class='ocrx_word' id='word_1_118' title='bbox 1146 841 1209 882; x_wconf 88' lang='lat' dir='ltr'><strong><em>II).</em></strong></span> 
     </span>
     <span class='ocr_line' id='line_1_12' title="bbox 302 897 639 942; baseline -0.003 -10"><span class='ocrx_word' id='word_1_119' title='bbox 302 897 354 942; x_wconf 78' lang='lat' dir='ltr'><strong>Of.</strong></span> <span class='ocrx_word' id='word_1_120' title='bbox 377 909 477 940; x_wconf 66' lang='lat' dir='ltr'><strong>supra</strong></span> <span class='ocrx_word' id='word_1_121' title='bbox 499 909 548 932; x_wconf 78' lang='lat' dir='ltr'><strong>m.</strong></span> <span class='ocrx_word' id='word_1_122' title='bbox 566 898 639 932; x_wconf 87' lang='grc'><em>188.</em></span> 
     </span>
    </p>
   </div>
   <div class='ocr_carea' id='block_1_6' title="bbox 147 984 1846 1809">
    <p class='ocr_par' dir='ltr' id='par_1_7' title="bbox 190 984 1846 1136">
     <span class='ocr_line' id='line_1_13' title="bbox 298 984 1846 1031; baseline 0.003 -13"><span class='ocrx_word' id='word_1_123' title='bbox 298 984 367 1018; x_wconf 86' lang='lat' dir='ltr'><strong>Nos</strong></span> <span class='ocrx_word' id='word_1_124' title='bbox 393 985 590 1019; x_wconf 83' lang='lat' dir='ltr'><strong>Ludowicus</strong></span> <span class='ocrx_word' id='word_1_125' title='bbox 619 984 684 1017; x_wconf 89' lang='lat' dir='ltr'><strong>Dei</strong></span> <span class='ocrx_word' id='word_1_126' title='bbox 715 986 819 1028; x_wconf 79' lang='lat' dir='ltr'><strong>gratia</strong></span> <span class='ocrx_word' id='word_1_127' title='bbox 850 985 1071 1019; x_wconf 87' lang='lat' dir='ltr'><strong>Romanorum</strong></span> <span class='ocrx_word' id='word_1_128' title='bbox 1106 997 1165 1020; x_wconf 88' lang='lat' dir='ltr'><strong>rex</strong></span> <span class='ocrx_word' id='word_1_129' title='bbox 1198 998 1328 1030; x_wconf 82' lang='lat' dir='ltr'><strong>semper</strong></span> <span class='ocrx_word' id='word_1_130' title='bbox 1360 992 1515 1031; x_wconf 80' lang='lat' dir='ltr'><strong>augustus</strong></span> <span class='ocrx_word' id='word_1_131' title='bbox 1549 989 1591 1021; x_wconf 90' lang='lat' dir='ltr'><strong>ad</strong></span> <span class='ocrx_word' id='word_1_132' title='bbox 1624 990 1846 1022; x_wconf 87' lang='lat' dir='ltr'><strong>universorum</strong></span> 
     </span>
     <span class='ocr_line' id='line_1_14' title="bbox 183 1037 1846 1081; baseline 0.002 -11.017"><span class='ocrx_word' id='word_1_133' title='bbox 183 1038 342 1071; x_wconf 75' lang='lat' dir='ltr'><strong>noticiam</strong></span> <span class='ocrx_word' id='word_1_134' title='bbox 378 1038 526 1070; x_wconf 78' lang='lat' dir='ltr'><strong>volumus</strong></span> <span class='ocrx_word' id='word_1_135' title='bbox 559 1038 745 1080; x_wconf 85' lang='lat' dir='ltr'><strong>pervenire</strong></span> <span class='ocrx_word' id='word_1_136' title='bbox 781 1037 868 1080; x_wconf 86' lang='lat' dir='ltr'><strong>quod</strong></span> <span class='ocrx_word' id='word_1_137' title='bbox 902 1039 1055 1081; x_wconf 88' lang='lat' dir='ltr'><strong>inspectis</strong></span> <span class='ocrx_word' id='word_1_138' title='bbox 1090 1042 1123 1071; x_wconf 89' lang='lat' dir='ltr'><strong>et</strong></span> <span class='ocrx_word' id='word_1_139' title='bbox 1157 1039 1369 1072; x_wconf 78' lang='lat' dir='ltr'><strong>consideratis</strong></span> <span class='ocrx_word' id='word_1_140' title='bbox 1398 1041 1591 1073; x_wconf 82' lang='lat' dir='ltr'><strong>sinceritatis</strong></span> <span class='ocrx_word' id='word_1_141' title='bbox 1620 1045 1655 1074; x_wconf 85' lang='lat' dir='ltr'><strong>et</strong></span> <span class='ocrx_word' id='word_1_142' title='bbox 1680 1041 1846 1074; x_wconf 85' lang='lat' dir='ltr'><strong>fidelitatis</strong></span> 
     </span>
     <span class='ocr_line' id='line_1_15' title="bbox 183 1089 1844 1136; baseline 0.002 -14.024"><span class='ocrx_word' id='word_1_143' title='bbox 183 1089 360 1132; x_wconf 88' lang='lat' dir='ltr'><strong>obsequiis</strong></span> <span class='ocrx_word' id='word_1_144' title='bbox 382 1089 474 1121; x_wconf 91' lang='lat' dir='ltr'><strong>nobis</strong></span> <span class='ocrx_word' id='word_1_145' title='bbox 497 1092 530 1122; x_wconf 87' lang='lat' dir='ltr'><strong>et</strong></span> <span class='ocrx_word' id='word_1_146' title='bbox 552 1089 688 1132; x_wconf 88' lang='lat' dir='ltr'><strong>imperio</strong></span> <span class='ocrx_word' id='word_1_147' title='bbox 712 1100 772 1132; x_wconf 87' lang='lat' dir='ltr'><strong>per</strong></span> <span class='ocrx_word' id='word_1_148' title='bbox 793 1089 935 1123; x_wconf 90' lang='lat' dir='ltr'><strong>nobilem</strong></span> <span class='ocrx_word' id='word_1_149' title='bbox 959 1091 1061 1123; x_wconf 89' lang='lat' dir='ltr'><strong>virum</strong></span> <span class='ocrx_word' id='word_1_150' title='bbox 1087 1090 1273 1124; x_wconf 85' lang='lat' dir='ltr'><strong>Cunradum</strong></span> <span class='ocrx_word' id='word_1_151' title='bbox 1296 1093 1448 1125; x_wconf 87' lang='lat' dir='ltr'><strong>comitem</strong></span> <span class='ocrx_word' id='word_1_152' title='bbox 1473 1092 1513 1124; x_wconf 91' lang='lat' dir='ltr'><strong>de</strong></span> <span class='ocrx_word' id='word_1_153' title='bbox 1537 1092 1692 1136; x_wconf 79' lang='lat' dir='ltr'><strong>Friburg,</strong></span> <span class='ocrx_word' id='word_1_154' title='bbox 1715 1093 1844 1126; x_wconf 89' lang='lat' dir='ltr'><strong>fidelem</strong></span> 
     </span>
    </p>

    <p class='ocr_par' dir='ltr' id='par_1_8' title="bbox 147 1140 1846 1701">
     <span class='ocr_line' id='line_1_16' title="bbox 149 1140 1844 1186; baseline 0.003 -13"><span class='ocrx_word' id='word_1_155' title='bbox 149 1152 173 1173; x_wconf 82' lang='lat' dir='ltr'><strong>n</strong></span> <span class='ocrx_word' id='word_1_156' title='bbox 192 1144 336 1174; x_wconf 83' lang='lat' dir='ltr'><strong>nostrum</strong></span> <span class='ocrx_word' id='word_1_157' title='bbox 361 1141 515 1174; x_wconf 89' lang='lat' dir='ltr'><strong>dilectum</strong></span> <span class='ocrx_word' id='word_1_158' title='bbox 539 1140 692 1174; x_wconf 86' lang='lat' dir='ltr'><strong>exhibitis</strong></span> <span class='ocrx_word' id='word_1_159' title='bbox 715 1145 748 1173; x_wconf 90' lang='lat' dir='ltr'><strong>et</strong></span> <span class='ocrx_word' id='word_1_160' title='bbox 770 1142 901 1175; x_wconf 89' lang='lat' dir='ltr'><strong>inantea</strong></span> <span class='ocrx_word' id='word_1_161' title='bbox 917 1141 1119 1183; x_wconf 84' lang='lat' dir='ltr'><strong>exhibendis,</strong></span> <span class='ocrx_word' id='word_1_162' title='bbox 1142 1143 1232 1176; x_wconf 92' lang='lat' dir='ltr'><strong>mille</strong></span> <span class='ocrx_word' id='word_1_163' title='bbox 1255 1154 1381 1176; x_wconf 86' lang='lat' dir='ltr'><strong>marcas</strong></span> <span class='ocrx_word' id='word_1_164' title='bbox 1396 1145 1521 1186; x_wconf 82' lang='lat' dir='ltr'><strong>argenti</strong></span> <span class='ocrx_word' id='word_1_165' title='bbox 1545 1145 1606 1176; x_wconf 88' lang='lat' dir='ltr'><strong>sibi</strong></span> <span class='ocrx_word' id='word_1_166' title='bbox 1626 1150 1687 1177; x_wconf 81' lang='lat' dir='ltr'><strong>ex·</strong></span> <span class='ocrx_word' id='word_1_167' title='bbox 1702 1145 1844 1178; x_wconf 85' lang='lat' dir='ltr'><strong>liberali-</strong></span> 
     </span>
     <span class='ocr_line' id='line_1_17' title="bbox 152 1193 1846 1240; baseline 0.003 -15"><span class='ocrx_word' id='word_1_168' title='bbox 152 1214 154 1216; x_wconf 90' lang='lat'><em>-</em></span> <span class='ocrx_word' id='word_1_169' title='bbox 190 1195 258 1226; x_wconf 72' lang='lat' dir='ltr'><strong>tate</strong></span> <span class='ocrx_word' id='word_1_170' title='bbox 287 1193 378 1235; x_wconf 85' lang='lat' dir='ltr'><strong>regia</strong></span> <span class='ocrx_word' id='word_1_171' title='bbox 405 1193 611 1235; x_wconf 87' lang='lat' dir='ltr'><strong>promisimus</strong></span> <span class='ocrx_word' id='word_1_172' title='bbox 639 1196 672 1225; x_wconf 90' lang='lat' dir='ltr'><strong>et</strong></span> <span class='ocrx_word' id='word_1_173' title='bbox 698 1194 915 1235; x_wconf 84' lang='lat' dir='ltr'><strong>promittimus</strong></span> <span class='ocrx_word' id='word_1_174' title='bbox 938 1204 996 1227; x_wconf 91' lang='lat' dir='ltr'><strong>nos</strong></span> <span class='ocrx_word' id='word_1_175' title='bbox 1024 1194 1171 1235; x_wconf 82' lang='lat' dir='ltr'><strong>daturos,</strong></span> <span class='ocrx_word' id='word_1_176' title='bbox 1204 1206 1340 1237; x_wconf 89' lang='lat' dir='ltr'><strong>quarum</strong></span> <span class='ocrx_word' id='word_1_177' title='bbox 1369 1197 1561 1238; x_wconf 82' lang='lat' dir='ltr'><strong>quingentas</strong></span> <span class='ocrx_word' id='word_1_178' title='bbox 1589 1207 1715 1229; x_wconf 85' lang='lat' dir='ltr'><strong>marcas</strong></span> <span class='ocrx_word' id='word_1_179' title='bbox 1748 1208 1846 1240; x_wconf 87' lang='lat' dir='ltr'><strong>super</strong></span> 
     </span>
     <span class='ocr_line' id='line_1_18' title="bbox 184 1244 1843 1291; baseline 0.004 -16"><span class='ocrx_word' id='word_1_180' title='bbox 184 1248 340 1278; x_wconf 18' lang='lat' dir='ltr'><strong>&#39;octavam</strong></span> <span class='ocrx_word' id='word_1_181' title='bbox 362 1244 438 1277; x_wconf 76' lang='lat' dir='ltr'><strong>festi</strong></span> <span class='ocrx_word' id='word_1_182' title='bbox 460 1244 696 1277; x_wconf 85' lang='lat' dir='ltr'><strong>Penthecostes</strong></span> <span class='ocrx_word' id='word_1_183' title='bbox 718 1246 866 1287; x_wconf 78' lang='lat' dir='ltr'><strong>proxime</strong></span> <span class='ocrx_word' id='word_1_184' title='bbox 891 1245 1022 1279; x_wconf 82' lang='lat' dir='ltr'><strong>affuturi</strong></span> <span class='ocrx_word' id='word_1_185' title='bbox 1045 1245 1151 1278; x_wconf 89' lang='lat' dir='ltr'><strong>eidem</strong></span> <span class='ocrx_word' id='word_1_186' title='bbox 1176 1246 1324 1279; x_wconf 79' lang='lat' dir='ltr'><strong>dabimus</strong></span> <span class='ocrx_word' id='word_1_187' title='bbox 1347 1251 1381 1279; x_wconf 84' lang='lat' dir='ltr'><strong>et</strong></span> <span class='ocrx_word' id='word_1_188' title='bbox 1403 1247 1578 1289; x_wconf 84' lang='lat' dir='ltr'><strong>solvemus,</strong></span> <span class='ocrx_word' id='word_1_189' title='bbox 1601 1248 1743 1291; x_wconf 82' lang='lat' dir='ltr'><strong>reliquas</strong></span> <span class='ocrx_word' id='word_1_190' title='bbox 1766 1260 1843 1282; x_wconf 88' lang='lat' dir='ltr'><strong>vero</strong></span> 
     </span>
     <span class='ocr_line' id='line_1_19' title="bbox 192 1296 1840 1342; baseline 0.004 -15"><span class='ocrx_word' id='word_1_191' title='bbox 192 1297 383 1338; x_wconf 80' lang='lat' dir='ltr'><strong>quingentas</strong></span> <span class='ocrx_word' id='word_1_192' title='bbox 416 1306 542 1328; x_wconf 85' lang='lat' dir='ltr'><strong>marcas</strong></span> <span class='ocrx_word' id='word_1_193' title='bbox 575 1307 672 1338; x_wconf 89' lang='lat' dir='ltr'><strong>super</strong></span> <span class='ocrx_word' id='word_1_194' title='bbox 703 1296 790 1329; x_wconf 86' lang='lat' dir='ltr'><strong>diem</strong></span> <span class='ocrx_word' id='word_1_195' title='bbox 823 1297 912 1330; x_wconf 83' lang='lat' dir='ltr'><strong>beati</strong></span> <span class='ocrx_word' id='word_1_196' title='bbox 945 1297 1124 1340; x_wconf 84' lang='lat' dir='ltr'><strong>Mychaelis</strong></span> <span class='ocrx_word' id='word_1_197' title='bbox 1156 1299 1304 1341; x_wconf 85' lang='lat' dir='ltr'><strong>proxime</strong></span> <span class='ocrx_word' id='word_1_198' title='bbox 1338 1299 1598 1342; x_wconf 85' lang='lat' dir='ltr'><strong>subsequentem.</strong></span> <span class='ocrx_word' id='word_1_199' title='bbox 1654 1300 1840 1333; x_wconf 64' lang='lat' dir='ltr'><strong>Adieimusb</strong></span> 
     </span>
     <span class='ocr_line' id='line_1_20' title="bbox 192 1347 1842 1394; baseline 0.003 -14"><span class='ocrx_word' id='word_1_200' title='bbox 192 1348 302 1389; x_wconf 85' lang='lat' dir='ltr'><strong>etiam,</strong></span> <span class='ocrx_word' id='word_1_201' title='bbox 325 1348 412 1390; x_wconf 90' lang='lat' dir='ltr'><strong>quod</strong></span> <span class='ocrx_word' id='word_1_202' title='bbox 435 1349 462 1380; x_wconf 89' lang='lat' dir='ltr'><strong>si</strong></span> <span class='ocrx_word' id='word_1_203' title='bbox 484 1348 610 1380; x_wconf 87' lang='lat' dir='ltr'><strong>remissi</strong></span> <span class='ocrx_word' id='word_1_204' title='bbox 633 1347 687 1380; x_wconf 87' lang='lat' dir='ltr'><strong>vel</strong></span> <span class='ocrx_word' id='word_1_205' title='bbox 708 1348 911 1391; x_wconf 83' lang='lat' dir='ltr'><strong>negligentes</strong></span> <span class='ocrx_word' id='word_1_206' title='bbox 933 1349 965 1382; x_wconf 90' lang='lat' dir='ltr'><strong>in</strong></span> <span class='ocrx_word' id='word_1_207' title='bbox 989 1349 1152 1383; x_wconf 88' lang='lat' dir='ltr'><strong>solucione</strong></span> <span class='ocrx_word' id='word_1_208' title='bbox 1175 1351 1345 1393; x_wconf 85' lang='lat' dir='ltr'><strong>prescripti</strong></span> <span class='ocrx_word' id='word_1_209' title='bbox 1361 1350 1470 1385; x_wconf 80' lang='lat' dir='ltr'><strong>‚debiti</strong></span> <span class='ocrx_word' id='word_1_210' title='bbox 1495 1362 1592 1394; x_wconf 88' lang='lat' dir='ltr'><strong>super</strong></span> <span class='ocrx_word' id='word_1_211' title='bbox 1614 1353 1842 1394; x_wconf 86' lang='lat' dir='ltr'><strong>premissorum</strong></span> 
     </span>
     <span class='ocr_line' id='line_1_21' title="bbox 148 1399 1844 1445; baseline 0.003 -14"><span class='ocrx_word' id='word_1_212' title='bbox 148 1410 174 1431; x_wconf 61' lang='grc' dir='ltr'><strong>νο</strong></span> <span class='ocrx_word' id='word_1_213' title='bbox 191 1399 401 1432; x_wconf 87' lang='lat' dir='ltr'><strong>terminorum</strong></span> <span class='ocrx_word' id='word_1_214' title='bbox 431 1399 574 1441; x_wconf 79' lang='lat' dir='ltr'><strong>aliquem</strong></span> <span class='ocrx_word' id='word_1_215' title='bbox 604 1399 773 1441; x_wconf 86' lang='lat' dir='ltr'><strong>fuerimus,</strong></span> <span class='ocrx_word' id='word_1_216' title='bbox 806 1403 924 1432; x_wconf 82' lang='lat' dir='ltr'><strong>extunc</strong></span> <span class='ocrx_word' id='word_1_217' title='bbox 955 1400 1042 1432; x_wconf 89' lang='lat' dir='ltr'><strong>idem</strong></span> <span class='ocrx_word' id='word_1_218' title='bbox 1065 1401 1234 1434; x_wconf 86' lang='lat' dir='ltr'><strong>Cunradus</strong></span> <span class='ocrx_word' id='word_1_219' title='bbox 1263 1402 1290 1433; x_wconf 92' lang='lat' dir='ltr'><strong>si</strong></span> <span class='ocrx_word' id='word_1_220' title='bbox 1319 1402 1458 1434; x_wconf 84' lang='lat' dir='ltr'><strong>voluerit</strong></span> <span class='ocrx_word' id='word_1_221' title='bbox 1479 1402 1521 1434; x_wconf 89' lang='lat' dir='ltr'><strong>ab</strong></span> <span class='ocrx_word' id='word_1_222' title='bbox 1544 1402 1706 1445; x_wconf 88' lang='lat' dir='ltr'><strong>obsequiis</strong></span> <span class='ocrx_word' id='word_1_223' title='bbox 1728 1405 1844 1436; x_wconf 88' lang='lat' dir='ltr'><strong>nostris</strong></span> 
     </span>
     <span class='ocr_line' id='line_1_22' title="bbox 189 1451 1841 1496; baseline 0.002 -13"><span class='ocrx_word' id='word_1_224' title='bbox 189 1451 272 1484; x_wconf 90' lang='lat' dir='ltr'><strong>liber</strong></span> <span class='ocrx_word' id='word_1_225' title='bbox 306 1462 376 1484; x_wconf 92' lang='lat' dir='ltr'><strong>esse</strong></span> <span class='ocrx_word' id='word_1_226' title='bbox 404 1452 523 1494; x_wconf 87' lang='lat' dir='ltr'><strong>poterit</strong></span> <span class='ocrx_word' id='word_1_227' title='bbox 553 1455 586 1484; x_wconf 89' lang='lat' dir='ltr'><strong>et</strong></span> <span class='ocrx_word' id='word_1_228' title='bbox 612 1451 736 1483; x_wconf 86' lang='lat' dir='ltr'><strong>solutus</strong></span> <span class='ocrx_word' id='word_1_229' title='bbox 764 1455 797 1483; x_wconf 89' lang='lat' dir='ltr'><strong>et</strong></span> <span class='ocrx_word' id='word_1_230' title='bbox 826 1452 1051 1484; x_wconf 90' lang='lat' dir='ltr'><strong>nichilominus</strong></span> <span class='ocrx_word' id='word_1_231' title='bbox 1079 1463 1136 1495; x_wconf 91' lang='lat' dir='ltr'><strong>pro</strong></span> <span class='ocrx_word' id='word_1_232' title='bbox 1166 1453 1292 1495; x_wconf 81' lang='lat' dir='ltr'><strong>debito,</strong></span> <span class='ocrx_word' id='word_1_233' title='bbox 1316 1455 1347 1485; x_wconf 89' lang='lat' dir='ltr'><strong>in</strong></span> <span class='ocrx_word' id='word_1_234' title='bbox 1371 1465 1434 1496; x_wconf 92' lang='lat' dir='ltr'><strong>quo</strong></span> <span class='ocrx_word' id='word_1_235' title='bbox 1458 1453 1519 1485; x_wconf 91' lang='lat' dir='ltr'><strong>sibi</strong></span> <span class='ocrx_word' id='word_1_236' title='bbox 1549 1454 1591 1486; x_wconf 86' lang='lat' dir='ltr'><strong>ad</strong></span> <span class='ocrx_word' id='word_1_237' title='bbox 1614 1455 1753 1487; x_wconf 90' lang='lat' dir='ltr'><strong>eundem</strong></span> <span class='ocrx_word' id='word_1_238' title='bbox 1777 1460 1841 1488; x_wconf 87' lang='lat' dir='ltr'><strong>ter-</strong></span> 
     </span>
     <span class='ocr_line' id='line_1_23' title="bbox 189 1502 1842 1549; baseline 0.003 -15"><span class='ocrx_word' id='word_1_239' title='bbox 189 1503 311 1535; x_wconf 90' lang='lat' dir='ltr'><strong>minum</strong></span> <span class='ocrx_word' id='word_1_240' title='bbox 341 1502 394 1535; x_wconf 87' lang='lat' dir='ltr'><strong>vel</strong></span> <span class='ocrx_word' id='word_1_241' title='bbox 421 1503 574 1535; x_wconf 88' lang='lat' dir='ltr'><strong>terminos</strong></span> <span class='ocrx_word' id='word_1_242' title='bbox 607 1503 805 1546; x_wconf 83' lang='lat' dir='ltr'><strong>obligamur,</strong></span> <span class='ocrx_word' id='word_1_243' title='bbox 839 1506 948 1535; x_wconf 89' lang='lat' dir='ltr'><strong>nostra</strong></span> <span class='ocrx_word' id='word_1_244' title='bbox 976 1505 1096 1546; x_wconf 85' lang='lat' dir='ltr'><strong>poterit</strong></span> <span class='ocrx_word' id='word_1_245' title='bbox 1124 1505 1157 1536; x_wconf 90' lang='lat' dir='ltr'><strong>in</strong></span> <span class='ocrx_word' id='word_1_246' title='bbox 1187 1504 1284 1536; x_wconf 90' lang='lat' dir='ltr'><strong>rebus</strong></span> <span class='ocrx_word' id='word_1_247' title='bbox 1311 1505 1438 1548; x_wconf 90' lang='lat' dir='ltr'><strong>imperii</strong></span> <span class='ocrx_word' id='word_1_248' title='bbox 1462 1505 1515 1537; x_wconf 87' lang='lat' dir='ltr'><strong>vel</strong></span> <span class='ocrx_word' id='word_1_249' title='bbox 1542 1507 1678 1548; x_wconf 89' lang='lat' dir='ltr'><strong>propriis</strong></span> <span class='ocrx_word' id='word_1_250' title='bbox 1707 1507 1842 1549; x_wconf 86' lang='lat' dir='ltr'><strong>pignora</strong></span> 
     </span>
     <span class='ocr_line' id='line_1_24' title="bbox 189 1555 1839 1599; baseline 0.003 -13"><span class='ocrx_word' id='word_1_251' title='bbox 189 1565 363 1597; x_wconf 86' lang='lat' dir='ltr'><strong>occupare,</strong></span> <span class='ocrx_word' id='word_1_252' title='bbox 388 1558 527 1597; x_wconf 88' lang='lat' dir='ltr'><strong>excepta</strong></span> <span class='ocrx_word' id='word_1_253' title='bbox 551 1555 673 1587; x_wconf 85' lang='lat' dir='ltr'><strong>familia</strong></span> <span class='ocrx_word' id='word_1_254' title='bbox 696 1556 783 1588; x_wconf 88' lang='lat' dir='ltr'><strong>ourie</strong></span> <span class='ocrx_word' id='word_1_255' title='bbox 808 1558 915 1588; x_wconf 88' lang='lat' dir='ltr'><strong>nostre</strong></span> <span class='ocrx_word' id='word_1_256' title='bbox 939 1558 972 1587; x_wconf 94' lang='lat' dir='ltr'><strong>et</strong></span> <span class='ocrx_word' id='word_1_257' title='bbox 994 1555 1065 1588; x_wconf 87' lang='lat' dir='ltr'><strong>aliis</strong></span> <span class='ocrx_word' id='word_1_258' title='bbox 1088 1557 1244 1598; x_wconf 83' lang='lat' dir='ltr'><strong>omnibus,</strong></span> <span class='ocrx_word' id='word_1_259' title='bbox 1268 1557 1355 1599; x_wconf 83' lang='lat' dir='ltr'><strong>apud</strong></span> <span class='ocrx_word' id='word_1_260' title='bbox 1380 1568 1460 1598; x_wconf 91' lang='lat' dir='ltr'><strong>quos</strong></span> <span class='ocrx_word' id='word_1_261' title='bbox 1483 1557 1674 1590; x_wconf 88' lang='lat' dir='ltr'><strong>conductum</strong></span> <span class='ocrx_word' id='word_1_262' title='bbox 1698 1562 1839 1591; x_wconf 86' lang='lat' dir='ltr'><strong>nostrum</strong></span> 
     </span>
     <span class='ocr_line' id='line_1_25' title="bbox 190 1606 1842 1653; baseline 0.003 -15"><span class='ocrx_word' id='word_1_263' title='bbox 190 1606 348 1639; x_wconf 81' lang='lat' dir='ltr'><strong>invenerit</strong></span> <span class='ocrx_word' id='word_1_264' title='bbox 382 1607 567 1649; x_wconf 80' lang='lat' dir='ltr'><strong>specialem.</strong></span> <span class='ocrx_word' id='word_1_265' title='bbox 624 1607 662 1638; x_wconf 92' lang='lat' dir='ltr'><strong>In</strong></span> <span class='ocrx_word' id='word_1_266' title='bbox 697 1607 787 1653; x_wconf 80' lang='lat' dir='ltr'><strong>cuius</strong></span> <span class='ocrx_word' id='word_1_267' title='bbox 820 1607 869 1640; x_wconf 89' lang='lat' dir='ltr'><strong>rei</strong></span> <span class='ocrx_word' id='word_1_268' title='bbox 904 1607 1123 1640; x_wconf 87' lang='lat' dir='ltr'><strong>testimonium</strong></span> <span class='ocrx_word' id='word_1_269' title='bbox 1155 1612 1323 1651; x_wconf 86' lang='lat' dir='ltr'><strong>presentes</strong></span> <span class='ocrx_word' id='word_1_270' title='bbox 1361 1608 1485 1641; x_wconf 83' lang='lat' dir='ltr'><strong>litteras</strong></span> <span class='ocrx_word' id='word_1_271' title='bbox 1523 1610 1702 1642; x_wconf 83' lang='lat' dir='ltr'><strong>maiestatis</strong></span> <span class='ocrx_word' id='word_1_272' title='bbox 1735 1616 1842 1643; x_wconf 91' lang='lat' dir='ltr'><strong>nostre</strong></span> 
     </span>
     <span class='ocr_line' id='line_1_26' title="bbox 147 1658 693 1701; baseline 0 -11"><span class='ocrx_word' id='word_1_273' title='bbox 147 1671 172 1691; x_wconf 67' lang='grc' dir='ltr'><strong>υ</strong></span> <span class='ocrx_word' id='word_1_274' title='bbox 191 1658 298 1701; x_wconf 82' lang='lat' dir='ltr'><strong>sigillo</strong></span> <span class='ocrx_word' id='word_1_275' title='bbox 321 1659 470 1691; x_wconf 88' lang='lat' dir='ltr'><strong>iussimus</strong></span> <span class='ocrx_word' id='word_1_276' title='bbox 494 1658 693 1691; x_wconf 84' lang='lat' dir='ltr'><strong>communiri.</strong></span> 
     </span>
    </p>

    <p class='ocr_par' dir='ltr' id='par_1_9' title="bbox 296 1714 1842 1759">
     <span class='ocr_line' id='line_1_27' title="bbox 296 1714 1842 1759; baseline 0.002 -13"><span class='ocrx_word' id='word_1_277' title='bbox 296 1714 418 1747; x_wconf 88' lang='lat' dir='ltr'><strong>Datum</strong></span> <span class='ocrx_word' id='word_1_278' title='bbox 453 1714 562 1757; x_wconf 85' lang='lat' dir='ltr'><strong>Spire,</strong></span> <span class='ocrx_word' id='word_1_279' title='bbox 602 1715 698 1747; x_wconf 90' lang='lat' dir='ltr'>XIII.</span> <span class='ocrx_word' id='word_1_280' title='bbox 725 1715 892 1747; x_wconf 86' lang='lat' dir='ltr'><strong>Kalenda&#39;s</strong></span> <span class='ocrx_word' id='word_1_281' title='bbox 926 1715 1061 1758; x_wconf 74' lang='lat' dir='ltr'><strong>Aprilis,</strong></span> <span class='ocrx_word' id='word_1_282' title='bbox 1099 1726 1187 1748; x_wconf 83' lang='lat' dir='ltr'><strong>anno</strong></span> <span class='ocrx_word' id='word_1_283' title='bbox 1220 1715 1350 1748; x_wconf 88' lang='lat' dir='ltr'><strong>Domini</strong></span> <span class='ocrx_word' id='word_1_284' title='bbox 1383 1716 1580 1757; x_wconf 80' lang='lat' dir='ltr'><strong>MCCCXV‚</strong></span> <span class='ocrx_word' id='word_1_285' title='bbox 1615 1718 1706 1759; x_wconf 83' lang='lat' dir='ltr'><strong>regni</strong></span> <span class='ocrx_word' id='word_1_286' title='bbox 1742 1719 1842 1750; x_wconf 85' lang='lat' dir='ltr'><strong>nostri</strong></span> 
     </span>
    </p>

    <p class='ocr_par' dir='ltr' id='par_1_10' title="bbox 189 1777 412 1809">
     <span class='ocr_line' id='line_1_28' title="bbox 189 1777 412 1809; baseline 0 -10"><span class='ocrx_word' id='word_1_287' title='bbox 189 1777 274 1799; x_wconf 87' lang='lat' dir='ltr'><strong>anno</strong></span> <span class='ocrx_word' id='word_1_288' title='bbox 298 1777 412 1809; x_wconf 79' lang='lat' dir='ltr'><strong>primo.</strong></span> 
     </span>
    </p>
   </div>
   <div class='ocr_carea' id='block_1_7' title="bbox 477 1882 1564 1929">
    <p class='ocr_par' dir='ltr' id='par_1_11' title="bbox 477 1882 1564 1929">
     <span class='ocr_line' id='line_1_29' title="bbox 477 1882 1564 1929; baseline 0 -11"><span class='ocrx_word' id='word_1_289' title='bbox 477 1882 563 1919; x_wconf 69' lang='lat'><strong>239.</strong></span> <span class='ocrx_word' id='word_1_290' title='bbox 603 1882 804 1926; x_wconf 72' lang='lat' dir='ltr'><strong>Infeudatio</strong></span> <span class='ocrx_word' id='word_1_291' title='bbox 835 1882 1013 1928; x_wconf 76' lang='lat' dir='ltr'><strong>Uyutionis</strong></span> <span class='ocrx_word' id='word_1_292' title='bbox 1041 1884 1082 1919; x_wconf 80' lang='lat' dir='ltr'><strong>de</strong></span> <span class='ocrx_word' id='word_1_293' title='bbox 1112 1882 1268 1929; x_wconf 76' lang='lat' dir='ltr'><strong>Fayiola.</strong></span> <span class='ocrx_word' id='word_1_294' title='bbox 1372 1883 1484 1919; x_wconf 78' lang='lat' dir='ltr'><strong>Mart.</strong></span> <span class='ocrx_word' id='word_1_295' title='bbox 1503 1885 1564 1919; x_wconf 80' lang='lat'><strong>26.</strong></span> 
     </span>
    </p>
   </div>
   <div class='ocr_carea' id='block_1_8' title="bbox 147 1955 1838 2050">
    <p class='ocr_par' dir='ltr' id='par_1_12' title="bbox 147 1955 1838 2050">
     <span class='ocr_line' id='line_1_30' title="bbox 300 1955 1838 1997; baseline 0 -8"><span class='ocrx_word' id='word_1_296' title='bbox 300 1956 399 1996; x_wconf 78' lang='lat' dir='ltr'><strong>Copia</strong></span> <span class='ocrx_word' id='word_1_297' title='bbox 422 1956 478 1997; x_wconf 91' lang='lat' dir='ltr'><strong>(c.)</strong></span> <span class='ocrx_word' id='word_1_298' title='bbox 502 1966 581 1988; x_wconf 83' lang='lat' dir='ltr'><strong>saec.</strong></span> <span class='ocrx_word' id='word_1_299' title='bbox 598 1955 634 1988; x_wconf 82' lang='lat' dir='ltr'><em>X</em></span> <span class='ocrx_word' id='word_1_300' title='bbox 640 1956 674 1989; x_wconf 85' lang='lat' dir='ltr'><strong>V.</strong></span> <span class='ocrx_word' id='word_1_301' title='bbox 699 1956 734 1988; x_wconf 80' lang='lat' dir='ltr'><strong>in</strong></span> <span class='ocrx_word' id='word_1_302' title='bbox 760 1956 918 1989; x_wconf 73' lang='lat' dir='ltr'><strong>tabulario</strong></span> <span class='ocrx_word' id='word_1_303' title='bbox 945 1957 1029 1996; x_wconf 70' lang='lat' dir='ltr'><strong>reyio</strong></span> <span class='ocrx_word' id='word_1_304' title='bbox 1052 1957 1240 1989; x_wconf 79' lang='lat' dir='ltr'><strong>Florentino</strong></span> <span class='ocrx_word' id='word_1_305' title='bbox 1263 1958 1344 1989; x_wconf 79' lang='lat' dir='ltr'><strong>‘Atti</strong></span> <span class='ocrx_word' id='word_1_306' title='bbox 1363 1957 1483 1997; x_wconf 76' lang='lat' dir='ltr'><strong>publici</strong></span> <span class='ocrx_word' id='word_1_307' title='bbox 1505 1957 1527 1989; x_wconf 96' lang='lat' dir='ltr'>I</span> <span class='ocrx_word' id='word_1_308' title='bbox 1546 1968 1595 1989; x_wconf 81' lang='lat' dir='ltr'><strong>nr.</strong></span> <span class='ocrx_word' id='word_1_309' title='bbox 1614 1958 1678 1989; x_wconf 86' lang='lat'><strong><em>12&#39;.</em></strong></span> <span class='ocrx_word' id='word_1_310' title='bbox 1706 1976 1747 1981; x_wconf 94' lang='lat'><em>—</em></span> <span class='ocrx_word' id='word_1_311' title='bbox 1776 1957 1838 1990; x_wconf 77' lang='lat' dir='ltr'><strong>Ed.</strong></span> 
     </span>
     <span class='ocr_line' id='line_1_31' title="bbox 147 2007 1740 2050; baseline -0.001 -9"><span class='ocrx_word' id='word_1_312' title='bbox 147 2021 172 2041; x_wconf 74' lang='lat' dir='ltr'><strong>so</strong></span> <span class='ocrx_word' id='word_1_313' title='bbox 190 2007 307 2040; x_wconf 68' lang='lat' dir='ltr'><strong>Ficker</strong></span> <span class='ocrx_word' id='word_1_314' title='bbox 329 2007 518 2041; x_wconf 73' lang='lat' dir='ltr'><strong>‘Urkimden</strong></span> <span class='ocrx_word' id='word_1_315' title='bbox 539 2018 599 2040; x_wconf 73' lang='lat' dir='ltr'><strong>zur</strong></span> <span class='ocrx_word' id='word_1_316' title='bbox 623 2007 804 2040; x_wconf 79' lang='lat' dir='ltr'><strong>Gesch-ichte</strong></span> <span class='ocrx_word' id='word_1_317' title='bbox 826 2009 879 2040; x_wconf 84' lang='lat' dir='ltr'><strong>des</strong></span> <span class='ocrx_word' id='word_1_318' title='bbox 903 2009 1106 2050; x_wconf 66' lang='lat' dir='ltr'><strong>Riimerzuys&#39;</strong></span> <span class='ocrx_word' id='word_1_319' title='bbox 1124 2020 1158 2049; x_wconf 84' lang='grc' dir='ltr'><strong>Ρ.</strong></span> <span class='ocrx_word' id='word_1_320' title='bbox 1175 2011 1197 2041; x_wconf 83' lang='grc'><em>2</em></span> <span class='ocrx_word' id='word_1_321' title='bbox 1218 2020 1268 2041; x_wconf 81' lang='lat' dir='ltr'><strong>nr.</strong></span> <span class='ocrx_word' id='word_1_322' title='bbox 1285 2009 1314 2041; x_wconf 68' lang='lat'><strong>4.</strong></span> <span class='ocrx_word' id='word_1_323' title='bbox 1359 2009 1540 2041; x_wconf 79' lang='lat' dir='ltr'><strong>Editionem</strong></span> <span class='ocrx_word' id='word_1_324' title='bbox 1562 2010 1740 2049; x_wconf 76' lang='lat' dir='ltr'><strong>repetimus.</strong></span> 
     </span>
    </p>
   </div>
   <div class='ocr_carea' id='block_1_9' title="bbox 296 2067 1228 2110">
    <p class='ocr_par' dir='ltr' id='par_1_13' title="bbox 296 2067 1228 2110">
     <span class='ocr_line' id='line_1_32' title="bbox 296 2067 1228 2110; baseline 0.002 -10"><span class='ocrx_word' id='word_1_325' title='bbox 296 2067 440 2107; x_wconf 76' lang='lat' dir='ltr'><strong>Biihmer,</strong></span> <span class='ocrx_word' id='word_1_326' title='bbox 465 2068 539 2109; x_wconf 78' lang='lat' dir='ltr'><strong>Rey.</strong></span> <span class='ocrx_word' id='word_1_327' title='bbox 557 2068 668 2100; x_wconf 78' lang='lat' dir='ltr'><strong>Ludw.</strong></span> <span class='ocrx_word' id='word_1_328' title='bbox 686 2079 722 2109; x_wconf 88' lang='grc' dir='ltr'><strong>Ρ.</strong></span> <span class='ocrx_word' id='word_1_329' title='bbox 738 2068 802 2100; x_wconf 84' lang='grc'><strong>350</strong></span> <span class='ocrx_word' id='word_1_330' title='bbox 823 2080 874 2101; x_wconf 78' lang='lat' dir='ltr'><strong>nr.</strong></span> <span class='ocrx_word' id='word_1_331' title='bbox 890 2070 976 2101; x_wconf 88' lang='lat'><strong><em>3150</em></strong></span> <span class='ocrx_word' id='word_1_332' title='bbox 998 2070 1125 2110; x_wconf 80' lang='lat' dir='ltr'><strong>(Addit.</strong></span> <span class='ocrx_word' id='word_1_333' title='bbox 1142 2069 1228 2108; x_wconf 88' lang='lat' dir='ltr'>III).</span> 
     </span>
    </p>
   </div>
   <div class='ocr_carea' id='block_1_10' title="bbox 143 2154 1837 2662">
    <p class='ocr_par' dir='ltr' id='par_1_14' title="bbox 143 2154 1837 2662">
     <span class='ocr_line' id='line_1_33' title="bbox 294 2154 1837 2199; baseline 0.001 -12"><span class='ocrx_word' id='word_1_334' title='bbox 294 2155 480 2187; x_wconf 85' lang='lat' dir='ltr'><strong>Ludovicus</strong></span> <span class='ocrx_word' id='word_1_335' title='bbox 503 2154 566 2187; x_wconf 88' lang='lat' dir='ltr'><strong>Dei</strong></span> <span class='ocrx_word' id='word_1_336' title='bbox 589 2155 693 2196; x_wconf 82' lang='lat' dir='ltr'><strong>gratia</strong></span> <span class='ocrx_word' id='word_1_337' title='bbox 715 2155 935 2188; x_wconf 87' lang='lat' dir='ltr'><strong>Romanorum</strong></span> <span class='ocrx_word' id='word_1_338' title='bbox 959 2166 1018 2188; x_wconf 82' lang='lat' dir='ltr'><strong>rex</strong></span> <span class='ocrx_word' id='word_1_339' title='bbox 1042 2167 1172 2199; x_wconf 84' lang='lat' dir='ltr'><strong>semper</strong></span> <span class='ocrx_word' id='word_1_340' title='bbox 1193 2159 1348 2198; x_wconf 80' lang='lat' dir='ltr'><strong>augustus</strong></span> <span class='ocrx_word' id='word_1_341' title='bbox 1413 2156 1569 2188; x_wconf 84' lang='lat' dir='ltr'><strong>universis</strong></span> <span class='ocrx_word' id='word_1_342' title='bbox 1591 2157 1674 2188; x_wconf 91' lang='lat' dir='ltr'><strong>sacri</strong></span> <span class='ocrx_word' id='word_1_343' title='bbox 1699 2155 1837 2188; x_wconf 86' lang='lat' dir='ltr'><strong>Romani</strong></span> 
     </span>
     <span class='ocr_line' id='line_1_34' title="bbox 186 2206 1668 2250; baseline 0.001 -12"><span class='ocrx_word' id='word_1_344' title='bbox 186 2206 313 2249; x_wconf 85' lang='lat' dir='ltr'><strong>imperii</strong></span> <span class='ocrx_word' id='word_1_345' title='bbox 335 2206 484 2239; x_wconf 87' lang='lat' dir='ltr'><strong>fidelibus</strong></span> <span class='ocrx_word' id='word_1_346' title='bbox 507 2210 673 2249; x_wconf 86' lang='lat' dir='ltr'><strong>presentes</strong></span> <span class='ocrx_word' id='word_1_347' title='bbox 696 2207 820 2239; x_wconf 80' lang='lat' dir='ltr'><strong>litteras</strong></span> <span class='ocrx_word' id='word_1_348' title='bbox 843 2208 1000 2250; x_wconf 79' lang='lat' dir='ltr'><strong>spectaris</strong></span> <span class='ocrx_word' id='word_1_349' title='bbox 1087 2209 1226 2250; x_wconf 80' lang='lat' dir='ltr'><strong>gratiam</strong></span> <span class='ocrx_word' id='word_1_350' title='bbox 1249 2219 1341 2240; x_wconf 86' lang='lat' dir='ltr'><strong>suam</strong></span> <span class='ocrx_word' id='word_1_351' title='bbox 1365 2211 1398 2240; x_wconf 87' lang='lat' dir='ltr'><strong>et</strong></span> <span class='ocrx_word' id='word_1_352' title='bbox 1421 2218 1515 2240; x_wconf 90' lang='lat' dir='ltr'><strong>omne</strong></span> <span class='ocrx_word' id='word_1_353' title='bbox 1540 2207 1668 2240; x_wconf 92' lang='lat' dir='ltr'><strong>bonum.</strong></span> 
     </span>
     <span class='ocr_line' id='line_1_35' title="bbox 273 2258 1836 2302; baseline 0.001 -12"><span class='ocrx_word' id='word_1_354' title='bbox 273 2258 563 2291; x_wconf 88' lang='lat' dir='ltr'><strong>Benemerentibus</strong></span> <span class='ocrx_word' id='word_1_355' title='bbox 591 2262 624 2290; x_wconf 87' lang='lat' dir='ltr'><strong>et</strong></span> <span class='ocrx_word' id='word_1_356' title='bbox 650 2259 772 2291; x_wconf 89' lang='lat' dir='ltr'><strong>utiliter</strong></span> <span class='ocrx_word' id='word_1_357' title='bbox 798 2259 1029 2291; x_wconf 80' lang='lat' dir='ltr'><strong>servientibus·</strong></span> <span class='ocrx_word' id='word_1_358' title='bbox 1059 2259 1190 2302; x_wconf 87' lang='lat' dir='ltr'><strong>dignum</strong></span> <span class='ocrx_word' id='word_1_359' title='bbox 1219 2263 1268 2292; x_wconf 85' lang='lat' dir='ltr'><strong>est</strong></span> <span class='ocrx_word' id='word_1_360' title='bbox 1298 2263 1331 2291; x_wconf 90' lang='lat' dir='ltr'><strong>et</strong></span> <span class='ocrx_word' id='word_1_361' title='bbox 1357 2260 1474 2291; x_wconf 88' lang='lat' dir='ltr'><strong>rationi</strong></span> <span class='ocrx_word' id='word_1_362' title='bbox 1497 2270 1672 2291; x_wconf 89' lang='lat' dir='ltr'><strong>consonum</strong></span> <span class='ocrx_word' id='word_1_363' title='bbox 1696 2260 1836 2291; x_wconf 86' lang='lat' dir='ltr'><strong>maiores</strong></span> 
     </span>
     <span class='ocr_line' id='line_1_36' title="bbox 146 2309 1836 2354; baseline 0.001 -13"><span class='ocrx_word' id='word_1_364' title='bbox 146 2319 170 2340; x_wconf 69' lang='lat' dir='ltr'><strong>ss</strong></span> <span class='ocrx_word' id='word_1_365' title='bbox 189 2309 346 2352; x_wconf 89' lang='lat' dir='ltr'><strong>impertiri</strong></span> <span class='ocrx_word' id='word_1_366' title='bbox 375 2310 495 2352; x_wconf 80' lang='lat' dir='ltr'><strong>gratias</strong></span> <span class='ocrx_word' id='word_1_367' title='bbox 524 2313 557 2342; x_wconf 91' lang='lat' dir='ltr'><strong>et</strong></span> <span class='ocrx_word' id='word_1_368' title='bbox 585 2310 779 2352; x_wconf 88' lang='lat' dir='ltr'><strong>specialibus</strong></span> <span class='ocrx_word' id='word_1_369' title='bbox 807 2311 892 2353; x_wconf 90' lang='lat' dir='ltr'><strong>ipsos</strong></span> <span class='ocrx_word' id='word_1_370' title='bbox 919 2311 1105 2343; x_wconf 86' lang='lat' dir='ltr'><strong>muneribus</strong></span> <span class='ocrx_word' id='word_1_371' title='bbox 1134 2312 1295 2354; x_wconf 87' lang='lat' dir='ltr'><strong>premiari.</strong></span> <span class='ocrx_word' id='word_1_372' title='bbox 1341 2311 1413 2343; x_wconf 86' lang='lat' dir='ltr'><strong>Hac</strong></span> <span class='ocrx_word' id='word_1_373' title='bbox 1440 2312 1550 2353; x_wconf 84' lang='lat' dir='ltr'><strong>itaque</strong></span> <span class='ocrx_word' id='word_1_374' title='bbox 1580 2311 1836 2343; x_wconf 83' lang='lat' dir='ltr'><strong>consideratione</strong></span> 
     </span>
     <span class='ocr_line' id='line_1_37' title="bbox 187 2361 1834 2405; baseline 0 -12"><span class='ocrx_word' id='word_1_375' title='bbox 187 2362 340 2394; x_wconf 89' lang='lat' dir='ltr'><strong>commoti</strong></span> <span class='ocrx_word' id='word_1_376' title='bbox 362 2361 523 2394; x_wconf 90' lang='lat' dir='ltr'><strong>nobilibus</strong></span> <span class='ocrx_word' id='word_1_377' title='bbox 547 2364 580 2394; x_wconf 86' lang='lat' dir='ltr'><strong>et</strong></span> <span class='ocrx_word' id='word_1_378' title='bbox 602 2363 739 2394; x_wconf 90' lang='lat' dir='ltr'><strong>strenuis</strong></span> <span class='ocrx_word' id='word_1_379' title='bbox 761 2362 836 2394; x_wconf 80' lang='lat' dir='ltr'><strong>viris</strong></span> <span class='ocrx_word' id='word_1_380' title='bbox 859 2362 1019 2405; x_wconf 79' lang='lat' dir='ltr'><strong>Ugucioni</strong></span> <span class='ocrx_word' id='word_1_381' title='bbox 1042 2363 1082 2395; x_wconf 89' lang='lat' dir='ltr'><strong>de</strong></span> <span class='ocrx_word' id='word_1_382' title='bbox 1099 2363 1246 2405; x_wconf 63' lang='lat' dir='ltr'><strong>Fagiols„</strong></span> <span class='ocrx_word' id='word_1_383' title='bbox 1269 2362 1463 2395; x_wconf 80' lang='lat' dir='ltr'><strong>Francischo</strong></span> <span class='ocrx_word' id='word_1_384' title='bbox 1487 2368 1519 2395; x_wconf 86' lang='lat' dir='ltr'><strong>et</strong></span> <span class='ocrx_word' id='word_1_385' title='bbox 1541 2362 1640 2395; x_wconf 85' lang='lat' dir='ltr'><strong>Nerio</strong></span> <span class='ocrx_word' id='word_1_386' title='bbox 1664 2363 1736 2394; x_wconf 84' lang='lat' dir='ltr'><strong>filiis</strong></span> <span class='ocrx_word' id='word_1_387' title='bbox 1759 2364 1834 2397; x_wconf 79' lang='lat' dir='ltr'><strong>suis,</strong></span> 
     </span>
     <span class='ocr_line' id='line_1_38' title="bbox 187 2413 1833 2457; baseline 0 -12"><span class='ocrx_word' id='word_1_388' title='bbox 187 2413 336 2446; x_wconf 87' lang='lat' dir='ltr'><strong>fidelibus</strong></span> <span class='ocrx_word' id='word_1_389' title='bbox 353 2414 469 2446; x_wconf 89' lang='lat' dir='ltr'><strong>nostris</strong></span> <span class='ocrx_word' id='word_1_390' title='bbox 485 2413 620 2454; x_wconf 86' lang='lat' dir='ltr'><strong>dilectis,</strong></span> <span class='ocrx_word' id='word_1_391' title='bbox 645 2415 699 2456; x_wconf 87' lang='lat' dir='ltr'><strong>qui</strong></span> <span class='ocrx_word' id='word_1_392' title='bbox 721 2414 804 2446; x_wconf 88' lang='lat' dir='ltr'><strong>sicut</strong></span> <span class='ocrx_word' id='word_1_393' title='bbox 826 2415 952 2456; x_wconf 84' lang='lat' dir='ltr'><strong>experti</strong></span> <span class='ocrx_word' id='word_1_394' title='bbox 975 2425 1084 2446; x_wconf 91' lang='lat' dir='ltr'><strong>sumus</strong></span> <span class='ocrx_word' id='word_1_395' title='bbox 1107 2419 1141 2446; x_wconf 84' lang='lat' dir='ltr'><strong>et</strong></span> <span class='ocrx_word' id='word_1_396' title='bbox 1157 2414 1220 2447; x_wconf 86' lang='lat' dir='ltr'><strong>fide</strong></span> <span class='ocrx_word' id='word_1_397' title='bbox 1236 2415 1405 2457; x_wconf 83' lang='lat' dir='ltr'><strong>dignorum</strong></span> <span class='ocrx_word' id='word_1_398' title='bbox 1421 2419 1559 2446; x_wconf 84' lang='lat' dir='ltr'><strong>testatur</strong></span> <span class='ocrx_word' id='word_1_399' title='bbox 1577 2415 1722 2452; x_wconf 79' lang='lat' dir='ltr'><strong>assertio,</strong></span> <span class='ocrx_word' id='word_1_400' title='bbox 1743 2425 1833 2446; x_wconf 82' lang='lat' dir='ltr'><strong>sacro</strong></span> 
     </span>
     <span class='ocr_line' id='line_1_39' title="bbox 187 2463 1834 2510; baseline 0 -12"><span class='ocrx_word' id='word_1_401' title='bbox 187 2463 334 2498; x_wconf 77' lang='lat' dir='ltr'><strong>Romano</strong></span> <span class='ocrx_word' id='word_1_402' title='bbox 367 2465 503 2507; x_wconf 89' lang='lat' dir='ltr'><strong>imperio</strong></span> <span class='ocrx_word' id='word_1_403' title='bbox 536 2465 692 2497; x_wconf 86' lang='lat' dir='ltr'><strong>hactenus</strong></span> <span class='ocrx_word' id='word_1_404' title='bbox 725 2465 816 2498; x_wconf 86' lang='lat' dir='ltr'><strong>utilia</strong></span> <span class='ocrx_word' id='word_1_405' title='bbox 849 2466 1075 2508; x_wconf 87' lang='lat' dir='ltr'><strong>impenderunt</strong></span> <span class='ocrx_word' id='word_1_406' title='bbox 1108 2466 1265 2509; x_wconf 87' lang='lat' dir='ltr'><strong>obsequia</strong></span> <span class='ocrx_word' id='word_1_407' title='bbox 1297 2471 1330 2498; x_wconf 88' lang='lat' dir='ltr'><strong>et</strong></span> <span class='ocrx_word' id='word_1_408' title='bbox 1359 2466 1451 2498; x_wconf 88' lang='lat' dir='ltr'><strong>nobis</strong></span> <span class='ocrx_word' id='word_1_409' title='bbox 1480 2465 1537 2510; x_wconf 86' lang='lat' dir='ltr'><strong>[et]</strong></span> <span class='ocrx_word' id='word_1_410' title='bbox 1569 2466 1675 2498; x_wconf 89' lang='lat' dir='ltr'><strong>eidem</strong></span> <span class='ocrx_word' id='word_1_411' title='bbox 1699 2467 1834 2508; x_wconf 83' lang='lat' dir='ltr'><strong>imperio</strong></span> 
     </span>
     <span class='ocr_line' id='line_1_40' title="bbox 187 2516 1834 2560; baseline -0.001 -10"><span class='ocrx_word' id='word_1_412' title='bbox 187 2518 397 2559; x_wconf 86' lang='lat' dir='ltr'><strong>imposterum</strong></span> <span class='ocrx_word' id='word_1_413' title='bbox 420 2516 550 2549; x_wconf 86' lang='lat' dir='ltr'><strong>utiliora</strong></span> <span class='ocrx_word' id='word_1_414' title='bbox 572 2517 760 2559; x_wconf 88' lang='lat' dir='ltr'><strong>impendere</strong></span> <span class='ocrx_word' id='word_1_415' title='bbox 784 2521 943 2559; x_wconf 81' lang='lat' dir='ltr'><strong>poterunt,</strong></span> <span class='ocrx_word' id='word_1_416' title='bbox 967 2523 1002 2550; x_wconf 87' lang='lat' dir='ltr'><strong>ut</strong></span> <span class='ocrx_word' id='word_1_417' title='bbox 1024 2529 1200 2560; x_wconf 84' lang='lat' dir='ltr'><strong>speramus,</strong></span> <span class='ocrx_word' id='word_1_418' title='bbox 1218 2519 1365 2550; x_wconf 85' lang='lat' dir='ltr'><strong>volentes</strong></span> <span class='ocrx_word' id='word_1_419' title='bbox 1385 2529 1443 2560; x_wconf 91' lang='lat' dir='ltr'><strong>pro</strong></span> <span class='ocrx_word' id='word_1_420' title='bbox 1466 2518 1577 2550; x_wconf 83' lang='lat' dir='ltr'><strong>labore</strong></span> <span class='ocrx_word' id='word_1_421' title='bbox 1601 2523 1633 2550; x_wconf 90' lang='lat' dir='ltr'><strong>et</strong></span> <span class='ocrx_word' id='word_1_422' title='bbox 1656 2517 1834 2559; x_wconf 83' lang='lat' dir='ltr'><strong>sumptibus</strong></span> 
     </span>
     <span class='ocr_line' id='line_1_41' title="bbox 143 2563 1834 2612; baseline -0.001 -11"><span class='ocrx_word' id='word_1_423' title='bbox 143 2577 170 2597; x_wconf 68' lang='grc' dir='ltr'><em>ω</em></span> <span class='ocrx_word' id='word_1_424' title='bbox 187 2570 252 2601; x_wconf 88' lang='lat' dir='ltr'><strong>suis</strong></span> <span class='ocrx_word' id='word_1_425' title='bbox 279 2563 437 2611; x_wconf 75' lang='lat' dir='ltr'><strong>premium</strong></span> <span class='ocrx_word' id='word_1_426' title='bbox 466 2568 604 2601; x_wconf 89' lang='lat' dir='ltr'><strong>reddere</strong></span> <span class='ocrx_word' id='word_1_427' title='bbox 631 2569 826 2611; x_wconf 76' lang='lat' dir='ltr'><strong>gratiosum,</strong></span> <span class='ocrx_word' id='word_1_428' title='bbox 861 2570 939 2612; x_wconf 85' lang='lat' dir='ltr'><strong>ipsis</strong></span> <span class='ocrx_word' id='word_1_429' title='bbox 967 2574 1072 2602; x_wconf 86' lang='lat' dir='ltr'><strong>castra</strong></span> <span class='ocrx_word' id='word_1_430' title='bbox 1106 2571 1309 2612; x_wconf 82' lang='lat' dir='ltr'><strong>infrascripta</strong></span> <span class='ocrx_word' id='word_1_431' title='bbox 1337 2571 1397 2602; x_wconf 83' lang='lat' dir='ltr'><strong>sita</strong></span> <span class='ocrx_word' id='word_1_432' title='bbox 1425 2571 1457 2602; x_wconf 89' lang='lat' dir='ltr'><strong>in</strong></span> <span class='ocrx_word' id='word_1_433' title='bbox 1485 2570 1569 2602; x_wconf 84' lang='lat' dir='ltr'><strong>valle</strong></span> <span class='ocrx_word' id='word_1_434' title='bbox 1593 2570 1672 2602; x_wconf 83' lang='lat' dir='ltr'><strong>Arni</strong></span> <span class='ocrx_word' id='word_1_435' title='bbox 1704 2569 1834 2601; x_wconf 81' lang='lat' dir='ltr'><strong>Lucane</strong></span> 
     </span>
     <span class='ocr_line' id='line_1_42' title="bbox 187 2619 1832 2662; baseline -0.001 -9"><span class='ocrx_word' id='word_1_436' title='bbox 187 2619 338 2661; x_wconf 83' lang='lat' dir='ltr'><strong>diocesis,</strong></span> <span class='ocrx_word' id='word_1_437' title='bbox 362 2620 513 2653; x_wconf 81' lang='lat' dir='ltr'><strong>videlicet</strong></span> <span class='ocrx_word' id='word_1_438' title='bbox 534 2619 706 2661; x_wconf 66' lang='lat' dir='ltr'><strong>maselum,</strong></span> <span class='ocrx_word' id='word_1_439' title='bbox 730 2620 878 2653; x_wconf 83' lang='lat' dir='ltr'><strong>Castrum</strong></span> <span class='ocrx_word' id='word_1_440' title='bbox 901 2620 1070 2661; x_wconf 82' lang='lat' dir='ltr'><strong>Franoum,</strong></span> <span class='ocrx_word' id='word_1_441' title='bbox 1097 2622 1245 2654; x_wconf 88' lang='lat' dir='ltr'><strong>Castrum</strong></span> <span class='ocrx_word' id='word_1_442' title='bbox 1265 2621 1383 2653; x_wconf 83' lang='lat' dir='ltr'><strong>Sancte</strong></span> <span class='ocrx_word' id='word_1_443' title='bbox 1400 2622 1521 2662; x_wconf 87' lang='lat' dir='ltr'><strong>Crucis,</strong></span> <span class='ocrx_word' id='word_1_444' title='bbox 1545 2621 1693 2654; x_wconf 85' lang='lat' dir='ltr'><strong>Castrum</strong></span> <span class='ocrx_word' id='word_1_445' title='bbox 1717 2621 1832 2652; x_wconf 79' lang='lat' dir='ltr'><strong>Sancte</strong></span> 
     </span>
    </p>
   </div>
   <div class='ocr_carea' id='block_1_11' title="bbox 290 2705 847 2852">
    <p class='ocr_par' dir='ltr' id='par_1_15' title="bbox 290 2705 847 2852">
     <span class='ocr_line' id='line_1_43' title="bbox 290 2705 610 2740; baseline -0.003 -7"><span class='ocrx_word' id='word_1_446' title='bbox 290 2705 356 2733; x_wconf 69' lang='lat'><strong>28².</strong></span> <span class='ocrx_word' id='word_1_447' title='bbox 384 2706 408 2740; x_wconf 74' lang='lat'><strong>⁸)</strong></span> <span class='ocrx_word' id='word_1_448' title='bbox 427 2707 555 2733; x_wconf 75' lang='lat' dir='ltr'><strong>inuenerit</strong></span> <span class='ocrx_word' id='word_1_449' title='bbox 572 2715 610 2732; x_wconf 76' lang='lat' dir='ltr'><strong>or.</strong></span> 
     </span>
     <span class='ocr_line' id='line_1_44' title="bbox 290 2760 847 2794; baseline 0.002 -7"><span class='ocrx_word' id='word_1_450' title='bbox 290 2760 356 2788; x_wconf 72' lang='lat'><strong>288.</strong></span> <span class='ocrx_word' id='word_1_451' title='bbox 383 2761 408 2794; x_wconf 51' lang='grc' dir='ltr'><strong>Ι1)</strong></span> <span class='ocrx_word' id='word_1_452' title='bbox 426 2766 452 2788; x_wconf 80' lang='lat' dir='ltr'><strong>et</strong></span> <span class='ocrx_word' id='word_1_453' title='bbox 469 2762 509 2787; x_wconf 79' lang='lat' dir='ltr'><strong>ed.</strong></span> <span class='ocrx_word' id='word_1_454' title='bbox 596 2761 622 2794; x_wconf 68' lang='lat' dir='ltr'><strong>b)</strong></span> <span class='ocrx_word' id='word_1_455' title='bbox 642 2762 790 2788; x_wconf 77' lang='lat' dir='ltr'><strong>Addioimus</strong></span> <span class='ocrx_word' id='word_1_456' title='bbox 808 2763 847 2788; x_wconf 77' lang='lat' dir='ltr'><strong>ed.</strong></span> 
     </span>
     <span class='ocr_line' id='line_1_45' title="bbox 290 2817 634 2852; baseline -0.006 -7"><span class='ocrx_word' id='word_1_457' title='bbox 290 2817 357 2845; x_wconf 69' lang='lat'><strong>289.</strong></span> <span class='ocrx_word' id='word_1_458' title='bbox 385 2819 409 2852; x_wconf 73' lang='grc' dir='ltr'><strong>ι)</strong></span> <span class='ocrx_word' id='word_1_459' title='bbox 427 2818 577 2844; x_wconf 73' lang='lat' dir='ltr'><strong>finientibus</strong></span> <span class='ocrx_word' id='word_1_460' title='bbox 594 2818 634 2844; x_wconf 81' lang='lat' dir='ltr'><strong>cd.</strong></span> 
     </span>
    </p>
   </div>
   <div class='ocr_carea' id='block_1_12' title="bbox 1864 1259 1972 1338">
    <p class='ocr_par' dir='ltr' id='par_1_16' title="bbox 1864 1259 1972 1338">
     <span class='ocr_line' id='line_1_46' title="bbox 1865 1259 1958 1282; baseline 0.011 -2"><span class='ocrx_word' id='word_1_461' title='bbox 1865 1259 1914 1280; x_wconf 62' lang='lat' dir='ltr'><strong>uni.</strong></span> <span class='ocrx_word' id='word_1_462' title='bbox 1926 1261 1958 1282; x_wconf 80' lang='grc' dir='ltr'><strong>ιι,</strong></span> 
     </span>
     <span class='ocr_line' id='line_1_47' title="bbox 1864 1312 1972 1338; baseline 0 -7"><span class='ocrx_word' id='word_1_463' title='bbox 1864 1312 1925 1338; x_wconf 63' lang='lat' dir='ltr'><strong>sapt⁴</strong></span> <span class='ocrx_word' id='word_1_464' title='bbox 1937 1312 1972 1332; x_wconf 70' lang='grc' dir='ltr'><strong>π.</strong></span> 
     </span>
    </p>
   </div>
  </div>
 </body>
</html>
