2124 3132
14 0 69 36 ,rs-

142 764 168 784 lo

139 1797 166 1818 10

633 206 850 235 TRACTATUS
867 206 915 234 DE
932 207 1145 235 ELECTIONE.
1183 209 1256 237 1814.
1293 208 1341 236 Nr.
1354 210 1396 236 25.
1796 216 1835 245 25

186 295 240 328 Sic
268 297 378 327 tamen
408 293 495 337 quod
525 304 568 326 ex
595 293 657 325 hac
685 294 790 335 gratia
817 303 1018 326 successores
1046 293 1124 326 dicti
1152 294 1385 337 archiepiscopi
1412 306 1447 326 se
1474 306 1536 326 non
1566 296 1777 329 intromittant
1807 299 1837 329 in

186 345 399 389 preludicium
421 345 550 388 imperii
573 344 614 376 de
637 344 814 377 collacione
837 344 995 377 dictarum
1019 347 1293 388 preposituramm
1316 346 1347 378 in
1371 346 1510 378 futurum
1525 348 1545 378 ¹.

294 399 324 430 6.
357 397 442 429 Item
468 396 637 439 promittet
663 395 749 438 quod
772 396 901 428 assistat
923 396 1010 429 dicto
1033 397 1277 439 archiepiscopo
1301 402 1334 429 et
1357 398 1493 429 ecclesie
1517 397 1701 429 Coloniensi
1725 398 1838 431 diebus

185 449 252 481 vite
274 458 332 480 sue
355 450 467 480 contra
489 457 709 490 quoscumque
732 448 819 489 ipsos
841 447 964 490 absque
981 449 1033 480 via
1052 449 1128 480 iuris
1144 448 1302 480 violenter
1317 449 1506 481 invadentes
1522 453 1555 480 et
1571 450 1617 480 eis
1633 450 1839 481 iniuriantes²

186 502 220 533 et
242 499 330 542 quod
351 499 413 531 hoc
435 498 520 530 infra
535 498 616 531 duos
630 509 769 539 menses,
793 502 965 541 postquam
981 500 1152 541 requisitus
1168 500 1274 541 fuerit,
1298 503 1366 531 toto
1382 511 1476 542 posse
1492 511 1550 531 suo
1568 500 1674 532 facere
1691 505 1840 532 teneatur

186 551 338 594 expensis
360 550 435 582 suis.
471 549 516 582 Et
537 550 564 581 si
586 560 650 582 non
666 549 763 582 fuerit
778 551 809 582 in
826 550 980 592 partibus,
1004 551 1150 583 civitates
1167 555 1200 583 et
1215 551 1363 583 advocati
1380 552 1427 583 sui
1444 551 1655 593 provinciales
1671 553 1839 583 viciniores

185 601 334 644 dyocesis
362 600 563 633 Coloniensis
589 601 660 633 vice
689 611 747 633 sua
773 601 806 633 id
834 602 963 634 faciant.
1008 602 1051 634 Et
1077 603 1163 644 quod
1193 603 1329 635 ecclesie
1357 603 1555 643 Coloniensi,
1586 608 1622 634 ut
1650 604 1838 635 comitatum

186 652 377 686 Olevensem
407 652 450 685 ad
482 662 556 685 eum
584 653 654 684 iure
684 653 870 685 devolutum
901 658 1128 696 consequatur,
1159 654 1342 696 specialiter
1372 665 1430 696 per
1456 655 1696 696 opposicionem
1725 665 1839 686 manus

185 705 332 737 similiter
360 704 444 737 infra
474 703 561 736 idem
592 707 734 746 tempus,
767 708 938 747 postquam
970 705 1010 737 de
1037 705 1097 737 hoc
1124 706 1295 748 requisitus
1326 706 1436 746 fuerit,
1464 705 1569 737 eidem
1594 705 1836 748 archiepiscopo

185 756 315 788 assistet
343 758 377 788 et
404 755 466 788 hoc
494 755 647 797 expensis
673 755 739 786 suis
766 755 873 787 faciet.
918 755 962 787 Et
988 756 1074 798 quod
1104 757 1130 787 si
1157 758 1321 798 contingat
1349 756 1490 798 aliquem
1519 756 1595 798 eligi
1619 761 1730 788 contra
1754 766 1839 797 eum,

185 807 272 851 quod
299 807 347 840 illi
372 818 437 840 non
466 807 563 839 cedat
589 817 649 839 nec
676 817 748 838 cum
778 817 816 838 eo
845 811 1017 849 componat
1039 808 1107 840 sine
1131 818 1287 840 consensu
1310 812 1342 839 et
1365 808 1496 839 consilio
1521 808 1755 850 archiepiscopi
1779 818 1838 839 nec

185 859 448 902 archiepiscopus
470 859 538 892 sine
560 858 632 900 ipso
655 868 733 900 rege
757 868 828 890 cum
854 859 910 891 tali
935 859 1039 891 electo
1063 860 1094 890 in
1118 859 1311 891 contrarium
1339 858 1574 902 concon-[dlabit
1597 864 1630 891 ct
1653 859 1839 901 specialiter

184 912 216 944 in
240 910 296 944 tali
319 920 437 953 guerra
460 910 590 942 assistet
612 909 695 942 alter
717 909 812 941 alteri
835 912 903 941 toto
928 920 1023 951 posse
1047 921 1104 941 suo
1127 910 1267 942 fideliter
1290 913 1323 942 et
1346 914 1503 951 patenter.

294 964 322 995 7.
357 962 442 1005 Item
467 960 649 994 infeudabit
676 971 718 992 ex
741 961 847 1003 gratia
870 961 967 992 filiam
993 961 1121 993 Ottonis
1144 961 1269 993 comitis
1293 960 1458 993 Clevensis
1480 961 1521 992 de
1546 961 1649 992 feodis
1673 961 1747 1001 illis,
1776 971 1839 1003 que

185 1018 235 1047 ex*
249 1010 354 1046 morte
377 1013 478 1056 patris
499 1012 601 1055 ipsius
623 1015 697 1044 sunt
719 1011 761 1044 ad
782 1012 955 1054 imperium
979 1012 1141 1044 devoluta.

293 1067 322 1099 8.
356 1065 440 1097 Item
463 1064 632 1106 promittet
655 1063 742 1106 quod
765 1064 886 1096 nullum
911 1064 1097 1096 theloneum
1121 1065 1254 1106 inponat
1269 1064 1320 1096 vel
1344 1065 1418 1106 poni
1441 1064 1607 1106 permittat
1623 1063 1706 1095 infra
1722 1063 1840 1094 limites

184 1116 362 1150 conductus
383 1115 619 1158 archiepiscopi
641 1125 702 1147 nec
724 1116 757 1146 in
779 1114 872 1147 Reno
896 1126 955 1147 nec
979 1117 1011 1147 in
1034 1119 1120 1148 terra
1143 1117 1210 1147 sine
1234 1126 1391 1147 consensu
1414 1115 1569 1147 eiusdem.
1658 1115 1741 1146 Item
1765 1125 1838 1156 pro-

183 1169 292 1201 mittet
314 1167 401 1211 quod
423 1167 610 1200 theloneum
634 1170 707 1199 octo
724 1166 958 1199 Turonensium
974 1168 1006 1199 in
1022 1167 1136 1199 Bunna
1152 1167 1213 1199 sibi
1229 1168 1370 1199 dimittat
1385 1167 1427 1198 ad
1443 1167 1513 1198 dies
1530 1167 1594 1198 vite
1611 1176 1678 1197 sue.
1756 1166 1839 1197 Item

183 1219 280 1253 simili
306 1219 404 1252 modo
434 1219 615 1262 promittet,
643 1218 730 1260 quod
760 1218 816 1250 det
845 1220 875 1251 ei
904 1219 1090 1251 theloneum
1118 1219 1150 1250 in
1173 1219 1364 1260 Ludesdorp
1395 1218 1436 1250 ad
1463 1218 1532 1249 dies
1555 1218 1619 1248 vite
1643 1227 1700 1248 sue
1724 1218 1783 1248 ita:
1814 1218 1839 1248 si

183 1271 445 1314 archiepiscopus
466 1270 560 1311 velit,
590 1273 779 1312 transponat
806 1270 885 1302 illud
909 1270 995 1312 apud
1018 1270 1247 1302 Andernacum
1272 1275 1305 1302 et
1327 1271 1368 1301 sit
1390 1270 1422 1301 in
1447 1270 1516 1301 eius
1539 1269 1719 1307 voluntate,
1751 1272 1838 1310 post-

183 1333 280 1366 quam
305 1349 311 1356 .
329 1346 337 1354 .
361 1322 504 1355 marchio
520 1321 843 1363 Brandenburgensis
866 1325 900 1353 et
922 1322 988 1354 dux
1006 1321 1147 1354 Saxonis
1163 1321 1355 1364 Rudolphus
1371 1321 1493 1353 habent
1509 1320 1654 1352 debitum
1678 1330 1768 1351 suum
1793 1320 1840 1351 eis

183 1375 216 1407 in
238 1375 309 1417 ipso
325 1374 477 1407 theloneo
493 1373 759 1412 demonstratum,
783 1376 839 1405 aut
855 1374 1000 1406 minuere
1023 1377 1078 1405 aut
1102 1383 1143 1405 ex
1159 1376 1227 1405 toto
1244 1373 1408 1415 deponere
1425 1372 1612 1404 theloneum
1629 1371 1836 1403 antedictum.

292 1428 321 1459 9.
357 1426 440 1459 Item
468 1426 636 1468 promittet
664 1425 784 1457 dictum
812 1425 1088 1467 archiepiscopum
1114 1428 1147 1456 et
1170 1425 1342 1456 ecclesiam
1366 1434 1457 1455 suam
1482 1434 1605 1455 necnon
1630 1423 1783 1455 ecclesias
1807 1427 1840 1453 et

184 1477 421 1511 ecclesiasticas
442 1488 598 1520 personas
621 1488 658 1509 ac
681 1477 821 1518 nobiles,
844 1477 998 1517 vasallos,
1025 1476 1265 1517 ministeriales,
1294 1477 1395 1516 cives,
1419 1474 1596 1517 opidanos·
1619 1485 1691 1506 cum
1715 1475 1837 1514 castris,

184 1529 378 1570 civitatibus,
402 1528 507 1572 opidis
530 1532 564 1561 et
578 1528 661 1560 villis
685 1532 719 1561 et
741 1539 813 1560 cum
829 1528 922 1560 bonis
939 1528 1115 1560 eorundem
1132 1537 1322 1559 conservare
1342 1530 1376 1559 et
1396 1527 1477 1558 tueri
1494 1530 1559 1558 tam
1577 1526 1658 1557 infra
1675 1525 1838 1567 dyocesim

182 1580 410 1614 coloniensem
438 1591 536 1623 quam
565 1583 658 1612 extra
684 1580 865 1612 residentes
891 1581 923 1612 in
950 1579 1153 1611 libertatibus
1175 1580 1252 1611 iuris
1275 1578 1420 1610 canonici
1444 1582 1477 1610 et
1500 1577 1615 1617 civilis,
1646 1577 1738 1608 bonis
1761 1587 1837 1608 con·

182 1632 405 1666 suetudinibus
435 1635 468 1664 et
494 1633 623 1664 statutis
649 1632 715 1663 suis
742 1631 906 1673 hucusque
935 1642 994 1673 per
1021 1642 1077 1662 eos
1105 1631 1236 1670 habitis,
1268 1631 1428 1662 concessis
1451 1632 1484 1661 et
1507 1629 1640 1660 usitatis.
1686 1627 1728 1659 Et
1751 1627 1837 1669 quod

181 1684 304 1718 nullum
334 1684 491 1725 nobilem,
522 1684 695 1716 militarem
728 1687 783 1715 aut
810 1693 980 1725 personam
1009 1682 1105 1714 aliam
1134 1682 1174 1714 de
1199 1681 1348 1714 fidelibus
1375 1680 1607 1722 archiepiscopi
1636 1690 1695 1721 per
1724 1690 1758 1710 se
1786 1679 1837 1710 vel

182 1735 322 1769 iudicem
352 1737 439 1769 curie
470 1746 527 1768 sue
554 1738 611 1767 aut
638 1745 873 1777 quemcumque
902 1735 999 1766 alium
1024 1734 1163 1766 iudicem
1186 1733 1245 1765 sibi
1269 1733 1449 1764 subiectum
1474 1736 1589 1763 evocet
1611 1731 1652 1762 ad
1676 1731 1838 1769 iudicium,

184 1798 279 1831 quam
303 1787 360 1820 diu
382 1787 643 1829 archiepiscopus
658 1786 711 1819 vel
734 1787 782 1818 sui
806 1786 938 1818 officiati
962 1786 1002 1817 de
1018 1786 1096 1828 ipsis
1112 1789 1243 1827 paratus
1260 1789 1309 1816 est
1325 1784 1431 1816 facere
1448 1784 1600 1814 iustitiam
1620 1782 1837 1824 conquerenti.

182 1839 226 1872 Et
251 1840 278 1872 si
307 1843 418 1872 contra
446 1838 506 1871 hec
533 1838 676 1881 aliquem
705 1838 746 1870 de
775 1838 927 1880 predictis
952 1838 1079 1869 evocari
1103 1838 1282 1879 contingat,
1313 1836 1353 1867 ad
1378 1835 1613 1876 archiepiscopi
1636 1833 1838 1865 audienciam

182 1892 366 1925 remittatur
388 1894 422 1923 et
445 1890 578 1922 cuilibet
600 1890 728 1922 subdito
751 1890 985 1932 archiepiscopi
1009 1889 1050 1921 de
1074 1889 1149 1929 hiis,
1180 1899 1238 1930 pro
1262 1888 1378 1930 quibus
1402 1887 1483 1918 alios
1506 1885 1718 1927 impetierint,
1742 1884 1840 1916 faciet

184 1946 218 1976 et
239 1943 310 1976 fieri
332 1945 484 1986 procuret
505 1942 666 1974 iusticiam
691 1941 888 1983 expeditam.

294 1997 343 2027 10.
377 1994 461 2027 Item
485 1993 576 2026 dabit
597 1994 722 2025 litteras
745 2004 819 2025 suas
839 1992 989 2025 Conrado
1013 1992 1142 2023 domino
1166 1991 1207 2022 de
1224 1990 1409 2032 Toneburg,
1433 1993 1468 2020 ut
1491 1992 1630 2020 castrum
1648 1986 1837 2019 Molnarken

183 2047 312 2089 aliaque
335 2045 421 2078 bona
443 2045 583 2088 quedam
608 2055 650 2077 ex
672 2048 776 2077 morte
793 2044 951 2076 Walrami
975 2044 1095 2075 domini
1119 2042 1159 2074 de
1181 2042 1360 2083 Bercheym
1377 2040 1524 2072 avunculi
1540 2039 1588 2070 sui
1604 2039 1726 2080 absque
1744 2038 1837 2069 herc-

184 2098 278 2131 dibus
301 2097 489 2130 decedentis
511 2097 553 2129 ad
577 2107 650 2129 eum
675 2096 837 2137 devoluta,
860 2099 956 2138 prout
978 2095 1019 2127 de
1043 2096 1111 2126 iure
1135 2094 1176 2126 ad
1200 2093 1339 2125 eundem
1361 2091 1543 2124 Conradum
1568 2091 1739 2133 pertinent,
1762 2099 1838 2120 con-

183 2153 351 2193 sequatur,
382 2149 623 2181 manutenendo
654 2152 687 2180 et
714 2148 893 2180 assistendo
922 2147 1029 2179 eidem
1057 2157 1115 2188 per
1142 2156 1176 2177 se
1207 2148 1240 2177 et
1267 2144 1426 2176 officiatos
1453 2154 1528 2175 suos
1556 2153 1628 2174 curn
1658 2141 1776 2172 effectu
1806 2144 1840 2171 et

183 2202 307 2245 absque
331 2201 547 2243 protractione
571 2203 682 2232 contra
705 2200 891 2231 detentores
914 2199 1070 2230 bonorum
1094 2197 1280 2229 eorundem.

294 2255 343 2285 1¹.
377 2253 462 2285 Item
484 2256 520 2284 ut
542 2252 663 2284 firmior
684 2252 768 2283 inter
790 2261 900 2292 regem
923 2251 1037 2292 ipsum,
1060 2253 1231 2291 postquam
1255 2250 1382 2280 creatus
1404 2246 1511 2286 fuerit,
1535 2248 1568 2277 et
1590 2244 1710 2276 dictum
1734 2243 1838 2274 archi-

185 2305 371 2347 episcopum
409 2303 555 2336 amicicia
593 2306 813 2342 conservetur,
851 2303 919 2344 ipse
959 2301 1218 2342 archiepiscopus
1249 2300 1310 2331 erit
1342 2299 1374 2330 in
1408 2299 1497 2330 curia
1531 2297 1629 2338 regis,
1669 2295 1743 2326 dum
1779 2294 1839 2325 sibi

185 2357 357 2399 placuerit,
389 2355 448 2387 sub
476 2356 628 2397 expensis
655 2355 741 2397 regis
768 2358 801 2386 et
828 2353 962 2385 habebit
989 2353 1138 2384 continue
1167 2351 1253 2393 apud
1278 2361 1350 2382 eum
1374 2349 1454 2381 duas
1476 2348 1599 2390 legales
1622 2357 1774 2389 personas
1798 2346 1838 2377 de

185 2408 298 2440 amicis
320 2408 395 2449 suis,
418 2408 472 2450 qui
496 2408 558 2438 sint
581 2407 622 2438 de
645 2407 750 2438 iurato
773 2406 904 2438 consilio
923 2405 1019 2446 regis,
1043 2407 1194 2435 caventes
1209 2413 1248 2434 ne
1266 2402 1342 2444 quid
1358 2401 1475 2432 sinistri
1491 2401 1591 2441 ipsius
1607 2398 1837 2439 archiepiscopi

185 2458 270 2502 apud
293 2469 406 2501 regem
428 2462 618 2501 procuretur
641 2462 674 2490 et
697 2457 782 2500 quod
806 2457 961 2488 honorem
985 2459 1017 2487 et
1040 2455 1157 2487 bonum
1175 2464 1212 2486 ac
1228 2453 1398 2485 utilitatem
1417 2452 1501 2493 regis
1516 2451 1653 2483 ubilibet
1669 2452 1840 2491 procurent

184 2510 271 2543 bona
290 2510 366 2543 fide.

294 2564 344 2594 12.
382 2561 465 2594 Item
498 2562 599 2594 eciam
630 2571 688 2592 rex
720 2560 841 2592 nullum
871 2559 1032 2590 inimicum
1064 2561 1097 2589 et
1126 2557 1296 2589 adversum
1327 2555 1570 2597 archiepiscopo
1602 2552 1643 2584 ad
1672 2551 1836 2583 consilium

184 2624 277 2646 suum
305 2623 364 2645 seu
395 2614 514 2645 curiam
544 2615 699 2653 assumet,
731 2614 928 2653 assumptum
959 2610 1075 2650 eciam,
1104 2613 1273 2650 postquam
1304 2618 1344 2639 ex
1373 2610 1464 2648 parte
1488 2604 1719 2646 archiepiscopi
1744 2612 1839 2643 super

185 2665 246 2698 hoo
268 2665 440 2708 requisitus
463 2664 569 2705 fuerit,
593 2674 613 2695 a
635 2674 670 2695 se
694 2663 867 2695 amovebit.

288 2750 336 2778 25.
363 2750 388 2783 ⁸)
406 2751 520 2777 secunda
539 2759 554 2776 o
573 2759 603 2775 ex
621 2750 629 2774 i
648 2759 715 2775 corr.
735 2758 772 2774 or.

290 2828 316 2861 1)
338 2827 376 2860 ΟΥ.
399 2826 509 2854 Condit.
528 2826 575 2853 IV
589 2834 632 2853 nr.
645 2829 696 2853 257
712 2833 768 2859 cap.
784 2829 823 2852 10.
914 2824 941 2858 2)
961 2823 1003 2855 Of.
1021 2821 1116 2848 ibidem
1134 2829 1192 2855 cap.
1208 2824 1244 2847 16.

291 2886 328 2906 ιι..
336 2886 558 2905 consummans
570 2885 595 2904 v.
1618 2870 1634 2894 4
