2184 3126
206 787 250 808 Ian.
261 789 280 808 2.

212 1092 257 1113 lau.
267 1094 286 1112 4.

215 1533 259 1553 Ian.
270 1535 289 1554 7.

293 219 355 250 662
568 211 664 239 ACTA
681 209 794 237 REGNI
812 204 998 235 LUDEWICI
1016 204 1063 231 IV.
1082 202 1128 230 ET
1147 200 1333 229 FRIDERICI
1351 199 1401 227 111.
1438 199 1514 227 1324.
1550 198 1600 225 Nr.
1611 198 1671 225 839.

293 312 355 344 que
378 309 562 342 processum
583 298 688 339 ipsum
711 305 767 326 suo
791 294 881 335 quasi
904 301 1030 329 sonoro,
1053 288 1205 330 preconio
1229 290 1262 319 et
1284 285 1395 328 patulo
1418 285 1537 317 indicio
1559 283 1772 326 publicarent,
1799 285 1844 341 nt·
1856 282 1943 315 idem

293 351 474 385 Ludovicus
497 353 529 382 et
552 349 616 387 alii,
639 357 719 389 quos
741 354 907 387 processus
929 339 1113 373 huiusmodi
1139 338 1362 380 contingebat,
1392 336 1515 368 nullam
1542 337 1674 377 possent
1701 337 1944 393 excusationem

294 402 496 446 pretendere,
513 400 599 442 quod
615 399 657 430 ad
673 408 728 430 eos
743 407 806 428 non
821 394 1020 437 pervenisset
1035 392 1086 423 vel
1103 389 1190 432 quod
1205 390 1409 431 ignorassent
1425 386 1575 419 eundem.
1659 385 1758 418 Cuius
1774 395 1945 428 processus

294 459 386 487 tenor
409 453 480 485 talis
504 451 585 483 estk:

400 511 570 543 ‘Iohannes
593 510 761 551 episcopus
784 516 894 537 servus
909 522 950 526 —-
966 502 1067 534 nostri
1089 511 1172 533 anno
1197 499 1346 532 octav0¹.’
1379 509 1480 539 supra
1501 508 1551 530 nr.
1569 498 1641 530 792.
1977 505 1991 525 ι

402 573 431 603 2.
454 568 663 602 Postmodum
680 577 757 598 vero
775 565 883 596 dilecti
905 563 961 595 filii
978 563 1103 594 fraterm
1115 561 1289 593 Albertusu
1306 559 1347 591 de
1365 558 1607 591 Swartzburch⁰
1622 568 1759 601 magnus
1774 561 1948 601 preceptor

298 623 416 655 ordinis
427 620 604 663 Hospitalis
616 619 717 650 sancti
729 617 880 648 Iohannis
893 613 1142 647 Ierosolimitani
1159 622 1218 654 per
1229 611 1456 643 Alamaniaml’
1469 620 1593 642 necnon
1605 611 1761 652 magister
1770 609 1947 642 Ernestus‘l

297 675 337 706 de
369 673 510 705 Sebeehr
539 670 781 702 archidiaconus
811 665 1056 708 Herbipolensis
1090 667 1122 696 et
1151 664 1305 705 magister
1334 662 1496 694 Henricus
1525 662 1567 694 de
1595 662 1742 694 Thi-ono·
1774 662 1948 693 canonicus

295 725 466 766 Pragensis
479 722 621 755 eiusdem
635 720 723 752 ducis
734 719 871 751 Bavarie
883 717 984 749 nuntii
997 720 1030 749 et
1041 717 1072 748 in
1086 715 1254 755 discordia,
1270 717 1306 746 ut
1321 713 1507 756 predicitur,
1523 714 1557 746 in
1572 724 1685 756 regem
1697 713 1947 755 Roman(orum)

296 776 389 809 electi
418 775 459 807 ad
486 773 597 806 sedem
628 771 837 814 apostolicam
867 769 1032 801 venientes
1056 771 1089 799 et
1117 766 1239 799 coram‘
1262 765 1353 797 nobis
1378 768 1411 798 et
1434 765 1558 798 eisdem
1587 765 1740 797 fratribus
1766 764 1846 796 IIII.
1862 763 1946 796 Non.
1966 776 1994 796 ιο

295 827 452 870 presentis
474 825 591 857 mensis
618 823 759 855 Ianuarii
786 821 949 853 constituti
978 818 1140 862 quandam
1169 819 1310 849 litteram
1342 820 1511 859 patentem
1541 827 1599 850 seu
1629 820 1778 859 apertam
1806 816 1949 859 quodam

296 877 399 920 sigillo
422 887 494 908 cere
518 876 590 907 albe
614 875 796 916 sigillatam,
819 873 852 903 in
874 872 963 903 cuius
986 870 1082 912 sigilli
1105 868 1372 901 circumferentiis
1395 871 1465 900 erat
1483 868 1649 911 scriptum:
1673 867 1871 900 ‘Ludovicus
1885 867 1951 900 Dei

298 929 402 971 gratia
416 927 662 969 Roman(orum)
686 935 743 957 rex
763 934 892 965 semper
907 922 1081 965 augustus’,
1105 926 1162 953 acu
1179 922 1211 952 in
1227 919 1343 952 eodem
1360 920 1467 962 sigillo
1484 923 1554 952 erat
1570 920 1710 963 quedam
1725 931 1844 962 ymago
1859 921 1951 963 regia

299 980 414 1012 sedens
435 980 468 1010 in
491 978 569 1010 solio
594 978 681 1019 regie
704 976 897 1015 maiestatis,
920 977 1033 1006 tenens
1057 974 1089 1004 in
1118 983 1215 1004 manu
1238 972 1354 1003 dextra
1377 982 1475 1003 unam
1497 972 1623 1014 virgam
1645 982 1703 1004 seu
1725 971 1891 1013 baculum,
1918 972 1951 1004 in

300 1031 501 1062 summitatev
524 1030 611 1061 cuius
634 1031 704 1060 erat
725 1038 789 1059 una
815 1037 903 1066 crux,
927 1029 960 1058 et
982 1026 1013 1057 in
1037 1035 1133 1056 manu
1148 1024 1275 1055 sinistra
1290 1034 1388 1055 unum
1411 1034 1555 1065 pomum,
1578 1024 1611 1055 in
1634 1035 1697 1066 quo
1717 1027 1788 1056 erat
1811 1023 1951 1066 desuper
1968 1034 1995 1054 ιι

302 1093 365 1114 una
387 1092 475 1122 crux,
499 1080 651 1113 exhibere
676 1082 824 1110 curarunt
834 1079 854 1109 ¹.
943 1078 991 1109 Ac
1014 1077 1249 1118 subsequenter
1270 1075 1314 1108 H.
1330 1075 1414 1107 Non.
1431 1075 1551 1107 mensis
1571 1075 1833 1110 eiusdemiidem
1847 1076 1952 1108 nuntii

301 1144 408 1165 coram
430 1132 521 1164 nobis
544 1135 576 1163 et
600 1130 721 1163 eisdem
744 1129 896 1161 fratribus
922 1129 954 1160 in
981 1128 1168 1160 consistorio
1192 1123 1371 1167 constituti,
1402 1126 1619 1159 exhibuerunt
1641 1127 1804 1169 quandam
1827 1127 1951 1169 suppli-

301 1185 459 1216 cationem
482 1184 513 1214 in
536 1186 757 1224 pergamenow
780 1181 1002 1222 conscriptam.
1093 1178 1191 1211 Cuius
1207 1178 1338 1220 quidem
1354 1179 1463 1211 littere
1479 1181 1572 1210 tenor
1588 1178 1629 1210 de
1643 1178 1743 1210 verbo
1759 1178 1801 1210 ad
1817 1178 1952 1211 verbum

302 1235 374 1267 talis
398 1237 478 1266 est¹:

407 1293 484 1326 ‘Nos
507 1293 689 1325 Ludovicus
710 1293 774 1324 Dei
789 1310 832 1314 —
846 1293 946 1323 nostri
970 1302 1052 1323 anno
1076 1290 1184 1322 nono.²
1217 1300 1318 1330 supra
1340 1301 1389 1322 nr.
1406 1290 1480 1322 817.
1972 1297 2002 1318 ao

407 1354 489 1385 Item
513 1353 753 1395 supplicationis
775 1351 919 1394 predicte
943 1352 1043 1383 series
1066 1350 1107 1382 de
1130 1350 1230 1382 verbo
1254 1350 1295 1382 ad
1319 1350 1454 1382 verbum
1476 1351 1550 1382 talis
1574 1353 1636 1383 est:

406 1413 515 1446 ‘Pater
538 1413 723 1445 sanctissim.
762 1412 815 1444 Ad
831 1430 872 1435 —
888 1422 946 1444 sex
967 1410 1130 1443 mensibus
1153 1411 1357 1453 longiorem.²
1389 1421 1490 1451 supra
1512 1421 1562 1443 nr.
1578 1413 1651 1443 834.

409 1476 437 1506 3.
471 1474 539 1505 Nos
560 1474 656 1515 igitur
679 1483 774 1514 super
796 1473 903 1504 littera
931 1475 964 1504 et
991 1472 1244 1514 supplicatione?
1266 1471 1420 1513 predictis
1448 1481 1521 1503 cum
1550 1471 1674 1504 eisdem
1698 1471 1850 1504 fratribus
1873 1472 1954 1505 deli-

304 1525 468 1557 beratione
495 1525 664 1566 prehabita
693 1524 853 1566 diligenti,
882 1523 1014 1555 eosdem
1037 1524 1165 1555 nuntios
1188 1522 1263 1554 VH.
1287 1522 1335 1554 Id.
1361 1522 1507 1555 eiusdem
1535 1523 1654 1555 mensis
1676 1523 1818 1555 Ianuarii
1845 1534 1955 1556 coram

303 1576 393 1608 nobis
417 1576 549 1608 fecimus
573 1576 700 1608 evocari
723 1586 759 1607 ac
784 1575 924 1607 eisdem²
947 1576 979 1606 in
997 1578 1106 1606 nostra
1130 1578 1162 1606 et
1186 1574 1343 1606 dictorum
1367 1575 1502 1606 fratrum
1525 1575 1690 1617 presentia
1711 1575 1744 1607 in
1766 1576 1955 1608 consistorio
1974 1585 2002 1606 ss

305 1629 481 1660 constitutis
503 1629 610 1660 taliter
632 1628 781 1659 duximus
803 1627 1091 1669 preloquendum·:

410 1688 567 1719 ‘Vidimus
589 1688 729 1720 litteram
752 1690 916 1730 patentem
933 1705 975 1711 -
992 1687 1128 1719 ecclesie
1152 1687 1328 1719 viderimus
1351 1684 1530 1728 expedire?
1563 1697 1665 1728 supra
1686 1698 1736 1719 nr.
1753 1688 1827 1719 835.

410 1747 503 1779 Hanc
525 1748 621 1790 igitur
643 1749 884 1789 responsionem
906 1750 1048 1779 nostram
1065 1747 1264 1789 providimus
1281 1746 1504 1789 presentibusb
1528 1746 1775 1789 annotandamc,
1797 1751 1834 1780 ut
1852 1748 1977 1781 nullus.

308 1798 412 1830 eidem
442 1798 560 1830 addere
590 1799 640 1830 vel
672 1799 842 1831 detrahere
878 1799 962 1830 forte
992 1798 1179 1840 presumatd
1216 1798 1268 1830 vel
1298 1798 1435 1840 fingere,
1474 1798 1561 1840 quod
1590 1799 1818 1840 premissorum
1849 1785 1977 1832 obviet'

306 1850 442 1881 veritati.
1977 1858 2006 1879 ιο

413 1913 442 1941 4.
477 1910 518 1941 Et
540 1913 575 1941 ut
598 1911 711 1942 eadem
734 1911 899 1952 responsio
922 1921 986 1942 non
1009 1911 1112 1942 solum
1128 1911 1170 1942 ad
1186 1911 1286 1952 ipsius
1310 1910 1410 1951 ducis,
1433 1910 1509 1943 sed⁰
1523 1910 1566 1942 ad
1589 1921 1792 1943 communem
1817 1911 1959 1944 omnium

308 1962 455 1992 noticiam
474 1961 658 2002 deducatur,
682 1963 804 1994 litteras
819 1965 944 1994 nostras
961 1962 1048 1994 bulla
1064 1966 1174 1994 nostra
1189 1963 1328 1994 munitas
1343 1963 1586 2004 responsionem
1602 1963 1803 1995 continentes
1821 1962 1960 1995 eandem

309 2013 339 2043 in
363 2012 506 2044 eiusdem
524 2014 657 2045 ecclesie
674 2014 941 2055 Avinion(ensis)‘
961 2014 1103 2056 appendi
1119 2015 1170 2046 vel
1194 2014 1285 2056 affigi
1308 2014 1397 2046 ostiis
1413 2014 1578 2046 faciemus.
1623 2013 1713 2045 Nulli
1736 2024 1815 2056 ergo
1830 2014 1960 2047 omnino

310 2063 470 2095 hominum
497 2064 592 2095 liceat
619 2064 700 2096 hanc
727 2066 878 2107 paginam
909 2069 1017 2097 nostre
1040 2066 1271 2108 responsionis,
1303 2066 1476 2097 voluntatis
1506 2068 1539 2097 et
1568 2065 1755 2097 intentionis
1783 2066 1960 2107 infringere

310 2115 380 2146 velss
403 2116 432 2146 ei
455 2126 533 2146 ausu
548 2117 718 2148 temerario
735 2118 903 2148 contraire.
943 2117 977 2149 Si
1001 2118 1071 2159 quis
1094 2121 1204 2149 autem
1227 2117 1309 2150 hoc¹¹
1333 2119 1528 2159 attemptare
1544 2117 1787 2159 presumpserit,
1810 2116 1959 2159 indigna·
1978 2126 2006 2146 ss

312 2166 430 2197 tionem
447 2167 670 2208 omnipotentis
685 2168 747 2200 Dei
764 2172 796 2200 et
807 2169 975 2201 beatorum
987 2169 1078 2201 Petri
1094 2173 1127 2201 et
1136 2169 1231 2201 Pauli
1245 2169 1466 2211 apostolorum
1479 2169 1549 2201 eius
1561 2178 1596 2201 se
1607 2169 1733 2201 noverit
1749 2169 1960 2201 incursurum.

417 2217 535 2248 Datum
558 2219 724 2260 Avinione‚
747 2220 823 2251 VII.
847 2221 896 2252 Id.
919 2221 1058 2263 Ianuar„
1082 2221 1287 2264 pontificatus
1310 2221 1424 2253 nostri¹
1447 2231 1531 2253 anno
1555 2223 1679 2253 octavo.

421 2367 485 2395 839.
512 2368 537 2401 ¹K)
561 2371 614 2396 loco
639 2373 698 2397 talis
724 2378 762 2398 est
783 2372 877 2400 2—5:
906 2377 1022 2401 noscitur
1045 2375 1198 2407 (dinoscitur
1215 2373 1243 2407 3)
1268 2383 1324 2400 esse
1346 2375 1414 2401 talis.
1520 2373 1540 2408 ¹)
1562 2377 1617 2402 loco
1641 2375 1915 2403 Iohannes—octavo
1931 2377 1962 2404 4:

317 2411 438 2436 Primus
461 2420 624 2444 processus
647 2416 831 2442 monitorius
853 2423 964 2444 contra
981 2420 1138 2444 Bavarum
1160 2418 1299 2444 habitus.
1362 2419 1402 2444 Ad
1421 2423 1573 2452 perpetuam
1595 2420 1634 2446 rei
1651 2420 1809 2446 memoriam.
1871 2421 1963 2446 Atten-

318 2453 405 2478 dentes
417 2467 450 2471 -—
462 2454 518 2479 Vll.
534 2456 695 2488 1d.Octobr.‚
719 2467 787 2485 auno
805 2465 906 2492 octavm
933 2461 965 2486 5:
995 2462 1124 2487 Iohannes
1142 2461 1279 2494 episcopus
1301 2469 1392 2487 servus
1410 2470 1544 2488 servorum
1561 2463 1619 2488 Dei.
1685 2463 1727 2488 Ad
1748 2466 1902 2496 perpetuam
1924 2464 1962 2490 rei
1979 2470 2010 2491 ω

318 2496 471 2521 memoriam.
532 2499 696 2526 Attendentes
713 2503 780 2533 quod
799 2503 858 2528 dum
877 2505 956 2529 errori
973 2513 1025 2530 non
1038 2505 1166 2530 resistitur
1183 2508 1214 2530 et
1231 2508 1287 2529 eet.
1306 2512 1403 2538 usque
1425 2505 1458 2530 in
1482 2506 1577 2531 finem
1596 2506 1775 2539 superioris
1793 2514 1964 2539 processus

319 2538 353 2562 de
371 2539 467 2563 verbo
484 2540 520 2564 ad
539 2542 674 2568 verbum.
768 2545 799 2577 ¹¹¹)
818 2547 884 2572 deest
903 2546 926 2572 3.
938 2546 964 2573 4.
1060 2548 1086 2579 ¹¹)
1105 2548 1246 2573 Alberthus
1264 2546 1288 2573 3.
1397 2547 1421 2580 ⁰)
1440 2548 1619 2575 Sirartzburch
1637 2548 1661 2575 1.
1674 2548 1699 2575 2.
1722 2547 1749 2580 (c
1766 2557 1850 2582 ηιμ-α
1867 2549 1964 2576 laneam

319 2580 393 2612 add)
410 2580 439 2611 4;
463 2582 624 2617 Swartzburg
642 2584 671 2615 3;
696 2587 879 2620 Suartzburch,
902 2598 920 2615 u
937 2599 1003 2615 corr.
1017 2599 1047 2616 ex
1065 2599 1088 2615 w
1107 2590 1131 2616 5.
1239 2589 1264 2622 P)
1282 2591 1463 2616 Alamanniam
1481 2590 1506 2616 4.
1612 2591 1638 2624 ²1)
1657 2593 1799 2625 Ernesturp
1819 2591 1843 2618 1.
1856 2591 1881 2618 2.
1892 2591 1918 2618 4.
1931 2591 1963 2624 ὃς

320 2624 459 2656 Ernestrup
477 2623 500 2649 3.
586 2625 607 2658 ¹)
625 2628 717 2654 Sebeth
737 2629 761 2655 4.
848 2631 868 2663 Β)
888 2633 1006 2658 Thorono
1023 2633 1048 2659 4.
1136 2633 1157 2666 t)
1176 2634 1231 2659 loco
1250 2637 1275 2659 et
1293 2642 1380 2659 coram
1399 2633 1423 2659 3.
1437 2633 1466 2659 4:
1489 2642 1521 2660 ac
1539 2635 1625 2660 etiam.
1712 2633 1739 2668 u)
1758 2635 1827 2661 deest
1845 2634 1875 2667 3;
1893 2638 1920 2661 et
1937 2634 1963 2662 4.

321 2666 345 2696 v)
364 2667 483 2691 sumitate
501 2667 525 2693 3.
611 2671 641 2700 w)
660 2679 811 2704 pargameno
829 2674 852 2699 4.
867 2675 890 2700 5.
982 2676 1009 2707 x)
1028 2677 1095 2702 deest
1113 2678 1137 2702 3.
1231 2676 1257 2707 δ’)
1275 2677 1447 2710 suplicatione
1465 2676 1489 2703 3.
1581 2677 1605 2711 ⁸)
1623 2678 1726 2704 eosdem
1740 2677 1768 2704 3.
1863 2678 1887 2711 ⁸)
1905 2687 1962 2712 pro·
1982 2690 2011 2710 ⁴5

320 2708 389 2739 loqu.
407 2707 431 2733 4.
517 2709 542 2741 b)
561 2711 596 2735 bis
614 2713 732 2745 scriptum
749 2714 774 2740 4.
861 2716 883 2748 ⁰)
901 2719 1047 2744 annotanda
1064 2718 1089 2745 4.
1177 2718 1204 2751 d)
1222 2724 1371 2753 presumant
1387 2719 1413 2746 4.
1501 2720 1525 2753 θ)
1544 2725 1582 2747 set
1601 2723 1625 2746 3.
1716 2719 1737 2753 s)
1755 2721 1882 2747 Avenion.
1900 2719 1925 2747 3.
1938 2720 1964 2747 5.

322 2750 347 2780 Β)
366 2750 421 2775 loco
438 2751 479 2776 vel
490 2755 655 2780 —contrairo
673 2755 695 2781 4.
710 2756 738 2782 5:
757 2761 811 2783 etc.
897 2759 922 2792 h)
942 2762 996 2787 loco
1014 2762 1279 2788 hoe—incursurum
1297 2763 1322 2789 4.
1335 2763 1365 2789 5:
1384 2767 1441 2790 etc.
1528 2762 1549 2796 ί)
1567 2768 1637 2797 pont.
1650 2773 1676 2790 n.
1694 2764 1788 2790 desunt
1806 2763 1831 2790 4.
1955 2765 1957 2768 ’

426 2810 451 2842 1)
470 2809 689 2840 Procuratorium
706 2816 774 2849 regis
792 2819 945 2845 accuratius
961 2819 1118 2847 describitur
1135 2822 1214 2857 inf’ra
1231 2830 1274 2850 nr.
1288 2826 1337 2850 881
1355 2830 1415 2856 cap.
1427 2825 1451 2850 3.
