2184 3126
423 172 519 201 ACTA
540 171 653 200 REGNI
672 169 856 199 LUDE'WICI
876 170 922 198 1v.
941 169 989 198 ΕΤ
1008 168 1192 197 FRlDERlCI
1212 168 1259 196 111.
1296 168 1372 196 1324.
1409 167 1456 195 Nr.
1469 168 1530 196 847.
1547 168 1607 196 848.
1779 171 1837 201 671

293 259 338 299 (S.
356 258 411 300 N.)
440 250 538 301 'Egob
561 258 719 291 Gerlaeus
741 257 824 290 filius
847 256 984 289 condam
1007 255 1129 288 domini
1152 254 1285 287 Henrici
1309 255 1351 287 de
1371 254 1587 297 Supramonte
1611 255 1693 285 sacri
1719 254 1841 296 pallatii

184 311 327 343 notarius
350 310 639 353 suprascriptarum
662 309 841 342 litterarum
864 307 1108 351 presentationi,
1136 307 1325 349 receptioni,
1349 306 1559 349 publicationi
1582 308 1617 337 et
1633 305 1840 347 explicationi

185 365 331 395 materne
366 361 579 404 omnibusque
606 361 772 403 premissis
799 371 863 393 una
897 370 970 392 cum
997 359 1214 401 suprascripto
1242 358 1424 391 Rolandino
1459 361 1492 390 et
1526 367 1599 388 cum
1632 356 1843 398 infrascriptis

186 414 336 455 Martino,
366 413 554 446 Guillielmo
589 416 622 446 et
650 412 821 445 Franciseo
855 410 1070 444 tabelionibus
1099 414 1132 443 et
1164 410 1300 443 testibus
1326 410 1457 442 interfui
1492 413 1526 441 et
1554 409 1627 441 hinc
1654 408 1695 441 ad
1731 418 1842 440 eorum

155 477 168 497 ι
186 467 289 498 maius
312 466 530 498 testimonium
553 468 652 507 atque
667 464 765 497 fldem
782 474 835 496 me
851 464 884 496 in
900 466 1016 496 testem
1032 462 1204 505 subscripsi
1220 462 1365 504 meisque
1381 462 1472 503 signo
1489 465 1522 493 et
1537 461 1667 492 nomine
1683 460 1842 492 roboravi.

295 524 402 568 (S.N.)
424 524 515 566 Egob
526 524 683 557 Martinus
699 525 836 558 condam
848 524 985 557 Bonomi
1002 523 1174 566 imperialli
1188 523 1381 555 auctoritate
1394 522 1538 554 notarius
1554 522 1843 563 suprascriptarum

186 577 367 610 litterarum
394 577 641 619 presentationi,
670 576 879 619 publicationi
908 578 941 607 et
968 574 1176 617 explicationi
1204 578 1349 606 materne
1380 574 1561 615 ceterisque
1587 573 1752 614 premissis
1781 581 1845 603 una

185 639 259 661 eum
293 629 510 671 suprascripto
543 628 744 661 Rolandinoc
779 631 811 660 et
846 627 1056 670 infrascriptis
1090 626 1265 658 Guillelmo
1293 628 1327 657 et
1356 625 1528 657 Francisco
1564 623 1781 656 tabelionibus
1812 627 1845 654 et

186 679 322 713 testibus
348 679 478 712 interfui
508 682 542 714 et
564 680 637 712 hinc
660 680 703 712 ad
727 690 838 712 eorum
865 679 969 712 maius
991 678 1210 711 testimonium
1238 680 1336 719 atque
1360 676 1456 709 fidem
1486 686 1538 708 me
1567 676 1598 708 in
1628 679 1745 708 testem
1769 674 1844 707 sub-

143 745 169 766 ιο
186 732 298 774 scripsi
319 730 466 773 meisque
488 731 580 773 signo
604 734 637 763 et
659 732 788 763 nomine
812 729 969 763 roboravi.

295 790 341 831 (S.
353 791 408 831 Ν.)
445 790 538 833 Egob
570 790 764 823 Guilielmus
797 789 969 833 imperialli
1002 790 1194 822 auctoritate
1228 789 1371 820 notarius
1406 787 1644 829 infrascriptum
1678 787 1845 819 literarum

186 843 429 886 presentationi,
452 841 662 884 publicationi
690 845 724 874 et
747 840 955 884 explicationi
978 843 1124 873 materne
1147 840 1329 882 ceterisque
1353 839 1517 881 premissis
1544 849 1608 871 una
1636 849 1708 871 cum
1732 848 1844 880 supra-

185 894 312 936 scriptis
334 893 529 935 Rolandino,
553 893 693 926 Gerlaco
717 897 750 926 et
772 893 910 925 Mai-tino
934 895 968 924 et
989 891 1192 934 infrascripto
1215 891 1388 924 Francisco
1411 890 1629 923 tabelionibus
1653 894 1686 922 et
1709 889 1846 922 testibus

186 946 316 978 interfui
341 948 374 977 et
396 944 469 977 hinc
493 945 534 977 ad
566 955 677 978 eorum
711 945 816 977 maius
850 943 1069 976 testimonium
1103 946 1200 985 atque
1234 942 1332 975 fidem
1366 952 1419 974 me
1454 942 1485 973 in
1519 945 1637 974 testem
1671 939 1844 982 subscripsi

145 1010 169 1030 ιι
187 998 334 1043 meisque
357 997 449 1039 signo
474 1000 507 1029 et
529 997 658 1029 nomine
681 996 840 1029 roboravi.

296 1056 343 1098 (S.
356 1056 410 1099 Ν.)
444 1056 537 1098 Egob
553 1056 742 1089 Franciscus
765 1055 806 1088 de
822 1054 1062 1088 Marchadentis
1081 1030 1241 1097 imperiali
1263 1054 1471 1086 auctoritate
1478 1054 1622 1086 notarius
1644 1051 1845 1095 suprascrip-

187 1114 293 1141 tarum
316 1108 481 1140 literarum
505 1108 748 1150 presentationi,
771 1107 982 1150 publicationi
1005 1109 1039 1138 et
1061 1105 1270 1148 explicationi
1298 1109 1444 1138 materne
1472 1106 1652 1148 ceterisque
1683 1103 1847 1147 premissis

187 1170 252 1192 una
275 1170 348 1192 cum
371 1160 596 1202 suprascriptis
618 1159 811 1200 Rolandino,
836 1158 987 1199 Gerlaco,
1011 1157 1150 1190 Martino
1174 1159 1208 1190 et
1231 1156 1393 1189 Gulielmo
1417 1156 1632 1190 tabelionibus
1655 1161 1688 1188 et
1710 1153 1847 1187 testibus

188 1211 319 1244 interfui
342 1214 376 1243 et
398 1211 471 1243 hinc
495 1211 536 1243 ad
553 1221 663 1244 eorum
680 1211 784 1243 maius
799 1210 1019 1242 testimonium
1034 1212 1132 1251 atque
1147 1208 1245 1241 fidem
1261 1219 1314 1241 me
1330 1209 1362 1240 in
1378 1211 1497 1241 testem
1514 1208 1686 1250 subscripsi
1701 1207 1846 1248 meisque

145 1274 172 1296 so
190 1263 282 1305 siguo
307 1265 340 1294 et
362 1263 492 1295 nomine
516 1262 674 1295 roboravi.

567 1398 654 1435 848.
694 1398 846 1434 Litterae
873 1397 999 1434 vicarii
1022 1396 1206 1443 yeneralis.
1312 1395 1393 1431 Ian..
1413 1398 1473 1432 21.

301 1474 399 1514 Copia
423 1473 478 1515 (e.)
500 1472 630 1505 nonnisi
652 1472 686 1504 in
708 1472 918 1504 instrumento
940 1470 1173 1504 Publficaticmis
1195 1469 1286 1510 infra
1308 1480 1358 1503 nr.
1374 1470 1448 1503 849.
1497 1469 1695 1503 Cmatulimus
1714 1478 1780 1501 nos.
1810 1488 1848 1491 —

190 1524 252 1557 Ed.
276 1523 561 1566 ‘Oberbayerisches
583 1522 716 1556 Archiv'
739 1523 769 1563 I,
793 1523 836 1555 98
857 1523 892 1555 in
914 1533 964 1555 nr.
980 1524 1021 1554 74
1044 1533 1083 1555 ex
1105 1533 1150 1555 or.

301 1610 417 1643 Frater
432 1610 600 1643 Conradus
621 1609 662 1642 de
679 1609 827 1649 Ucerstal
852 1609 972 1642 ordinis
988 1609 1220 1649 cisterciensis,
1245 1608 1414 1641 reverendi
1438 1608 1538 1650 patris
1561 1607 1680 1639 domini
1705 1606 1851 1638 Heinriei

145 1672 173 1693 ss
191 1662 254 1694 Dei
271 1665 304 1694 et
319 1662 497 1704 apostolice
514 1661 602 1694 sedis
616 1661 722 1703 gratia
739 1661 918 1693 Tridentini
942 1661 1086 1703 episcopi
1110 1670 1194 1692 nunc
1217 1670 1275 1702 pro
1292 1659 1402 1692 arduis
1424 1660 1561 1692 ecclesie
1583 1669 1641 1690 sue
1658 1657 1850 1690 Tridentino

190 1714 329 1756 negotiis
352 1715 383 1746 in
407 1714 540 1746 remotis
562 1713 688 1756 agentis
711 1713 850 1745 vicarius
872 1712 1035 1755 generalis
1139 1712 1284 1744 diseretis
1312 1712 1387 1743 viris
1414 1711 1571 1743 universis
1598 1714 1631 1742 et
1659 1710 1792 1752 singulis
1816 1734 1822 1740 .
1841 1733 1848 1740 .

189 1765 372 1807 abbatibus,
397 1790 403 1797 .
422 1763 429 1797 ζ
452 1765 622 1807 prioribus,
647 1790 653 1797 .
672 1790 678 1797 .
708 1765 890 1807 prepositis,
915 1788 922 1796 .
939 1789 946 1797 .
970 1763 1258 1806 archipresbiteris,
1284 1788 1290 1795 .
1309 1787 1316 1795 .
1333 1762 1480 1805 plebanis
1503 1766 1537 1794 et
1552 1762 1624 1794 aliis
1641 1761 1849 1794 ecclesiarum

190 1817 368 1850 rectoribus
406 1820 439 1849 et
472 1817 604 1859 prelatis
638 1826 815 1859 eorumque
848 1815 1124 1858 vioesgerentibus
1161 1825 1220 1857 per
1253 1814 1476 1847 Tridentinam
1515 1814 1680 1846 civitatem
1714 1816 1746 1844 et
1782 1813 1851 1845 eius

189 1867 344 1901 diocesim
368 1869 557 1908 constitutis,
587 1867 628 1900 ad
652 1878 732 1910 quos
755 1871 922 1910 presentes
946 1868 1149 1910 pervenerint
1244 1867 1382 1899 salutem
1411 1867 1443 1898 in
1466 1866 1606 1898 Domino
1631 1868 1665 1898 et
1690 1864 1850 1897 mandatis

145 1933 173 1954 so
190 1920 317 1961 nostris,
340 1920 438 1952 immo
461 1921 568 1952 verius
589 1919 775 1962 apostolicis
797 1919 932 1951 firmiter
955 1918 1097 1951 obedire.

299 1980 347 2022 (1)
370 1979 532 2011 Noveritis
555 1990 613 2011 nos
635 1989 737 2021 nuper
759 1979 911 2011 videlicet
935 1978 988 2011 die
1012 1979 1087 2011 date
1112 1979 1311 2020 presentium
1335 1978 1493 2020 quosdam
1517 1981 1667 2020 patentes
1682 1987 1852 2019 processus

192 2031 383 2064 sanctissimi
420 2031 452 2062 in
487 2030 615 2063 Christo
649 2031 749 2073 patris
787 2035 820 2062 et
858 2031 979 2062 domini
1016 2031 1116 2063 nostri
1155 2030 1275 2062 domini
1314 2030 1466 2062 Iohannis
1504 2029 1612 2062 divina
1649 2028 1851 2071 providentia

192 2093 278 2125 pape
300 2082 410 2115 XXII.
434 2082 522 2115 bulla
546 2082 654 2125 papali
678 2082 832 2124 plumbea
854 2082 896 2114 ad
920 2082 1051 2115 cordam
1074 2083 1207 2125 canapis
1230 2081 1392 2124 pendente
1417 2082 1567 2122 munitos,
1591 2081 1646 2123 qui
1668 2080 1854 2123 specialiter

194 2135 320 2176 prefato
345 2134 474 2166 domino
499 2135 651 2176 episcopo
677 2133 872 2176 dirriguntur
895 2144 937 2166 ex
960 2138 1051 2176 parte
1075 2134 1175 2176 ipsius
1199 2133 1320 2166 domini
1344 2144 1440 2175 pape,
1471 2143 1544 2165 cum
1568 2133 1654 2165 omni
1677 2132 1851 2165 devotione

149 2199 176 2220 z·
195 2188 230 2218 et
251 2185 364 2218 humili
386 2185 570 2218 reverentia
593 2186 755 2233 recipisse.
802 2186 944 2222 Quorum
970 2196 1029 2228 per
1051 2186 1159 2217 omnia
1184 2189 1276 2218 tenor
1298 2186 1443 2227 sequitur
1465 2185 1497 2216 in
1520 2184 1581 2216 hec
1604 2183 1717 2216 verba:

300 2244 474 2278 ‘Iohannes
498 2246 670 2288 episcopus
692 2256 802 2278 servus
825 2256 990 2278 servorum
1014 2245 1076 2278 Dei
1165 2244 1342 2277 venerabili
1365 2244 1455 2276 fratri
1481 2268 1487 2275 .
1506 2269 1513 2276 .
1538 2245 1692 2286 episcopo
1715 2243 1852 2276 Triden-

197 2296 263 2328 tino
287 2297 423 2330 salutem
447 2300 480 2330 et
502 2297 714 2340 apostolicam
738 2297 1008 2330 benedictionem.

305 2347 417 2391 Nuper
440 2351 551 2382 contra
574 2349 627 2381 dil.
647 2368 687 2373 —
703 2349 803 2381 nostri
826 2359 909 2381 anno
934 2349 1088 2381 octavo¹.'

308 2412 354 2455 (2)
377 2412 446 2445 Nos
468 2413 578 2456 itaque
601 2414 702 2446 frater
718 2413 886 2445 Oonradus
910 2413 1073 2456 predictus
1096 2413 1244 2446 volentes
1267 2416 1422 2455 quantum
1438 2413 1469 2444 in
1492 2412 1586 2444 nobis
1602 2415 1651 2444 est
1673 2422 1712 2444 ac
1727 2412 1797 2444 viee
1821 2416 1853 2443 et

152 2472 178 2492 ιο
196 2463 268 2495 loco
297 2463 375 2496 dieti
403 2463 525 2496 domini
552 2465 696 2507 episcopi
726 2465 806 2497 sicut
841 2466 1036 2507 premittitur
1069 2466 1100 2497 in
1129 2466 1262 2497 remotis
1293 2466 1419 2507 agentis
1453 2463 1640 2496 mandatum
1669 2462 1852 2495 huiusmodi

197 2514 410 2556 apostolicum
433 2520 620 2549 reverenter
642 2517 775 2559 exequi,
804 2519 840 2548 ut
863 2519 1025 2558 tenemur,
1052 2517 1161 2558 statim
1193 2517 1263 2559 ipsa
1290 2516 1343 2549 die
1373 2515 1448 2548 date
1477 2516 1676 2559 presentium
1699 2519 1853 2557 tanquam

197 2565 383 2598 obedientie
407 2567 490 2599 filius
512 2566 544 2599 in
567 2567 746 2600 cathedrali
769 2569 908 2600 ecclesia
925 2569 1114 2601 Tridentina
1137 2571 1313 2601 convocata
1337 2578 1415 2600 voce
1439 2567 1590 2610 preconia
1614 2570 1647 2599 et
1670 2566 1855 2608 specialiter

195 2621 395 2660 congregata
417 2617 459 2650 ad
482 2619 543 2651 hoc
565 2619 643 2651 cleri
666 2622 699 2651 et
722 2619 831 2662 populi
848 2630 885 2652 nc
902 2621 1127 2662 religiosorum
1146 2620 1281 2652 aliorum
1298 2618 1503 2652 multitudine
1520 2619 1651 2661 copiosa
1668 2628 1854 2661 processum

299 2719 365 2748 847.
391 2720 416 2753 ¹²)
434 2722 490 2748 alia
507 2731 600 2748 πωπω
618 2731 656 2749 or.
746 2723 769 2753 ο)
788 2724 823 2749 nic
841 2733 879 2750 or.

154 2791 179 2809 ⁴⁵
306 2789 331 2822 1)
351 2788 445 2821 Supra
462 2795 504 2815 nr.
521 2792 566 2816 795
583 2788 620 2816 ad
639 2790 662 2817 1.
