<?xml version="1.0" encoding="UTF-8"?>
<!DOCTYPE html PUBLIC "-//W3C//DTD XHTML 1.0 Transitional//EN"
    "http://www.w3.org/TR/xhtml1/DTD/xhtml1-transitional.dtd">
<html xmlns="http://www.w3.org/1999/xhtml" xml:lang="en" lang="en">
 <head>
  <title>
</title>
<meta http-equiv="Content-Type" content="text/html;charset=utf-8" />
  <meta name='ocr-system' content='tesseract 3.04.00' />
  <meta name='ocr-capabilities' content='ocr_page ocr_carea ocr_par ocr_line ocrx_word'/>
</head>
<body>
  <div class='ocr_page' id='page_1' title='image "./monumentagerma05geseuoft_0616.png"; bbox 0 0 2184 3126; ppageno 0'>
   <div class='ocr_carea' id='block_1_1' title="bbox 332 176 1712 224">
    <p class='ocr_par' dir='ltr' id='par_1_1' title="bbox 332 176 1712 224">
     <span class='ocr_line' id='line_1_1' title="bbox 332 176 1712 224; baseline -0.012 -5"><span class='ocrx_word' id='word_1_1' title='bbox 332 194 394 224; x_wconf 81' lang='grc'>576</span> <span class='ocrx_word' id='word_1_2' title='bbox 608 187 704 215; x_wconf 83' lang='lat' dir='ltr'>ACTA</span> <span class='ocrx_word' id='word_1_3' title='bbox 723 185 836 213; x_wconf 84' lang='lat' dir='ltr'>REGNI</span> <span class='ocrx_word' id='word_1_4' title='bbox 855 183 1038 212; x_wconf 84' lang='lat' dir='ltr'>LUDEWICI</span> <span class='ocrx_word' id='word_1_5' title='bbox 1057 182 1104 209; x_wconf 88' lang='lat' dir='ltr'>IV.</span> <span class='ocrx_word' id='word_1_6' title='bbox 1122 181 1169 208; x_wconf 84' lang='grc' dir='ltr'>ΕΤ</span> <span class='ocrx_word' id='word_1_7' title='bbox 1189 179 1375 207; x_wconf 81' lang='lat' dir='ltr'>FRIDERICI</span> <span class='ocrx_word' id='word_1_8' title='bbox 1393 178 1442 205; x_wconf 92' lang='lat'>111.</span> <span class='ocrx_word' id='word_1_9' title='bbox 1478 177 1554 205; x_wconf 83' lang='lat'><strong>1323.</strong></span> <span class='ocrx_word' id='word_1_10' title='bbox 1590 177 1640 204; x_wconf 83' lang='lat' dir='ltr'>Nr.</span> <span class='ocrx_word' id='word_1_11' title='bbox 1653 176 1712 204; x_wconf 75' lang='lat'><strong>739.</strong></span> 
     </span>
    </p>
   </div>
   <div class='ocr_carea' id='block_1_2' title="bbox 375 263 1988 418">
    <p class='ocr_par' dir='ltr' id='par_1_2' title="bbox 375 263 1988 418">
     <span class='ocr_line' id='line_1_2' title="bbox 375 263 1986 317; baseline -0.008 -10"><span class='ocrx_word' id='word_1_12' title='bbox 375 275 570 317; x_wconf 83' lang='lat' dir='ltr'>sapientum,</span> <span class='ocrx_word' id='word_1_13' title='bbox 602 273 656 314; x_wconf 90' lang='lat' dir='ltr'>qui</span> <span class='ocrx_word' id='word_1_14' title='bbox 679 269 893 313; x_wconf 83' lang='lat' dir='ltr'>videbunt[ur]</span> <span class='ocrx_word' id='word_1_15' title='bbox 925 279 1021 310; x_wconf 85' lang='lat' dir='ltr'>quam</span> <span class='ocrx_word' id='word_1_16' title='bbox 1051 267 1197 299; x_wconf 81' lang='lat' dir='ltr'>melioric</span> <span class='ocrx_word' id='word_1_17' title='bbox 1220 265 1398 308; x_wconf 77' lang='lat' dir='ltr'><strong>deputandi</strong></span> <span class='ocrx_word' id='word_1_18' title='bbox 1425 264 1547 303; x_wconf 89' lang='lat' dir='ltr'>eidem,</span> <span class='ocrx_word' id='word_1_19' title='bbox 1574 264 1616 296; x_wconf 84' lang='lat' dir='ltr'>acl</span> <span class='ocrx_word' id='word_1_20' title='bbox 1638 263 1811 305; x_wconf 84' lang='lat' dir='ltr'><strong>honorem,</strong></span> <span class='ocrx_word' id='word_1_21' title='bbox 1838 265 1986 307; x_wconf 80' lang='lat' dir='ltr'>magnifi-</span> 
     </span>
     <span class='ocr_line' id='line_1_3' title="bbox 377 315 1988 363; baseline -0.006 -5"><span class='ocrx_word' id='word_1_22' title='bbox 377 326 519 358; x_wconf 84' lang='lat' dir='ltr'>cenciam</span> <span class='ocrx_word' id='word_1_23' title='bbox 544 328 576 356; x_wconf 83' lang='lat' dir='ltr'>et</span> <span class='ocrx_word' id='word_1_24' title='bbox 610 326 728 355; x_wconf 84' lang='lat' dir='ltr'>statum</span> <span class='ocrx_word' id='word_1_25' title='bbox 755 322 855 363; x_wconf 88' lang='lat' dir='ltr'>ipsius</span> <span class='ocrx_word' id='word_1_26' title='bbox 888 320 1007 351; x_wconf 90' lang='lat' dir='ltr'>domini</span> <span class='ocrx_word' id='word_1_27' title='bbox 1035 318 1187 350; x_wconf 87' lang='lat' dir='ltr'>Iohannis</span> <span class='ocrx_word' id='word_1_28' title='bbox 1209 317 1343 348; x_wconf 88' lang='lat' dir='ltr'>Henrici</span> <span class='ocrx_word' id='word_1_29' title='bbox 1372 319 1405 347; x_wconf 87' lang='lat' dir='ltr'>et</span> <span class='ocrx_word' id='word_1_30' title='bbox 1432 316 1569 347; x_wconf 85' lang='lat' dir='ltr'>civitatis</span> <span class='ocrx_word' id='word_1_31' title='bbox 1598 318 1632 347; x_wconf 86' lang='lat' dir='ltr'>et</span> <span class='ocrx_word' id='word_1_32' title='bbox 1654 315 1817 348; x_wconf 86' lang='lat' dir='ltr'>districtus</span> <span class='ocrx_word' id='word_1_33' title='bbox 1839 316 1988 349; x_wconf 69' lang='lat' dir='ltr'>Tarvisii.</span> 
     </span>
     <span class='ocr_line' id='line_1_4' title="bbox 376 366 1650 418; baseline -0.009 -10"><span class='ocrx_word' id='word_1_34' title='bbox 376 377 419 408; x_wconf 86' lang='lat' dir='ltr'>Et</span> <span class='ocrx_word' id='word_1_35' title='bbox 441 378 467 407; x_wconf 90' lang='lat' dir='ltr'>si</span> <span class='ocrx_word' id='word_1_36' title='bbox 490 375 656 418; x_wconf 75' lang='lat' dir='ltr'>placuerit,</span> <span class='ocrx_word' id='word_1_37' title='bbox 682 373 767 415; x_wconf 93' lang='lat' dir='ltr'>quod</span> <span class='ocrx_word' id='word_1_38' title='bbox 789 373 987 413; x_wconf 80' lang='lat' dir='ltr'>proponatur</span> <span class='ocrx_word' id='word_1_39' title='bbox 1010 369 1051 401; x_wconf 83' lang='lat' dir='ltr'>ad</span> <span class='ocrx_word' id='word_1_40' title='bbox 1075 368 1242 400; x_wconf 91' lang='lat' dir='ltr'>consilium</span> <span class='ocrx_word' id='word_1_41' title='bbox 1266 367 1326 398; x_wconf 92' lang='lat' dir='ltr'>XL</span> <span class='ocrx_word' id='word_1_42' title='bbox 1351 370 1385 398; x_wconf 87' lang='lat' dir='ltr'>et</span> <span class='ocrx_word' id='word_1_43' title='bbox 1407 366 1650 398; x_wconf 71' lang='lat' dir='ltr'>trecentorum.³</span> 
     </span>
    </p>
   </div>
   <div class='ocr_carea' id='block_1_3' title="bbox 334 431 2040 2048">
    <p class='ocr_par' dir='ltr' id='par_1_3' title="bbox 334 431 2032 736">
     <span class='ocr_line' id='line_1_5' title="bbox 442 431 1989 474; baseline -0.006 -1"><span class='ocrx_word' id='word_1_44' title='bbox 442 440 465 473; x_wconf 85' lang='lat' dir='ltr'><strong>G</strong></span> <span class='ocrx_word' id='word_1_45' title='bbox 488 440 645 472; x_wconf 88' lang='lat' dir='ltr'>Dominus</span> <span class='ocrx_word' id='word_1_46' title='bbox 667 437 858 470; x_wconf 84' lang='lat' dir='ltr'>Beraldinus</span> <span class='ocrx_word' id='word_1_47' title='bbox 882 435 922 466; x_wconf 93' lang='lat' dir='ltr'>de</span> <span class='ocrx_word' id='word_1_48' title='bbox 946 433 1078 465; x_wconf 86' lang='lat' dir='ltr'>Caserio</span> <span class='ocrx_word' id='word_1_49' title='bbox 1102 433 1254 464; x_wconf 85' lang='lat' dir='ltr'>ancianus</span> <span class='ocrx_word' id='word_1_50' title='bbox 1277 432 1422 463; x_wconf 89' lang='lat' dir='ltr'>comunis</span> <span class='ocrx_word' id='word_1_51' title='bbox 1438 431 1576 463; x_wconf 80' lang='lat' dir='ltr'>Tarvisii</span> <span class='ocrx_word' id='word_1_52' title='bbox 1599 431 1768 473; x_wconf 85' lang='lat' dir='ltr'>consuluit,</span> <span class='ocrx_word' id='word_1_53' title='bbox 1792 432 1879 474; x_wconf 87' lang='lat' dir='ltr'>quod</span> <span class='ocrx_word' id='word_1_54' title='bbox 1902 432 1989 465; x_wconf 83' lang='lat' dir='ltr'>dicta</span> 
     </span>
     <span class='ocr_line' id='line_1_6' title="bbox 334 483 2032 535; baseline -0.004 -11"><span class='ocrx_word' id='word_1_55' title='bbox 334 492 473 535; x_wconf 83' lang='lat' dir='ltr'>provisio</span> <span class='ocrx_word' id='word_1_56' title='bbox 497 493 537 522; x_wconf 85' lang='lat' dir='ltr'>sit</span> <span class='ocrx_word' id='word_1_57' title='bbox 563 491 655 522; x_wconf 84' lang='lat' dir='ltr'>firma</span> <span class='ocrx_word' id='word_1_58' title='bbox 678 492 711 520; x_wconf 87' lang='lat' dir='ltr'>et</span> <span class='ocrx_word' id='word_1_59' title='bbox 733 487 866 526; x_wconf 83' lang='lat' dir='ltr'>vallida,</span> <span class='ocrx_word' id='word_1_60' title='bbox 893 489 928 517; x_wconf 91' lang='lat' dir='ltr'>ut</span> <span class='ocrx_word' id='word_1_61' title='bbox 954 486 1053 525; x_wconf 85' lang='lat' dir='ltr'>iacet,</span> <span class='ocrx_word' id='word_1_62' title='bbox 1085 488 1118 515; x_wconf 86' lang='lat' dir='ltr'>et</span> <span class='ocrx_word' id='word_1_63' title='bbox 1145 483 1232 526; x_wconf 89' lang='lat' dir='ltr'>quod</span> <span class='ocrx_word' id='word_1_64' title='bbox 1259 486 1459 525; x_wconf 82' lang='lat' dir='ltr'>proponatur</span> <span class='ocrx_word' id='word_1_65' title='bbox 1485 483 1528 515; x_wconf 79' lang='lat' dir='ltr'>ad</span> <span class='ocrx_word' id='word_1_66' title='bbox 1561 483 1730 515; x_wconf 87' lang='lat' dir='ltr'>consilium</span> <span class='ocrx_word' id='word_1_67' title='bbox 1763 483 1987 526; x_wconf 76' lang='lat' dir='ltr'>quadraginta.</span> <span class='ocrx_word' id='word_1_68' title='bbox 2018 497 2032 518; x_wconf 73' lang='grc' dir='ltr'><strong>ι</strong></span> 
     </span>
     <span class='ocr_line' id='line_1_7' title="bbox 334 534 1989 578; baseline -0.005 -2"><span class='ocrx_word' id='word_1_69' title='bbox 334 545 474 576; x_wconf 90' lang='lat' dir='ltr'>Demum</span> <span class='ocrx_word' id='word_1_70' title='bbox 498 544 529 573; x_wconf 92' lang='lat' dir='ltr'>in</span> <span class='ocrx_word' id='word_1_71' title='bbox 552 541 780 573; x_wconf 83' lang='lat' dir='ltr'>reformatione</span> <span class='ocrx_word' id='word_1_72' title='bbox 805 538 881 569; x_wconf 88' lang='lat' dir='ltr'>dicti</span> <span class='ocrx_word' id='word_1_73' title='bbox 906 537 1030 568; x_wconf 91' lang='lat' dir='ltr'>consilii</span> <span class='ocrx_word' id='word_1_74' title='bbox 1053 536 1158 578; x_wconf 87' lang='lat' dir='ltr'>posito</span> <span class='ocrx_word' id='word_1_75' title='bbox 1182 535 1301 576; x_wconf 83' lang='lat' dir='ltr'>partito</span> <span class='ocrx_word' id='word_1_76' title='bbox 1326 534 1367 566; x_wconf 85' lang='lat' dir='ltr'>ad</span> <span class='ocrx_word' id='word_1_77' title='bbox 1390 534 1556 577; x_wconf 87' lang='lat' dir='ltr'>bux(olas)</span> <span class='ocrx_word' id='word_1_78' title='bbox 1581 539 1614 567; x_wconf 87' lang='lat' dir='ltr'>et</span> <span class='ocrx_word' id='word_1_79' title='bbox 1636 535 1762 567; x_wconf 75' lang='lat' dir='ltr'>balotas</span> <span class='ocrx_word' id='word_1_80' title='bbox 1784 546 1845 578; x_wconf 88' lang='lat' dir='ltr'>per</span> <span class='ocrx_word' id='word_1_81' title='bbox 1867 535 1989 567; x_wconf 86' lang='lat' dir='ltr'>dictum</span> 
     </span>
     <span class='ocr_line' id='line_1_8' title="bbox 335 586 1990 635; baseline -0.004 -9"><span class='ocrx_word' id='word_1_82' title='bbox 335 595 497 626; x_wconf 90' lang='lat' dir='ltr'>dominum</span> <span class='ocrx_word' id='word_1_83' title='bbox 514 595 709 635; x_wconf 85' lang='lat' dir='ltr'>potestatem</span> <span class='ocrx_word' id='word_1_84' title='bbox 724 591 886 621; x_wconf 83' lang='lat' dir='ltr'>firmatum</span> <span class='ocrx_word' id='word_1_85' title='bbox 902 588 962 619; x_wconf 85' lang='lat' dir='ltr'>fuit</span> <span class='ocrx_word' id='word_1_86' title='bbox 984 598 1043 629; x_wconf 92' lang='lat' dir='ltr'>per</span> <span class='ocrx_word' id='word_1_87' title='bbox 1058 586 1223 619; x_wconf 91' lang='lat' dir='ltr'>XXXVII</span> <span class='ocrx_word' id='word_1_88' title='bbox 1247 586 1445 619; x_wconf 82' lang='lat' dir='ltr'>consiliarios</span> <span class='ocrx_word' id='word_1_89' title='bbox 1467 587 1500 618; x_wconf 91' lang='lat' dir='ltr'>in</span> <span class='ocrx_word' id='word_1_90' title='bbox 1516 586 1699 628; x_wconf 85' lang='lat' dir='ltr'>concordia,</span> <span class='ocrx_word' id='word_1_91' title='bbox 1722 587 1852 619; x_wconf 86' lang='lat' dir='ltr'>nemine</span> <span class='ocrx_word' id='word_1_92' title='bbox 1868 587 1990 619; x_wconf 83' lang='lat' dir='ltr'>disere-</span> 
     </span>
     <span class='ocr_line' id='line_1_9' title="bbox 335 637 1991 688; baseline -0.004 -11"><span class='ocrx_word' id='word_1_93' title='bbox 335 650 441 688; x_wconf 85' lang='lat' dir='ltr'>pante,</span> <span class='ocrx_word' id='word_1_94' title='bbox 466 644 552 687; x_wconf 91' lang='lat' dir='ltr'>quod</span> <span class='ocrx_word' id='word_1_95' title='bbox 576 644 661 675; x_wconf 82' lang='lat' dir='ltr'>dicta</span> <span class='ocrx_word' id='word_1_96' title='bbox 683 642 822 684; x_wconf 79' lang='lat' dir='ltr'>provisio</span> <span class='ocrx_word' id='word_1_97' title='bbox 846 643 1044 682; x_wconf 81' lang='lat' dir='ltr'>proponatur</span> <span class='ocrx_word' id='word_1_98' title='bbox 1067 638 1109 670; x_wconf 86' lang='lat' dir='ltr'>ad</span> <span class='ocrx_word' id='word_1_99' title='bbox 1133 638 1299 670; x_wconf 82' lang='lat' dir='ltr'>consilium</span> <span class='ocrx_word' id='word_1_100' title='bbox 1315 637 1376 669; x_wconf 90' lang='lat' dir='ltr'>XL</span> <span class='ocrx_word' id='word_1_101' title='bbox 1401 639 1434 669; x_wconf 89' lang='lat' dir='ltr'>et</span> <span class='ocrx_word' id='word_1_102' title='bbox 1456 638 1498 669; x_wconf 90' lang='lat' dir='ltr'>sit</span> <span class='ocrx_word' id='word_1_103' title='bbox 1520 637 1623 679; x_wconf 80' lang='lat' dir='ltr'>firma,</span> <span class='ocrx_word' id='word_1_104' title='bbox 1645 642 1681 669; x_wconf 92' lang='lat' dir='ltr'>ut</span> <span class='ocrx_word' id='word_1_105' title='bbox 1704 638 1864 670; x_wconf 91' lang='lat' dir='ltr'>consuluit</span> <span class='ocrx_word' id='word_1_106' title='bbox 1886 638 1991 670; x_wconf 85' lang='lat' dir='ltr'>dictus</span> 
     </span>
     <span class='ocr_line' id='line_1_10' title="bbox 335 698 496 736; baseline -0.012 -8"><span class='ocrx_word' id='word_1_107' title='bbox 335 698 496 736; x_wconf 70' lang='lat' dir='ltr'>ancianus.</span> 
     </span>
    </p>

    <p class='ocr_par' dir='ltr' id='par_1_4' title="bbox 334 744 2034 947">
     <span class='ocr_line' id='line_1_11' title="bbox 442 744 2034 789; baseline -0.003 -6"><span class='ocrx_word' id='word_1_108' title='bbox 442 751 466 784; x_wconf 84' lang='lat' dir='ltr'>C</span> <span class='ocrx_word' id='word_1_109' title='bbox 489 752 572 783; x_wconf 87' lang='lat' dir='ltr'>Item</span> <span class='ocrx_word' id='word_1_110' title='bbox 597 761 635 782; x_wconf 90' lang='lat' dir='ltr'>eo</span> <span class='ocrx_word' id='word_1_111' title='bbox 660 750 712 781; x_wconf 88' lang='lat' dir='ltr'>die</span> <span class='ocrx_word' id='word_1_112' title='bbox 729 748 860 780; x_wconf 88' lang='lat' dir='ltr'>consilio</span> <span class='ocrx_word' id='word_1_113' title='bbox 879 747 1093 789; x_wconf 85' lang='lat' dir='ltr'>quadraginta</span> <span class='ocrx_word' id='word_1_114' title='bbox 1109 746 1253 778; x_wconf 79' lang='lat' dir='ltr'>comunis</span> <span class='ocrx_word' id='word_1_115' title='bbox 1269 745 1407 777; x_wconf 82' lang='lat' dir='ltr'>Tarvisii</span> <span class='ocrx_word' id='word_1_116' title='bbox 1428 746 1461 777; x_wconf 88' lang='lat' dir='ltr'>in</span> <span class='ocrx_word' id='word_1_117' title='bbox 1477 746 1604 788; x_wconf 80' lang='lat' dir='ltr'>palacio</span> <span class='ocrx_word' id='word_1_118' title='bbox 1620 747 1737 778; x_wconf 85' lang='lat' dir='ltr'>minori</span> <span class='ocrx_word' id='word_1_119' title='bbox 1751 746 1830 778; x_wconf 89' lang='lat' dir='ltr'>dicti</span> <span class='ocrx_word' id='word_1_120' title='bbox 1845 746 1990 779; x_wconf 80' lang='lat' dir='ltr'>comunis</span> <span class='ocrx_word' id='word_1_121' title='bbox 2008 744 2034 779; x_wconf 76' lang='grc' dir='ltr'><strong>ιό</strong></span> 
     </span>
     <span class='ocr_line' id='line_1_12' title="bbox 334 797 1990 841; baseline -0.003 -6"><span class='ocrx_word' id='word_1_122' title='bbox 334 808 368 835; x_wconf 86' lang='lat' dir='ltr'>ut</span> <span class='ocrx_word' id='word_1_123' title='bbox 402 804 499 835; x_wconf 89' lang='lat' dir='ltr'>moris</span> <span class='ocrx_word' id='word_1_124' title='bbox 532 806 581 834; x_wconf 89' lang='lat' dir='ltr'>est</span> <span class='ocrx_word' id='word_1_125' title='bbox 614 801 655 833; x_wconf 86' lang='lat' dir='ltr'>ad</span> <span class='ocrx_word' id='word_1_126' title='bbox 689 811 801 832; x_wconf 92' lang='lat' dir='ltr'>sonum</span> <span class='ocrx_word' id='word_1_127' title='bbox 837 810 993 841; x_wconf 82' lang='lat' dir='ltr'>campane</span> <span class='ocrx_word' id='word_1_128' title='bbox 1029 802 1062 830; x_wconf 92' lang='lat' dir='ltr'>et</span> <span class='ocrx_word' id='word_1_129' title='bbox 1095 808 1209 830; x_wconf 89' lang='lat' dir='ltr'>vocem</span> <span class='ocrx_word' id='word_1_130' title='bbox 1236 797 1386 839; x_wconf 84' lang='lat' dir='ltr'>preconis</span> <span class='ocrx_word' id='word_1_131' title='bbox 1413 807 1523 830; x_wconf 84' lang='lat' dir='ltr'>coram</span> <span class='ocrx_word' id='word_1_132' title='bbox 1551 797 1637 830; x_wconf 90' lang='lat' dir='ltr'>dicto</span> <span class='ocrx_word' id='word_1_133' title='bbox 1667 798 1798 830; x_wconf 85' lang='lat' dir='ltr'>domino</span> <span class='ocrx_word' id='word_1_134' title='bbox 1826 802 1990 840; x_wconf 82' lang='lat' dir='ltr'>potestate</span> 
     </span>
     <span class='ocr_line' id='line_1_13' title="bbox 334 849 1991 897; baseline -0.002 -11"><span class='ocrx_word' id='word_1_135' title='bbox 334 855 541 897; x_wconf 81' lang='lat' dir='ltr'>solempniter</span> <span class='ocrx_word' id='word_1_136' title='bbox 567 856 772 895; x_wconf 77' lang='lat' dir='ltr'>congregato.</span> <span class='ocrx_word' id='word_1_137' title='bbox 818 852 906 883; x_wconf 90' lang='lat' dir='ltr'>Petit</span> <span class='ocrx_word' id='word_1_138' title='bbox 932 851 1019 882; x_wconf 92' lang='lat' dir='ltr'>idem</span> <span class='ocrx_word' id='word_1_139' title='bbox 1048 850 1195 882; x_wconf 90' lang='lat' dir='ltr'>dominus</span> <span class='ocrx_word' id='word_1_140' title='bbox 1222 852 1368 891; x_wconf 88' lang='lat' dir='ltr'>potestas</span> <span class='ocrx_word' id='word_1_141' title='bbox 1395 849 1455 881; x_wconf 89' lang='lat' dir='ltr'>sibi</span> <span class='ocrx_word' id='word_1_142' title='bbox 1485 849 1652 881; x_wconf 87' lang='lat' dir='ltr'>consilium</span> <span class='ocrx_word' id='word_1_143' title='bbox 1680 850 1818 891; x_wconf 85' lang='lat' dir='ltr'>exiberi,</span> <span class='ocrx_word' id='word_1_144' title='bbox 1850 850 1927 893; x_wconf 86' lang='lat' dir='ltr'>quid</span> <span class='ocrx_word' id='word_1_145' title='bbox 1949 851 1991 882; x_wconf 85' lang='lat' dir='ltr'>sit</span> 
     </span>
     <span class='ocr_line' id='line_1_14' title="bbox 334 896 1778 947; baseline -0.006 -9"><span class='ocrx_word' id='word_1_146' title='bbox 334 906 516 938; x_wconf 83' lang='lat' dir='ltr'>faciendum</span> <span class='ocrx_word' id='word_1_147' title='bbox 540 915 636 947; x_wconf 89' lang='lat' dir='ltr'>super</span> <span class='ocrx_word' id='word_1_148' title='bbox 659 905 804 946; x_wconf 86' lang='lat' dir='ltr'>predicta</span> <span class='ocrx_word' id='word_1_149' title='bbox 827 904 1019 945; x_wconf 87' lang='lat' dir='ltr'>provisione.</span> <span class='ocrx_word' id='word_1_150' title='bbox 1776 896 1778 898; x_wconf 62' lang='grc'>’</span> 
     </span>
    </p>

    <p class='ocr_par' dir='ltr' id='par_1_5' title="bbox 334 957 2035 1208">
     <span class='ocr_line' id='line_1_15' title="bbox 443 957 1991 1000; baseline -0.003 -6"><span class='ocrx_word' id='word_1_151' title='bbox 443 962 466 995; x_wconf 86' lang='lat' dir='ltr'>C</span> <span class='ocrx_word' id='word_1_152' title='bbox 488 962 601 993; x_wconf 82' lang='lat' dir='ltr'>Dictus</span> <span class='ocrx_word' id='word_1_153' title='bbox 617 961 764 993; x_wconf 90' lang='lat' dir='ltr'>dominus</span> <span class='ocrx_word' id='word_1_154' title='bbox 780 959 972 991; x_wconf 83' lang='lat' dir='ltr'>Beraldinus</span> <span class='ocrx_word' id='word_1_155' title='bbox 989 958 1160 1000; x_wconf 64' lang='lat' dir='ltr'>consuluit,</span> <span class='ocrx_word' id='word_1_156' title='bbox 1181 957 1268 999; x_wconf 91' lang='lat' dir='ltr'>quod</span> <span class='ocrx_word' id='word_1_157' title='bbox 1285 957 1371 989; x_wconf 82' lang='lat' dir='ltr'>dicta</span> <span class='ocrx_word' id='word_1_158' title='bbox 1387 957 1528 1000; x_wconf 90' lang='lat' dir='ltr'>provisio</span> <span class='ocrx_word' id='word_1_159' title='bbox 1543 961 1742 1000; x_wconf 76' lang='lat' dir='ltr'>proponatur</span> <span class='ocrx_word' id='word_1_160' title='bbox 1764 958 1807 989; x_wconf 86' lang='lat' dir='ltr'>ad</span> <span class='ocrx_word' id='word_1_161' title='bbox 1823 958 1991 990; x_wconf 90' lang='lat' dir='ltr'>consilium</span> 
     </span>
     <span class='ocr_line' id='line_1_16' title="bbox 334 1009 2035 1051; baseline -0.002 -5"><span class='ocrx_word' id='word_1_162' title='bbox 334 1018 562 1046; x_wconf 87' lang='lat' dir='ltr'>trecentorum.</span> <span class='ocrx_word' id='word_1_163' title='bbox 603 1012 697 1044; x_wconf 88' lang='lat' dir='ltr'>Unde</span> <span class='ocrx_word' id='word_1_164' title='bbox 721 1013 752 1043; x_wconf 92' lang='lat' dir='ltr'>in</span> <span class='ocrx_word' id='word_1_165' title='bbox 776 1011 1010 1043; x_wconf 86' lang='lat' dir='ltr'>reformacione</span> <span class='ocrx_word' id='word_1_166' title='bbox 1034 1009 1111 1041; x_wconf 90' lang='lat' dir='ltr'>dicti</span> <span class='ocrx_word' id='word_1_167' title='bbox 1134 1009 1258 1040; x_wconf 90' lang='lat' dir='ltr'>consilii</span> <span class='ocrx_word' id='word_1_168' title='bbox 1281 1009 1386 1050; x_wconf 91' lang='lat' dir='ltr'>posito</span> <span class='ocrx_word' id='word_1_169' title='bbox 1410 1010 1528 1050; x_wconf 87' lang='lat' dir='ltr'>partito</span> <span class='ocrx_word' id='word_1_170' title='bbox 1551 1009 1595 1040; x_wconf 87' lang='lat' dir='ltr'>ad</span> <span class='ocrx_word' id='word_1_171' title='bbox 1617 1009 1783 1051; x_wconf 84' lang='lat' dir='ltr'>bux(olas)</span> <span class='ocrx_word' id='word_1_172' title='bbox 1807 1013 1841 1041; x_wconf 89' lang='lat' dir='ltr'>et</span> <span class='ocrx_word' id='word_1_173' title='bbox 1863 1009 1991 1042; x_wconf 82' lang='lat' dir='ltr'>balutas</span> <span class='ocrx_word' id='word_1_174' title='bbox 2009 1021 2035 1042; x_wconf 74' lang='lat' dir='ltr'>u</span> 
     </span>
     <span class='ocr_line' id='line_1_17' title="bbox 336 1060 1991 1107; baseline -0.003 -10"><span class='ocrx_word' id='word_1_175' title='bbox 336 1075 394 1107; x_wconf 89' lang='lat' dir='ltr'>per</span> <span class='ocrx_word' id='word_1_176' title='bbox 418 1065 537 1096; x_wconf 88' lang='lat' dir='ltr'>dictum</span> <span class='ocrx_word' id='word_1_177' title='bbox 561 1065 724 1096; x_wconf 89' lang='lat' dir='ltr'>dominum</span> <span class='ocrx_word' id='word_1_178' title='bbox 751 1066 946 1104; x_wconf 81' lang='lat' dir='ltr'>potestatem</span> <span class='ocrx_word' id='word_1_179' title='bbox 969 1061 1132 1092; x_wconf 89' lang='lat' dir='ltr'>firmatum</span> <span class='ocrx_word' id='word_1_180' title='bbox 1162 1061 1223 1092; x_wconf 87' lang='lat' dir='ltr'>fuit</span> <span class='ocrx_word' id='word_1_181' title='bbox 1252 1070 1311 1102; x_wconf 86' lang='lat' dir='ltr'>per</span> <span class='ocrx_word' id='word_1_182' title='bbox 1334 1060 1465 1101; x_wconf 84' lang='lat' dir='ltr'>triginta</span> <span class='ocrx_word' id='word_1_183' title='bbox 1488 1063 1612 1103; x_wconf 83' lang='lat' dir='ltr'>septem</span> <span class='ocrx_word' id='word_1_184' title='bbox 1637 1061 1836 1092; x_wconf 79' lang='lat' dir='ltr'>consiliarios</span> <span class='ocrx_word' id='word_1_185' title='bbox 1858 1061 1891 1092; x_wconf 90' lang='lat' dir='ltr'>iu</span> <span class='ocrx_word' id='word_1_186' title='bbox 1915 1071 1991 1093; x_wconf 87' lang='lat' dir='ltr'>con-</span> 
     </span>
     <span class='ocr_line' id='line_1_18' title="bbox 336 1111 2020 1157; baseline -0.002 -9"><span class='ocrx_word' id='word_1_187' title='bbox 336 1117 454 1157; x_wconf 87' lang='lat' dir='ltr'>cordia,</span> <span class='ocrx_word' id='word_1_188' title='bbox 483 1116 584 1148; x_wconf 87' lang='lat' dir='ltr'>tribus</span> <span class='ocrx_word' id='word_1_189' title='bbox 612 1115 823 1147; x_wconf 79' lang='lat' dir='ltr'>existentibus</span> <span class='ocrx_word' id='word_1_190' title='bbox 851 1115 882 1145; x_wconf 91' lang='lat' dir='ltr'>in</span> <span class='ocrx_word' id='word_1_191' title='bbox 906 1113 1116 1154; x_wconf 85' lang='lat' dir='ltr'>contrarium,</span> <span class='ocrx_word' id='word_1_192' title='bbox 1149 1111 1235 1154; x_wconf 90' lang='lat' dir='ltr'>quod</span> <span class='ocrx_word' id='word_1_193' title='bbox 1264 1112 1350 1144; x_wconf 80' lang='lat' dir='ltr'>dicta</span> <span class='ocrx_word' id='word_1_194' title='bbox 1372 1113 1513 1154; x_wconf 88' lang='lat' dir='ltr'>provisio</span> <span class='ocrx_word' id='word_1_195' title='bbox 1537 1114 1736 1155; x_wconf 85' lang='lat' dir='ltr'>proponatur</span> <span class='ocrx_word' id='word_1_196' title='bbox 1758 1112 1800 1144; x_wconf 87' lang='lat' dir='ltr'>ad</span> <span class='ocrx_word' id='word_1_197' title='bbox 1823 1113 1992 1145; x_wconf 78' lang='lat' dir='ltr'>consilium</span> <span class='ocrx_word' id='word_1_198' title='bbox 2018 1147 2020 1149; x_wconf 63' lang='grc'>,</span> 
     </span>
     <span class='ocr_line' id='line_1_19' title="bbox 336 1163 1324 1208; baseline -0.006 -8"><span class='ocrx_word' id='word_1_199' title='bbox 336 1172 562 1208; x_wconf 85' lang='lat' dir='ltr'>trecentorum,</span> <span class='ocrx_word' id='word_1_200' title='bbox 586 1171 621 1198; x_wconf 88' lang='lat' dir='ltr'>ut</span> <span class='ocrx_word' id='word_1_201' title='bbox 643 1167 801 1198; x_wconf 88' lang='lat' dir='ltr'>consuluit</span> <span class='ocrx_word' id='word_1_202' title='bbox 825 1166 928 1197; x_wconf 86' lang='lat' dir='ltr'>dictus</span> <span class='ocrx_word' id='word_1_203' title='bbox 952 1165 1099 1196; x_wconf 87' lang='lat' dir='ltr'>domiuus</span> <span class='ocrx_word' id='word_1_204' title='bbox 1121 1163 1324 1196; x_wconf 84' lang='lat' dir='ltr'>Beraldinus.</span> 
     </span>
    </p>

    <p class='ocr_par' dir='ltr' id='par_1_6' title="bbox 336 1220 2038 1421">
     <span class='ocr_line' id='line_1_20' title="bbox 444 1220 1993 1262; baseline -0.001 -6"><span class='ocrx_word' id='word_1_205' title='bbox 444 1223 468 1256; x_wconf 88' lang='lat' dir='ltr'>C</span> <span class='ocrx_word' id='word_1_206' title='bbox 490 1225 574 1255; x_wconf 90' lang='lat' dir='ltr'>Item</span> <span class='ocrx_word' id='word_1_207' title='bbox 598 1234 637 1254; x_wconf 90' lang='lat' dir='ltr'>eo</span> <span class='ocrx_word' id='word_1_208' title='bbox 661 1222 713 1254; x_wconf 88' lang='lat' dir='ltr'>die</span> <span class='ocrx_word' id='word_1_209' title='bbox 730 1222 861 1254; x_wconf 91' lang='lat' dir='ltr'>consilio</span> <span class='ocrx_word' id='word_1_210' title='bbox 878 1224 1095 1252; x_wconf 87' lang='lat' dir='ltr'>trecentorum</span> <span class='ocrx_word' id='word_1_211' title='bbox 1112 1221 1257 1252; x_wconf 82' lang='lat' dir='ltr'>comunis</span> <span class='ocrx_word' id='word_1_212' title='bbox 1272 1220 1409 1251; x_wconf 77' lang='lat' dir='ltr'>Tarvisii</span> <span class='ocrx_word' id='word_1_213' title='bbox 1432 1220 1465 1251; x_wconf 90' lang='lat' dir='ltr'>in</span> <span class='ocrx_word' id='word_1_214' title='bbox 1481 1220 1608 1262; x_wconf 85' lang='lat' dir='ltr'>palacio</span> <span class='ocrx_word' id='word_1_215' title='bbox 1623 1221 1739 1252; x_wconf 90' lang='lat' dir='ltr'>minori</span> <span class='ocrx_word' id='word_1_216' title='bbox 1755 1220 1832 1252; x_wconf 90' lang='lat' dir='ltr'>dicti</span> <span class='ocrx_word' id='word_1_217' title='bbox 1848 1221 1993 1254; x_wconf 77' lang='lat' dir='ltr'>comunis</span> 
     </span>
     <span class='ocr_line' id='line_1_21' title="bbox 336 1272 2038 1317; baseline -0.002 -9"><span class='ocrx_word' id='word_1_218' title='bbox 336 1276 376 1308; x_wconf 83' lang='lat' dir='ltr'>ad</span> <span class='ocrx_word' id='word_1_219' title='bbox 400 1287 511 1307; x_wconf 88' lang='lat' dir='ltr'>sonum</span> <span class='ocrx_word' id='word_1_220' title='bbox 536 1285 692 1317; x_wconf 83' lang='lat' dir='ltr'>campane</span> <span class='ocrx_word' id='word_1_221' title='bbox 716 1277 749 1306; x_wconf 86' lang='lat' dir='ltr'>et</span> <span class='ocrx_word' id='word_1_222' title='bbox 771 1283 884 1305; x_wconf 89' lang='lat' dir='ltr'>vocem</span> <span class='ocrx_word' id='word_1_223' title='bbox 909 1274 1055 1315; x_wconf 89' lang='lat' dir='ltr'>preconis</span> <span class='ocrx_word' id='word_1_224' title='bbox 1078 1275 1114 1303; x_wconf 82' lang='lat' dir='ltr'>ut</span> <span class='ocrx_word' id='word_1_225' title='bbox 1136 1273 1234 1304; x_wconf 89' lang='lat' dir='ltr'>moris</span> <span class='ocrx_word' id='word_1_226' title='bbox 1258 1275 1308 1304; x_wconf 84' lang='lat' dir='ltr'>est</span> <span class='ocrx_word' id='word_1_227' title='bbox 1325 1272 1535 1314; x_wconf 83' lang='lat' dir='ltr'>solempniter</span> <span class='ocrx_word' id='word_1_228' title='bbox 1551 1275 1748 1315; x_wconf 85' lang='lat' dir='ltr'>congregato</span> <span class='ocrx_word' id='word_1_229' title='bbox 1772 1282 1881 1305; x_wconf 81' lang='lat' dir='ltr'>coram</span> <span class='ocrx_word' id='word_1_230' title='bbox 1905 1272 1992 1304; x_wconf 87' lang='lat' dir='ltr'>dicto</span> <span class='ocrx_word' id='word_1_231' title='bbox 2010 1283 2038 1304; x_wconf 74' lang='grc' dir='ltr'>ιο</span> 
     </span>
     <span class='ocr_line' id='line_1_22' title="bbox 336 1323 1993 1369; baseline -0.001 -10"><span class='ocrx_word' id='word_1_232' title='bbox 336 1328 464 1359; x_wconf 89' lang='lat' dir='ltr'>domino</span> <span class='ocrx_word' id='word_1_233' title='bbox 482 1330 652 1369; x_wconf 84' lang='lat' dir='ltr'>potestate.</span> <span class='ocrx_word' id='word_1_234' title='bbox 691 1326 779 1357; x_wconf 86' lang='lat' dir='ltr'>Petit</span> <span class='ocrx_word' id='word_1_235' title='bbox 794 1325 882 1357; x_wconf 90' lang='lat' dir='ltr'>idem</span> <span class='ocrx_word' id='word_1_236' title='bbox 898 1324 1046 1356; x_wconf 88' lang='lat' dir='ltr'>dominus</span> <span class='ocrx_word' id='word_1_237' title='bbox 1061 1327 1206 1366; x_wconf 88' lang='lat' dir='ltr'>potestas</span> <span class='ocrx_word' id='word_1_238' title='bbox 1229 1323 1290 1355; x_wconf 89' lang='lat' dir='ltr'>sibi</span> <span class='ocrx_word' id='word_1_239' title='bbox 1307 1323 1475 1356; x_wconf 89' lang='lat' dir='ltr'>consilium</span> <span class='ocrx_word' id='word_1_240' title='bbox 1493 1324 1628 1366; x_wconf 79' lang='lat' dir='ltr'>exiberi,</span> <span class='ocrx_word' id='word_1_241' title='bbox 1652 1323 1730 1366; x_wconf 89' lang='lat' dir='ltr'>quid</span> <span class='ocrx_word' id='word_1_242' title='bbox 1745 1324 1787 1356; x_wconf 89' lang='lat' dir='ltr'>sit</span> <span class='ocrx_word' id='word_1_243' title='bbox 1809 1323 1993 1357; x_wconf 75' lang='lat' dir='ltr'>faciendum</span> 
     </span>
     <span class='ocr_line' id='line_1_23' title="bbox 336 1378 815 1421; baseline -0.006 -10"><span class='ocrx_word' id='word_1_244' title='bbox 336 1390 432 1421; x_wconf 87' lang='lat' dir='ltr'>super</span> <span class='ocrx_word' id='word_1_245' title='bbox 454 1378 600 1421; x_wconf 87' lang='lat' dir='ltr'>predicta</span> <span class='ocrx_word' id='word_1_246' title='bbox 623 1379 815 1420; x_wconf 85' lang='lat' dir='ltr'>provisione.</span> 
     </span>
    </p>

    <p class='ocr_par' dir='ltr' id='par_1_7' title="bbox 335 1430 2040 1836">
     <span class='ocr_line' id='line_1_24' title="bbox 443 1430 1994 1476; baseline -0.002 -9"><span class='ocrx_word' id='word_1_247' title='bbox 443 1434 467 1467; x_wconf 85' lang='lat' dir='ltr'>C</span> <span class='ocrx_word' id='word_1_248' title='bbox 489 1435 602 1466; x_wconf 85' lang='lat' dir='ltr'>Dictus</span> <span class='ocrx_word' id='word_1_249' title='bbox 623 1434 771 1466; x_wconf 90' lang='lat' dir='ltr'>dominus</span> <span class='ocrx_word' id='word_1_250' title='bbox 786 1433 978 1465; x_wconf 82' lang='lat' dir='ltr'>Beraldinus</span> <span class='ocrx_word' id='word_1_251' title='bbox 1001 1433 1153 1472; x_wconf 74' lang='lat' dir='ltr'>ancianus</span> <span class='ocrx_word' id='word_1_252' title='bbox 1176 1432 1319 1463; x_wconf 88' lang='lat' dir='ltr'>comunis</span> <span class='ocrx_word' id='word_1_253' title='bbox 1343 1431 1479 1463; x_wconf 83' lang='lat' dir='ltr'>Tarvisii</span> <span class='ocrx_word' id='word_1_254' title='bbox 1501 1443 1559 1474; x_wconf 92' lang='lat' dir='ltr'>pro</span> <span class='ocrx_word' id='word_1_255' title='bbox 1583 1442 1618 1464; x_wconf 87' lang='lat' dir='ltr'>se</span> <span class='ocrx_word' id='word_1_256' title='bbox 1642 1435 1675 1464; x_wconf 90' lang='lat' dir='ltr'>et</span> <span class='ocrx_word' id='word_1_257' title='bbox 1699 1432 1769 1464; x_wconf 83' lang='lat' dir='ltr'>aliis</span> <span class='ocrx_word' id='word_1_258' title='bbox 1792 1430 1880 1476; x_wconf 62' lang='lat' dir='ltr'>[sluis</span> <span class='ocrx_word' id='word_1_259' title='bbox 1903 1433 1994 1464; x_wconf 83' lang='lat' dir='ltr'>sotiis</span> 
     </span>
     <span class='ocr_line' id='line_1_25' title="bbox 336 1482 2026 1527; baseline -0.002 -9"><span class='ocrx_word' id='word_1_260' title='bbox 336 1487 476 1526; x_wconf 72' lang='lat' dir='ltr'>ancianis</span> <span class='ocrx_word' id='word_1_261' title='bbox 500 1486 672 1525; x_wconf 83' lang='lat' dir='ltr'>consuluit,</span> <span class='ocrx_word' id='word_1_262' title='bbox 701 1485 787 1527; x_wconf 89' lang='lat' dir='ltr'>quod</span> <span class='ocrx_word' id='word_1_263' title='bbox 811 1485 897 1516; x_wconf 83' lang='lat' dir='ltr'>dicta</span> <span class='ocrx_word' id='word_1_264' title='bbox 920 1485 1060 1526; x_wconf 84' lang='lat' dir='ltr'>provisio</span> <span class='ocrx_word' id='word_1_265' title='bbox 1088 1485 1130 1515; x_wconf 88' lang='lat' dir='ltr'>sit</span> <span class='ocrx_word' id='word_1_266' title='bbox 1157 1483 1250 1515; x_wconf 89' lang='lat' dir='ltr'>firma</span> <span class='ocrx_word' id='word_1_267' title='bbox 1273 1487 1306 1515; x_wconf 89' lang='lat' dir='ltr'>et</span> <span class='ocrx_word' id='word_1_268' title='bbox 1328 1482 1493 1526; x_wconf 69' lang='lat' dir='ltr'>vali[da]‘¹,</span> <span class='ocrx_word' id='word_1_269' title='bbox 1516 1487 1553 1515; x_wconf 86' lang='lat' dir='ltr'>ut</span> <span class='ocrx_word' id='word_1_270' title='bbox 1574 1484 1669 1516; x_wconf 78' lang='lat' dir='ltr'>iacet.</span> <span class='ocrx_word' id='word_1_271' title='bbox 1717 1483 1811 1516; x_wconf 86' lang='lat' dir='ltr'>Unde</span> <span class='ocrx_word' id='word_1_272' title='bbox 1833 1485 1867 1515; x_wconf 85' lang='lat' dir='ltr'>in</span> <span class='ocrx_word' id='word_1_273' title='bbox 1889 1483 1992 1515; x_wconf 83' lang='lat' dir='ltr'>refor-</span> <span class='ocrx_word' id='word_1_274' title='bbox 2024 1492 2026 1494; x_wconf 71' lang='grc'><strong><em>’</em></strong></span> 
     </span>
     <span class='ocr_line' id='line_1_26' title="bbox 335 1534 2036 1578; baseline -0.002 -8"><span class='ocrx_word' id='word_1_275' title='bbox 335 1540 480 1570; x_wconf 85' lang='lat' dir='ltr'>macione</span> <span class='ocrx_word' id='word_1_276' title='bbox 505 1538 581 1569; x_wconf 85' lang='lat' dir='ltr'>dicti</span> <span class='ocrx_word' id='word_1_277' title='bbox 604 1537 725 1569; x_wconf 89' lang='lat' dir='ltr'>consilii</span> <span class='ocrx_word' id='word_1_278' title='bbox 748 1537 853 1578; x_wconf 87' lang='lat' dir='ltr'>posito</span> <span class='ocrx_word' id='word_1_279' title='bbox 878 1537 996 1578; x_wconf 84' lang='lat' dir='ltr'>partito</span> <span class='ocrx_word' id='word_1_280' title='bbox 1020 1535 1063 1568; x_wconf 80' lang='lat' dir='ltr'>ad</span> <span class='ocrx_word' id='word_1_281' title='bbox 1086 1535 1250 1577; x_wconf 82' lang='lat' dir='ltr'>bux(olas)</span> <span class='ocrx_word' id='word_1_282' title='bbox 1273 1538 1307 1567; x_wconf 92' lang='lat' dir='ltr'>et</span> <span class='ocrx_word' id='word_1_283' title='bbox 1329 1534 1455 1567; x_wconf 78' lang='lat' dir='ltr'>balotas</span> <span class='ocrx_word' id='word_1_284' title='bbox 1481 1546 1541 1578; x_wconf 87' lang='lat' dir='ltr'>per</span> <span class='ocrx_word' id='word_1_285' title='bbox 1564 1535 1685 1567; x_wconf 86' lang='lat' dir='ltr'>dictum</span> <span class='ocrx_word' id='word_1_286' title='bbox 1709 1535 1875 1567; x_wconf 87' lang='lat' dir='ltr'>dominum</span> <span class='ocrx_word' id='word_1_287' title='bbox 1898 1539 1992 1577; x_wconf 88' lang='lat' dir='ltr'>pote·</span> <span class='ocrx_word' id='word_1_288' title='bbox 2010 1544 2036 1565; x_wconf 70' lang='lat'>²⁵</span> 
     </span>
     <span class='ocr_line' id='line_1_27' title="bbox 336 1586 1995 1630; baseline -0.002 -9"><span class='ocrx_word' id='word_1_289' title='bbox 336 1593 451 1622; x_wconf 83' lang='lat' dir='ltr'>statem</span> <span class='ocrx_word' id='word_1_290' title='bbox 475 1590 635 1621; x_wconf 80' lang='lat' dir='ltr'>firmatum</span> <span class='ocrx_word' id='word_1_291' title='bbox 659 1589 719 1620; x_wconf 88' lang='lat' dir='ltr'>fuit</span> <span class='ocrx_word' id='word_1_292' title='bbox 741 1600 799 1630; x_wconf 92' lang='lat' dir='ltr'>per</span> <span class='ocrx_word' id='word_1_293' title='bbox 821 1591 982 1620; x_wconf 86' lang='lat' dir='ltr'>trecentos</span> <span class='ocrx_word' id='word_1_294' title='bbox 1007 1591 1039 1619; x_wconf 89' lang='lat' dir='ltr'>et</span> <span class='ocrx_word' id='word_1_295' title='bbox 1062 1590 1200 1629; x_wconf 85' lang='lat' dir='ltr'>quatuor</span> <span class='ocrx_word' id='word_1_296' title='bbox 1215 1586 1414 1618; x_wconf 83' lang='lat' dir='ltr'>consiliarios</span> <span class='ocrx_word' id='word_1_297' title='bbox 1437 1587 1625 1627; x_wconf 85' lang='lat' dir='ltr'>concordes,</span> <span class='ocrx_word' id='word_1_298' title='bbox 1647 1587 1765 1619; x_wconf 87' lang='lat' dir='ltr'>XXXI</span> <span class='ocrx_word' id='word_1_299' title='bbox 1781 1586 1995 1619; x_wconf 83' lang='lat' dir='ltr'>existentibus</span> 
     </span>
     <span class='ocr_line' id='line_1_28' title="bbox 335 1638 1995 1682; baseline -0.002 -9"><span class='ocrx_word' id='word_1_300' title='bbox 335 1643 367 1673; x_wconf 91' lang='lat' dir='ltr'>in</span> <span class='ocrx_word' id='word_1_301' title='bbox 383 1642 586 1682; x_wconf 72' lang='lat' dir='ltr'>contrarium,</span> <span class='ocrx_word' id='word_1_302' title='bbox 611 1640 696 1682; x_wconf 92' lang='lat' dir='ltr'>quod</span> <span class='ocrx_word' id='word_1_303' title='bbox 719 1641 805 1672; x_wconf 86' lang='lat' dir='ltr'>dicta</span> <span class='ocrx_word' id='word_1_304' title='bbox 820 1641 959 1682; x_wconf 88' lang='lat' dir='ltr'>provisio</span> <span class='ocrx_word' id='word_1_305' title='bbox 984 1641 1025 1671; x_wconf 89' lang='lat' dir='ltr'>sit</span> <span class='ocrx_word' id='word_1_306' title='bbox 1046 1640 1148 1680; x_wconf 85' lang='lat' dir='ltr'>firma,</span> <span class='ocrx_word' id='word_1_307' title='bbox 1171 1642 1209 1671; x_wconf 86' lang='lat' dir='ltr'>ut</span> <span class='ocrx_word' id='word_1_308' title='bbox 1230 1640 1315 1671; x_wconf 77' lang='lat' dir='ltr'>iacet</span> <span class='ocrx_word' id='word_1_309' title='bbox 1338 1642 1372 1671; x_wconf 91' lang='lat' dir='ltr'>et</span> <span class='ocrx_word' id='word_1_310' title='bbox 1393 1639 1439 1671; x_wconf 81' lang='lat' dir='ltr'>ita</span> <span class='ocrx_word' id='word_1_311' title='bbox 1458 1639 1625 1681; x_wconf 85' lang='lat' dir='ltr'>procedat,</span> <span class='ocrx_word' id='word_1_312' title='bbox 1647 1642 1685 1671; x_wconf 90' lang='lat' dir='ltr'>ut</span> <span class='ocrx_word' id='word_1_313' title='bbox 1707 1639 1867 1670; x_wconf 86' lang='lat' dir='ltr'>consuluit</span> <span class='ocrx_word' id='word_1_314' title='bbox 1890 1638 1995 1670; x_wconf 87' lang='lat' dir='ltr'>dictus</span> 
     </span>
     <span class='ocr_line' id='line_1_29' title="bbox 337 1685 1996 1734; baseline -0.001 -10"><span class='ocrx_word' id='word_1_315' title='bbox 337 1695 496 1733; x_wconf 74' lang='lat' dir='ltr'>ancianus.</span> <span class='ocrx_word' id='word_1_316' title='bbox 551 1692 631 1724; x_wconf 88' lang='lat' dir='ltr'>Cum</span> <span class='ocrx_word' id='word_1_317' title='bbox 658 1692 719 1723; x_wconf 81' lang='lat' dir='ltr'>hae</span> <span class='ocrx_word' id='word_1_318' title='bbox 747 1692 912 1724; x_wconf 86' lang='lat' dir='ltr'>adiccione</span> <span class='ocrx_word' id='word_1_319' title='bbox 946 1691 1034 1734; x_wconf 90' lang='lat' dir='ltr'>quod</span> <span class='ocrx_word' id='word_1_320' title='bbox 1062 1691 1217 1723; x_wconf 87' lang='lat' dir='ltr'>mitantur</span> <span class='ocrx_word' id='word_1_321' title='bbox 1250 1690 1314 1722; x_wconf 90' lang='lat' dir='ltr'>duo</span> <span class='ocrx_word' id='word_1_322' title='bbox 1345 1690 1588 1732; x_wconf 82' lang='lat' dir='ltr'>ambaxatores,</span> <span class='ocrx_word' id='word_1_323' title='bbox 1626 1701 1709 1722; x_wconf 91' lang='lat' dir='ltr'>unus</span> <span class='ocrx_word' id='word_1_324' title='bbox 1737 1691 1817 1722; x_wconf 89' lang='lat' dir='ltr'>civis</span> <span class='ocrx_word' id='word_1_325' title='bbox 1851 1693 1884 1722; x_wconf 90' lang='lat' dir='ltr'>et</span> <span class='ocrx_word' id='word_1_326' title='bbox 1912 1685 1996 1723; x_wconf 79' lang='lat' dir='ltr'>alius</span> 
     </span>
     <span class='ocr_line' id='line_1_30' title="bbox 339 1742 2028 1785; baseline -0.001 -9"><span class='ocrx_word' id='word_1_327' title='bbox 339 1746 545 1784; x_wconf 83' lang='lat' dir='ltr'>Teotonicus,</span> <span class='ocrx_word' id='word_1_328' title='bbox 575 1755 646 1775; x_wconf 89' lang='lat' dir='ltr'>cum</span> <span class='ocrx_word' id='word_1_329' title='bbox 671 1744 797 1776; x_wconf 88' lang='lat' dir='ltr'>decenti</span> <span class='ocrx_word' id='word_1_330' title='bbox 820 1744 1023 1785; x_wconf 78' lang='lat' dir='ltr'>ambax(ata)</span> <span class='ocrx_word' id='word_1_331' title='bbox 1052 1753 1149 1784; x_wconf 88' lang='lat' dir='ltr'>super</span> <span class='ocrx_word' id='word_1_332' title='bbox 1171 1743 1409 1774; x_wconf 81' lang='lat' dir='ltr'>lamentacione</span> <span class='ocrx_word' id='word_1_333' title='bbox 1439 1742 1515 1774; x_wconf 89' lang='lat' dir='ltr'>dicti</span> <span class='ocrx_word' id='word_1_334' title='bbox 1549 1742 1687 1774; x_wconf 81' lang='lat' dir='ltr'>condam</span> <span class='ocrx_word' id='word_1_335' title='bbox 1717 1742 1839 1774; x_wconf 88' lang='lat' dir='ltr'>domini</span> <span class='ocrx_word' id='word_1_336' title='bbox 1868 1742 1995 1774; x_wconf 75' lang='lat' dir='ltr'>comitis</span> <span class='ocrx_word' id='word_1_337' title='bbox 2026 1751 2028 1754; x_wconf 73' lang='grc'>’</span> 
     </span>
     <span class='ocr_line' id='line_1_31' title="bbox 338 1794 2040 1836; baseline -0.002 -8"><span class='ocrx_word' id='word_1_338' title='bbox 338 1797 444 1828; x_wconf 85' lang='lat' dir='ltr'>fienda</span> <span class='ocrx_word' id='word_1_339' title='bbox 468 1797 594 1828; x_wconf 90' lang='lat' dir='ltr'>domine</span> <span class='ocrx_word' id='word_1_340' title='bbox 618 1797 778 1828; x_wconf 88' lang='lat' dir='ltr'>comitisse</span> <span class='ocrx_word' id='word_1_341' title='bbox 802 1800 835 1828; x_wconf 89' lang='lat' dir='ltr'>et</span> <span class='ocrx_word' id='word_1_342' title='bbox 858 1806 930 1827; x_wconf 90' lang='lat' dir='ltr'>cum</span> <span class='ocrx_word' id='word_1_343' title='bbox 953 1796 1016 1827; x_wconf 90' lang='lat' dir='ltr'>illis</span> <span class='ocrx_word' id='word_1_344' title='bbox 1039 1794 1249 1835; x_wconf 84' lang='lat' dir='ltr'>adieionibus,</span> <span class='ocrx_word' id='word_1_345' title='bbox 1273 1805 1336 1836; x_wconf 93' lang='lat' dir='ltr'>que</span> <span class='ocrx_word' id='word_1_346' title='bbox 1359 1794 1539 1836; x_wconf 87' lang='lat' dir='ltr'>placuerint</span> <span class='ocrx_word' id='word_1_347' title='bbox 1562 1794 1771 1836; x_wconf 90' lang='lat' dir='ltr'>sapientibus.</span> <span class='ocrx_word' id='word_1_348' title='bbox 1982 1803 1983 1806; x_wconf 73' lang='grc'>’</span> <span class='ocrx_word' id='word_1_349' title='bbox 2012 1802 2040 1823; x_wconf 73' lang='lat'>⁸⁰</span> 
     </span>
    </p>

    <p class='ocr_par' dir='ltr' id='par_1_8' title="bbox 338 1850 2028 2048">
     <span class='ocr_line' id='line_1_32' title="bbox 445 1850 1995 1894; baseline -0.001 -10"><span class='ocrx_word' id='word_1_350' title='bbox 445 1851 469 1884; x_wconf 80' lang='lat' dir='ltr'>C</span> <span class='ocrx_word' id='word_1_351' title='bbox 502 1853 585 1884; x_wconf 89' lang='lat' dir='ltr'>Item</span> <span class='ocrx_word' id='word_1_352' title='bbox 620 1863 658 1884; x_wconf 89' lang='lat' dir='ltr'>eo</span> <span class='ocrx_word' id='word_1_353' title='bbox 693 1852 745 1883; x_wconf 91' lang='lat' dir='ltr'>die</span> <span class='ocrx_word' id='word_1_354' title='bbox 779 1853 810 1883; x_wconf 90' lang='lat' dir='ltr'>in</span> <span class='ocrx_word' id='word_1_355' title='bbox 838 1853 966 1894; x_wconf 83' lang='lat' dir='ltr'>palacio</span> <span class='ocrx_word' id='word_1_356' title='bbox 994 1851 1138 1884; x_wconf 87' lang='lat' dir='ltr'>comunis</span> <span class='ocrx_word' id='word_1_357' title='bbox 1165 1851 1302 1882; x_wconf 84' lang='lat' dir='ltr'>Tarvisii</span> <span class='ocrx_word' id='word_1_358' title='bbox 1328 1851 1361 1881; x_wconf 93' lang='lat' dir='ltr'>in</span> <span class='ocrx_word' id='word_1_359' title='bbox 1388 1851 1486 1892; x_wconf 89' lang='lat' dir='ltr'>pleno</span> <span class='ocrx_word' id='word_1_360' title='bbox 1515 1851 1647 1883; x_wconf 86' lang='lat' dir='ltr'>consilio</span> <span class='ocrx_word' id='word_1_361' title='bbox 1681 1853 1832 1893; x_wconf 90' lang='lat' dir='ltr'>presente</span> <span class='ocrx_word' id='word_1_362' title='bbox 1863 1850 1995 1883; x_wconf 85' lang='lat' dir='ltr'>domino</span> 
     </span>
     <span class='ocr_line' id='line_1_33' title="bbox 338 1902 1996 1945; baseline -0.001 -10"><span class='ocrx_word' id='word_1_363' title='bbox 338 1903 520 1935; x_wconf 85' lang='lat' dir='ltr'>Rambaldo</span> <span class='ocrx_word' id='word_1_364' title='bbox 549 1905 665 1935; x_wconf 88' lang='lat' dir='ltr'>comite</span> <span class='ocrx_word' id='word_1_365' title='bbox 694 1904 734 1936; x_wconf 90' lang='lat' dir='ltr'>de</span> <span class='ocrx_word' id='word_1_366' title='bbox 762 1904 916 1945; x_wconf 81' lang='lat' dir='ltr'>Colauto,</span> <span class='ocrx_word' id='word_1_367' title='bbox 952 1904 1082 1935; x_wconf 89' lang='lat' dir='ltr'>domino</span> <span class='ocrx_word' id='word_1_368' title='bbox 1111 1903 1268 1935; x_wconf 87' lang='lat' dir='ltr'>Altinerio</span> <span class='ocrx_word' id='word_1_369' title='bbox 1305 1902 1344 1934; x_wconf 89' lang='lat' dir='ltr'>de</span> <span class='ocrx_word' id='word_1_370' title='bbox 1375 1902 1555 1944; x_wconf 74' lang='lat' dir='ltr'>Aconibus,</span> <span class='ocrx_word' id='word_1_371' title='bbox 1591 1903 1721 1935; x_wconf 89' lang='lat' dir='ltr'>domino</span> <span class='ocrx_word' id='word_1_372' title='bbox 1747 1902 1897 1942; x_wconf 74' lang='lat' dir='ltr'>Ricolino</span> <span class='ocrx_word' id='word_1_373' title='bbox 1926 1903 1996 1935; x_wconf 89' lang='lat' dir='ltr'>eius</span> 
     </span>
     <span class='ocr_line' id='line_1_34' title="bbox 338 1953 1998 1998; baseline 0 -12"><span class='ocrx_word' id='word_1_374' title='bbox 338 1956 447 1996; x_wconf 85' lang='lat' dir='ltr'>fratre,</span> <span class='ocrx_word' id='word_1_375' title='bbox 471 1955 600 1987; x_wconf 90' lang='lat' dir='ltr'>domino</span> <span class='ocrx_word' id='word_1_376' title='bbox 617 1956 741 1998; x_wconf 68' lang='lat' dir='ltr'>Qafono</span> <span class='ocrx_word' id='word_1_377' title='bbox 765 1956 805 1987; x_wconf 88' lang='lat' dir='ltr'>de</span> <span class='ocrx_word' id='word_1_378' title='bbox 822 1955 947 1987; x_wconf 83' lang='lat' dir='ltr'>Sanctis</span> <span class='ocrx_word' id='word_1_379' title='bbox 970 1959 1004 1987; x_wconf 90' lang='lat' dir='ltr'>et</span> <span class='ocrx_word' id='word_1_380' title='bbox 1027 1955 1098 1987; x_wconf 86' lang='lat' dir='ltr'>aliis</span> <span class='ocrx_word' id='word_1_381' title='bbox 1119 1955 1274 1997; x_wconf 87' lang='lat' dir='ltr'>pluribus.</span> <span class='ocrx_word' id='word_1_382' title='bbox 1308 1955 1468 1986; x_wconf 90' lang='lat' dir='ltr'>Dominus</span> <span class='ocrx_word' id='word_1_383' title='bbox 1483 1955 1557 1997; x_wconf 84' lang='lat' dir='ltr'>Ugo</span> <span class='ocrx_word' id='word_1_384' title='bbox 1581 1955 1623 1987; x_wconf 91' lang='lat' dir='ltr'>de</span> <span class='ocrx_word' id='word_1_385' title='bbox 1645 1954 1763 1996; x_wconf 86' lang='lat' dir='ltr'>Duyno</span> <span class='ocrx_word' id='word_1_386' title='bbox 1787 1953 1998 1996; x_wconf 84' lang='lat' dir='ltr'>corporaliter</span> 
     </span>
     <span class='ocr_line' id='line_1_35' title="bbox 340 2001 2028 2048; baseline -0.001 -10"><span class='ocrx_word' id='word_1_387' title='bbox 340 2008 432 2038; x_wconf 80' lang='lat' dir='ltr'>tactis</span> <span class='ocrx_word' id='word_1_388' title='bbox 459 2008 621 2048; x_wconf 86' lang='lat' dir='ltr'>scripturis</span> <span class='ocrx_word' id='word_1_389' title='bbox 654 2008 770 2039; x_wconf 81' lang='lat' dir='ltr'>iuravit</span> <span class='ocrx_word' id='word_1_390' title='bbox 797 2001 951 2039; x_wconf 75' lang='lat' dir='ltr'>vicariam</span> <span class='ocrx_word' id='word_1_391' title='bbox 979 2008 1123 2038; x_wconf 85' lang='lat' dir='ltr'>comunis</span> <span class='ocrx_word' id='word_1_392' title='bbox 1150 2007 1286 2038; x_wconf 82' lang='lat' dir='ltr'>Tarvisii</span> <span class='ocrx_word' id='word_1_393' title='bbox 1316 2017 1375 2048; x_wconf 90' lang='lat' dir='ltr'>pro</span> <span class='ocrx_word' id='word_1_394' title='bbox 1411 2005 1541 2038; x_wconf 87' lang='lat' dir='ltr'>domino</span> <span class='ocrx_word' id='word_1_395' title='bbox 1568 2006 1714 2038; x_wconf 89' lang='lat' dir='ltr'>Iohanne</span> <span class='ocrx_word' id='word_1_396' title='bbox 1740 2006 1884 2038; x_wconf 85' lang='lat' dir='ltr'>Henrico</span> <span class='ocrx_word' id='word_1_397' title='bbox 1917 2008 1996 2038; x_wconf 86' lang='lat' dir='ltr'>nato</span> <span class='ocrx_word' id='word_1_398' title='bbox 2025 2015 2028 2018; x_wconf 92' lang='lat'>·</span> 
     </span>
    </p>
   </div>
   <div class='ocr_carea' id='block_1_4' title="bbox 340 2057 2085 2100">
    <p class='ocr_par' dir='ltr' id='par_1_9' title="bbox 340 2057 2085 2100">
     <span class='ocr_line' id='line_1_36' title="bbox 340 2057 2085 2100; baseline -0.001 -11"><span class='ocrx_word' id='word_1_399' title='bbox 340 2058 474 2090; x_wconf 84' lang='lat' dir='ltr'>condam</span> <span class='ocrx_word' id='word_1_400' title='bbox 499 2058 620 2090; x_wconf 90' lang='lat' dir='ltr'>domini</span> <span class='ocrx_word' id='word_1_401' title='bbox 642 2059 801 2100; x_wconf 89' lang='lat' dir='ltr'>H(enrici)</span> <span class='ocrx_word' id='word_1_402' title='bbox 825 2060 951 2090; x_wconf 88' lang='lat' dir='ltr'>comitis</span> <span class='ocrx_word' id='word_1_403' title='bbox 967 2059 1097 2091; x_wconf 84' lang='lat' dir='ltr'>Guricie</span> <span class='ocrx_word' id='word_1_404' title='bbox 1121 2062 1154 2090; x_wconf 89' lang='lat' dir='ltr'>et</span> <span class='ocrx_word' id='word_1_405' title='bbox 1170 2058 1287 2090; x_wconf 88' lang='lat' dir='ltr'>Tirolis</span> <span class='ocrx_word' id='word_1_406' title='bbox 1309 2058 1485 2090; x_wconf 87' lang='lat' dir='ltr'>secundum</span> <span class='ocrx_word' id='word_1_407' title='bbox 1501 2058 1640 2090; x_wconf 89' lang='lat' dir='ltr'>formam</span> <span class='ocrx_word' id='word_1_408' title='bbox 1654 2058 1846 2099; x_wconf 86' lang='lat' dir='ltr'>provisionis</span> <span class='ocrx_word' id='word_1_409' title='bbox 1867 2057 1995 2089; x_wconf 85' lang='lat' dir='ltr'>firmate</span> <span class='ocrx_word' id='word_1_410' title='bbox 2013 2061 2040 2082; x_wconf 71' lang='lat'>⁸³</span> <span class='ocrx_word' id='word_1_411' title='bbox 2083 2068 2085 2070; x_wconf 57' lang='lat'><strong><em>¹</em></strong></span> 
     </span>
    </p>
   </div>
   <div class='ocr_carea' id='block_1_5' title="bbox 340 2108 1996 2204">
    <p class='ocr_par' dir='ltr' id='par_1_10' title="bbox 340 2108 1996 2204">
     <span class='ocr_line' id='line_1_37' title="bbox 340 2108 1996 2152; baseline 0 -12"><span class='ocrx_word' id='word_1_412' title='bbox 340 2120 398 2151; x_wconf 89' lang='lat' dir='ltr'>per</span> <span class='ocrx_word' id='word_1_413' title='bbox 421 2111 524 2141; x_wconf 81' lang='lat' dir='ltr'>curias</span> <span class='ocrx_word' id='word_1_414' title='bbox 547 2111 751 2149; x_wconf 68' lang='lat' dir='ltr'>ancianorum</span> <span class='ocrx_word' id='word_1_415' title='bbox 776 2114 808 2142; x_wconf 90' lang='lat' dir='ltr'>et</span> <span class='ocrx_word' id='word_1_416' title='bbox 831 2111 1008 2151; x_wconf 88' lang='lat' dir='ltr'>consulum,</span> <span class='ocrx_word' id='word_1_417' title='bbox 1033 2111 1200 2142; x_wconf 90' lang='lat' dir='ltr'>consilium</span> <span class='ocrx_word' id='word_1_418' title='bbox 1225 2110 1440 2152; x_wconf 79' lang='lat' dir='ltr'>quadraginta</span> <span class='ocrx_word' id='word_1_419' title='bbox 1464 2113 1497 2141; x_wconf 86' lang='lat' dir='ltr'>et</span> <span class='ocrx_word' id='word_1_420' title='bbox 1512 2112 1741 2151; x_wconf 87' lang='lat' dir='ltr'>trecentorum,</span> <span class='ocrx_word' id='word_1_421' title='bbox 1765 2109 1791 2140; x_wconf 90' lang='lat' dir='ltr'>si</span> <span class='ocrx_word' id='word_1_422' title='bbox 1806 2108 1898 2140; x_wconf 89' lang='lat' dir='ltr'>Deus</span> <span class='ocrx_word' id='word_1_423' title='bbox 1921 2118 1996 2140; x_wconf 87' lang='lat' dir='ltr'>eum</span> 
     </span>
     <span class='ocr_line' id='line_1_38' title="bbox 342 2161 956 2204; baseline 0.005 -13"><span class='ocrx_word' id='word_1_424' title='bbox 342 2161 471 2192; x_wconf 84' lang='lat' dir='ltr'>adiuvet</span> <span class='ocrx_word' id='word_1_425' title='bbox 493 2162 534 2192; x_wconf 85' lang='lat' dir='ltr'>ad</span> <span class='ocrx_word' id='word_1_426' title='bbox 557 2166 666 2193; x_wconf 83' lang='lat' dir='ltr'>sancta</span> <span class='ocrx_word' id='word_1_427' title='bbox 689 2162 751 2193; x_wconf 87' lang='lat' dir='ltr'>Dei</span> <span class='ocrx_word' id='word_1_428' title='bbox 776 2163 956 2204; x_wconf 85' lang='lat' dir='ltr'>euangelia.</span> 
     </span>
    </p>
   </div>
   <div class='ocr_carea' id='block_1_6' title="bbox 344 2237 2030 2334">
    <p class='ocr_par' dir='ltr' id='par_1_11' title="bbox 344 2237 2030 2334">
     <span class='ocr_line' id='line_1_39' title="bbox 448 2237 2030 2282; baseline 0 -13"><span class='ocrx_word' id='word_1_429' title='bbox 448 2238 517 2280; x_wconf 85' lang='lat' dir='ltr'>Ego</span> <span class='ocrx_word' id='word_1_430' title='bbox 540 2239 697 2277; x_wconf 73' lang='lat' dir='ltr'>Ricardus</span> <span class='ocrx_word' id='word_1_431' title='bbox 721 2240 760 2272; x_wconf 89' lang='lat' dir='ltr'>de</span> <span class='ocrx_word' id='word_1_432' title='bbox 783 2241 948 2279; x_wconf 71' lang='lat' dir='ltr'>Lavacola</span> <span class='ocrx_word' id='word_1_433' title='bbox 970 2241 1052 2272; x_wconf 87' lang='lat' dir='ltr'>sacri</span> <span class='ocrx_word' id='word_1_434' title='bbox 1073 2240 1190 2282; x_wconf 78' lang='lat' dir='ltr'>palacii</span> <span class='ocrx_word' id='word_1_435' title='bbox 1213 2239 1357 2271; x_wconf 86' lang='lat' dir='ltr'>notarius</span> <span class='ocrx_word' id='word_1_436' title='bbox 1383 2249 1468 2271; x_wconf 85' lang='lat' dir='ltr'>nunc</span> <span class='ocrx_word' id='word_1_437' title='bbox 1494 2239 1638 2271; x_wconf 84' lang='lat' dir='ltr'>notarius</span> <span class='ocrx_word' id='word_1_438' title='bbox 1660 2238 1737 2270; x_wconf 88' lang='lat' dir='ltr'>dicti</span> <span class='ocrx_word' id='word_1_439' title='bbox 1760 2237 1880 2270; x_wconf 88' lang='lat' dir='ltr'>domini</span> <span class='ocrx_word' id='word_1_440' title='bbox 1901 2240 1996 2280; x_wconf 90' lang='lat' dir='ltr'>pote·</span> <span class='ocrx_word' id='word_1_441' title='bbox 2027 2272 2030 2274; x_wconf 19' lang='lat' dir='ltr'>v</span> 
     </span>
     <span class='ocr_line' id='line_1_40' title="bbox 344 2290 1131 2334; baseline 0.005 -15"><span class='ocrx_word' id='word_1_442' title='bbox 344 2290 434 2320; x_wconf 87' lang='lat' dir='ltr'>statis</span> <span class='ocrx_word' id='word_1_443' title='bbox 458 2290 602 2322; x_wconf 88' lang='lat' dir='ltr'>omnibus</span> <span class='ocrx_word' id='word_1_444' title='bbox 626 2292 777 2332; x_wconf 87' lang='lat' dir='ltr'>predictis</span> <span class='ocrx_word' id='word_1_445' title='bbox 799 2293 929 2324; x_wconf 89' lang='lat' dir='ltr'>interfui</span> <span class='ocrx_word' id='word_1_446' title='bbox 953 2296 986 2324; x_wconf 89' lang='lat' dir='ltr'>et</span> <span class='ocrx_word' id='word_1_447' title='bbox 1009 2292 1131 2334; x_wconf 88' lang='lat' dir='ltr'>scripsi.</span> 
     </span>
    </p>
   </div>
   <div class='ocr_carea' id='block_1_7' title="bbox 451 2605 2042 2640">
    <p class='ocr_par' dir='ltr' id='par_1_12' title="bbox 451 2605 2042 2640">
     <span class='ocr_line' id='line_1_41' title="bbox 451 2605 2042 2640; baseline 0.007 -9"><span class='ocrx_word' id='word_1_448' title='bbox 451 2605 514 2632; x_wconf 79' lang='lat'><strong>739.</strong></span> <span class='ocrx_word' id='word_1_449' title='bbox 543 2606 564 2638; x_wconf 75' lang='lat' dir='ltr'>e)</span> <span class='ocrx_word' id='word_1_450' title='bbox 583 2608 619 2632; x_wconf 74' lang='lat' dir='ltr'>ita</span> <span class='ocrx_word' id='word_1_451' title='bbox 637 2617 674 2633; x_wconf 86' lang='lat' dir='ltr'>or.</span> <span class='ocrx_word' id='word_1_452' title='bbox 761 2607 785 2640; x_wconf 85' lang='lat' dir='ltr'>d)</span> <span class='ocrx_word' id='word_1_453' title='bbox 804 2610 876 2635; x_wconf 76' lang='lat' dir='ltr'>uncis</span> <span class='ocrx_word' id='word_1_454' title='bbox 895 2611 996 2636; x_wconf 68' lang='lat' dir='ltr'>inclusa</span> <span class='ocrx_word' id='word_1_455' title='bbox 1015 2611 1128 2636; x_wconf 59' lang='lat' dir='ltr'>abacista</span> <span class='ocrx_word' id='word_1_456' title='bbox 1147 2616 1205 2636; x_wconf 75' lang='lat' dir='ltr'>sunt</span> <span class='ocrx_word' id='word_1_457' title='bbox 1223 2619 1261 2636; x_wconf 81' lang='lat' dir='ltr'>or.</span> <span class='ocrx_word' id='word_1_458' title='bbox 2013 2614 2042 2635; x_wconf 76' lang='lat'>4⁰</span> 
     </span>
    </p>
   </div>
   <div class='ocr_carea' id='block_1_8' title="bbox 2171 2723 2184 3126">
    <p class='ocr_par' dir='ltr' id='par_1_13' title="bbox 2171 2723 2184 3126">
     <span class='ocr_line' id='line_1_42' title="bbox 2171 2723 2184 3126; textangle 90"><span class='ocrx_word' id='word_1_459' title='bbox 2173 2940 2184 3126; x_wconf 56' lang='lat'><em>——2-——2:-..</em></span> <span class='ocrx_word' id='word_1_460' title='bbox 2180 2848 2184 2914; x_wconf 82' lang='grc'>.-...</span> <span class='ocrx_word' id='word_1_461' title='bbox 2171 2789 2184 2826; x_wconf 63' lang='grc' dir='ltr'>,ΛΑ</span> <span class='ocrx_word' id='word_1_462' title='bbox 2178 2759 2184 2771; x_wconf 55' lang='grc' dir='ltr'><strong><em>Δ</em></strong></span> <span class='ocrx_word' id='word_1_463' title='bbox 2182 2723 2184 2728; x_wconf 87' lang='grc'>.</span> 
     </span>
    </p>
   </div>
  </div>
 </body>
</html>
