2190 3172
327 216 389 246 256
527 212 624 239 ACTA
643 211 757 238 REGNI
776 209 959 237 LUDEWICI
978 209 1025 236 IV.
1044 209 1090 235 ET
1110 208 1295 236 FRIDERICI
1315 207 1364 234 ΙΙΙ.
1401 205 1476 233 1315.
1512 205 1561 234 Nr.
1574 206 1633 234 292.
1651 206 1709 234 293.
1728 206 1788 234 294.

326 300 488 342 prefatum
511 299 690 330 Iohannem
721 297 803 329 adeo
833 297 865 328 in
892 296 982 327 annis
1013 295 1225 337 processisse,
1255 293 1342 336 quod
1371 297 1553 325 contractus
1580 303 1690 325 secum
1719 292 1874 326 celebrati
1900 293 1983 326 firmi

328 351 448 383 debent
471 354 505 382 et
526 350 624 382 validi
646 349 762 380 merito
785 348 938 389 reputari.
984 346 1149 378 Adhibitis
1175 347 1208 377 in
1235 345 1400 387 premissis
1424 344 1572 377 omnibus
1599 347 1632 376 et
1654 345 1787 387 singulis
1810 344 1983 378 verborum

328 406 361 434 et
383 405 532 444 gestuum
555 400 847 442 sollempnitatibus
875 398 992 430 debitis
1021 402 1053 429 et
1076 398 1245 429 consuetis.
1334 397 1373 428 In
1403 397 1492 428 cuius
1518 396 1565 428 rei
1594 396 1813 428 testimonium
1841 396 1981 438 sigillum

326 457 435 485 nostre
458 453 635 484 maiestatis
657 451 858 492 presentibus
882 453 932 481 est
954 459 1143 491 appensum.

433 504 552 535 Datum
577 504 608 534 in
632 503 839 542 Constancia,
863 511 946 532 anno
970 501 1101 532 Domini
1124 500 1297 532 millesimo
1320 500 1549 531 trecentesimo
1573 498 1830 541 quintodecimo,
1852 499 1915 531 III.
1935 498 1984 531 Id.
2015 508 2028 528 s

326 555 419 595 Iunii,
443 556 533 596 regni
557 565 632 586 vero
655 553 755 585 nostri
778 563 861 584 anno
884 552 998 594 primo.

550 693 622 723 293.
647 693 720 722 294.
756 689 981 722 LITTERAE
1006 689 1207 722 CIVITATI
1231 688 1567 722 ARGENTINENSI
1589 687 1762 722 MISSAE.

917 752 1009 782 1315.
1044 751 1114 782 Iun.
1134 750 1331 792 13.—Aug.
1353 753 1400 782 11.

800 861 886 908 293.
928 861 1083 896 Litterae
1103 861 1255 906 priores.
1361 859 1440 895 Iun.
1459 861 1516 895 13.

437 935 598 976 Oriyz'mle
620 937 693 977 (or.)
717 936 753 967 in
775 934 934 967 tabulario
957 934 1096 966 civitatis
1111 934 1362 975 Aryentinensis.
1409 934 1556 976 Sigillum
1579 935 1670 967 dorso
1693 935 1882 975 impressum
1903 926 1981 967 erat.
2001 950 2028 970 ιο

325 987 368 1018 In
391 997 477 1018 verso
500 987 662 1027 zeyuntur:
685 987 844 1019 strennuis
868 989 901 1017 et
922 985 1134 1028 prudentibus
1157 986 1232 1017 viris
1253 985 1402 1018 Gotzlino
1427 986 1467 1018 de
1483 986 1686 1029 Kagenegge
1709 986 1865 1029 magistro
1889 989 1923 1018 et
1946 1011 1953 1018 .
1977 1012 1983 1019 .

326 1038 509 1070 consulibus
529 1040 561 1070 in
577 1039 767 1081 Argentina,
790 1037 940 1070 fidelibus
955 1038 1072 1069 nostris
1089 1037 1223 1069 dilectis.
1245 1056 1284 1061 —
1309 1037 1372 1070 Ed.
1390 1041 1398 1055 ‘
1409 1035 1663 1071 Urkundenbuch
1678 1038 1734 1070 der
1749 1037 1846 1071 stadt
1861 1038 1986 1071 Stra-ss·
2014 1032 2016 1034 ’

326 1090 416 1131 bury’
439 1091 490 1129 II,
512 1091 578 1122 277
599 1101 648 1122 nr.
665 1091 728 1121 331
752 1101 791 1122 ex
813 1101 859 1122 or.
904 1089 1087 1121 Editionem
1109 1087 1288 1129 repetimus.

434 1150 581 1189 Bb'hmer,
606 1150 681 1191 Rey.
699 1151 812 1182 Ludw.
830 1160 865 1189 p.
883 1150 947 1181 167
969 1149 1140 1181 Friedrich
1162 1159 1212 1181 nr.
1229 1151 1280 1181 44.

433 1235 645 1276 Frid(ericus)
669 1236 732 1267 Dei
755 1235 864 1277 gracia
887 1235 1107 1267 Romanorum
1131 1246 1191 1267 rex
1214 1245 1343 1277 semper
1366 1240 1522 1278 augustus
1604 1236 1764 1268 strennuis
1787 1239 1820 1268 et
1842 1236 1984 1278 pruden-
2003 1249 2029 1270 u

327 1288 411 1319 tibus
433 1289 529 1319 viris³
552 1288 701 1320 Gotzlino
734 1288 774 1319 de
798 1287 1000 1329 Kagenegge
1027 1287 1183 1329 magistro
1211 1291 1245 1319 et
1268 1286 1287 1330 [.
1306 1285 1326 1330 .]
1357 1287 1541 1319 consulibus
1568 1288 1706 1320 civitatis
1728 1288 1987 1330 Argentinensis,

327 1338 476 1370 fidelibus
499 1340 564 1370 suis
588 1339 715 1371 dilectis
802 1339 944 1381 graciam
969 1349 1059 1370 suam
1085 1342 1117 1370 et
1141 1349 1236 1370 omne
1259 1338 1389 1370 bonum.

436 1390 718 1427 Quemadmodum
741 1394 850 1422 nostro
875 1391 1004 1422 culmini
1027 1390 1241 1432 supplicastis,
1274 1395 1310 1422 ut
1332 1401 1389 1432 pro
1413 1390 1554 1433 Egnolfo
1584 1391 1626 1423 de
1648 1392 1832 1434 Lantsperg
1854 1391 1986 1424 concive

326 1445 443 1481 vestro,
460 1453 556 1484 quem
572 1453 631 1484 per
642 1442 858 1483 Heinr(icum)
875 1442 1093 1474 marchionem
1110 1442 1150 1474 de
1166 1441 1326 1484 Hahperg
1341 1443 1446 1475 dicitis
1462 1444 1670 1485 captivatum,
1687 1443 1793 1475 eidem
1810 1443 1987 1476 marchioni

327 1505 384 1535 pro
408 1493 603 1526 liberacione
627 1494 727 1536 ipsius
750 1495 952 1526 mitteremus
980 1497 1104 1525 nostras
1126 1494 1252 1526 litteras
1275 1494 1439 1537 efficaces,
1468 1495 1515 1527 ita
1542 1495 1695 1527 noveritis
1721 1506 1780 1527 nos
1811 1495 1877 1527 iam
1900 1494 1986 1527 dieto
2005 1507 2032 1528 ω

326 1545 503 1576 marchioni
519 1546 636 1577 nostris
658 1545 773 1577 litteris
790 1546 918 1578 dedisse
934 1546 1069 1577 firmiter
1091 1546 1123 1577 in
1140 1546 1312 1587 mandatis,
1335 1549 1371 1578 ut
1385 1546 1560 1589 Egnolfum
1577 1546 1759 1589 predictum
1779 1546 1989 1589 indempnem

329 1607 387 1638 per
410 1598 517 1628 omnia
540 1598 673 1639 pristine
697 1598 845 1629 restituat
867 1597 1020 1630 libertati.

434 1648 554 1680 Datum
579 1649 610 1680 in
633 1649 831 1690 Constantia,
855 1650 904 1681 Id.
929 1650 1023 1690 Iunii,
1047 1650 1139 1692 regni
1161 1650 1261 1681 nostri
1284 1660 1368 1682 anno
1391 1651 1505 1692 primo.

801 1780 886 1817 294.
928 1781 1081 1818 Isitterae
1108 1782 1248 1818 alterae.
1354 1782 1443 1827 Auy.
1462 1783 1517 1817 11.

439 1853 601 1894 Oriyinale
622 1855 697 1896 (or.)
721 1855 845 1886 ibidem.
884 1855 992 1896 Siyilli
1013 1856 1104 1888 dorso
1119 1856 1267 1896 impressi
1280 1856 1463 1896 fraymenta
1479 1855 1608 1888 adsunt.
1645 1855 1691 1887 In
1712 1865 1799 1888 verso
1822 1854 1987 1896 leyuntur:
2004 1870 2030 1891 a

328 1907 485 1937 strennuis
502 1910 535 1937 et
550 1906 761 1947 prudentibus
777 1907 852 1938 viris
874 1931 881 1938 .
899 1931 906 1939 .
923 1909 1088 1950 magistro,
1106 1931 1113 1939 .
1130 1932 1137 1940 .
1159 1907 1307 1949 sculteto,
1331 1907 1350 1951 [.
1369 1906 1388 1951 .]
1405 1907 1590 1939 consulibus
1605 1910 1639 1939 et
1653 1907 1854 1939 universitati
1871 1907 1987 1940 civium

328 1957 622 1998 Argentinensium,
646 1958 797 1990 fidelibus
819 1960 936 1991 nostris
959 1959 1094 1992 dilectis.
1117 1977 1162 1982 —
1183 1960 1245 1991 Ed.
1269 1959 1289 1992 l.
1306 1971 1332 1991 c.
1355 1959 1405 1998 II,
1421 1960 1485 1991 281
1509 1970 1558 1991 nr.
1575 1959 1639 1990 335
1662 1969 1701 1991 ex
1723 1969 1769 1991 or.
1806 1958 1988 1991 Editionem

328 2009 506 2047 repetimus.

436 2064 583 2102 Bb‘hmer,
609 2064 683 2105 Rey.
702 2066 814 2100 Ludw.
833 2077 868 2106 p.
887 2067 950 2098 167
973 2067 1143 2099 Friedrich
1165 2078 1216 2099 nr.
1234 2068 1285 2099 48.

437 2149 619 2182 Fridericus
641 2151 704 2182 Dei
728 2153 836 2193 gracia
852 2152 1073 2185 Romanorum
1097 2165 1156 2186 rex
1172 2164 1302 2196 semper
1317 2156 1472 2196 augustus
1551 2153 1710 2184 strennuis
1727 2155 1760 2185 et
1776 2152 1988 2195 prudentibus
2005 2166 2032 2186 ao

329 2201 404 2232 viris
435 2227 441 2234 .
466 2224 474 2232 .
497 2203 667 2243 magistro,
697 2202 716 2245 [.
741 2228 747 2235 .
773 2203 940 2247 sculteto]=
964 2229 996 2237 ..
1022 2205 1205 2237 consulibus
1239 2209 1273 2237 et
1305 2205 1507 2237 universitati
1541 2205 1658 2237 civium
1690 2204 1987 2246 Argentinensium,

330 2252 479 2284 fidelibus
502 2254 565 2284 suis
590 2254 715 2285 dilectis
803 2257 945 2297 graciam
969 2267 1060 2289 suam
1084 2260 1117 2289 et
1141 2267 1234 2289 omne
1258 2257 1388 2289 bonum.

439 2304 718 2340 Quemadmodum
742 2311 882 2339 nostram
908 2308 1112 2340 maiestatem
1135 2310 1251 2341 vestris
1273 2319 1376 2350 nuper
1398 2308 1516 2340 litteris
1538 2307 1726 2349 requisistis,
1753 2311 1790 2339 ut
1812 2307 1988 2340 advocatos

331 2357 456 2386 nostros
485 2366 544 2396 per
565 2356 728 2388 Alsaeiam
760 2362 792 2389 et
814 2360 962 2391 civitates
984 2360 1106 2392 ibidem
1128 2361 1221 2392 vobis
1248 2361 1364 2392 adesse
1387 2359 1615 2392 mandaremus
1637 2359 1703 2391 suis
1724 2359 1854 2391 auxiliis
1876 2362 1989 2391 contra

331 2406 546 2447 Heinr(icum)
563 2408 782 2441 marchionem
799 2411 840 2442 de
856 2411 1034 2454 Hachberg
1055 2423 1113 2454 pro
1130 2413 1327 2444 liberacione
1342 2411 1483 2454 Egelolfi
1501 2410 1540 2443 de
1555 2411 1750 2453 Lantsperg,
1773 2412 1819 2443 ita
1833 2410 1988 2443 noveritis
2006 2426 2032 2446 ³5

331 2468 389 2488 nos
412 2458 570 2490 nobilibus
593 2460 667 2491 viris
683 2450 819 2502 1⁶Jl(rico)
844 2464 953 2494 comiti
976 2464 1198 2496 Phirretarum
1223 2467 1256 2496 et
1279 2463 1391 2496 Ottoni
1415 2463 1455 2495 de
1473 2463 1669 2495 Ohsensteiu
1685 2462 1849 2495 advocatis
1871 2462 1987 2494 nostris

331 2509 579 2550 provincialibus
599 2510 726 2543 dedisse
751 2513 885 2545 firmiter
907 2514 939 2545 in
963 2515 1133 2556 mandatis,
1156 2518 1192 2547 ut
1213 2515 1306 2547 vobis
1328 2516 1360 2547 in
1384 2515 1447 2547 hoc
1469 2515 1605 2556 negocio
1628 2526 1692 2547 una
1715 2525 1789 2547 cum
1805 2512 1990 2547 civitatibus

331 2560 459 2601 imperii
482 2566 695 2602 cooperentur
717 2565 837 2596 auxilio
862 2565 994 2602 efficaci.

440 2611 561 2644 Datum
584 2614 615 2644 in
640 2615 751 2646 castris
774 2619 848 2648 ante
871 2616 1076 2660 Ezzelingen,
1100 2619 1238 2650 crastino
1262 2618 1444 2658 Laurencii,
1467 2619 1560 2660 regni
1581 2617 1683 2649 nostri
1704 2628 1787 2650 anno
1810 2618 1925 2660 primo.

437 2757 503 2784 293·
531 2761 554 2790 a)
574 2780 579 2785 .
595 2779 600 2785 .
621 2762 681 2786 add.
701 2771 737 2787 or.
2005 2774 2034 2794 40

438 2825 503 2854 291.
531 2829 554 2860 ⁸)
573 2830 645 2854 uncis
664 2831 764 2856 inclusa
782 2832 929 2857 exciderant
948 2842 984 2858 or.
