2184 3126
342 179 404 209 776
573 174 671 202 ACTA
691 172 803 200 REGNI
822 170 1006 198 LUDEWICI
1025 169 1072 196 IV.
1091 169 1139 196 ΕΤ
1158 167 1344 195 FRIDERICI
1363 168 1413 195 111.
1448 167 1523 194 1324.
1561 166 1609 193 Nr.
1622 165 1681 194 938.
1699 165 1759 194 939.

563 280 649 316 938.
691 279 893 324 Infeudatio
921 276 1132 312 vzarchz'om‘s
1158 273 1517 319 Brandenburyensis.
1622 272 1700 308 Iun.
1715 273 1779 308 24.

453 345 612 386 Oriyimle
635 346 707 384 (or.)
730 344 766 375 in
789 342 946 374 tabulario
970 341 1054 381 reyio
1075 339 1288 372 Berolinensi.
1337 338 1477 371 Contulit
1498 338 1539 371 R.
1553 338 1711 372 Salomon.
1757 337 1878 370 Pendet
1899 337 1997 379 sigilli

341 400 554 437 ftaymentum
575 396 642 436 filis
663 395 772 427 sericis
794 393 907 425 viridis
928 392 1065 432 flavique
1087 391 1210 446 coloris.

451 452 597 492 Bo'hmer,
621 450 696 491 Rey.
711 449 823 480 Isudw.
841 458 876 488 p.
894 448 937 479 42
958 457 1008 479 nr.
1025 448 1098 478 727.

450 525 517 556 Nos
539 524 732 555 Ludowicus
755 522 817 554 Dei
841 521 950 563 gracia
972 520 1191 552 Romanorum
1215 529 1273 550 rex
1300 528 1430 560 semper
1452 522 1608 560 augustus
1635 518 1839 560 presentibus
1867 518 1997 561 publice

344 577 544 617 profitemur,
579 575 664 616 quod
697 585 768 606 cum
799 574 940 605 omniurn
971 575 1153 604 terrarum·
1183 570 1390 613 dispendiose
1424 570 1487 601 sint
1520 569 1694 602 viduitates
1728 573 1762 602 et
1795 569 1998 602 dominorum

344 628 483 658 omnium
507 626 697 657 vacaciones
720 625 901 666 periculose
926 634 1023 666 quam
1046 623 1220 665 plurimum
1244 622 1406 663 diuturne,
1428 622 1556 654 illorum
1572 624 1682 654 tamen
1705 623 1943 664 principatuum
1965 626 2000 655 et

342 682 513 717 terrarum,
543 677 596 718 qui
621 677 801 718 specialiori
825 686 911 708 nexu
935 680 968 708 et
990 675 1203 717 prerogativis
1230 673 1406 706 maioribus
1432 673 1644 706 inmediacius
1671 683 1796 705 sacrum
1825 674 2001 716 respiciunt

342 729 510 770 imperium
541 732 574 760 et
602 739 736 770 quorum
767 727 972 759 incomodum
1003 737 1060 768 pre
1090 727 1160 758 aliis
1189 726 1293 767 ipsum
1323 725 1424 757 afficit
1451 725 1637 767 imperium,
1666 725 1912 767 periculosiores
1934 736 1998 758 non

343 780 489 811 inmerito
513 779 706 820 iudicantur,
730 779 863 821 expedit
886 778 1023 819 eisdem,
1048 789 1119 810 cum
1143 778 1174 808 in
1199 778 1275 819 ipsis
1297 778 1402 810 maius
1424 780 1568 809 vertatur
1589 777 1783 819 periculum,
1811 777 1941 809 caucius
1964 781 1998 809 et

341 831 477 863 celerius
499 831 671 872 provideri.
729 831 934 872 Quapropter
957 840 998 862 ne
1026 830 1225 872 principatus
1248 833 1281 861 et
1303 829 1448 861 marchia
1470 828 1796 871 Brandeburgen(sis)
1820 839 1859 861 ac
1881 828 1999 861 nobilis

342 883 612 915 archicameratus
639 883 765 924 imperii
795 882 914 914 ibidem
945 892 1018 914 cum
1049 881 1218 913 ducatibus
1246 880 1448 922 Stetinen(si)
1479 884 1511 912 et
1540 879 1771 921 Deminen(si)‚
1800 884 1886 913 terra
1909 880 1998 912 Star-

342 933 526 976 garden(si)‚
555 935 710 966 comitatu
733 933 970 975 Wernigerode
994 936 1027 965 et
1050 933 1197 964 omnibus
1220 933 1292 964 aliis
1315 933 1418 972 terris,
1447 931 1652 964 comitatibus
1679 935 1714 964 et
1741 931 1905 973 dominiis,
1935 942 1998 975 que

342 989 444 1017 morte
472 986 558 1017 clare
581 986 735 1017 memorie
759 986 922 1027 quondam
944 984 1146 1016 Woldemari
1173 984 1368 1016 marchionis
1390 983 1692 1026 Brandeburgensis
1718 983 1872 1025 principis
1898 984 2000 1016 nostri

342 1038 511 1078 karissimi,
536 1038 589 1079 qui
611 1037 732 1079 absque
757 1037 928 1069 heredibus
952 1037 1102 1068 masculis
1125 1039 1159 1068 et
1181 1037 1410 1078 premissorum
1434 1035 1604 1067 feodorum
1627 1034 1802 1077 capacibus
1824 1034 1865 1067 de
1887 1034 1997 1068 medio

294 1116 297 1119 ,
343 1093 391 1121 est
414 1089 570 1130 sublatus,
601 1090 681 1120 sicut
704 1089 773 1130 ipsa
796 1089 827 1120 in
852 1089 982 1120 feodum
1006 1099 1025 1120 a
1048 1099 1139 1120 sacro
1163 1088 1266 1120 tenuit
1288 1089 1440 1130 imperio,
1471 1087 1512 1119 ad
1537 1098 1594 1119 nos
1616 1086 1747 1119 fuerunt
1769 1090 1804 1119 et
1825 1087 1997 1129 imperium

342 1141 409 1172 iure
434 1140 520 1172 feodi
545 1140 710 1181 devoluta,
735 1140 899 1172 viduitatis
922 1140 1093 1172 incomoda
1116 1139 1242 1171 diucius
1266 1139 1487 1182 deplorarent,
1517 1138 1699 1181 predictum
1723 1139 1938 1180 principatum
1960 1149 1999 1171 ac

342 1191 517 1223 marchiam
533 1187 859 1233 Brandeburgensem
876 1202 947 1223 cum
965 1191 1230 1227 archicameratu.
1255 1191 1424 1223 ducatibus
1448 1194 1481 1223 et
1497 1191 1646 1223 dominiis
1661 1189 1828 1233 [predictis
1842 1189 1999 1233 necnonP’

343 1254 412 1274 cum
438 1243 585 1275 omnibus
609 1243 689 1283 aliis,
714 1254 776 1285 que
800 1244 969 1275 occasione
993 1243 1211 1285 predictorum
1235 1243 1400 1285 predictus
1423 1242 1587 1285 quondam
1609 1242 1753 1274 marchio
1770 1241 2000 1274 Woldemarus

343 1295 446 1325 tenuit
475 1298 508 1326 et
531 1295 689 1335 possedit,
721 1295 806 1326 omni
830 1295 927 1326 modo
952 1298 985 1326 et
1008 1295 1127 1335 forma,
1163 1295 1277 1336 quibus
1306 1295 1346 1327 de
1374 1295 1442 1326 iure
1471 1298 1506 1326 et
1529 1293 1815 1337 [co]nswetudine¹²
1842 1294 1903 1326 hec
1929 1293 1999 1326 fieri

344 1346 538 1386 debuerunt,
569 1346 683 1377 illustri
707 1346 883 1378 Ludowico
914 1346 980 1378 filio
1012 1350 1119 1378 nostro
1148 1347 1364 1388 primogenito
1394 1357 1433 1378 ac
1460 1346 1634 1378 heredibus
1659 1347 1726 1378 suis
1752 1345 1946 1378 contulimus
1968 1348 2002 1378 et

2016 785 2043 806 10

2018 1044 2042 1064 1³

344 1448 535 1489 nemoribus,
553 1450 683 1490 campis,
701 1450 811 1491 pratis,
828 1450 966 1491 pascuis,
983 1451 1084 1491 aquis,
1108 1450 1270 1491 piscariis,
1287 1449 1490 1491 molendinis,
1513 1453 1715 1482 monetarum
1731 1449 1952 1481 cudicionibus
1968 1451 2002 1481 et
2031 1443 2035 1456 ¹

344 1500 489 1532 omnibus
512 1500 583 1531 aliis
605 1501 810 1542 pertinenciis
833 1505 867 1532 et
889 1502 1069 1533 attinenciis
1093 1501 1215 1533 eisdem
1240 1501 1373 1543 quesitis
1396 1505 1430 1533 et
1452 1501 1633 1543 inquesitis,
1658 1510 1848 1543 quocunque
1871 1501 2001 1532 nomine

342 1556 578 1592 nuncupentur,
609 1553 689 1583 sicut
719 1552 821 1584 dictus
844 1554 953 1584 inclite
977 1554 1132 1584 memorie
1157 1553 1319 1595 quondam
1339 1552 1570 1585 Woldemarus
1592 1552 1735 1584 marchio
1759 1552 1875 1584 eadem
1899 1553 2000 1584 eciam

344 1604 374 1634 in
391 1603 462 1640 ,vita
485 1614 542 1634 sua
570 1604 672 1634 tenuit
695 1607 728 1635 et
751 1604 909 1646 possedit,
939 1604 1108 1646 ipsumque
1133 1608 1166 1636 et
1188 1604 1327 1637 heredes
1349 1615 1425 1636 suos
1448 1605 1551 1637 eciam
1575 1604 1617 1636 de
1641 1603 1788 1637 omnibus
1811 1607 1845 1636 et
1867 1604 2002 1646 singulis

343 1655 504 1696 premissis
521 1655 741 1686 investivimus
757 1659 864 1688 nostre
881 1657 998 1688 annulo
1023 1657 1210 1688 maiestatis.
1257 1657 1397 1689 Omnem
1414 1666 1556 1688 errorem
1573 1667 1631 1690 seu
1649 1656 1813 1688 defectum
1828 1657 1861 1687 in
1877 1655 2002 1689 eisdem

343 1707 461 1737 factum
487 1709 520 1738 et
543 1717 768 1748 quamcunque
793 1708 1064 1749 sollempnitatem
1089 1708 1262 1740 obmissam
1286 1708 1474 1750 supplentes
1490 1707 1531 1740 de
1553 1711 1663 1740 nostre
1685 1707 1885 1750 plenitudine
1908 1710 2001 1750 pote-

344 1758 436 1788 statis
459 1761 492 1789 et
514 1757 704 1789 mandantes
720 1758 866 1790 omnibus
890 1758 967 1791 dicti
982 1760 1180 1801 principatus
1200 1760 1342 1791 marchie
1362 1759 1695 1802 Brandenburgensis,
1718 1759 2000 1801 archimmeratfxs,

345 1802 527 1849 ducatuum,
551 1810 759 1841 comitatuum
784 1813 816 1842 et
840 1810 1054 1843 dominiorum
1078 1811 1207 1842 vasallis
1230 1811 1379 1843 fidelibus
1395 1836 1402 1844 .
1417 1837 1424 1844 .
1442 1811 1587 1852 ducibus,
1612 1837 1619 1843 .
1634 1835 1641 1843 .
1658 1811 1840 1853 comitibus,
1864 1835 1891 1844 ..
1907 1810 2000 1843 nobi-

344 1860 436 1899 libus,
461 1884 467 1891 .
486 1885 492 1891 .
510 1860 691 1903 baronibus,
717 1886 723 1892 .
743 1887 748 1893 .
766 1862 959 1904 castellanis,
985 1887 991 1894 .
1009 1887 1016 1894 .
1034 1862 1191 1903 officiatis,
1216 1863 1339 1894 civibus
1363 1866 1395 1894 et
1418 1863 1566 1895 omnibus
1589 1862 1661 1895 aliis
1683 1866 1750 1895 tam
1773 1863 1881 1905 parvis
1903 1873 2001 1906 quam

344 1912 468 1953 magnis
491 1912 523 1943 in
546 1913 622 1954 ipsis
645 1916 677 1944 et
699 1914 841 1954 ipsorum
864 1915 1071 1955 pertinenciis
1088 1915 1279 1955 constitutis,
1303 1915 1452 1957 quatinus
1475 1915 1507 1946 in
1523 1914 1671 1947 omnibus
1692 1915 1856 1957 premissis
1879 1914 2002 1947 dictum

344 1963 550 1995 Ludowicum
576 1975 634 2006 pro
658 1965 802 2006 principe
819 1969 853 1996 et
868 1966 1065 2007 marchione,
1089 1966 1356 1998 archicameran'o
1373 1970 1406 1998 et
1426 1966 1556 1999 domino
1577 1967 1736 2009 recipiant
1756 1969 1789 1998 et
1804 1969 2002 2008 pertractent

345 2025 381 2046 ac
398 2025 487 2046 more
504 2016 663 2057 quondam
677 2016 880 2048 Woldemari
896 2017 1032 2059 predicti
1047 2017 1212 2049 fidelitatis
1227 2021 1373 2060 prestent
1387 2018 1541 2061 homagia
1557 2022 1591 2051 et
1606 2019 1762 2050 obediant
1777 2022 1811 2050 et
1824 2018 2002 2050 intendant.

345 2066 433 2097 Sicut
462 2068 640 2099 maiestatis
670 2072 777 2100 nostre
805 2079 937 2110 gravem
966 2069 1122 2101 offensam
1151 2080 1189 2101 ac
1217 2070 1347 2102 aculeos
1374 2070 1519 2102 vindices
1546 2069 1707 2102 voluerint
1735 2071 1866 2102 evitare.
1962 2069 2001 2101 In

346 2119 573 2158 premissorum
601 2120 698 2161 igitur
727 2121 944 2152 testimonium
973 2124 1140 2163 presentes
1173 2124 1282 2153 nostre
1314 2122 1492 2154 maiestatis
1527 2121 1633 2164 sigillo
1667 2132 1709 2153 ex
1742 2124 1832 2154 certa
1861 2121 2001 2153 sciencia

346 2179 492 2200 luSSlmus
516 2181 699 2203 conmunm.
1084 2208 1089 2212 ,

453 2221 573 2253 Datum
603 2227 636 2254 ct
664 2227 769 2255 actum
797 2224 830 2255 in
853 2223 1059 2266 Nuremberg
1069 2225 1091 2265 ¹,
1120 2225 1152 2255 in
1183 2224 1235 2256 die
1263 2226 1365 2256 sancti
1393 2224 1546 2257 Iohannis
1573 2224 1729 2267 baptiste,
1760 2235 1844 2256 anno
1871 2224 2002 2257 Domini

348 2272 516 2304 millesimo
540 2276 766 2306 trecentesimo
791 2276 943 2308 vicesimo
968 2279 1093 2317 quarto,
1117 2277 1208 2318 regni
1232 2286 1309 2308 vero
1332 2277 1432 2308 nostri
1455 2287 1538 2308 anno
1562 2276 1698 2309 decimo.

714 2381 799 2417 939.
842 2382 1066 2426 Confirmatio
1090 2381 1362 2428 privileyiorum.
1468 2382 1549 2418 Iun.
1570 2383 1632 2418 26.

459 2441 617 2483 Oriyinale
641 2445 714 2487 (or.)
738 2447 773 2478 in
796 2447 953 2479 tabulario
976 2448 1116 2480 civitatis
1137 2447 1468 2488 Brandenburyensis.
1517 2447 1658 2480 Contulit
1680 2448 1762 2480 idem
1784 2449 1835 2480 vir
1856 2448 2001 2481 doctissi-

349 2505 436 2576 mam-7
473 2494 619 2577 Siqgllum
641 2497 737 2536 deest,
767 2497 831 2530 loro
854 2499 1087 2532 membranaceo
1110 2499 1227 2531 relicto.
1251 2518 1293 2523 —
1316 2499 1378 2532 Ed.
1396 2499 1508 2532 Riedel
1531 2499 1648 2532 ‘Godeoe
1670 2500 1908 2540 diplomaticus‘
1930 2499 1967 2540 I,
1982 2501 2004 2533 9

345 2555 377 2584 p.
395 2552 414 2576 ,ι
458 2556 507 2579 ην.
548 2549 567 2577 7
589 2558 626 2578 cac
650 2559 694 2579 or.

457 2600 603 2641 Bo‘hmcr,
628 2602 701 2643 Rey.
725 2604 836 2637 Ludw.
854 2616 889 2645 11-
908 2607 951 2638 42
972 2617 1021 2639 nr.
1039 2607 1112 2640 728.

462 2655 510 2697 ΟΥ.
527 2657 620 2689 ctiam
643 2658 662 2689 Ζ.
679 2669 703 2690 c.
720 2670 755 2699 12-
772 2660 835 2692 274
857 2672 906 2693 nr.
923 2663 1008 2694 2681
1024 2663 1151 2704 (Addit.
1168 2664 1203 2703 I)
1218 2666 1248 2696 et
1263 2674 1299 2704 p.
1316 2664 1380 2695 355
1395 2674 1440 2704 sq.
1464 2674 1513 2696 nr.
1529 2664 1616 2696 3219
1631 2666 1659 2696 et
1674 2663 1761 2696 3220
1775 2663 1903 2705 (Addit.
1916 2663 2000 2704 III).

452 2733 519 2760 938.
547 2734 571 2768 ²)
588 2741 712 2762 terrorum
732 2747 769 2764 or.
856 2739 882 2772 b)
900 2741 973 2766 uncie
991 2742 1092 2767 inclina
1110 2751 1216 2768 corrosa
1234 2746 1292 2767 aunt
1310 2750 1348 2768 or.

453 2786 479 2818 1)
500 2785 538 2817 Cf.
559 2786 584 2813 J.
598 2786 695 2813 Ficker
713 2789 742 2814 in
761 2789 882 2823 Bolnner,
901 2791 963 2826 Rey.
978 2791 1072 2819 Ludw.
1092 2792 1184 2819 Addit.
1198 2793 1251 2819 111
1260 2801 1289 2826 p.
1302 2791 1460 2820 X—XIII.

2019 2077 2046 2102 ³3

2017 2396 2047 2416 40

2019 2674 2047 2694 45
