2190 3172
343 182 404 213 372
575 180 672 208 ACTA
691 180 804 208 REGNI
824 179 1009 207 LUDEWICI
1028 179 1074 206 IV.
1094 178 1139 205 ET
1159 178 1343 206 FRIDERICI
1362 178 1409 206 111.
1445 179 1522 207 1317.
1558 179 1679 208 Nr.449.
1699 180 1759 208 450.

341 268 521 310 prevenire.
567 267 650 299 Sane
681 277 754 298 cum
781 265 967 307 spectabilis
990 266 1037 296 vir
1063 263 1251 306 Reynaldus
1279 275 1386 297 comes
1409 265 1519 298 Gelrie
1548 266 1685 299 dilectus
1710 269 1836 309 noster,
1866 267 1898 299 in
1927 278 1990 310 quo

341 319 433 351 nobis
457 319 539 351 bene
564 318 769 360 complacuit,
793 317 885 348 nobis
908 319 941 348 et
963 316 1098 358 imperio
1115 315 1243 358 placide
1259 317 1421 349 servitutis
1436 317 1593 360 obsequia
1608 318 1791 351 exhibuerit
1814 321 1847 350 et
1862 319 1991 352 inantea

341 371 529 412 impendere
553 370 661 402 valeat
690 369 838 411 pociora,
873 367 914 400 ad
949 378 1011 409 que
1039 367 1310 400 consideracionis
1342 371 1450 401 nostre
1476 369 1593 402 intuitu
1623 370 1740 402 merito
1769 373 1992 403 convertentes

342 422 447 454 eidem
474 421 643 463 Reynaldo
673 421 782 452 comiti
805 419 915 451 Gelrie
944 423 978 451 et
1004 418 1178 451 heredibus
1207 420 1272 451 suis
1301 430 1400 462 super
1428 424 1534 453 castro
1563 424 1598 453 et
1623 421 1720 463 opido
1749 421 1990 464 Novimagensi,

341 484 404 515 que
428 484 485 515 pro
509 474 642 515 pignore
667 475 757 504 tenet
779 471 820 502 ab
844 471 990 512 imperio,
1015 480 1074 502 sex
1096 471 1186 502 milia
1207 481 1388 504 marcarum
1411 473 1536 514 argenti
1558 473 1631 514 puri
1650 473 1891 506 accumulantes
1913 475 1992 506 sorti
2019 487 2034 506 ε

340 526 428 566 prius
451 524 511 556 sibi
534 527 686 566 pretextu
709 522 786 554 dicti
808 522 951 564 pignoris
975 522 1083 554 debite
1107 526 1365 564 augmentamus.
1455 524 1502 565 (2)
1526 523 1579 556 Ad
1605 524 1667 556 hoc
1691 524 1798 557 eidem
1820 525 1990 567 Reynaldo

341 577 450 608 comiti
474 575 582 608 Gelrie
607 575 647 606 de
671 575 870 616 benignitate
894 575 984 615 regia
1006 573 1225 616 indulgemus,
1253 578 1289 607 ut
1311 578 1458 617 stratam,
1489 576 1638 608 semitam
1665 577 1732 608 sive
1756 577 1842 608 viam
1873 576 1991 610 dictam

340 627 425 667 dich,
454 637 550 669 quam
574 626 751 658 secundum
774 625 932 657 indultum
960 625 1033 657 dive
1057 625 1296 658 recordacionis
1326 626 1448 659 domini
1469 627 1615 660 Heinrici
1641 628 1846 670 imperatoris
1874 628 1991 670 prede-

340 679 474 710 cessoris
497 679 618 710 nostri1
640 687 761 719 ponere
786 680 913 719 poterat
935 678 1019 709 inter
1040 677 1071 709 N
1074 678 1268 720 ovimagium
1291 681 1325 710 et
1345 679 1479 720 Arnem,
1502 689 1584 711 nunc
1607 680 1690 712 inter
1711 679 1937 722 Wageningen
1959 683 1993 712 et

339 729 558 762 Doudenwert
581 739 639 771 per
662 739 838 771 congruam
861 730 1047 771 congeriem
1063 732 1227 761 construat
1251 733 1284 762 et
1303 734 1486 772 componat.
1523 731 1738 764 Ooncedimus
1761 732 1860 764 etiam
1884 732 1991 764 eidem
2011 744 2036 764 ιο

340 782 451 813 comiti
472 780 591 822 Gelrie,
615 784 650 812 ut
674 781 860 813 theloneum
883 791 976 813 suum
999 781 1031 812 in
1054 781 1183 813 Lobeth
1206 781 1303 814 liceat
1325 782 1386 814 sibi
1408 782 1495 824 apud
1516 783 1737 815 Newembech
1761 794 1858 825 super
1878 783 1991 815 Yslam

340 836 372 864 et
395 833 482 875 apud
504 833 625 864 Arnem
649 843 745 874 super
767 832 895 864 Renum
918 843 956 864 ac
980 832 1066 875 apud
1081 832 1232 865 Wamele
1256 844 1353 876 super
1372 833 1504 866 Walum
1531 845 1633 877 prope
1657 835 1739 877 Tyel
1772 836 1817 867 sic
1845 836 1991 868 raciona-

339 885 447 916 biliter
470 885 645 923 collocare,
670 884 756 926 quod
778 884 945 926 pluralitas
968 885 1033 916 iam
1057 885 1215 916 dictorum
1241 884 1385 918 locorum
1409 887 1612 918 occasionem
1634 897 1698 919 non
1721 886 1842 919 tribuat
1864 887 1991 930 quanti-

339 939 440 968 tatem
463 937 604 968 thelonei
627 937 746 968 veteris
769 935 949 968 excedendi
971 936 1025 968 vel
1047 939 1244 968 mercatores
1267 940 1300 970 et
1322 939 1523 970 transeuntes
1551 937 1623 980 plus
1647 938 1740 970 solito
1763 938 1990 981 pregravandi,

339 998 411 1020 cum
446 988 507 1019 hoc
541 999 600 1029 per
634 991 801 1030 presentes
829 998 1036 1030 nequaquam
1065 987 1244 1020 concedere
1274 988 1509 1021 intendamus².
1599 990 1646 1031 (3)
1677 989 1814 1032 Insuper
1843 990 1991 1032 sepefato
2011 1003 2035 1022 15

339 1039 448 1072 comiti
470 1039 675 1081 indulgemus
700 1042 732 1071 et
756 1039 963 1071 concedimus
986 1039 1048 1071 hiis
1070 1041 1102 1071 in
1126 1041 1262 1082 scriptis,
1287 1040 1373 1082 quod
1396 1051 1453 1082 pro
1477 1041 1556 1073 locis
1571 1041 1774 1083 Wansheim,
1797 1041 1937 1084 Eystern
1959 1045 1992 1075 et

338 1091 571 1123 Hurtzenvorst
594 1091 658 1122 alia
682 1092 743 1123 tria
770 1090 842 1123 loca
864 1091 1016 1123 videlicet
1031 1091 1303 1134 Wagening(en)‚
1332 1092 1492 1125 Mekerke
1522 1096 1555 1125 et
1577 1093 1738 1136 Geystern
1759 1093 1868 1126 valeat
1893 1093 1990 1126 liber·

339 1146 408 1174 tare
417 1143 440 1174 ².
523 1143 572 1184 (4)
596 1142 766 1175 Postremo
783 1143 973 1175 societatem
989 1143 1098 1175 Insule
1114 1143 1199 1175 Dei³
1223 1154 1282 1186 per
1295 1143 1490 1186 prelibatum
1507 1145 1658 1178 comitem
1680 1145 1734 1187 pie
1757 1145 1934 1177 institutam
1958 1149 1993 1178 et

338 1195 545 1226 laudabiliter
581 1194 763 1227 ordinatam
797 1195 990 1226 auctoritate
1029 1195 1120 1237 regia
1157 1195 1376 1237 approbamus
1410 1198 1444 1228 et
1479 1197 1639 1238 presentis
1672 1197 1783 1239 scripti
1813 1197 1992 1239 patrocinio

339 1246 573 1278 confirmamus.
673 1246 715 1278 Et
751 1247 784 1278 in
815 1247 929 1278 horum
964 1247 1106 1278 omnium
1140 1250 1173 1278 et
1207 1247 1406 1289 singulorum
1439 1247 1623 1280 evidentem
1658 1247 1884 1280 certitudinem
1917 1258 1991 1290 pre·
2010 1261 2037 1282 ιο

338 1301 462 1330 sentem
486 1299 639 1340 paginam
661 1298 781 1340 regalis
803 1299 903 1330 nostri
927 1298 1023 1341 sigilli
1046 1298 1213 1340 signaculo
1237 1298 1387 1331 duximus
1411 1299 1672 1341 consignandam.

445 1358 566 1390 Datum
594 1359 626 1390 in
642 1358 793 1401 Wienna,
817 1359 933 1391 Kalen.
950 1359 1103 1400 Augusti,
1134 1369 1217 1391 anno
1247 1359 1378 1391 Domini
1408 1359 1579 1392 millesimo
1607 1360 1834 1392 trecentesimo
1863 1359 1991 1392 decimo

338 1410 486 1452 septimo,
510 1410 602 1453 regni
625 1421 701 1442 vero
725 1411 825 1443 nostri
848 1421 932 1443 anno
956 1410 1067 1442 tercio.

760 1549 847 1586 450.
890 1550 1070 1587 Concessio
1091 1552 1321 1597 principatus.
1427 1551 1518 1597 Aug).
1537 1553 1571 1587 1.

452 1628 613 1670 originale
642 1629 764 1661 ibidem.
819 1629 1057 1670 Descmpsimus
1083 1640 1148 1663 nos.
1202 1630 1322 1663 Pendet
1353 1629 1491 1671 siqillum
1520 1630 1586 1669 fere
1616 1629 1761 1662 illaesum
1789 1629 1854 1670 silis
1881 1629 1992 1662 sericis
2009 1641 2034 1662 25

338 1681 428 1713 rubei
449 1681 587 1721 flavique
609 1680 730 1713 coloris.

447 1741 594 1779 Biihmer,
618 1740 693 1782 Rey.
710 1741 822 1774 Ludw.
846 1751 879 1782 p.
896 1743 959 1773 171
981 1742 1151 1775 Friedrich
1173 1753 1223 1775 nr.
1241 1744 1313 1774 103.

448 1831 631 1864 Fridericus
659 1831 724 1863 Dei
750 1831 856 1874 gratia
883 1831 1103 1864 Romanorum
1130 1842 1188 1864 rex
1214 1841 1345 1874 semper
1370 1835 1525 1875 augustus
1610 1832 1766 1864 universis
1793 1834 1860 1864 tam
1888 1825 1992 1864 eccle-

340 1884 475 1915 siastieis
499 1894 594 1926 quam
620 1883 821 1915 secularibus
843 1883 1055 1926 principibus,
1086 1884 1276 1926 baronibus,
1307 1884 1491 1925 comitibus,
1518 1883 1693 1923 nobilibus,
1720 1883 1993 1924 ministerialibus,

340 1935 508 1976 militibus,
542 1935 690 1967 militaris
714 1935 906 1967 conditionis
929 1935 1126 1976 hominibus,
1161 1935 1327 1968 civitatum
1351 1935 1472 1968 civibus
1499 1945 1624 1968 necnon
1646 1935 1718 1967 aliis
1741 1935 1994 1978 quibuscumque
2013 1946 2039 1966 ao

340 1987 422 2018 sacri
444 1986 584 2018 Romani
607 1987 736 2028 imperii
758 1986 909 2018 fidelibus
996 1987 1245 2029 imperpetuum.

449 2039 531 2071 Cum
563 2039 712 2080 princeps
741 2039 920 2080 principum
951 2049 1077 2070 sacrum
1105 2038 1287 2071 Romanum
1315 2038 1497 2080 gubernans
1525 2039 1694 2080 imperium
1728 2039 1762 2070 in
1787 2037 1992 2070 multitudine

341 2101 511 2132 procerum
541 2090 645 2122 latera
668 2100 726 2121 sua
750 2090 1016 2122 circumdantium
1040 2091 1196 2133 glorietur
1222 2090 1419 2133 thronusque
1447 2091 1538 2132 regni
1566 2090 1615 2122 sui
1640 2091 1783 2132 ipsorum
1806 2089 1992 2122 fortitudine

341 2141 496 2173 solidetur
518 2152 702 2183 nomenque
726 2142 851 2183 regium
880 2143 1060 2184 principum
1094 2142 1154 2174 sibi
1181 2142 1398 2175 subiectorum
1426 2142 1526 2174 titulis
1555 2141 1760 2184 magnificum
1795 2151 1854 2183 per
1881 2141 1992 2174 orbem

341 2193 436 2225 latius
463 2194 664 2235 predicetur,
699 2193 876 2235 expediens
908 2194 1103 2226 arbitramur
1132 2197 1165 2227 et
1195 2194 1389 2234 condecens,
1418 2197 1455 2225 ut
1482 2193 1606 2226 nobiles
1640 2193 1784 2225 fidelium
1811 2196 1993 2226 nostrorum
2011 2204 2035 2225 ³³

341 2245 557 2285 conditiones,
588 2245 753 2286 potissime
782 2248 890 2277 tamen
914 2246 1057 2285 illorum,
1081 2245 1195 2288 quibus
1218 2257 1257 2278 ea
1281 2256 1343 2288 que
1367 2245 1451 2277 circa
1473 2245 1535 2277 hoc
1557 2245 1762 2287 requiruntur
1783 2245 1856 2287 plus
1878 2246 1994 2278 ceteris

341 2296 565 2339 suffragantur,
589 2297 621 2328 in
646 2297 799 2339 dignioris
823 2300 924 2329 status
947 2298 1216 2340 preeminentiam
1238 2301 1496 2330 transmutemus.
1535 2297 1621 2329 Sane
1644 2298 1719 2339 quia
1741 2297 1926 2339 spectabilis
1948 2298 1996 2329 vir

341 2348 528 2390 Reynaldus
552 2359 660 2380 comes
685 2348 810 2390 Gelrie,
845 2350 954 2382 nobile
982 2351 1093 2392 utique
1121 2350 1302 2382 membrum
1330 2350 1473 2392 imperii,
1506 2350 1593 2381 clara
1617 2349 1809 2381 clarificatus
1833 2349 1995 2391 sanguinis

342 2400 503 2440 claritate,
527 2401 746 2442 generositate
770 2403 898 2443 generis
922 2412 1112 2444 generosus,
1136 2402 1265 2434 dotatus
1290 2402 1463 2434 multarum
1485 2401 1656 2443 insignium
1680 2400 1829 2433 dotarum
1852 2400 1992 2442 dotibus,

342 2451 470 2483 fulcitus
497 2452 635 2483 virorum
667 2455 699 2484 et
730 2453 842 2484 virium
875 2453 1008 2486 fulcibili
1037 2453 1240 2493 fulcimento,
1273 2454 1390 2495 quique
1425 2453 1508 2484 inter
1542 2452 1669 2484 divitias
1696 2452 1898 2494 possidentes
1928 2463 1991 2485 non
2009 2462 2037 2482 ⁴⁰

341 2503 512 2535 mediocris
535 2503 664 2545 dicitur,
689 2504 746 2535 sed
770 2505 816 2536 eis
839 2505 1057 2537 habundando
1081 2504 1317 2537 habundantius
1340 2504 1543 2544 habundare,
1574 2503 1634 2535 hiis
1656 2504 1767 2546 itaque
1790 2504 1851 2536 sibi
1874 2515 1992 2547 coope-

341 2555 484 2587 rantibus
507 2556 539 2587 in
563 2555 757 2587 sublimioris
781 2556 1015 2589 sublimationis
1039 2557 1236 2589 sublimitate
1261 2556 1426 2588 desiderat
1448 2555 1625 2596 sublimari,
1648 2566 1707 2588 nos
1730 2556 1770 2588 de
1793 2556 1992 2598 plenitudine

341 2607 511 2648 potestatis
544 2607 633 2648 regie
664 2617 781 2639 nomen
814 2609 966 2651 principis
995 2609 1166 2641 comitatus
1195 2608 1287 2640 titulo
1320 2607 1512 2640 cumulando
1545 2608 1651 2649 ipsum
1683 2618 1822 2650 suosque
1853 2607 1992 2640 heredes

340 2659 550 2700 imposterum
586 2658 627 2690 de
656 2659 759 2700 gradu
790 2661 942 2692 comitum
971 2661 1152 2693 exaltantes
1180 2660 1359 2702 principum
1392 2663 1574 2692 nostrorum
1607 2664 1640 2691 et
1673 2660 1800 2702 imperii
1833 2662 1991 2702 perpetuo

445 2761 471 2795 1)
494 2761 528 2788 A.
547 2764 620 2788 1310.
639 2760 707 2795 Sept.
722 2765 764 2795 19,
783 2762 905 2796 Bohmer,
926 2763 990 2798 Rey.
1005 2763 1102 2790 Heinr.
1123 2766 1187 2796 324,·
1209 2763 1244 2796 cf.
1263 2771 1348 2797 supra
1366 2770 1408 2790 nr.
1423 2766 1468 2790 117
1484 2770 1540 2797 cap.
1556 2766 1579 2790 6.
1674 2763 1701 2795 2)
1726 2763 1767 2795 Cf.
1786 2762 1879 2789 ibidem
1897 2770 1954 2796 cap.
1970 2766 1990 2789 7.
2009 2772 2035 2791 ⁴⁵

341 2804 367 2838 3)
387 2804 428 2836 Cf.
446 2812 529 2838 supra
543 2812 571 2838 1²·
587 2807 631 2831 113
649 2806 702 2831 not.
719 2808 742 2831 2.
