2184 3126
144 1303 170 1322 2⁰

146 1559 171 1579 ’a

148 2362 175 2382 ⁴0

150 2787 176 2807 5⁰

463 224 560 253 ACTA
580 222 693 259 amm
713 222 897 251 LUDEwlcl
916 222 962 250 IV.
982 222 1027 250 ΕΤ
1046 221 1230 250 FRlDERlCI
1249 222 1297 250 111.
1335 222 1410 250 1324.
1447 222 1495 249 Νι.
1507 221 1567 250 909.
1776 224 1850 254 729·

186 312 320 346 tatibus²
334 311 516 344 Veronensi
538 314 573 344 et
587 310 815 353 Vincen(cie)“
837 313 871 343 et
894 309 1023 342 domino
1038 309 1210 342 Passerino
1233 308 1275 341 de
1296 308 1509 340 Bonacorsis'
1526 308 1644 340 vicario
1660 309 1786 351 imperii
1811 310 1841 341 iu
1901 346 1905 351 Ι

187 365 316 397 civitate
331 363 492 396 Mantue'
514 366 548 396 et
563 362 707 396 Mutine¹
729 361 932 405 supradictis,
955 361 1080 394 devotis
1103 362 1228 394 eciam!
1252 360 1367 392 nostris
1389 363 1506 402 atque·
1529 359 1679 392 fidelibus
1702 359 1840 393 Ianuen-

187 416 284 458 sibus,
307 416 362 458 qui
384 416 415 447 in
438 414 617 447 fidelitate·
630 414 758 457 imperii
773 414 984 457 persistentes
1000 413 1127 456 expulsi
1142 416 1214 445 sunt
1230 412 1379 454 nequiter
1401 415 1435 445 et
1451 411 1578 455 expulsi
1594 411 1778 444 detinentur
1800 412 1842 444 dc

188 469 318 500 civitate
333 466 530 507 Ianuen(si)¹’
553 476 612 509 per
626 466 747 498 vicinos
762 466 914 508 ipsorum,
937 465 1007 508 ipso
1023 464 1154 498 domino
1171 464 1302 496 iubente
1318 466 1415 507 atque
1431 463 1606 496 mandante
1630 468 1664 496 et
1687 465 1718 495 in
1738 465 1842 496 omni-

189 520 248 552 bus
270 519 410 561 favente,
433 521 529 562 prout
551 520 601 551 est
623 518 782 550 notorium
806 520 856 549 et⁶
879 516 1027 549 omnibus
1049 516 1266 556 manifestum,
1289 514 1427 548 eandem
1450 515 1590 548 heresim
1614 518 1648 548 et
1670 514 1842 547 fautoriam

187 571 268 603 falso
285 573 319 603 et
333 579 504 613 perperam
520 573 654 602 conatur
668 569 822 612 inponere
839 571 872 601 et
888 569 996 601 facere
1012 566 1139 611 inponi‘¹
1157 570 1205 599 et⁰
1218 566 1400 599 civitatibus
1415 570 1449 599 et
1464 568 1568 606 terris,
1585 577 1646 609 que
1659 566 1844 599 detinentur

187 633 246 666 per
260 622 357 665 ipsos,
377 621 528 654 videlicet
544 621 681 653 eivitati'
696 620 853 663 Saganess,
873 619 1015 652 civitati¹¹
1030 618 1180 659 Nohoe‘,
1203 618 1346 651 civitati¹¹
1361 617 1567 661 Albinganek
1583 622 1617 651 et
1632 618 1780 651 omnibus
1796 619 1842 651 et¹

188 674 320 716 singulis
335 672 519 705 faventibus
530 672 758 715 quoquomodo
774 674 807 704 et
819 670 1040 704 assistentibus
1056 673 1090 703 et
1101 670 1254 703 auxilium
1272 674 1305 702 et
1317 670 1483 702 consilium
1501 674 1534 702 et
1546 670 1690 702 favorem
1702 669 1842 712 preben-

188 725 272 758 tibus
287 723 415 768 publice
431 724 513 756 vele
535 724 690 765 occulten,
714 723 861 756 omnibus
883 726 918 755 et
932 722 1067 766 singulis
1082 721 1265 754 civitatibus
1286 724 1319 753 et
1335 722 1428 753 terris
1444 725 1478 754 et
1493 721 1653 753 nobilibus
1669 725 1702 753 et
1717 721 1843 754 vicariis

187 775 359 809 antedictis
380 774 440 808 snb
460 775 653 818 quibusdam
669 774 839 807 verborum
863 774 1034 807 involucris
1055 777 1175 816 atque⁰
1198 772 1476 815 generalitatibus,
1499 783 1562 815 que
1578 772 1844 816 conprehendunt

188 838 300 861 omnes
321 827 449 869 imperii
472 826 606 859 devotos
621 830 719 869 atque
736 826 859 867 fideles,
875 826 1028 869 precipue
1045 826 1209 857 civitatem
1225 824 1390 856 Lucanam
1406 828 1440 856 et
1454 824 1654 856 Castrucium
1673 824 1714 856 de
1728 824 1842 857 Antel-

186 879 345 912 mineuisv
368 879 521 911 vicarium
544 878 670 921 imperii
694 878 725 910 in
749 877 887 911 eudem‘¹
910 880 943 910 et
966 877 1128 909 civitatem
1150 875 1335 918 Pysanam‘
1361 879 1394 908 et
1414 875 1556 907 nobilem
1573 876 1675 908 virum
1692 876 1843 908 comitem

186 931 321 964 Nerium
338 934 506 973 regentem
530 931 693 962 civitatem
709 929 906 972 predictam·
929 932 962 961 et
977 929 1144 960 civitatem
1160 927 1287 960 Arecii‘
1309 930 1363 959 et¹¹
1380 926 1515 959 devotos
1531 931 1564 959 et
1587 927 1713 970 imperii
1729 927 1843 960 fideles

188 987 222 1016 et
243 986 391 1015 nostrosu
415 981 540 1014 nobiles
567 981 607 1014 de
631 981 818 1013 Petramala
845 984 878 1013 et
901 980 1070 1013 nonnullos
1093 979 1174 1012 alios
1197 978 1414 1019 marchiones,
1442 979 1662 1011 marchionem
1689 980 1843 1022 precipue

188 1034 419 1068 Montisferrati
443 1037 476 1066 et
498 1033 717 1066 marchionem
734 1032 935 1065 Saluciarum
959 1035 992 1064 et
1013 1031 1232 1064 marchionem
1255 1030 1296 1063 de
1312 1030 1412 1071 Cena,
1429 1033 1463 1062 et
1479 1040 1591 1062 omnes
1608 1031 1688 1062 alios
1709 1031 1844 1063 comites

189 1086 316 1129 imperii
332 1086 512 1128 palatinos*
528 1088 562 1117 et
583 1085 664 1116 alios
679 1084 891 1125 marchiones,
914 1083 1049 1116 comites
1066 1086 1099 1115 et
1113 1082 1261 1123 barones,
1286 1082 1368 1124 qui'
1384 1092 1496 1114 omnes
1512 1082 1596 1113 sicut
1610 1083 1678 1114 veri
1693 1082 1843 1115 catholici

188 1138 286 1170 fidem
302 1137 518 1170 catholicam*
533 1136 668 1168 firmiter
683 1135 818 1168 credunt
838 1139 871 1168 et
885 1134 1074 1178 simpliciter
1093 1134 1294 1166 confitentur.
1330 1133 1505 1176 Numquitr
1522 1132 1658 1165 devotos
1678 1137 1712 1165 et
1731 1134 1845 1166 fideles

188 1189 314 1232 imperii
338 1189 383 1220 sic
410 1187 582 1221 crudeliter
611 1190 765 1220 tractatos
792 1190 826 1219 et
852 1187 1023 1219 inmaniter
1049 1186 1090 1218 de
1120 1189 1210 1218 tanto
1241 1188 1276 1218 et
1302 1185 1357 1217 tali
1387 1185 1510 1217 scelere
1540 1189 1651 1217 contra
1674 1185 1780 1218 Deum
1811 1190 1845 1218 et

188 1241 366 1273 iusticiam·
388 1239 546 1272 iudicatos
569 1238 762 1271 deberemus
789 1237 940 1271 deserere
968 1243 1007 1270 a·
1033 1241 1081 1270 tot
1108 1241 1141 1270 et
1169 1237 1266 1270 tantis
1289 1236 1564 1279 oppressionibus,
1591 1237 1658 1268 tot'³
1687 1240 1721 1269 et
1748 1239 1845 1270 tantis

189 1291 398 1334 calumpniisb
422 1295 532 1323 contra
554 1290 660 1323 Deum
684 1293 717 1322 et
739 1291 898 1322 iusticiam
930 1289 1134 1322 indefensos?
1179 1289 1276 1321 Certe
1299 1299 1518 1331 nequaquam,
1542 1298 1615 1320 cum
1639 1288 1844 1322 manifestum

189 1345 230 1376 sit
257 1347 290 1376 et
317 1344 349 1375 in
372 1353 508 1385 corpore
530 1343 607 1374 iuris
636 1341 801 1374 redactum
831 1343 1061 1384 imperatorum
1089 1343 1122 1373 et
1148 1341 1328 1383 principum
1355 1340 1575 1382 antiquorum,
1606 1340 1694 1382 quod
1721 1346 1844 1383 neque⁶

191 1396 359 1428 occasione
382 1394 573 1437 religionum
597 1394 811 1436 heresumque
834 1394 1037 1436 questionum
1063 1392 1148 1424 non‘¹
1172 1387 1400 1434 permittantur
1430 1392 1594 1434 provincie
1617 1392 1744 1434 imperii
1767 1402 1844 1424 con-

190 1448 313 1479 moveri
341 1450 440 1489 atque
467 1445 587 1478 turbari
618 1449 674 1477 aut
704 1445 798 1477 aliter
824 1444 985 1488 quadam⁸
1012 1444 1227 1487 precepcione
1257 1444 1379 1486 iniungi
1402 1447 1436 1475 et
1462 1443 1627 1485 subiugari
1654 1444 1844 1485 provincias,

190 1500 289 1531 immo
313 1497 545 1541 providendum
569 1507 640 1529 esse
667 1507 739 1529 cum
763 1496 958 1539 competenti
981 1495 1120 1528 utilitate
1143 1495 1306 1528 fiscalibus
1334 1495 1385 1527 et‘
1407 1505 1469 1537 que
1498 1494 1584 1526 facta
1615 1499 1688 1527 sunt
1718 1500 1848 1538 oportet

191 1550 434 1593 diligentissime
457 1549 650 1591 perscrutari
677 1552 710 1581 et
732 1548 820 1580 nullo
846 1547 943 1580 modo
970 1548 1157 1590 permittere
1186 1548 1292 1579 circa⁸
1315 1547 1441 1589 imperii
1468 1547 1698 1589 precepciones
1725 1547 1848 1590 aliquid

190 1602 259 1634 fieri
283 1601 451 1634 occasione
475 1600 666 1642 religionum
688 1600 740 1632 vel
755 1599 904 1632 heresum
917 1600 938 1631 ¹.
977 1598 1034 1631 Set
1056 1598 1208 1641 predictis
1231 1596 1399 1630 heresibus
1414 1597 1486 1630 Deo
1509 1597 1657 1630 amabilis
1680 1601 1714 1630 et
1729 1599 1848 1631 decens

191 1657 224 1686 et
246 1653 440 1685 conveniens
464 1652 616 1689 terminus
640 1650 749 1690 detur,
772 1654 808 1683 ut
830 1654 863 1683 et
885 1650 1067 1683 orthodoxa
1089 1650 1169 1683 fides
1192 1649 1390 1682 custodiatur
1413 1649 1527 1682 illesab
1554 1653 1587 1681 et
1616 1650 1847 1692 indempnitas‘

191 1700 313 1737 iuribus
329 1703 491 1736 fiscalibus
506 1706 705 1746 procuretur,
729 1706 763 1734 et
785 1702 895 1734 devoti
918 1706 951 1735 et
973 1701 1129 1734 subiectik
1153 1701 1294 1744 imperii¹
1317 1711 1337 1733 a
1353 1700 1506 1743 predictis
1529 1701 1618 1733 falsis
1641 1702 1846 1744 inposicioni·

191 1756 252 1788 bus
273 1755 383 1788 illesim
406 1758 440 1788 et
462 1754 607 1787 inviolati
621 1757 797 1786 serventur.
837 1753 966 1790 Quanta
981 1757 1090 1785 autem
1107 1752 1290 1784 huiusmodi
1306 1753 1346 1784 sit
1362 1753 1537 1785 commotio
1553 1753 1656 1785 tocius
1672 1754 1846 1795 provincie,

192 1810 312 1850 quanta
328 1810 456 1839 autem¹¹
476 1806 622 1838 turbacio
646 1809 694 1838 tot
716 1809 749 1838 et
765 1809 926 1838 tantarum
950 1808 1003 1837 et⁰
1027 1805 1140 1837 talium
1156 1805 1320 1836 civitatum
1344 1807 1378 1836 et
1393 1807 1441 1835 tot
1463 1807 1496 1836 et
1512 1807 1674 1837 tantorum
1691 1804 1846 1837 nobilium

190 1859 283 1891 talis?
306 1862 340 1890 et
362 1861 452 1890 tanta
475 1857 695 1899 calumpniosa
717 1858 894 1899 oppressio,
917 1856 1053 1899 quilibet
1075 1866 1151 1888 sane
1175 1857 1292 1888 mentis
1314 1855 1463 1887 advertit.

301 1912 350 1942 16.
385 1915 399 1934 ‘¹
414 1909 498 1941 Item
520 1909 591 1951 ipse
614 1919 676 1940 non
700 1919 838 1950 sequens
861 1909 948 1940 eiusr
971 1909 1072 1948 viam,
1097 1908 1185 1939 cuius
1207 1918 1242 1939 se
1267 1907 1344 1939 dicit
1367 1907 1538 1948 vicarium,
1561 1911 1611 1940 set
1634 1908 1746 1950 pocius
1769 1918 1845 1939 con-

190 1962 288 1994 traria
310 1965 429 2004 agens*
453 1960 592 1992 barones
621 1963 655 1992 et
678 1960 820 2002 prelatos
843 1960 933 2002 regni
956 1959 1127 1991 Alamanie
1151 1958 1289 1990 vasallos
1312 1958 1454 2000 imperii*
1477 1962 1510 1990 et
1533 1962 1659 1991 nostros
1682 1962 1715 1990 et
1738 1959 1847 2001 plures

190 2013 351 2055 principes
373 2016 407 2045 et
422 2012 561 2044 vasallos
582 2012 710 2053 imperii
734 2015 767 2044 et
782 2015 908 2043 nostros
931 2010 972 2043 de
988 2010 1096 2043 Ytalie
1120 2010 1263 2052 partibus
1286 2011 1428 2042 excitare
1452 2011 1558 2042 nisus==
1574 2014 1671 2042 estet
1693 2010 1846 2043 inducere

190 2075 249 2107 per
270 2064 395 2096 litteras
418 2067 539 2106 atquev
561 2064 693 2095 nuncios
717 2063 912 2105 frequentes,
935 2062 1022 2105 quod
1045 2062 1138 2094 nobis
1161 2066 1194 2094 et
1216 2062 1352 2103 imperio
1376 2061 1536 2093 rebellent
1559 2066 1592 2094 et
1615 2061 1847 2094 rcbellantibus

190 2115 283 2148 nobis
298 2115 487 2155 adhereant,
510 2114 691 2147 inducendo
714 2115 802 2157 ipsos
825 2124 883 2156 per
905 2114 966 2146 hoc
989 2114 1032 2146 ad
1056 2114 1368 2155 transgressionem*
1385 2114 1635 2145 iuramentorum
1659 2118 1692 2146 et
1714 2113 1790 2146 fidei
1813 2118 1846 2147 et

192 2168 381 2211 effusionem
403 2178 467 2200 non
490 2167 688 2207 modicam²‚
713 2173 830 2209 qucm¹
853 2170 907 2198 ut!
931 2165 1070 2199 crudelis
1086 2165 1260 2198 crudeliter
1283 2165 1358 2205 sitit,
1382 2165 1546 2206 sanguinis
1567 2165 1741 2206 christiani,
1764 2166 1847 2198 sicut

190 2219 284 2252 nobis
303 2222 428 2252 constat
451 2221 485 2251 et
507 2219 578 2250 aliis
600 2221 747 2251 constare
771 2222 878 2260 potest
894 2221 928 2250 et
943 2217 1102 2250 constabit
1116 2227 1174 2249 suo
1191 2217 1261 2249 loco
1286 2220 1319 2249 et
1335 2220 1481 2258 tempore
1505 2226 1563 2258 per
1586 2217 1685 2258 ipsius
1708 2216 1846 2250 bullatas

294 2312 362 2340 ⁹0⁰.
389 2312 410 2348 t)
427 2315 532 2340 civitate
550 2313 575 2340 4.
588 2313 613 2340 5.
713 2313 739 2346 ¹¹)
758 2314 846 2339 Vicen.
865 2312 889 2339 2.
992 2312 1015 2345 v)
1034 2313 1190 2338 Bonaeursis
1208 2311 1238 2342 4:
1262 2312 1409 2338 Banacallis
1427 2311 1452 2337 5.
1570 2310 1601 2344 w)
1620 2312 1764 2338 Mammas
1783 2312 1808 2339 4.
1820 2313 1846 2339 5.

192 2357 218 2388 ¹)
237 2357 380 2383 Mutinensi
396 2356 420 2383 5.
515 2355 541 2390 1)
560 2361 646 2383 tamen
664 2356 688 2383 4.
786 2357 809 2388 ¹)
828 2361 854 2382 et
871 2356 896 2382 5.
1002 2356 1025 2388 ¹)
1043 2356 1122 2382 nostri
1140 2355 1203 2381 aad.
1222 2354 1246 2380 4.
1353 2354 1378 2387 Ι3)
1398 2356 1479 2380 lanne
1497 2353 1514 2380 2
1520 2363 1529 2384 .·
1548 2356 1628 2380 lanua
1645 2354 1671 2381 5.
1777 2357 1799 2387 ⁰)
1819 2357 1846 2382 in

193 2398 255 2425 add.
273 2397 298 2425 5.
401 2397 427 2431 ὅ)
445 2399 504 2433 imp.
522 2401 605 2426 tacere
622 2399 646 2426 5.
753 2399 776 2431 θ)
795 2403 821 2425 et
839 2400 907 2425 deest
924 2399 948 2425 4.
1054 2397 1074 2430 f)
1094 2398 1243 2424 civitatibus
1260 2398 1285 2424 5.
1393 2398 1418 2429 Β)
1436 2399 1536 2431 &agone
1554 2397 1586 2427 2;
1612 2398 1754 2430 Sagoneusi
1776 2398 1800 2424 4.
1820 2399 1845 2425 5.

192 2441 219 2475 ¹²)
237 2441 304 2468 docet
321 2441 346 2468 5.
441 2440 460 2472 ¹)
478 2442 537 2469 Noli
555 2442 580 2469 4.
593 2442 617 2468 5.
723 2441 748 2475 ¹¹)
767 2443 956 2476 Albinganensi
975 2441 999 2467 4.
1012 2441 1037 2467 5.
1131 2439 1150 2472 ¹)
1170 2445 1194 2467 et
1212 2441 1281 2467 decet
1300 2441 1323 2466 l.
1427 2439 1461 2474 ΙΙ·)
1479 2445 1505 2466 et
1523 2440 1547 2466 1.
1648 2441 1675 2472 1ἱ)
1694 2446 1721 2466 et
1738 2441 1801 2467 aad.
1820 2442 1845 2468 4.

193 2486 218 2515 ⁰)
235 2489 261 2511 et
276 2483 301 2510 4.
397 2485 423 2517 Ρ)
441 2486 622 2511 Interminellis
639 2485 664 2511 4.
770 2486 795 2517 q)
813 2486 918 2511 civitate
941 2485 1003 2511 add.
1018 2484 1043 2511 4.
1055 2484 1080 2510 5.
1183 2484 1205 2516 r)
1224 2484 1373 2517 Phys-nam
1402 2483 1431 2513 1;
1457 2483 1597 2509 Phisanam
1615 2482 1633 2509 ⁴2
1657 2488 1684 2510 et
1702 2484 1766 2510 odd.
1782 2484 1807 2510 2.
1820 2485 1845 2511 4.

193 2529 214 2559 ¹)
233 2529 314 2562 ipsam
331 2527 358 2555 4.
370 2528 396 2555 5.
483 2528 504 2559 ¹)
522 2528 654 2554 Aretinam
671 2527 696 2554 4.
709 2528 734 2554 5.
830 2529 856 2561 ¹¹)
874 2532 901 2554 et
918 2528 975 2554 dev.
988 2529 1048 2561 imp.
1061 2532 1087 2553 et
1105 2526 1147 2552 fid.
1161 2535 1186 2552 n.
1199 2526 1228 2557 4:
1246 2531 1273 2552 et
1289 2527 1351 2552 dev.
1362 2527 1422 2560 imp.
1435 2526 1478 2552 fid.
1490 2531 1517 2552 et
1534 2535 1560 2552 n.
1573 2527 1598 2553 5.
1694 2528 1720 2558 v)
1738 2528 1846 2561 palenti-

194 2579 240 2597 nos
255 2570 281 2597 5.
385 2570 416 2603 V)
433 2575 460 2597 et
480 2569 504 2596 4.
608 2571 635 2603 ¹)
659 2572 702 2597 fid.
719 2571 786 2597 cath.
805 2571 858 2597 dee.
873 2570 899 2597 4.
916 2570 941 2597 5.
1049 2572 1075 2599 1)
1102 2570 1233 2602 Numquid
1257 2569 1282 2595 4.
1300 2569 1325 2595 5.
1430 2568 1453 2602 ¹)
1477 2569 1545 2595 deae
1567 2569 1593 2595 4.
1699 2571 1722 2599 ι)
1740 2575 1766 2595 et
1782 2570 1808 2596 4.
1821 2570 1845 2595 5.

193 2613 218 2645 b)
237 2614 481 2648 tot—calumpniis
498 2614 551 2640 au.
569 2612 594 2640 4.
606 2613 631 2640 5.
742 2614 766 2646 ⁰)
784 2622 831 2640 nec
848 2613 874 2640 4.
886 2613 911 2639 5.
1024 2611 1050 2645 ἃ)
1068 2612 1136 2638 dem
1153 2612 1178 2638 4.
1194 2612 1219 2638 5.
1333 2612 1356 2644 ⁰)
1374 2612 1490 2644 qualibet
1515 2611 1540 2638 4.
1560 2611 1585 2638 5.
1691 2611 1711 2644 s)
1735 2613 1803 2639 decu
1820 2613 1845 2639 5.

194 2657 218 2683 Β)
237 2656 367 2694 conti-⁸⁴4.
378 2657 403 2683 5.
505 2655 532 2689 ¹¹)
551 2657 632 2683 inlesa
648 2655 674 2683 4.
775 2655 794 2689 ¹)
813 2657 966 2690 ydemptitss
986 2656 1010 2681 1.
1109 2654 1135 2687 Β)
1153 2655 1250 2681 subditi
1267 2654 1292 2681 4.
1389 2653 1408 2686 ¹)
1426 2655 1533 2689 imperio
1551 2654 1575 2681 5.
1674 2657 1706 2688 ¹¹¹)
1726 2656 1801 2681 inlesi
1820 2656 1845 2682 4.

193 2699 218 2730 “)
237 2699 304 2726 deut
321 2698 346 2726 4.
438 2699 462 2732 ⁰)
481 2703 507 2726 et
523 2700 568 2726 tal.
586 2700 635 2726 civ.
654 2703 680 2726 et
697 2703 734 2726 tot
752 2704 778 2725 et
794 2704 859 2726 tant.
878 2699 930 2725 du.
949 2698 977 2730 43
1003 2703 1030 2725 st
1046 2699 1136 2725 talium
1150 2702 1211 2731 poet
1227 2698 1360 2724 civitatum
1379 2698 1404 2724 5.
1491 2699 1516 2730 Ρ)
1536 2698 1601 2724 talia
1621 2698 1643 2725 1.
1733 2699 1758 2730 ί1)
1778 2708 1843 2725 nota

193 2742 263 2768 linea
282 2742 310 2774 13
334 2750 391 2768 eum
409 2742 480 2775 n‘qno
494 2742 663 2776 paragraphi
680 2741 704 2768 2.
809 2742 830 2773 ¹)
847 2742 915 2768 deut
932 2741 957 2768 4.
969 2742 1000 2771 5:
1018 2741 1052 2775 cf.
1071 2750 1113 2768 nr.
1126 2744 1185 2767 910.
1290 2742 1312 2773 ⁸)
1330 2745 1357 2767 et
1374 2741 1436 2767 odd.
1455 2740 1480 2767 2.
1586 2742 1606 2773 ς)
1626 2742 1685 2775 imp.
1705 2750 1761 2767 vas.
1781 2741 1805 2767 4.
1819 2742 1843 2767 ἴ).

194 2785 219 2816 “)
238 2785 309 2811 visus
328 2785 351 2810 1.
439 2784 464 2816 v)
483 2793 528 2818 per
545 2785 608 2811 add.
626 2784 651 2811 4.
739 2785 770 2816 W)
788 2785 1003 2818 transgressiones
1021 2783 1046 2810 4.
1058 2783 1083 2810 5.
1171 2784 1196 2815 ¹)
1214 2792 1292 2817 quam
1310 2783 1342 2815 4;
1361 2792 1519 2817 quamquam
1538 2784 1561 2810 5.
1651 2785 1676 2816 r)
1695 2789 1720 2810 et
1740 2785 1763 2810 1.

298 2844 323 2876 1)
341 2843 467 2871 Inveniri
484 2851 540 2870 mm
557 2843 652 2877 potuit.
740 2844 767 2876 2)
787 2843 878 2877 Supra
895 2851 937 2870 nr.
954 2846 1000 2870 792
1017 2850 1075 2877 cap.
1090 2848 1114 2870 4.

295 2903 334 2922 u..
345 2903 570 2922 conamus-nom
578 2903 604 2922 v.
1604 2894 1638 2921 92
