2184 3126
490 182 586 211 ACTA
606 181 720 210 REGNI
738 182 921 210 LUDEWICI
940 181 987 210 IV.
1007 181 1052 209 ΕΤ
1070 181 1255 247 ῈΒΙΒΕΟΒΙΟΙ
1274 181 1324 210 111.
1362 181 1435 210 1320.
1472 181 1521 209 Nr.
1533 182 1593 210 571.
1612 183 1671 210 572.
1809 196 1817 205 ·
1839 186 1904 215 459

525 307 610 343 571.
651 306 822 351 smptwm
848 318 953 352 super
979 306 1132 351 homagio
1152 307 1375 351 praestando.
1483 306 1570 352 Apr.
1590 307 1623 341 9.

359 379 458 421 Copia
481 381 536 421 (c.)
551 380 673 423 ‘ibidem
694 380 748 420 sol.
766 380 828 412 47‘.
878 379 1077 412 Contulimus
1097 389 1163 412 nos.
1188 398 1229 404 -
1252 379 1314 412 Ed.
1338 380 1357 413 l.
1373 391 1400 414 c.
1418 391 1452 421 p.
1468 381 1533 412 200
1555 390 1605 412 nr.
1622 381 1662 410 11
1685 390 1724 411 ex
1747 389 1774 411 c.

355 439 502 478 Bfihmer,
525 439 600 481 Rey.
618 440 731 485 Ludw.
751 451 788 481 p.
804 441 869 471 386
891 439 1060 472 Friedrich
1081 450 1131 472 nr.
1148 441 1213 471 363
1234 440 1362 480 (Addit.
1378 441 1463 482 III).

353 517 554 549 Fridericus*
576 516 639 548 Dei
662 517 766 559 gratia
782 517 1002 549 Romanorum
1025 528 1083 550 rex
1107 527 1236 560 semper
1259 522 1413 560 augustus
1501 518 1601 550 nobili
1625 518 1692 549 viro
1713 516 1900 549 Castruccio

213 579 226 599 s
246 568 286 602 de
303 568 541 601 Antelminellis
557 568 644 610 apud
661 569 783 601 Lucam
803 579 860 600 suo
882 572 915 601 et
930 569 1056 611 imperii
1071 569 1190 601 vicario
1206 570 1360 611 generali,
1382 568 1470 602 fideli
1487 580 1545 601 suo
1562 569 1681 601 dilecto
1762 569 1901 611 gratiam

205 616 207 621 ¹
246 630 337 652 suam
361 623 394 652 et
416 630 511 652 omne
534 619 665 651 bonum.

353 671 531 704 Venientes
553 670 595 703 ad
618 673 725 703 nostre
748 671 927 703 maiestatis
950 671 1145 713 presentiam
1169 672 1228 703 viri
1251 671 1381 704 discreti
1403 673 1558 715 magister
1581 671 1731 704 Andreas
1753 669 1900 703 Medicus

245 725 280 755 et
301 722 422 755 Baldus
444 721 663 755 Cancellarius
686 723 782 762 cives,
807 723 852 754 tui
875 722 1044 754 domestici
1066 722 1251 763 familiares,
1276 723 1385 755 devoti
1407 724 1507 756 nostri
1531 723 1639 756 dilecti
1664 734 1705 755 ex
1729 726 1820 764 parte
1845 725 1901 753 tua

243 777 352 806 nostre
381 774 563 806 celsitudini
590 774 822 816 presentabant
853 773 1009 816 quasdam
1044 773 1168 806 litteras
1203 768 1470 817 supplicatorias¹
1505 776 1720 815 continentes,
1767 777 1803 805 ut
1842 772 1900 804 tibi

202 835 228 856 ιο
245 826 397 858 vicariam
421 825 506 868 apud
523 826 644 858 Lucam
661 826 797 868 aliisque
821 825 900 857 locis
923 826 986 857 tuis
1008 825 1123 857 litteris
1139 826 1301 868 expressis
1317 826 1358 858 de
1374 826 1574 869 benignitate
1590 827 1681 868 regia
1696 825 1898 858 committere

245 877 460 919 dignaremur.
500 877 566 908 Nos
582 887 659 908 vero
683 876 988 918 animadvertentes,
1012 880 1132 919 quanto
1155 877 1289 909 fervoris
1311 877 1430 909 affectu
1454 881 1638 920 quantaque
1661 877 1736 909 fidei
1760 877 1900 919 puritate

244 939 302 961 nos
319 931 352 961 et
367 939 491 960 sacrum
509 928 673 960 veneraris
689 929 859 970 imperium
877 928 1085 969 incessanter,
1110 927 1372 971 confidentesque
1389 929 1429 960 de
1447 932 1500 961 tue
1516 929 1640 960 sincere
1656 928 1732 960 fidei
1748 928 1899 969 puritate,

244 976 448 1012 liberalitatis
476 980 632 1012 industria
661 990 698 1011 ac
728 979 1022 1022 circumspectionis
1051 982 1106 1011 tue
1135 979 1337 1021 providentia
1360 979 1626 1019 commendanda,
1650 979 1815 1022 premissis
1838 979 1900 1010 tuis

244 1031 454 1075 petitionibus
477 1032 618 1063 animum
642 1031 815 1074 benignum
840 1030 1060 1063 favorabiliter
1087 1031 1277 1063 inclinamus
1305 1034 1338 1063 et
1365 1042 1570 1071 consensum,
1604 1030 1750 1063 volentes
1778 1030 1810 1062 in
1838 1029 1899 1061 hoc

202 1093 226 1114 is
245 1085 335 1115 tuam
358 1093 543 1125 personam,
571 1086 606 1114 ut
632 1084 665 1114 in
696 1082 881 1124 devotionis„
902 1085 935 1114 et
960 1081 1125 1114 fidelitatis
1153 1082 1271 1114 affectu
1299 1083 1397 1125 ergab
1424 1093 1482 1115 nos
1512 1086 1546 1115 et
1572 1083 1743 1125 imperium
1773 1081 1899 1114 fidelius

243 1134 402 1176 attendas,
425 1134 562 1167 libenter
586 1137 619 1166 et
641 1134 818 1166 liberaliter
840 1134 1009 1166 honorare.
1055 1133 1288 1166 Verumtamen
1304 1134 1452 1167 volumus
1475 1137 1509 1166 et
1525 1134 1725 1175 mandamus,
1750 1133 1899 1175 quatinus

243 1186 403 1218 maiestati
420 1189 537 1227 nostre,
561 1189 596 1217 ut
612 1186 730 1218 teneris
751 1188 784 1217 et
798 1189 894 1227 prout
909 1184 1106 1217 consuetudo
1130 1185 1307 1227 antiquitus
1330 1185 1509 1228 approbata
1531 1186 1613 1218 sacri
1637 1186 1763 1227 imperii
1786 1185 1898 1226 exigit,

243 1241 367 1280 prestes
395 1241 428 1270 et
455 1238 554 1269 facias
581 1237 746 1269 fidelitatis
778 1240 811 1269 et
838 1236 1021 1268 obedientie
1049 1236 1196 1268 debitum
1224 1240 1462 1269 sacramentum
1488 1237 1645 1279 nobisque
1676 1242 1747 1269 tuas
1774 1237 1899 1268 litteras

244 1289 461 1332 obligatorias,
485 1300 565 1331 quas
588 1289 646 1320 tibi
670 1299 742 1320 cum
758 1287 960 1330 presentibus
979 1289 1175 1330 conscriptas
1190 1288 1434 1320 transmittimus
1449 1288 1646 1330 sigillandas,
1662 1288 1824 1320 destinare
1840 1298 1899 1330 per

200 1353 227 1374 ιο
244 1344 386 1372 nostrum
403 1341 548 1372 nuntium
563 1351 627 1372 non
643 1341 772 1372 omittas
795 1340 841 1372 tui
857 1339 953 1381 sigilli
970 1339 1085 1371 robore
1102 1340 1314 1372 communitas
1324 1340 1347 1372 ².
1386 1340 1428 1372 Et
1443 1351 1539 1382 super
1554 1340 1718 1382 premissis
1733 1343 1898 1371 strenuum

243 1393 346 1424 virum
361 1391 583 1425 Ewerbinum⁰
607 1391 647 1424 de
671 1391 795 1424 Gevla‘²
809 1392 1020 1424 camerarium
1043 1394 1187 1423 nostrum
1210 1391 1374 1432 dilectum,
1398 1392 1612 1424 exhibitorem
1636 1392 1834 1433 presentium
1856 1390 1898 1422 ad

242 1446 275 1476 te
298 1443 447 1475 duximus
470 1443 704 1483 destinandum,
727 1443 918 1476 mandantes
940 1443 1090 1486 quatinus
1113 1442 1220 1475 eidem
1235 1442 1401 1475 fidelitatis
1421 1447 1453 1475 et
1469 1443 1611 1485 homagii
1628 1446 1752 1485 prestes
1768 1443 1898 1474 nomine

242 1499 351 1527 nostro
375 1499 620 1527 sacramentum.

350 1546 426 1578 Dat.
449 1547 480 1578 in
504 1546 673 1587 Brixena⁶,
697 1545 737 1578 V.
761 1545 838 1578 Idus
861 1545 993 1588 Aprilis,
1018 1546 1109 1588 regni
1132 1555 1209 1578 vero
1232 1546 1331 1577 nostri
1354 1556 1438 1578 anno
1461 1545 1519 1578 VI.

200 1686 226 1707 a
449 1669 547 1708 572.
588 1669 716 1705 Missio
744 1669 856 1704 nuntii
882 1669 929 1704 ad
955 1669 1148 1714 lcmnaqium
1173 1669 1414 1714 recipiendum.
1519 1668 1608 1714 Apr.
1628 1669 1684 1704 10.

354 1743 462 1785 Copia·
476 1742 531 1784 (c.)
554 1743 668 1775 ibidem
689 1742 742 1783 fol.
757 1745 820 1775 47¹.
870 1742 1070 1775 Concidimus
1091 1753 1157 1775 nos.
1182 1761 1223 1766 —
1246 1743 1308 1775 Ed.
1333 1742 1352 1775 l.
1371 1753 1398 1775 c.
1414 1753 1450 1783 p.
1466 1742 1529 1773 201
1552 1752 1601 1774 nr.
1620 1742 1662 1773 12
1684 1752 1723 1774 ex
1744 1751 1771 1774 c.

351 1803 497 1841 Bo‘hmer,
521 1803 596 1843 Ray.
613 1803 725 1835 Ludw.
744 1813 778 1843 p.
795 1804 859 1834 386
883 1802 1053 1834 Friedrich
1075 1814 1126 1834 nr.
1143 1803 1207 1834 364
1230 1803 1358 1844 (Addit.
1374 1802 1459 1843 III).

350 1881 551 1913 Friderious·
574 1881 636 1913 Dei
659 1882 764 1923 gratia
786 1881 1006 1913 Romanorum
1030 1891 1088 1912 rex
1111 1891 1240 1923 semper
1263 1884 1416 1922 augustus
1497 1880 1596 1911 nobili
1619 1880 1688 1911 viro
1710 1879 1896 1911 Castruccio

244 1931 286 1965 de
315 1933 554 1965 Antelminellis
582 1933 774 1964 auctoritate
801 1932 961 1974 imperiali
999 1932 1031 1963 in
1062 1932 1151 1963 Luca
1179 1932 1297 1964 vicario
1327 1931 1485 1973 generali,
1519 1931 1693 1963 secretario
1722 1942 1780 1962 suo
1808 1931 1896 1963 fideli

201 1993 228 2015 so
245 1983 362 2017 dilecto
442 1985 580 2026 gratiam
603 1994 694 2015 suam
717 1988 750 2015 et
773 1994 867 2015 omne
891 1983 1020 2015 bonum.
1947 1978 1951 1982 ’

331 2035 386 2067 Ius
414 2041 448 2068 et
476 2034 674 2067 consuetudo
701 2035 832 2077 antiqua
861 2037 968 2066 nostra
997 2038 1030 2066 et
1060 2035 1141 2066 sacri
1170 2035 1296 2076 imperii
1327 2034 1387 2066 hoc
1416 2034 1602 2076 expostulat
1630 2038 1664 2066 et
1686 2035 1833 2076 requirit,
1862 2038 1897 2065 ut

244 2087 369 2119 ratione
396 2088 514 2119 vicarie
544 2086 601 2118 tibi
629 2086 671 2118 ad
698 2097 829 2128 precum
856 2090 982 2118 tuarum
1012 2086 1190 2128 supplicem
1222 2086 1407 2117 instantiam
1436 2089 1470 2117 et
1497 2096 1517 2117 a
1544 2086 1761 2118 munificentia
1787 2091 1896 2117 nostre

245 2138 441 2171 celsitudinis
463 2138 632 2170 commisse
655 2137 748 2170 nobis
770 2141 895 2179 prestes
918 2140 951 2169 et
974 2137 1073 2168 facias
1094 2137 1259 2168 fidelitatis
1282 2141 1316 2168 et
1330 2137 1473 2179 homagii
1490 2137 1634 2169 debitum
1650 2141 1895 2169 sacramentum.

200 2204 204 2212 ·
244 2188 367 2222 Verum
391 2190 465 2232 quia
486 2194 620 2232 propter
634 2189 841 2232 longinquam
858 2189 1040 2220 distantiam
1065 2188 1097 2220 id
1121 2188 1249 2220 effectui
1273 2189 1457 2230 mancipare
1482 2199 1544 2220 non
1568 2189 1689 2230 poteris
1711 2189 1841 2231 propria
1864 2189 1895 2220 in

201 2253 227 2274 a
245 2251 396 2282 persona,
422 2242 484 2274 tuis
506 2241 670 2273 laboribus
693 2244 726 2273 et
748 2241 898 2282 expensis
921 2240 962 2272 ob
985 2244 1039 2272 tue
1055 2250 1191 2282 persone
1215 2241 1429 2272 reverentiam
1453 2250 1587 2282 parcere
1610 2241 1791 2282 cupientes,
1814 2244 1895 2272 stre-

245 2301 343 2324 nuum
356 2293 460 2325 virum
471 2292 696 2325 Ewerbinumb
713 2292 753 2325 de
766 2291 888 2324 Gevla⁰
905 2292 1115 2324 camerarium
1130 2296 1274 2323 nostrum
1290 2291 1454 2331 dilectum,
1469 2291 1683 2324 exhibitorem
1700 2293 1896 2334 presentium

246 2342 288 2375 ad
310 2346 343 2376 te
359 2344 508 2376 duximus
523 2344 758 2385 destinandum,
775 2343 889 2375 dantes
905 2341 1052 2386 [eidem]·¹
1069 2353 1166 2384 super
1190 2343 1392 2385 presentibus
1415 2342 1545 2384 plenam
1567 2354 1606 2375 ac
1628 2343 1763 2375 liberam
1787 2348 1895 2386 potes-

246 2397 361 2436 tatem,
388 2395 539 2438 exigendi
563 2399 596 2428 et
623 2395 800 2438 recipiendi
823 2406 843 2427 a
866 2399 897 2427 te
920 2395 1133 2437 prescriptum
1162 2398 1270 2426 nostro
1299 2399 1332 2426 et
1360 2395 1486 2436 imperii
1514 2396 1642 2427 nomine
1669 2395 1833 2427 fidelitatis
1864 2400 1897 2427 et

247 2445 432 2479 obedientie
454 2450 699 2479 sacramentum.
745 2447 949 2479 Presentium
966 2446 1149 2478 testimonio
1166 2445 1344 2478 litterarum
1360 2446 1459 2478 nostri
1476 2446 1594 2489 regalis
1617 2446 1713 2488 sigilli
1729 2446 1895 2488 signaculo

202 2509 229 2529 ⁴0
247 2497 452 2539 signatarum.

352 2547 473 2580 Datum
499 2549 531 2581 in
557 2548 701 2590 Posano,
731 2549 810 2580 1111.
827 2548 904 2580 Idus
931 2548 1066 2590 Aprilis,
1094 2558 1177 2580 anno
1202 2548 1331 2580 Domini
1354 2547 1549 2589 MOGGXX,
1572 2549 1662 2591 regni
1690 2559 1766 2581 vero
1796 2550 1894 2580 nostri

248 2609 331 2630 anno
355 2603 456 2632 sexto.

348 2674 415 2702 571.
444 2676 468 2708 ⁸)
488 2677 626 2703 rudoricu-
643 2685 664 2703 ο.
753 2677 778 2709 ¹²)
797 2686 859 2711 ergo
877 2686 897 2703 c.
985 2679 1009 2709 ⁰)
1029 2677 1192 2703 Elzerbinum
1211 2685 1232 2702 c.
1320 2675 1346 2709 θ)
1364 2678 1448 2704 Goul-
1465 2687 1486 2704 c.
1566 2665 1597 2709 ἵ)
1616 2679 1727 2711 Bryema
1746 2687 1766 2703 c.

349 2725 414 2752 572.
443 2727 466 2758 ὓ)
486 2728 624 2754 Federicus
641 2736 663 2754 ο.
749 2727 775 2761 b)
793 2729 950 2755 Octalierum
969 2737 989 2754 c.
1077 2727 1101 2758 e)
1119 2727 1186 2753 Geul
1205 2736 1226 2754 c.
1314 2727 1339 2759 d)
1358 2729 1451 2754 accidie
1469 2738 1489 2755 c.

202 2797 230 2818 ⁴5
353 2787 378 2819 1)
396 2786 521 2813 Seri-atae
538 2794 594 2813 non
612 2790 683 2815 sune.
771 2788 798 2821 2)
823 2787 954 2814 Videntur
971 2794 1024 2814 esse
1042 2786 1121 2819 infra
1139 2794 1180 2813 nr.
1194 2789 1248 2814 5⁷3.
