<?xml version="1.0" encoding="UTF-8"?>
<!DOCTYPE html PUBLIC "-//W3C//DTD XHTML 1.0 Transitional//EN"
    "http://www.w3.org/TR/xhtml1/DTD/xhtml1-transitional.dtd">
<html xmlns="http://www.w3.org/1999/xhtml" xml:lang="en" lang="en">
 <head>
  <title>
</title>
<meta http-equiv="Content-Type" content="text/html;charset=utf-8" />
  <meta name='ocr-system' content='tesseract 3.04.00' />
  <meta name='ocr-capabilities' content='ocr_page ocr_carea ocr_par ocr_line ocrx_word'/>
</head>
<body>
  <div class='ocr_page' id='page_1' title='image "./monumentagerma05geseuoft_0644.png"; bbox 0 0 2184 3126; ppageno 0'>
   <div class='ocr_carea' id='block_1_1' title="bbox 316 185 1792 222">
    <p class='ocr_par' dir='ltr' id='par_1_1' title="bbox 316 185 1792 222">
     <span class='ocr_line' id='line_1_1' title="bbox 316 185 1792 222; baseline -0.005 0"><span class='ocrx_word' id='word_1_1' title='bbox 316 192 377 222; x_wconf 82' lang='lat'><strong>604</strong></span> <span class='ocrx_word' id='word_1_2' title='bbox 530 188 628 215; x_wconf 85' lang='lat' dir='ltr'>ACTA</span> <span class='ocrx_word' id='word_1_3' title='bbox 645 187 759 215; x_wconf 85' lang='lat' dir='ltr'>REGNI</span> <span class='ocrx_word' id='word_1_4' title='bbox 778 186 963 214; x_wconf 85' lang='lat' dir='ltr'><strong>LUDEWICI</strong></span> <span class='ocrx_word' id='word_1_5' title='bbox 981 186 1029 213; x_wconf 91' lang='lat' dir='ltr'><strong>IV.</strong></span> <span class='ocrx_word' id='word_1_6' title='bbox 1047 185 1093 213; x_wconf 87' lang='grc' dir='ltr'><strong>ΕΤ</strong></span> <span class='ocrx_word' id='word_1_7' title='bbox 1113 185 1299 213; x_wconf 81' lang='lat' dir='ltr'>FRIDERICI</span> <span class='ocrx_word' id='word_1_8' title='bbox 1317 186 1366 213; x_wconf 92' lang='lat'>111.</span> <span class='ocrx_word' id='word_1_9' title='bbox 1403 185 1480 213; x_wconf 79' lang='lat'><strong>1323.</strong></span> <span class='ocrx_word' id='word_1_10' title='bbox 1515 185 1564 213; x_wconf 87' lang='lat' dir='ltr'><strong>Nr.</strong></span> <span class='ocrx_word' id='word_1_11' title='bbox 1578 186 1637 214; x_wconf 88' lang='grc'><strong>775.</strong></span> <span class='ocrx_word' id='word_1_12' title='bbox 1656 186 1715 214; x_wconf 81' lang='grc'><strong>776.</strong></span> <span class='ocrx_word' id='word_1_13' title='bbox 1733 187 1792 215; x_wconf 89' lang='grc'><strong>777.</strong></span> 
     </span>
    </p>
   </div>
   <div class='ocr_carea' id='block_1_2' title="bbox 314 271 2014 624">
    <p class='ocr_par' dir='ltr' id='par_1_2' title="bbox 314 271 2014 624">
     <span class='ocr_line' id='line_1_2' title="bbox 315 271 1969 317; baseline 0 -10"><span class='ocrx_word' id='word_1_14' title='bbox 315 278 423 307; x_wconf 88' lang='lat' dir='ltr'><strong>nostre</strong></span> <span class='ocrx_word' id='word_1_15' title='bbox 447 274 537 306; x_wconf 87' lang='lat' dir='ltr'><strong>adire</strong></span> <span class='ocrx_word' id='word_1_16' title='bbox 560 285 703 316; x_wconf 83' lang='lat' dir='ltr'><strong>nequeas</strong></span> <span class='ocrx_word' id='word_1_17' title='bbox 726 275 922 315; x_wconf 81' lang='lat' dir='ltr'><strong>presentiam</strong></span> <span class='ocrx_word' id='word_1_18' title='bbox 945 273 1133 314; x_wconf 88' lang='lat' dir='ltr'><strong>maiestatis,</strong></span> <span class='ocrx_word' id='word_1_19' title='bbox 1157 283 1216 305; x_wconf 89' lang='lat' dir='ltr'><strong>nos</strong></span> <span class='ocrx_word' id='word_1_20' title='bbox 1238 282 1316 304; x_wconf 87' lang='lat' dir='ltr'><strong>vero</strong></span> <span class='ocrx_word' id='word_1_21' title='bbox 1340 282 1381 304; x_wconf 85' lang='lat' dir='ltr'><strong>ex</strong></span> <span class='ocrx_word' id='word_1_22' title='bbox 1404 272 1515 304; x_wconf 85' lang='lat' dir='ltr'><strong>innata</strong></span> <span class='ocrx_word' id='word_1_23' title='bbox 1529 271 1622 304; x_wconf 86' lang='lat' dir='ltr'><strong>nobis</strong></span> <span class='ocrx_word' id='word_1_24' title='bbox 1637 273 1810 307; x_wconf 80' lang='lat' dir='ltr'><strong>clementia</strong></span> <span class='ocrx_word' id='word_1_25' title='bbox 1832 276 1969 317; x_wconf 89' lang='lat' dir='ltr'><strong>requisi-</strong></span> 
     </span>
     <span class='ocr_line' id='line_1_3' title="bbox 315 323 1968 368; baseline 0 -10"><span class='ocrx_word' id='word_1_26' title='bbox 315 326 459 358; x_wconf 88' lang='lat' dir='ltr'><strong>cionibus</strong></span> <span class='ocrx_word' id='word_1_27' title='bbox 482 327 544 357; x_wconf 89' lang='lat' dir='ltr'><strong>tuis</strong></span> <span class='ocrx_word' id='word_1_28' title='bbox 560 325 758 368; x_wconf 83' lang='lat' dir='ltr'>supplicibus</span> <span class='ocrx_word' id='word_1_29' title='bbox 775 325 995 357; x_wconf 83' lang='lat' dir='ltr'><strong>favorabiliter</strong></span> <span class='ocrx_word' id='word_1_30' title='bbox 1010 325 1163 365; x_wconf 79' lang='lat' dir='ltr'><strong>inclinati,</strong></span> <span class='ocrx_word' id='word_1_31' title='bbox 1187 324 1250 355; x_wconf 88' lang='lat' dir='ltr'><strong>tuis</strong></span> <span class='ocrx_word' id='word_1_32' title='bbox 1265 324 1410 355; x_wconf 82' lang='lat' dir='ltr'><strong>volentes</strong></span> <span class='ocrx_word' id='word_1_33' title='bbox 1430 334 1564 365; x_wconf 84' lang='lat' dir='ltr'><strong>parcere</strong></span> <span class='ocrx_word' id='word_1_34' title='bbox 1579 323 1744 356; x_wconf 77' lang='lat' dir='ltr'><strong>laboribus</strong></span> <span class='ocrx_word' id='word_1_35' title='bbox 1760 328 1793 357; x_wconf 92' lang='lat' dir='ltr'><strong>et</strong></span> <span class='ocrx_word' id='word_1_36' title='bbox 1807 327 1968 367; x_wconf 81' lang='lat' dir='ltr'><strong>expensis,</strong></span> 
     </span>
     <span class='ocr_line' id='line_1_4' title="bbox 315 375 1969 419; baseline 0.001 -10"><span class='ocrx_word' id='word_1_37' title='bbox 315 378 491 409; x_wconf 82' lang='lat' dir='ltr'><strong>sinceritati</strong></span> <span class='ocrx_word' id='word_1_38' title='bbox 519 381 571 409; x_wconf 89' lang='lat' dir='ltr'><strong>tue</strong></span> <span class='ocrx_word' id='word_1_39' title='bbox 596 378 741 419; x_wconf 85' lang='lat' dir='ltr'><strong>quamvis</strong></span> <span class='ocrx_word' id='word_1_40' title='bbox 764 377 892 408; x_wconf 81' lang='lat' dir='ltr'><strong>absenti</strong></span> <span class='ocrx_word' id='word_1_41' title='bbox 915 376 1012 408; x_wconf 90' lang='lat' dir='ltr'><strong>feoda</strong></span> <span class='ocrx_word' id='word_1_42' title='bbox 1034 376 1158 417; x_wconf 84' lang='lat' dir='ltr'><strong>regalia</strong></span> <span class='ocrx_word' id='word_1_43' title='bbox 1182 375 1241 407; x_wconf 92' lang='lat' dir='ltr'><strong>tibi</strong></span> <span class='ocrx_word' id='word_1_44' title='bbox 1264 379 1297 407; x_wconf 89' lang='lat' dir='ltr'><strong>et</strong></span> <span class='ocrx_word' id='word_1_45' title='bbox 1320 375 1456 407; x_wconf 81' lang='lat' dir='ltr'><strong>ecclesie</strong></span> <span class='ocrx_word' id='word_1_46' title='bbox 1479 378 1534 407; x_wconf 90' lang='lat' dir='ltr'><strong>tue</strong></span> <span class='ocrx_word' id='word_1_47' title='bbox 1557 376 1751 417; x_wconf 79' lang='lat' dir='ltr'><strong>pertinentia</strong></span> <span class='ocrx_word' id='word_1_48' title='bbox 1773 376 1969 410; x_wconf 79' lang='lat' dir='ltr'><strong>conferimus</strong></span> 
     </span>
     <span class='ocr_line' id='line_1_5' title="bbox 316 427 1970 470; baseline 0.001 -10"><span class='ocrx_word' id='word_1_49' title='bbox 316 432 349 460; x_wconf 89' lang='lat' dir='ltr'><strong>et</strong></span> <span class='ocrx_word' id='word_1_50' title='bbox 372 432 404 461; x_wconf 87' lang='lat' dir='ltr'><strong>te</strong></span> <span class='ocrx_word' id='word_1_51' title='bbox 428 429 467 461; x_wconf 91' lang='lat' dir='ltr'><strong>de</strong></span> <span class='ocrx_word' id='word_1_52' title='bbox 491 429 552 460; x_wconf 92' lang='lat' dir='ltr'><strong>hiis</strong></span> <span class='ocrx_word' id='word_1_53' title='bbox 576 428 728 460; x_wconf 80' lang='lat' dir='ltr'><strong>adhibitis</strong></span> <span class='ocrx_word' id='word_1_54' title='bbox 744 427 1034 469; x_wconf 89' lang='lat' dir='ltr'><strong>sollempnitatibus</strong></span> <span class='ocrx_word' id='word_1_55' title='bbox 1054 427 1171 459; x_wconf 89' lang='lat' dir='ltr'><strong>debitis</strong></span> <span class='ocrx_word' id='word_1_56' title='bbox 1195 429 1227 458; x_wconf 88' lang='lat' dir='ltr'><strong>et</strong></span> <span class='ocrx_word' id='word_1_57' title='bbox 1250 427 1419 458; x_wconf 86' lang='lat' dir='ltr'><strong>conswetis</strong></span> <span class='ocrx_word' id='word_1_58' title='bbox 1434 427 1627 459; x_wconf 82' lang='lat' dir='ltr'><strong>auctoritate</strong></span> <span class='ocrx_word' id='word_1_59' title='bbox 1649 428 1741 470; x_wconf 84' lang='lat' dir='ltr'><strong>regia</strong></span> <span class='ocrx_word' id='word_1_60' title='bbox 1755 428 1970 461; x_wconf 86' lang='lat' dir='ltr'><strong>infeodamus.</strong></span> 
     </span>
     <span class='ocr_line' id='line_1_6' title="bbox 314 477 2014 522; baseline -0.001 -10"><span class='ocrx_word' id='word_1_61' title='bbox 314 480 536 521; x_wconf 91' lang='lat' dir='ltr'><strong>Precipientes</strong></span> <span class='ocrx_word' id='word_1_62' title='bbox 552 481 708 511; x_wconf 86' lang='lat' dir='ltr'><strong>universis</strong></span> <span class='ocrx_word' id='word_1_63' title='bbox 725 479 853 511; x_wconf 86' lang='lat' dir='ltr'><strong>vasallis</strong></span> <span class='ocrx_word' id='word_1_64' title='bbox 877 479 939 510; x_wconf 87' lang='lat' dir='ltr'><strong>tuis</strong></span> <span class='ocrx_word' id='word_1_65' title='bbox 963 482 996 510; x_wconf 93' lang='lat' dir='ltr'><strong>et</strong></span> <span class='ocrx_word' id='word_1_66' title='bbox 1011 479 1147 510; x_wconf 86' lang='lat' dir='ltr'><strong>ecclesie</strong></span> <span class='ocrx_word' id='word_1_67' title='bbox 1170 481 1235 520; x_wconf 82' lang='lat' dir='ltr'><strong>tue,</strong></span> <span class='ocrx_word' id='word_1_68' title='bbox 1258 481 1294 509; x_wconf 87' lang='lat' dir='ltr'><strong>ut</strong></span> <span class='ocrx_word' id='word_1_69' title='bbox 1309 477 1367 509; x_wconf 86' lang='lat' dir='ltr'><strong>tibi</strong></span> <span class='ocrx_word' id='word_1_70' title='bbox 1383 481 1549 520; x_wconf 82' lang='lat' dir='ltr'><strong>tamquam</strong></span> <span class='ocrx_word' id='word_1_71' title='bbox 1564 479 1700 521; x_wconf 87' lang='lat' dir='ltr'><strong>principi</strong></span> <span class='ocrx_word' id='word_1_72' title='bbox 1715 482 1824 512; x_wconf 84' lang='lat' dir='ltr'><strong>nostre</strong></span> <span class='ocrx_word' id='word_1_73' title='bbox 1840 480 1970 522; x_wconf 84' lang='lat' dir='ltr'><strong>dilecte,</strong></span> <span class='ocrx_word' id='word_1_74' title='bbox 1999 490 2014 510; x_wconf 67' lang='grc' dir='ltr'><strong><em>υ</em></strong></span> 
     </span>
     <span class='ocr_line' id='line_1_7' title="bbox 314 529 1970 573; baseline 0.001 -11"><span class='ocrx_word' id='word_1_75' title='bbox 314 534 410 573; x_wconf 87' lang='lat' dir='ltr'><strong>prout</strong></span> <span class='ocrx_word' id='word_1_76' title='bbox 437 531 478 563; x_wconf 89' lang='lat' dir='ltr'><strong>de</strong></span> <span class='ocrx_word' id='word_1_77' title='bbox 509 531 577 562; x_wconf 90' lang='lat' dir='ltr'><strong>iure</strong></span> <span class='ocrx_word' id='word_1_78' title='bbox 606 533 769 571; x_wconf 88' lang='lat' dir='ltr'><strong>tenentur,</strong></span> <span class='ocrx_word' id='word_1_79' title='bbox 801 541 872 561; x_wconf 89' lang='lat' dir='ltr'><strong>cum</strong></span> <span class='ocrx_word' id='word_1_80' title='bbox 900 529 1087 561; x_wconf 85' lang='lat' dir='ltr'><strong>reverencia</strong></span> <span class='ocrx_word' id='word_1_81' title='bbox 1116 529 1226 561; x_wconf 85' lang='lat' dir='ltr'><strong>debita</strong></span> <span class='ocrx_word' id='word_1_82' title='bbox 1254 531 1391 571; x_wconf 87' lang='lat' dir='ltr'><strong>pareant</strong></span> <span class='ocrx_word' id='word_1_83' title='bbox 1417 533 1450 562; x_wconf 87' lang='lat' dir='ltr'><strong>et</strong></span> <span class='ocrx_word' id='word_1_84' title='bbox 1478 529 1656 562; x_wconf 87' lang='lat' dir='ltr'><strong>intendant.</strong></span> <span class='ocrx_word' id='word_1_85' title='bbox 1744 530 1783 563; x_wconf 91' lang='lat' dir='ltr'><strong>In</strong></span> <span class='ocrx_word' id='word_1_86' title='bbox 1811 532 1900 563; x_wconf 90' lang='lat' dir='ltr'><strong>cuius</strong></span> <span class='ocrx_word' id='word_1_87' title='bbox 1922 532 1970 564; x_wconf 90' lang='lat' dir='ltr'><strong>rei</strong></span> 
     </span>
     <span class='ocr_line' id='line_1_8' title="bbox 314 580 1969 624; baseline 0.001 -10"><span class='ocrx_word' id='word_1_88' title='bbox 314 583 532 614; x_wconf 88' lang='lat' dir='ltr'><strong>testimonium</strong></span> <span class='ocrx_word' id='word_1_89' title='bbox 560 585 727 623; x_wconf 86' lang='lat' dir='ltr'><strong>presentes</strong></span> <span class='ocrx_word' id='word_1_90' title='bbox 750 582 873 613; x_wconf 84' lang='lat' dir='ltr'><strong>litteras</strong></span> <span class='ocrx_word' id='word_1_91' title='bbox 897 580 1054 612; x_wconf 85' lang='lat' dir='ltr'><strong>conscribi</strong></span> <span class='ocrx_word' id='word_1_92' title='bbox 1082 584 1114 612; x_wconf 89' lang='lat' dir='ltr'><strong>et</strong></span> <span class='ocrx_word' id='word_1_93' title='bbox 1136 583 1244 612; x_wconf 85' lang='lat' dir='ltr'><strong>nostre</strong></span> <span class='ocrx_word' id='word_1_94' title='bbox 1268 581 1446 613; x_wconf 84' lang='lat' dir='ltr'><strong>maiestatis</strong></span> <span class='ocrx_word' id='word_1_95' title='bbox 1469 581 1574 624; x_wconf 83' lang='lat' dir='ltr'><strong>sigillo</strong></span> <span class='ocrx_word' id='word_1_96' title='bbox 1598 582 1746 614; x_wconf 88' lang='lat' dir='ltr'><strong>iussimus</strong></span> <span class='ocrx_word' id='word_1_97' title='bbox 1769 584 1969 616; x_wconf 88' lang='lat' dir='ltr'><strong>communiri.</strong></span> 
     </span>
    </p>
   </div>
   <div class='ocr_carea' id='block_1_3' title="bbox 313 640 1969 734">
    <p class='ocr_par' dir='ltr' id='par_1_3' title="bbox 313 640 1969 734">
     <span class='ocr_line' id='line_1_9' title="bbox 421 640 1969 682; baseline 0.003 -10"><span class='ocrx_word' id='word_1_98' title='bbox 421 641 495 673; x_wconf 86' lang='lat' dir='ltr'><strong>Dat.</strong></span> <span class='ocrx_word' id='word_1_99' title='bbox 511 642 543 672; x_wconf 89' lang='lat' dir='ltr'><strong>in</strong></span> <span class='ocrx_word' id='word_1_100' title='bbox 558 642 762 682; x_wconf 79' lang='lat' dir='ltr'><strong>Arensteten,</strong></span> <span class='ocrx_word' id='word_1_101' title='bbox 779 641 892 673; x_wconf 89' lang='lat' dir='ltr'>XIIII.</span> <span class='ocrx_word' id='word_1_102' title='bbox 910 640 1076 673; x_wconf 85' lang='lat' dir='ltr'><strong>Kalendas</strong></span> <span class='ocrx_word' id='word_1_103' title='bbox 1088 640 1295 682; x_wconf 74' lang='lat' dir='ltr'><strong>Septembr.⁸‚</strong></span> <span class='ocrx_word' id='word_1_104' title='bbox 1312 651 1396 673; x_wconf 88' lang='lat' dir='ltr'><strong>anno</strong></span> <span class='ocrx_word' id='word_1_105' title='bbox 1407 641 1538 673; x_wconf 87' lang='lat' dir='ltr'><strong>Domini</strong></span> <span class='ocrx_word' id='word_1_106' title='bbox 1554 642 1725 674; x_wconf 89' lang='lat' dir='ltr'><strong>millesimo</strong></span> <span class='ocrx_word' id='word_1_107' title='bbox 1742 644 1969 677; x_wconf 87' lang='lat' dir='ltr'><strong>trecentesimo</strong></span> 
     </span>
     <span class='ocr_line' id='line_1_10' title="bbox 313 693 1156 734; baseline -0.001 -10"><span class='ocrx_word' id='word_1_108' title='bbox 313 693 464 725; x_wconf 87' lang='lat' dir='ltr'><strong>vicesimo</strong></span> <span class='ocrx_word' id='word_1_109' title='bbox 488 693 593 734; x_wconf 88' lang='lat' dir='ltr'><strong>tertio,</strong></span> <span class='ocrx_word' id='word_1_110' title='bbox 618 693 709 734; x_wconf 86' lang='lat' dir='ltr'><strong>regni</strong></span> <span class='ocrx_word' id='word_1_111' title='bbox 732 703 808 725; x_wconf 87' lang='lat' dir='ltr'><strong>vero</strong></span> <span class='ocrx_word' id='word_1_112' title='bbox 831 694 932 724; x_wconf 88' lang='lat' dir='ltr'><strong>nostri</strong></span> <span class='ocrx_word' id='word_1_113' title='bbox 955 703 1038 724; x_wconf 90' lang='lat' dir='ltr'><strong>anno</strong></span> <span class='ocrx_word' id='word_1_114' title='bbox 1062 703 1156 724; x_wconf 91' lang='lat' dir='ltr'><strong>nono.</strong></span> 
     </span>
    </p>
   </div>
   <div class='ocr_carea' id='block_1_4' title="bbox 502 833 2014 882">
    <p class='ocr_par' dir='ltr' id='par_1_4' title="bbox 502 833 2014 882">
     <span class='ocr_line' id='line_1_11' title="bbox 502 833 2014 882; baseline 0.002 -14"><span class='ocrx_word' id='word_1_115' title='bbox 502 833 587 869; x_wconf 88' lang='lat'><strong>776.</strong></span> <span class='ocrx_word' id='word_1_116' title='bbox 628 833 830 878; x_wconf 74' lang='lat' dir='ltr'><strong>Infeudatio</strong></span> <span class='ocrx_word' id='word_1_117' title='bbox 856 834 1121 870; x_wconf 75' lang='lat' dir='ltr'><strong>marchionissae</strong></span> <span class='ocrx_word' id='word_1_118' title='bbox 1147 833 1506 882; x_wconf 66' lang='lat' dir='ltr'><strong>qundenburyensis.</strong></span> <span class='ocrx_word' id='word_1_119' title='bbox 1612 835 1702 881; x_wconf 69' lang='grc' dir='ltr'><em>Λαρ-</em></span> <span class='ocrx_word' id='word_1_120' title='bbox 1722 837 1783 872; x_wconf 79' lang='grc'><strong>21.</strong></span> <span class='ocrx_word' id='word_1_121' title='bbox 1989 851 2014 871; x_wconf 90' lang='grc' dir='ltr'><strong>ιο</strong></span> 
     </span>
    </p>
   </div>
   <div class='ocr_carea' id='block_1_5' title="bbox 312 910 1967 1001">
    <p class='ocr_par' dir='ltr' id='par_1_5' title="bbox 312 910 1967 1001">
     <span class='ocr_line' id='line_1_12' title="bbox 423 910 1967 955; baseline 0.003 -13"><span class='ocrx_word' id='word_1_122' title='bbox 423 910 584 951; x_wconf 75' lang='lat' dir='ltr'><strong>Oriyinale</strong></span> <span class='ocrx_word' id='word_1_123' title='bbox 606 912 642 943; x_wconf 75' lang='lat' dir='ltr'><strong>in</strong></span> <span class='ocrx_word' id='word_1_124' title='bbox 665 912 823 944; x_wconf 78' lang='lat' dir='ltr'><strong>tabulario</strong></span> <span class='ocrx_word' id='word_1_125' title='bbox 846 912 929 952; x_wconf 66' lang='lat' dir='ltr'><strong>regio</strong></span> <span class='ocrx_word' id='word_1_126' title='bbox 951 912 1198 943; x_wconf 78' lang='lat' dir='ltr'><strong>Hannoverano.</strong></span> <span class='ocrx_word' id='word_1_127' title='bbox 1237 911 1416 951; x_wconf 78' lang='lat' dir='ltr'><strong>Descripsit</strong></span> <span class='ocrx_word' id='word_1_128' title='bbox 1435 911 1475 944; x_wconf 80' lang='lat' dir='ltr'><strong>G.</strong></span> <span class='ocrx_word' id='word_1_129' title='bbox 1491 912 1536 946; x_wconf 90' lang='lat' dir='ltr'><strong>H.</strong></span> <span class='ocrx_word' id='word_1_130' title='bbox 1551 911 1654 945; x_wconf 68' lang='lat' dir='ltr'><strong>Perta.</strong></span> <span class='ocrx_word' id='word_1_131' title='bbox 1694 913 1814 946; x_wconf 79' lang='lat' dir='ltr'><strong>Pendet</strong></span> <span class='ocrx_word' id='word_1_132' title='bbox 1827 914 1967 955; x_wconf 62' lang='lat' dir='ltr'><strong>sigillum</strong></span> 
     </span>
     <span class='ocr_line' id='line_1_13' title="bbox 312 961 907 1001; baseline 0.005 -9"><span class='ocrx_word' id='word_1_133' title='bbox 312 961 431 993; x_wconf 79' lang='lat' dir='ltr'><strong>laesum</strong></span> <span class='ocrx_word' id='word_1_134' title='bbox 454 962 519 1001; x_wconf 75' lang='lat' dir='ltr'><strong>filis</strong></span> <span class='ocrx_word' id='word_1_135' title='bbox 541 963 651 994; x_wconf 80' lang='lat' dir='ltr'><strong>sericis</strong></span> <span class='ocrx_word' id='word_1_136' title='bbox 673 964 764 995; x_wconf 82' lang='lat' dir='ltr'><strong>rubei</strong></span> <span class='ocrx_word' id='word_1_137' title='bbox 786 963 907 995; x_wconf 77' lang='lat' dir='ltr'><strong>coloris.</strong></span> 
     </span>
    </p>
   </div>
   <div class='ocr_carea' id='block_1_6' title="bbox 419 1022 1356 1065">
    <p class='ocr_par' dir='ltr' id='par_1_6' title="bbox 419 1022 1356 1065">
     <span class='ocr_line' id='line_1_14' title="bbox 419 1022 1356 1065; baseline 0.001 -11"><span class='ocrx_word' id='word_1_138' title='bbox 419 1022 568 1061; x_wconf 71' lang='lat' dir='ltr'><strong>Biihmer,</strong></span> <span class='ocrx_word' id='word_1_139' title='bbox 593 1023 669 1064; x_wconf 71' lang='lat' dir='ltr'><strong>Req.</strong></span> <span class='ocrx_word' id='word_1_140' title='bbox 686 1024 798 1055; x_wconf 85' lang='lat' dir='ltr'><strong>Ludw.</strong></span> <span class='ocrx_word' id='word_1_141' title='bbox 809 1034 845 1064; x_wconf 80' lang='lat' dir='ltr'><strong>p.</strong></span> <span class='ocrx_word' id='word_1_142' title='bbox 862 1025 925 1055; x_wconf 85' lang='lat'><strong>355</strong></span> <span class='ocrx_word' id='word_1_143' title='bbox 947 1034 998 1055; x_wconf 77' lang='lat' dir='ltr'><strong>nr.</strong></span> <span class='ocrx_word' id='word_1_144' title='bbox 1014 1024 1100 1055; x_wconf 79' lang='lat'><em>3208</em></span> <span class='ocrx_word' id='word_1_145' title='bbox 1123 1022 1251 1063; x_wconf 79' lang='lat' dir='ltr'><strong>(Addit.</strong></span> <span class='ocrx_word' id='word_1_146' title='bbox 1268 1022 1356 1065; x_wconf 92' lang='lat' dir='ltr'>III).</span> 
     </span>
    </p>
   </div>
   <div class='ocr_carea' id='block_1_7' title="bbox 310 1108 2015 1514">
    <p class='ocr_par' dir='ltr' id='par_1_7' title="bbox 310 1108 2015 1514">
     <span class='ocr_line' id='line_1_15' title="bbox 419 1108 1971 1153; baseline 0.003 -13"><span class='ocrx_word' id='word_1_147' title='bbox 419 1108 487 1140; x_wconf 90' lang='lat' dir='ltr'><strong>Nos</strong></span> <span class='ocrx_word' id='word_1_148' title='bbox 522 1109 719 1141; x_wconf 90' lang='lat' dir='ltr'><strong>Ludowicus</strong></span> <span class='ocrx_word' id='word_1_149' title='bbox 746 1109 810 1141; x_wconf 90' lang='lat' dir='ltr'><strong>Dei</strong></span> <span class='ocrx_word' id='word_1_150' title='bbox 844 1110 953 1151; x_wconf 85' lang='lat' dir='ltr'><strong>gracia</strong></span> <span class='ocrx_word' id='word_1_151' title='bbox 976 1109 1197 1141; x_wconf 88' lang='lat' dir='ltr'><strong>Romanorum</strong></span> <span class='ocrx_word' id='word_1_152' title='bbox 1230 1119 1290 1140; x_wconf 86' lang='lat' dir='ltr'><strong>rex</strong></span> <span class='ocrx_word' id='word_1_153' title='bbox 1323 1119 1452 1152; x_wconf 84' lang='lat' dir='ltr'><strong>semper</strong></span> <span class='ocrx_word' id='word_1_154' title='bbox 1485 1113 1640 1153; x_wconf 85' lang='lat' dir='ltr'><strong>augustus</strong></span> <span class='ocrx_word' id='word_1_155' title='bbox 1673 1111 1716 1143; x_wconf 88' lang='lat' dir='ltr'><strong>ad</strong></span> <span class='ocrx_word' id='word_1_156' title='bbox 1748 1113 1971 1145; x_wconf 86' lang='lat' dir='ltr'><strong>universorum</strong></span> 
     </span>
     <span class='ocr_line' id='line_1_16' title="bbox 311 1159 2014 1206; baseline 0.004 -16"><span class='ocrx_word' id='word_1_157' title='bbox 311 1159 463 1190; x_wconf 84' lang='lat' dir='ltr'><strong>noticiam</strong></span> <span class='ocrx_word' id='word_1_158' title='bbox 485 1159 631 1191; x_wconf 89' lang='lat' dir='ltr'><strong>volumus</strong></span> <span class='ocrx_word' id='word_1_159' title='bbox 655 1161 839 1202; x_wconf 83' lang='lat' dir='ltr'><strong>pervenire,</strong></span> <span class='ocrx_word' id='word_1_160' title='bbox 870 1171 928 1192; x_wconf 92' lang='lat' dir='ltr'><strong>nos</strong></span> <span class='ocrx_word' id='word_1_161' title='bbox 956 1161 1065 1192; x_wconf 84' lang='lat' dir='ltr'><strong>inclite</strong></span> <span class='ocrx_word' id='word_1_162' title='bbox 1089 1160 1221 1202; x_wconf 79' lang='lat' dir='ltr'><strong>Sophie&#39;</strong></span> <span class='ocrx_word' id='word_1_163' title='bbox 1234 1160 1399 1192; x_wconf 77' lang='lat' dir='ltr'><strong>carissime</strong></span> <span class='ocrx_word' id='word_1_164' title='bbox 1425 1162 1544 1193; x_wconf 87' lang='lat' dir='ltr'><strong>sororis</strong></span> <span class='ocrx_word' id='word_1_165' title='bbox 1565 1165 1674 1195; x_wconf 87' lang='lat' dir='ltr'><strong>nostre</strong></span> <span class='ocrx_word' id='word_1_166' title='bbox 1696 1163 1834 1206; x_wconf 77' lang='lat' dir='ltr'><strong>Agnetis</strong></span> <span class='ocrx_word' id='word_1_167' title='bbox 1855 1164 1970 1197; x_wconf 83' lang='lat' dir='ltr'><strong>relicte</strong></span> <span class='ocrx_word' id='word_1_168' title='bbox 1988 1175 2014 1196; x_wconf 75' lang='lat' dir='ltr'><strong>u</strong></span> 
     </span>
     <span class='ocr_line' id='line_1_17' title="bbox 312 1210 1970 1258; baseline 0.004 -16"><span class='ocrx_word' id='word_1_169' title='bbox 312 1210 474 1251; x_wconf 88' lang='lat' dir='ltr'><strong>quondam</strong></span> <span class='ocrx_word' id='word_1_170' title='bbox 492 1210 627 1243; x_wconf 86' lang='lat' dir='ltr'><strong>Henrici</strong></span> <span class='ocrx_word' id='word_1_171' title='bbox 650 1211 844 1243; x_wconf 89' lang='lat' dir='ltr'><strong>marchionis</strong></span> <span class='ocrx_word' id='word_1_172' title='bbox 859 1211 1194 1254; x_wconf 89' lang='lat' dir='ltr'><strong>Brandemburgensis</strong></span> <span class='ocrx_word' id='word_1_173' title='bbox 1216 1212 1292 1254; x_wconf 87' lang='lat' dir='ltr'><strong>filie,</strong></span> <span class='ocrx_word' id='word_1_174' title='bbox 1315 1215 1491 1245; x_wconf 83' lang='lat' dir='ltr'><strong>matertere</strong></span> <span class='ocrx_word' id='word_1_175' title='bbox 1513 1217 1622 1246; x_wconf 82' lang='lat' dir='ltr'><strong>nostre</strong></span> <span class='ocrx_word' id='word_1_176' title='bbox 1645 1215 1754 1247; x_wconf 88' lang='lat' dir='ltr'><strong>omnia</strong></span> <span class='ocrx_word' id='word_1_177' title='bbox 1775 1215 1883 1257; x_wconf 86' lang='lat' dir='ltr'><strong>feoda,</strong></span> <span class='ocrx_word' id='word_1_178' title='bbox 1906 1226 1970 1258; x_wconf 88' lang='lat' dir='ltr'><strong>que</strong></span> 
     </span>
     <span class='ocr_line' id='line_1_18' title="bbox 311 1261 1970 1310; baseline 0.004 -17"><span class='ocrx_word' id='word_1_179' title='bbox 311 1261 475 1303; x_wconf 87' lang='lat' dir='ltr'><strong>predictus</strong></span> <span class='ocrx_word' id='word_1_180' title='bbox 498 1262 661 1294; x_wconf 89' lang='lat' dir='ltr'><strong>Henricus</strong></span> <span class='ocrx_word' id='word_1_181' title='bbox 683 1267 777 1305; x_wconf 85' lang='lat' dir='ltr'><strong>pater</strong></span> <span class='ocrx_word' id='word_1_182' title='bbox 800 1264 869 1295; x_wconf 92' lang='lat' dir='ltr'><strong>eius</strong></span> <span class='ocrx_word' id='word_1_183' title='bbox 892 1263 933 1295; x_wconf 90' lang='lat' dir='ltr'><strong>ab</strong></span> <span class='ocrx_word' id='word_1_184' title='bbox 956 1264 1093 1305; x_wconf 90' lang='lat' dir='ltr'><strong>imperio</strong></span> <span class='ocrx_word' id='word_1_185' title='bbox 1116 1264 1229 1305; x_wconf 84' lang='lat' dir='ltr'><strong>tenuit,</strong></span> <span class='ocrx_word' id='word_1_186' title='bbox 1253 1265 1426 1296; x_wconf 81' lang='lat' dir='ltr'><strong>contulisse</strong></span> <span class='ocrx_word' id='word_1_187' title='bbox 1449 1265 1618 1308; x_wconf 84' lang='lat' dir='ltr'><strong>ipsamque</strong></span> <span class='ocrx_word' id='word_1_188' title='bbox 1643 1265 1684 1298; x_wconf 89' lang='lat' dir='ltr'><strong>de</strong></span> <span class='ocrx_word' id='word_1_189' title='bbox 1707 1266 1768 1298; x_wconf 88' lang='lat' dir='ltr'><strong>hiis</strong></span> <span class='ocrx_word' id='word_1_190' title='bbox 1791 1277 1835 1299; x_wconf 81' lang='lat' dir='ltr'><strong>ex</strong></span> <span class='ocrx_word' id='word_1_191' title='bbox 1856 1267 1970 1310; x_wconf 83' lang='lat' dir='ltr'><strong>benig-</strong></span> 
     </span>
     <span class='ocr_line' id='line_1_19' title="bbox 310 1313 1973 1358; baseline 0.004 -14"><span class='ocrx_word' id='word_1_192' title='bbox 310 1313 411 1345; x_wconf 83' lang='lat' dir='ltr'><strong>nitate</strong></span> <span class='ocrx_word' id='word_1_193' title='bbox 428 1315 518 1355; x_wconf 84' lang='lat' dir='ltr'><strong>regia</strong></span> <span class='ocrx_word' id='word_1_194' title='bbox 534 1314 730 1355; x_wconf 85' lang='lat' dir='ltr'><strong>infeudasse,</strong></span> <span class='ocrx_word' id='word_1_195' title='bbox 754 1315 799 1346; x_wconf 90' lang='lat' dir='ltr'><strong>sic</strong></span> <span class='ocrx_word' id='word_1_196' title='bbox 824 1315 910 1357; x_wconf 89' lang='lat' dir='ltr'><strong>quod</strong></span> <span class='ocrx_word' id='word_1_197' title='bbox 934 1315 1041 1357; x_wconf 88' lang='lat' dir='ltr'><strong>quoad</strong></span> <span class='ocrx_word' id='word_1_198' title='bbox 1056 1315 1175 1347; x_wconf 81' lang='lat' dir='ltr'><strong>vixerit</strong></span> <span class='ocrx_word' id='word_1_199' title='bbox 1197 1326 1237 1348; x_wconf 87' lang='lat' dir='ltr'><strong>ea</strong></span> <span class='ocrx_word' id='word_1_200' title='bbox 1259 1316 1426 1358; x_wconf 88' lang='lat' dir='ltr'><strong>possidere</strong></span> <span class='ocrx_word' id='word_1_201' title='bbox 1449 1316 1569 1349; x_wconf 90' lang='lat' dir='ltr'><strong>debeat</strong></span> <span class='ocrx_word' id='word_1_202' title='bbox 1592 1320 1626 1349; x_wconf 90' lang='lat' dir='ltr'><strong>et</strong></span> <span class='ocrx_word' id='word_1_203' title='bbox 1643 1320 1768 1351; x_wconf 87' lang='lat' dir='ltr'><strong>tenere.</strong></span> <span class='ocrx_word' id='word_1_204' title='bbox 1804 1318 1973 1351; x_wconf 88' lang='lat' dir='ltr'><strong>Presenti-</strong></span> 
     </span>
     <span class='ocr_line' id='line_1_20' title="bbox 310 1364 1972 1414; baseline 0.004 -18"><span class='ocrx_word' id='word_1_205' title='bbox 310 1364 370 1396; x_wconf 89' lang='lat' dir='ltr'><strong>bus</strong></span> <span class='ocrx_word' id='word_1_206' title='bbox 389 1365 550 1397; x_wconf 89' lang='lat' dir='ltr'><strong>nobilibus</strong></span> <span class='ocrx_word' id='word_1_207' title='bbox 575 1367 651 1397; x_wconf 87' lang='lat' dir='ltr'><strong>viris</strong></span> <span class='ocrx_word' id='word_1_208' title='bbox 668 1367 824 1399; x_wconf 87' lang='lat' dir='ltr'><strong>Bertoldo</strong></span> <span class='ocrx_word' id='word_1_209' title='bbox 849 1368 966 1399; x_wconf 87' lang='lat' dir='ltr'><strong>comite</strong></span> <span class='ocrx_word' id='word_1_210' title='bbox 991 1367 1032 1399; x_wconf 92' lang='lat' dir='ltr'><strong>de</strong></span> <span class='ocrx_word' id='word_1_211' title='bbox 1047 1366 1290 1410; x_wconf 83' lang='lat' dir='ltr'><strong>Hennemberg,</strong></span> <span class='ocrx_word' id='word_1_212' title='bbox 1314 1367 1479 1400; x_wconf 84' lang='lat' dir='ltr'><strong>Friderico</strong></span> <span class='ocrx_word' id='word_1_213' title='bbox 1501 1368 1674 1411; x_wconf 85' lang='lat' dir='ltr'><strong>burgravio</strong></span> <span class='ocrx_word' id='word_1_214' title='bbox 1698 1369 1740 1402; x_wconf 86' lang='lat' dir='ltr'><strong>de</strong></span> <span class='ocrx_word' id='word_1_215' title='bbox 1754 1370 1972 1414; x_wconf 84' lang='lat' dir='ltr'><strong>Nuremberg,</strong></span> 
     </span>
     <span class='ocr_line' id='line_1_21' title="bbox 314 1415 2015 1464; baseline 0.003 -16"><span class='ocrx_word' id='word_1_216' title='bbox 314 1415 463 1448; x_wconf 84' lang='lat' dir='ltr'><strong>Cunrado</strong></span> <span class='ocrx_word' id='word_1_217' title='bbox 488 1417 527 1449; x_wconf 91' lang='lat' dir='ltr'><strong>de</strong></span> <span class='ocrx_word' id='word_1_218' title='bbox 545 1417 761 1460; x_wconf 85' lang='lat' dir='ltr'><strong>Sluzzelberg,</strong></span> <span class='ocrx_word' id='word_1_219' title='bbox 784 1419 944 1450; x_wconf 85' lang='lat' dir='ltr'><strong>Kraftone</strong></span> <span class='ocrx_word' id='word_1_220' title='bbox 968 1419 1008 1450; x_wconf 91' lang='lat' dir='ltr'><strong>de</strong></span> <span class='ocrx_word' id='word_1_221' title='bbox 1024 1419 1219 1451; x_wconf 90' lang='lat' dir='ltr'><strong>Hohenloch</strong></span> <span class='ocrx_word' id='word_1_222' title='bbox 1241 1422 1275 1451; x_wconf 88' lang='lat' dir='ltr'><strong>et</strong></span> <span class='ocrx_word' id='word_1_223' title='bbox 1298 1420 1369 1451; x_wconf 88' lang='lat' dir='ltr'><strong>aliis</strong></span> <span class='ocrx_word' id='word_1_224' title='bbox 1392 1420 1537 1462; x_wconf 88' lang='lat' dir='ltr'><strong>pluribus</strong></span> <span class='ocrx_word' id='word_1_225' title='bbox 1551 1421 1732 1464; x_wconf 78' lang='lat' dir='ltr'><strong>fidedignis.</strong></span> <span class='ocrx_word' id='word_1_226' title='bbox 1821 1422 1859 1454; x_wconf 88' lang='lat' dir='ltr'><strong>In</strong></span> <span class='ocrx_word' id='word_1_227' title='bbox 1881 1423 1971 1455; x_wconf 86' lang='lat' dir='ltr'><strong>cuius</strong></span> <span class='ocrx_word' id='word_1_228' title='bbox 1989 1432 2015 1453; x_wconf 71' lang='grc' dir='ltr'><strong>ω</strong></span> 
     </span>
     <span class='ocr_line' id='line_1_22' title="bbox 312 1468 1878 1514; baseline 0.004 -15"><span class='ocrx_word' id='word_1_229' title='bbox 312 1468 360 1499; x_wconf 88' lang='lat' dir='ltr'><strong>rei</strong></span> <span class='ocrx_word' id='word_1_230' title='bbox 382 1469 599 1500; x_wconf 87' lang='lat' dir='ltr'><strong>testimonium</strong></span> <span class='ocrx_word' id='word_1_231' title='bbox 622 1473 788 1511; x_wconf 88' lang='lat' dir='ltr'><strong>presentes</strong></span> <span class='ocrx_word' id='word_1_232' title='bbox 812 1470 968 1502; x_wconf 88' lang='lat' dir='ltr'><strong>conscribi</strong></span> <span class='ocrx_word' id='word_1_233' title='bbox 991 1474 1024 1502; x_wconf 91' lang='lat' dir='ltr'><strong>et</strong></span> <span class='ocrx_word' id='word_1_234' title='bbox 1046 1474 1155 1503; x_wconf 88' lang='lat' dir='ltr'><strong>nostre</strong></span> <span class='ocrx_word' id='word_1_235' title='bbox 1178 1471 1357 1503; x_wconf 88' lang='lat' dir='ltr'><strong>maiestatis</strong></span> <span class='ocrx_word' id='word_1_236' title='bbox 1379 1471 1486 1514; x_wconf 91' lang='lat' dir='ltr'><strong>sigillo</strong></span> <span class='ocrx_word' id='word_1_237' title='bbox 1508 1472 1657 1504; x_wconf 88' lang='lat' dir='ltr'><strong>iussimus</strong></span> <span class='ocrx_word' id='word_1_238' title='bbox 1679 1474 1878 1506; x_wconf 85' lang='lat' dir='ltr'><strong>communiri.</strong></span> 
     </span>
    </p>
   </div>
   <div class='ocr_carea' id='block_1_8' title="bbox 312 1528 1969 1624">
    <p class='ocr_par' dir='ltr' id='par_1_8' title="bbox 312 1528 1969 1624">
     <span class='ocr_line' id='line_1_23' title="bbox 420 1528 1969 1573; baseline 0.004 -13"><span class='ocrx_word' id='word_1_239' title='bbox 420 1528 493 1560; x_wconf 89' lang='lat' dir='ltr'><strong>Dat.</strong></span> <span class='ocrx_word' id='word_1_240' title='bbox 511 1529 595 1571; x_wconf 89' lang='lat' dir='ltr'><strong>apud</strong></span> <span class='ocrx_word' id='word_1_241' title='bbox 611 1530 816 1572; x_wconf 88' lang='lat' dir='ltr'><strong>Arensteten,</strong></span> <span class='ocrx_word' id='word_1_242' title='bbox 833 1531 909 1562; x_wconf 92' lang='lat' dir='ltr'>XII.</span> <span class='ocrx_word' id='word_1_243' title='bbox 926 1531 1093 1563; x_wconf 84' lang='lat' dir='ltr'><strong>Kalendas</strong></span> <span class='ocrx_word' id='word_1_244' title='bbox 1109 1531 1302 1573; x_wconf 66' lang='lat' dir='ltr'><strong>Septembr„</strong></span> <span class='ocrx_word' id='word_1_245' title='bbox 1318 1542 1401 1564; x_wconf 89' lang='lat' dir='ltr'><strong>anno</strong></span> <span class='ocrx_word' id='word_1_246' title='bbox 1413 1531 1544 1564; x_wconf 91' lang='lat' dir='ltr'><strong>Domini</strong></span> <span class='ocrx_word' id='word_1_247' title='bbox 1559 1532 1731 1565; x_wconf 88' lang='lat' dir='ltr'><strong>millesimo</strong></span> <span class='ocrx_word' id='word_1_248' title='bbox 1743 1534 1969 1567; x_wconf 86' lang='lat' dir='ltr'><strong>trecentesimo</strong></span> 
     </span>
     <span class='ocr_line' id='line_1_24' title="bbox 312 1580 1159 1624; baseline 0.006 -14"><span class='ocrx_word' id='word_1_249' title='bbox 312 1580 463 1612; x_wconf 86' lang='lat' dir='ltr'><strong>vicesimo</strong></span> <span class='ocrx_word' id='word_1_250' title='bbox 487 1582 598 1622; x_wconf 76' lang='lat' dir='ltr'><strong>tercio,</strong></span> <span class='ocrx_word' id='word_1_251' title='bbox 623 1583 713 1624; x_wconf 89' lang='lat' dir='ltr'><strong>regni</strong></span> <span class='ocrx_word' id='word_1_252' title='bbox 737 1593 812 1614; x_wconf 87' lang='lat' dir='ltr'><strong>vero</strong></span> <span class='ocrx_word' id='word_1_253' title='bbox 836 1583 936 1615; x_wconf 89' lang='lat' dir='ltr'><strong>nostri</strong></span> <span class='ocrx_word' id='word_1_254' title='bbox 958 1594 1041 1615; x_wconf 91' lang='lat' dir='ltr'><strong>anno</strong></span> <span class='ocrx_word' id='word_1_255' title='bbox 1065 1594 1159 1616; x_wconf 89' lang='lat' dir='ltr'><strong>nono.</strong></span> 
     </span>
    </p>
   </div>
   <div class='ocr_carea' id='block_1_9' title="bbox 676 1722 1608 1770">
    <p class='ocr_par' dir='ltr' id='par_1_9' title="bbox 676 1722 1608 1770">
     <span class='ocr_line' id='line_1_25' title="bbox 676 1722 1608 1770; baseline 0 -13"><span class='ocrx_word' id='word_1_256' title='bbox 676 1722 765 1759; x_wconf 91' lang='lat'><strong>777.</strong></span> <span class='ocrx_word' id='word_1_257' title='bbox 810 1723 982 1768; x_wconf 72' lang='lat' dir='ltr'><strong>Obliyatio</strong></span> <span class='ocrx_word' id='word_1_258' title='bbox 1010 1726 1121 1758; x_wconf 77' lang='lat' dir='ltr'><strong>terrae</strong></span> <span class='ocrx_word' id='word_1_259' title='bbox 1147 1723 1331 1760; x_wconf 76' lang='lat' dir='ltr'><strong>Lusatiae.</strong></span> <span class='ocrx_word' id='word_1_260' title='bbox 1439 1723 1530 1770; x_wconf 68' lang='lat' dir='ltr'><strong>Any.</strong></span> <span class='ocrx_word' id='word_1_261' title='bbox 1546 1725 1608 1759; x_wconf 78' lang='lat'><strong>21.</strong></span> 
     </span>
    </p>
   </div>
   <div class='ocr_carea' id='block_1_10' title="bbox 312 1796 2013 1947">
    <p class='ocr_par' dir='ltr' id='par_1_10' title="bbox 312 1796 2013 1947">
     <span class='ocr_line' id='line_1_26' title="bbox 424 1796 2013 1842; baseline 0.004 -13"><span class='ocrx_word' id='word_1_262' title='bbox 424 1796 585 1838; x_wconf 63' lang='lat' dir='ltr'><strong>Originale</strong></span> <span class='ocrx_word' id='word_1_263' title='bbox 618 1798 692 1841; x_wconf 88' lang='lat' dir='ltr'><strong>(or.)</strong></span> <span class='ocrx_word' id='word_1_264' title='bbox 725 1801 759 1831; x_wconf 77' lang='lat' dir='ltr'><strong>in</strong></span> <span class='ocrx_word' id='word_1_265' title='bbox 788 1801 949 1832; x_wconf 77' lang='lat' dir='ltr'><strong>tabulario</strong></span> <span class='ocrx_word' id='word_1_266' title='bbox 975 1801 1059 1841; x_wconf 75' lang='lat' dir='ltr'><strong>reyio</strong></span> <span class='ocrx_word' id='word_1_267' title='bbox 1089 1800 1272 1833; x_wconf 77' lang='lat' dir='ltr'><strong>Dresdensi.</strong></span> <span class='ocrx_word' id='word_1_268' title='bbox 1323 1801 1443 1834; x_wconf 74' lang='lat' dir='ltr'><strong>Pendet</strong></span> <span class='ocrx_word' id='word_1_269' title='bbox 1471 1801 1610 1842; x_wconf 72' lang='lat' dir='ltr'><strong>siyillum</strong></span> <span class='ocrx_word' id='word_1_270' title='bbox 1637 1802 1755 1835; x_wconf 77' lang='lat' dir='ltr'><strong>laesum</strong></span> <span class='ocrx_word' id='word_1_271' title='bbox 1782 1802 1848 1835; x_wconf 83' lang='lat' dir='ltr'><strong>loro</strong></span> <span class='ocrx_word' id='word_1_272' title='bbox 1875 1813 1970 1836; x_wconf 81' lang='lat' dir='ltr'><strong>mem-</strong></span> <span class='ocrx_word' id='word_1_273' title='bbox 1987 1815 2013 1836; x_wconf 66' lang='lat' dir='ltr'><strong>a</strong></span> 
     </span>
     <span class='ocr_line' id='line_1_27' title="bbox 312 1848 1972 1896; baseline 0.005 -17"><span class='ocrx_word' id='word_1_274' title='bbox 312 1848 473 1880; x_wconf 74' lang='lat' dir='ltr'><strong>branaceo.</strong></span> <span class='ocrx_word' id='word_1_275' title='bbox 530 1850 572 1881; x_wconf 80' lang='lat' dir='ltr'><strong>In</strong></span> <span class='ocrx_word' id='word_1_276' title='bbox 602 1850 705 1889; x_wconf 76' lang='lat' dir='ltr'><strong>plicae</strong></span> <span class='ocrx_word' id='word_1_277' title='bbox 734 1855 828 1892; x_wconf 80' lang='lat' dir='ltr'><strong>parte</strong></span> <span class='ocrx_word' id='word_1_278' title='bbox 861 1852 995 1884; x_wconf 75' lang='lat' dir='ltr'><strong>sinistra</strong></span> <span class='ocrx_word' id='word_1_279' title='bbox 1028 1853 1181 1892; x_wconf 80' lang='lat' dir='ltr'><strong>scriptum</strong></span> <span class='ocrx_word' id='word_1_280' title='bbox 1214 1856 1275 1885; x_wconf 83' lang='lat' dir='ltr'><strong>est:</strong></span> <span class='ocrx_word' id='word_1_281' title='bbox 1304 1853 1561 1895; x_wconf 72' lang='lat' dir='ltr'><strong>Ber(t01dus.2)¹.</strong></span> <span class='ocrx_word' id='word_1_282' title='bbox 1596 1873 1636 1877; x_wconf 97' lang='lat'><strong>—</strong></span> <span class='ocrx_word' id='word_1_283' title='bbox 1671 1854 1734 1886; x_wconf 86' lang='lat' dir='ltr'><strong>Ed.</strong></span> <span class='ocrx_word' id='word_1_284' title='bbox 1765 1854 1814 1887; x_wconf 91' lang='lat' dir='ltr'><strong>W.</strong></span> <span class='ocrx_word' id='word_1_285' title='bbox 1837 1855 1972 1896; x_wconf 68' lang='lat' dir='ltr'><strong>Limam</strong></span> 
     </span>
     <span class='ocr_line' id='line_1_28' title="bbox 314 1898 1970 1947; baseline 0.005 -17"><span class='ocrx_word' id='word_1_286' title='bbox 314 1898 483 1931; x_wconf 76' lang='lat' dir='ltr'><strong>‘Wettiner</strong></span> <span class='ocrx_word' id='word_1_287' title='bbox 511 1901 580 1932; x_wconf 78' lang='lat' dir='ltr'><strong>und</strong></span> <span class='ocrx_word' id='word_1_288' title='bbox 595 1901 843 1935; x_wconf 69' lang='lat' dir='ltr'><strong>Wittelsbacker’</strong></span> <span class='ocrx_word' id='word_1_289' title='bbox 865 1903 1028 1941; x_wconf 73' lang='lat' dir='ltr'><strong>(Dresde‘n</strong></span> <span class='ocrx_word' id='word_1_290' title='bbox 1051 1905 1151 1945; x_wconf 77' lang='lat'><em>1894)</em></span> <span class='ocrx_word' id='word_1_291' title='bbox 1173 1915 1207 1946; x_wconf 80' lang='lat' dir='ltr'><strong>p.</strong></span> <span class='ocrx_word' id='word_1_292' title='bbox 1230 1905 1296 1936; x_wconf 77' lang='lat'><strong>222</strong></span> <span class='ocrx_word' id='word_1_293' title='bbox 1317 1916 1367 1938; x_wconf 78' lang='lat' dir='ltr'><strong>nr.</strong></span> <span class='ocrx_word' id='word_1_294' title='bbox 1387 1907 1408 1937; x_wconf 88' lang='lat'><em>5</em></span> <span class='ocrx_word' id='word_1_295' title='bbox 1434 1917 1473 1938; x_wconf 78' lang='lat' dir='ltr'><strong>ex</strong></span> <span class='ocrx_word' id='word_1_296' title='bbox 1495 1917 1540 1939; x_wconf 91' lang='lat' dir='ltr'><strong>or.</strong></span> <span class='ocrx_word' id='word_1_297' title='bbox 1586 1906 1769 1939; x_wconf 77' lang='lat' dir='ltr'><strong>Editionem</strong></span> <span class='ocrx_word' id='word_1_298' title='bbox 1791 1907 1970 1947; x_wconf 77' lang='lat' dir='ltr'><strong>repetimus.</strong></span> 
     </span>
    </p>
   </div>
   <div class='ocr_carea' id='block_1_11' title="bbox 312 1986 2016 2397">
    <p class='ocr_par' dir='ltr' id='par_1_11' title="bbox 313 1986 1970 2086">
     <span class='ocr_line' id='line_1_29' title="bbox 420 1986 1970 2034; baseline 0.005 -17"><span class='ocrx_word' id='word_1_299' title='bbox 420 1986 612 2018; x_wconf 89' lang='lat' dir='ltr'><strong>Ludowicus</strong></span> <span class='ocrx_word' id='word_1_300' title='bbox 635 1988 697 2020; x_wconf 87' lang='lat' dir='ltr'><strong>Dei</strong></span> <span class='ocrx_word' id='word_1_301' title='bbox 720 1990 829 2030; x_wconf 83' lang='lat' dir='ltr'><strong>gracia</strong></span> <span class='ocrx_word' id='word_1_302' title='bbox 852 1989 1075 2023; x_wconf 88' lang='lat' dir='ltr'><strong>Romanorum</strong></span> <span class='ocrx_word' id='word_1_303' title='bbox 1098 2001 1157 2023; x_wconf 86' lang='lat' dir='ltr'><strong>rex</strong></span> <span class='ocrx_word' id='word_1_304' title='bbox 1179 2001 1310 2033; x_wconf 87' lang='lat' dir='ltr'><strong>semper</strong></span> <span class='ocrx_word' id='word_1_305' title='bbox 1335 1995 1491 2034; x_wconf 86' lang='lat' dir='ltr'><strong>augustus</strong></span> <span class='ocrx_word' id='word_1_306' title='bbox 1578 1992 1694 2024; x_wconf 85' lang='lat' dir='ltr'><strong>illustri</strong></span> <span class='ocrx_word' id='word_1_307' title='bbox 1715 1992 1861 2025; x_wconf 82' lang='lat' dir='ltr'><strong>Fridrico</strong></span> <span class='ocrx_word' id='word_1_308' title='bbox 1883 2003 1970 2025; x_wconf 87' lang='lat' dir='ltr'><strong>mar-</strong></span> 
     </span>
     <span class='ocr_line' id='line_1_30' title="bbox 313 2037 1970 2086; baseline 0.005 -18"><span class='ocrx_word' id='word_1_309' title='bbox 313 2037 418 2068; x_wconf 89' lang='lat' dir='ltr'><strong>chioni</strong></span> <span class='ocrx_word' id='word_1_310' title='bbox 440 2038 645 2080; x_wconf 81' lang='lat' dir='ltr'><strong>Missenensi,</strong></span> <span class='ocrx_word' id='word_1_311' title='bbox 674 2041 810 2082; x_wconf 89' lang='lat' dir='ltr'><strong>principi</strong></span> <span class='ocrx_word' id='word_1_312' title='bbox 838 2052 877 2073; x_wconf 90' lang='lat' dir='ltr'><strong>ac</strong></span> <span class='ocrx_word' id='word_1_313' title='bbox 899 2052 1020 2084; x_wconf 88' lang='lat' dir='ltr'><strong>genero</strong></span> <span class='ocrx_word' id='word_1_314' title='bbox 1043 2053 1101 2074; x_wconf 89' lang='lat' dir='ltr'><strong>suo</strong></span> <span class='ocrx_word' id='word_1_315' title='bbox 1125 2042 1295 2075; x_wconf 88' lang='lat' dir='ltr'><strong>karissimo</strong></span> <span class='ocrx_word' id='word_1_316' title='bbox 1383 2045 1526 2086; x_wconf 83' lang='lat' dir='ltr'><strong>graciam</strong></span> <span class='ocrx_word' id='word_1_317' title='bbox 1549 2054 1641 2076; x_wconf 89' lang='lat' dir='ltr'><strong>suam</strong></span> <span class='ocrx_word' id='word_1_318' title='bbox 1663 2046 1698 2076; x_wconf 81' lang='lat' dir='ltr'><strong>et</strong></span> <span class='ocrx_word' id='word_1_319' title='bbox 1720 2054 1815 2076; x_wconf 87' lang='lat' dir='ltr'><strong>omne</strong></span> <span class='ocrx_word' id='word_1_320' title='bbox 1839 2044 1970 2077; x_wconf 87' lang='lat' dir='ltr'><strong>bonum.</strong></span> 
     </span>
    </p>

    <p class='ocr_par' dir='ltr' id='par_1_12' title="bbox 312 2089 2016 2397">
     <span class='ocr_line' id='line_1_31' title="bbox 421 2089 2016 2138; baseline 0.006 -18"><span class='ocrx_word' id='word_1_321' title='bbox 421 2089 504 2125; x_wconf 85' lang='lat' dir='ltr'><strong>Quia</strong></span> <span class='ocrx_word' id='word_1_322' title='bbox 527 2092 647 2122; x_wconf 86' lang='lat' dir='ltr'><strong>terram</strong></span> <span class='ocrx_word' id='word_1_323' title='bbox 670 2092 807 2124; x_wconf 77' lang='lat' dir='ltr'><strong>Liisacie</strong></span> <span class='ocrx_word' id='word_1_324' title='bbox 832 2103 903 2124; x_wconf 90' lang='lat' dir='ltr'><strong>cum</strong></span> <span class='ocrx_word' id='word_1_325' title='bbox 928 2093 1140 2135; x_wconf 84' lang='lat' dir='ltr'><strong>districtibus,</strong></span> <span class='ocrx_word' id='word_1_326' title='bbox 1170 2093 1480 2138; x_wconf 86' lang='lat' dir='ltr'><strong>iurisdic[t]ionibus‚</strong></span> <span class='ocrx_word' id='word_1_327' title='bbox 1507 2096 1693 2134; x_wconf 81' lang='lat' dir='ltr'><strong>honoribus,</strong></span> <span class='ocrx_word' id='word_1_328' title='bbox 1721 2096 1971 2128; x_wconf 83' lang='lat' dir='ltr'><strong>comoditatibus</strong></span> <span class='ocrx_word' id='word_1_329' title='bbox 1988 2108 2016 2129; x_wconf 74' lang='grc' dir='ltr'><strong>ιο</strong></span> 
     </span>
     <span class='ocr_line' id='line_1_32' title="bbox 312 2140 1971 2189; baseline 0.007 -20"><span class='ocrx_word' id='word_1_330' title='bbox 312 2142 344 2170; x_wconf 86' lang='lat' dir='ltr'><strong>et</strong></span> <span class='ocrx_word' id='word_1_331' title='bbox 370 2140 559 2172; x_wconf 84' lang='lat' dir='ltr'><strong>utilitatibus</strong></span> <span class='ocrx_word' id='word_1_332' title='bbox 587 2152 624 2174; x_wconf 89' lang='lat' dir='ltr'><strong>ac</strong></span> <span class='ocrx_word' id='word_1_333' title='bbox 652 2143 763 2174; x_wconf 88' lang='lat' dir='ltr'><strong>incolis</strong></span> <span class='ocrx_word' id='word_1_334' title='bbox 793 2144 939 2176; x_wconf 91' lang='lat' dir='ltr'><strong>eiusdem</strong></span> <span class='ocrx_word' id='word_1_335' title='bbox 961 2145 1021 2176; x_wconf 89' lang='lat' dir='ltr'><strong>tibi</strong></span> <span class='ocrx_word' id='word_1_336' title='bbox 1049 2146 1256 2178; x_wconf 88' lang='lat' dir='ltr'><strong>conmisimus</strong></span> <span class='ocrx_word' id='word_1_337' title='bbox 1282 2147 1548 2189; x_wconf 89' lang='lat' dir='ltr'><strong>defenssandam,</strong></span> <span class='ocrx_word' id='word_1_338' title='bbox 1583 2158 1646 2189; x_wconf 86' lang='lat' dir='ltr'><strong>qua</strong></span> <span class='ocrx_word' id='word_1_339' title='bbox 1674 2157 1717 2180; x_wconf 85' lang='lat' dir='ltr'><strong>ex</strong></span> <span class='ocrx_word' id='word_1_340' title='bbox 1743 2148 1883 2180; x_wconf 86' lang='lat' dir='ltr'><strong>tuicione</strong></span> <span class='ocrx_word' id='word_1_341' title='bbox 1911 2147 1971 2180; x_wconf 85' lang='lat' dir='ltr'><strong>tibi</strong></span> 
     </span>
     <span class='ocr_line' id='line_1_33' title="bbox 312 2190 1971 2242; baseline 0.007 -21"><span class='ocrx_word' id='word_1_342' title='bbox 312 2190 452 2232; x_wconf 88' lang='lat' dir='ltr'><strong>dampna</strong></span> <span class='ocrx_word' id='word_1_343' title='bbox 475 2192 610 2224; x_wconf 88' lang='lat' dir='ltr'><strong>suboriri</strong></span> <span class='ocrx_word' id='word_1_344' title='bbox 634 2197 785 2235; x_wconf 90' lang='lat' dir='ltr'><strong>poterunt</strong></span> <span class='ocrx_word' id='word_1_345' title='bbox 808 2199 841 2227; x_wconf 90' lang='lat' dir='ltr'><strong>et</strong></span> <span class='ocrx_word' id='word_1_346' title='bbox 864 2207 1033 2238; x_wconf 82' lang='lat' dir='ltr'><strong>expensse,</strong></span> <span class='ocrx_word' id='word_1_347' title='bbox 1058 2197 1176 2229; x_wconf 90' lang='lat' dir='ltr'><strong>obinde</strong></span> <span class='ocrx_word' id='word_1_348' title='bbox 1199 2198 1427 2240; x_wconf 87' lang='lat' dir='ltr'><strong>indempnitati</strong></span> <span class='ocrx_word' id='word_1_349' title='bbox 1449 2202 1504 2231; x_wconf 87' lang='lat' dir='ltr'><strong>tue</strong></span> <span class='ocrx_word' id='word_1_350' title='bbox 1527 2209 1702 2242; x_wconf 84' lang='lat' dir='ltr'><strong>precavere</strong></span> <span class='ocrx_word' id='word_1_351' title='bbox 1724 2200 1884 2238; x_wconf 82' lang='lat' dir='ltr'><strong>volentes,</strong></span> <span class='ocrx_word' id='word_1_352' title='bbox 1911 2199 1971 2231; x_wconf 90' lang='lat' dir='ltr'><strong>tibi</strong></span> 
     </span>
     <span class='ocr_line' id='line_1_34' title="bbox 312 2243 1970 2293; baseline 0.007 -21"><span class='ocrx_word' id='word_1_353' title='bbox 312 2244 429 2273; x_wconf 85' lang='lat' dir='ltr'><strong>terram</strong></span> <span class='ocrx_word' id='word_1_354' title='bbox 447 2243 624 2284; x_wconf 88' lang='lat' dir='ltr'><strong>predictam</strong></span> <span class='ocrx_word' id='word_1_355' title='bbox 647 2255 685 2277; x_wconf 90' lang='lat' dir='ltr'><strong>ac</strong></span> <span class='ocrx_word' id='word_1_356' title='bbox 709 2245 870 2278; x_wconf 88' lang='lat' dir='ltr'><strong>districtus</strong></span> <span class='ocrx_word' id='word_1_357' title='bbox 892 2249 992 2290; x_wconf 88' lang='lat' dir='ltr'><strong>ipsius</strong></span> <span class='ocrx_word' id='word_1_358' title='bbox 1016 2259 1087 2280; x_wconf 92' lang='lat' dir='ltr'><strong>cum</strong></span> <span class='ocrx_word' id='word_1_359' title='bbox 1104 2250 1260 2281; x_wconf 87' lang='lat' dir='ltr'><strong>universis</strong></span> <span class='ocrx_word' id='word_1_360' title='bbox 1275 2250 1547 2283; x_wconf 87' lang='lat' dir='ltr'><strong>iurisdictionibus</strong></span> <span class='ocrx_word' id='word_1_361' title='bbox 1563 2262 1601 2283; x_wconf 88' lang='lat' dir='ltr'><strong>ac</strong></span> <span class='ocrx_word' id='word_1_362' title='bbox 1616 2251 1802 2293; x_wconf 80' lang='lat' dir='ltr'><strong>honoribus,</strong></span> <span class='ocrx_word' id='word_1_363' title='bbox 1826 2251 1970 2283; x_wconf 86' lang='lat' dir='ltr'><strong>comodi-</strong></span> 
     </span>
     <span class='ocr_line' id='line_1_35' title="bbox 312 2293 1969 2345; baseline 0.008 -22"><span class='ocrx_word' id='word_1_364' title='bbox 312 2293 429 2324; x_wconf 88' lang='lat' dir='ltr'><strong>tatibus</strong></span> <span class='ocrx_word' id='word_1_365' title='bbox 459 2297 491 2325; x_wconf 89' lang='lat' dir='ltr'><strong>et</strong></span> <span class='ocrx_word' id='word_1_366' title='bbox 517 2296 707 2328; x_wconf 83' lang='lat' dir='ltr'><strong>utilitatibus</strong></span> <span class='ocrx_word' id='word_1_367' title='bbox 734 2302 843 2331; x_wconf 87' lang='lat' dir='ltr'><strong>nostro</strong></span> <span class='ocrx_word' id='word_1_368' title='bbox 877 2303 910 2331; x_wconf 89' lang='lat' dir='ltr'><strong>et</strong></span> <span class='ocrx_word' id='word_1_369' title='bbox 938 2301 1066 2342; x_wconf 89' lang='lat' dir='ltr'><strong>imperii</strong></span> <span class='ocrx_word' id='word_1_370' title='bbox 1095 2301 1224 2333; x_wconf 91' lang='lat' dir='ltr'><strong>nomine</strong></span> <span class='ocrx_word' id='word_1_371' title='bbox 1254 2301 1436 2344; x_wconf 87' lang='lat' dir='ltr'><strong>obligamus</strong></span> <span class='ocrx_word' id='word_1_372' title='bbox 1465 2303 1640 2335; x_wconf 87' lang='lat' dir='ltr'><strong>tenendam</strong></span> <span class='ocrx_word' id='word_1_373' title='bbox 1668 2306 1701 2335; x_wconf 84' lang='lat' dir='ltr'><strong>et</strong></span> <span class='ocrx_word' id='word_1_374' title='bbox 1729 2303 1969 2345; x_wconf 83' lang='lat' dir='ltr'><strong>possidendam,</strong></span> 
     </span>
     <span class='ocr_line' id='line_1_36' title="bbox 314 2346 2013 2397; baseline 0.008 -23"><span class='ocrx_word' id='word_1_375' title='bbox 314 2354 479 2386; x_wconf 88' lang='lat' dir='ltr'><strong>quousque</strong></span> <span class='ocrx_word' id='word_1_376' title='bbox 497 2346 554 2377; x_wconf 89' lang='lat' dir='ltr'><strong>tibi</strong></span> <span class='ocrx_word' id='word_1_377' title='bbox 571 2348 736 2389; x_wconf 87' lang='lat' dir='ltr'><strong>inpenssas</strong></span> <span class='ocrx_word' id='word_1_378' title='bbox 752 2350 855 2382; x_wconf 90' lang='lat' dir='ltr'><strong>factas</strong></span> <span class='ocrx_word' id='word_1_379' title='bbox 879 2361 937 2383; x_wconf 86' lang='lat' dir='ltr'><strong>seu</strong></span> <span class='ocrx_word' id='word_1_380' title='bbox 953 2351 1095 2394; x_wconf 85' lang='lat' dir='ltr'><strong>dampna</strong></span> <span class='ocrx_word' id='word_1_381' title='bbox 1118 2352 1235 2384; x_wconf 85' lang='lat' dir='ltr'><strong>exinde</strong></span> <span class='ocrx_word' id='word_1_382' title='bbox 1259 2353 1350 2385; x_wconf 85' lang='lat' dir='ltr'><strong>illata</strong></span> <span class='ocrx_word' id='word_1_383' title='bbox 1367 2354 1518 2386; x_wconf 83' lang='lat' dir='ltr'><strong>videlicet</strong></span> <span class='ocrx_word' id='word_1_384' title='bbox 1534 2365 1593 2396; x_wconf 89' lang='lat' dir='ltr'><strong>pro</strong></span> <span class='ocrx_word' id='word_1_385' title='bbox 1609 2355 1861 2397; x_wconf 88' lang='lat' dir='ltr'><strong>recuperacione</strong></span> <span class='ocrx_word' id='word_1_386' title='bbox 1884 2358 1969 2387; x_wconf 84' lang='lat' dir='ltr'><strong>terre</strong></span> <span class='ocrx_word' id='word_1_387' title='bbox 1987 2365 2013 2386; x_wconf 70' lang='lat'><strong>⁸⁵</strong></span> 
     </span>
    </p>
   </div>
   <div class='ocr_carea' id='block_1_12' title="bbox 313 2395 1971 2485">
    <p class='ocr_par' dir='ltr' id='par_1_13' title="bbox 313 2395 1971 2485">
     <span class='ocr_line' id='line_1_37' title="bbox 313 2395 1971 2449; baseline 0.008 -24"><span class='ocrx_word' id='word_1_388' title='bbox 313 2395 458 2436; x_wconf 82' lang='lat' dir='ltr'><strong>predicte</strong></span> <span class='ocrx_word' id='word_1_389' title='bbox 481 2397 680 2439; x_wconf 86' lang='lat' dir='ltr'><strong>integraliter</strong></span> <span class='ocrx_word' id='word_1_390' title='bbox 703 2401 921 2436; x_wconf 86' lang='lat' dir='ltr'><strong>refundamus.</strong></span> <span class='ocrx_word' id='word_1_391' title='bbox 1003 2404 1041 2435; x_wconf 94' lang='lat' dir='ltr'><strong>In</strong></span> <span class='ocrx_word' id='word_1_392' title='bbox 1064 2404 1154 2436; x_wconf 88' lang='lat' dir='ltr'><strong>cuius</strong></span> <span class='ocrx_word' id='word_1_393' title='bbox 1170 2405 1217 2436; x_wconf 90' lang='lat' dir='ltr'><strong>rei</strong></span> <span class='ocrx_word' id='word_1_394' title='bbox 1234 2405 1434 2438; x_wconf 89' lang='lat' dir='ltr'><strong>evidenciam</strong></span> <span class='ocrx_word' id='word_1_395' title='bbox 1450 2409 1617 2448; x_wconf 86' lang='lat' dir='ltr'><strong>presentes</strong></span> <span class='ocrx_word' id='word_1_396' title='bbox 1633 2406 1692 2438; x_wconf 87' lang='lat' dir='ltr'><strong>tibi</strong></span> <span class='ocrx_word' id='word_1_397' title='bbox 1708 2406 1856 2439; x_wconf 87' lang='lat' dir='ltr'><strong>dedimus</strong></span> <span class='ocrx_word' id='word_1_398' title='bbox 1872 2406 1971 2449; x_wconf 83' lang='lat' dir='ltr'><strong>sigilli</strong></span> 
     </span>
     <span class='ocr_line' id='line_1_38' title="bbox 313 2447 809 2485; baseline 0.018 -9"><span class='ocrx_word' id='word_1_399' title='bbox 313 2447 413 2478; x_wconf 87' lang='lat' dir='ltr'><strong>nostri</strong></span> <span class='ocrx_word' id='word_1_400' title='bbox 436 2449 609 2481; x_wconf 86' lang='lat' dir='ltr'><strong>munimine</strong></span> <span class='ocrx_word' id='word_1_401' title='bbox 634 2451 809 2485; x_wconf 88' lang='lat' dir='ltr'><strong>roboratas.</strong></span> 
     </span>
    </p>
   </div>
   <div class='ocr_carea' id='block_1_13' title="bbox 315 2507 1968 2606">
    <p class='ocr_par' dir='ltr' id='par_1_14' title="bbox 315 2507 1968 2606">
     <span class='ocr_line' id='line_1_39' title="bbox 420 2507 1968 2559; baseline 0.008 -21"><span class='ocrx_word' id='word_1_402' title='bbox 420 2507 540 2539; x_wconf 90' lang='lat' dir='ltr'><strong>Datum</strong></span> <span class='ocrx_word' id='word_1_403' title='bbox 563 2510 594 2540; x_wconf 93' lang='lat' dir='ltr'><strong>in</strong></span> <span class='ocrx_word' id='word_1_404' title='bbox 618 2510 843 2555; x_wconf 82' lang='lat' dir='ltr'><strong>Sleussungen‚</strong></span> <span class='ocrx_word' id='word_1_405' title='bbox 867 2515 943 2546; x_wconf 92' lang='lat' dir='ltr'>XII.</span> <span class='ocrx_word' id='word_1_406' title='bbox 960 2515 1125 2548; x_wconf 89' lang='lat' dir='ltr'><strong>Kalendas</strong></span> <span class='ocrx_word' id='word_1_407' title='bbox 1149 2516 1359 2559; x_wconf 82' lang='lat' dir='ltr'><strong>Septembris,</strong></span> <span class='ocrx_word' id='word_1_408' title='bbox 1384 2528 1468 2550; x_wconf 89' lang='lat' dir='ltr'><strong>anno</strong></span> <span class='ocrx_word' id='word_1_409' title='bbox 1491 2518 1623 2550; x_wconf 90' lang='lat' dir='ltr'><strong>Domini</strong></span> <span class='ocrx_word' id='word_1_410' title='bbox 1645 2518 1817 2551; x_wconf 89' lang='lat' dir='ltr'><strong>millesimo</strong></span> <span class='ocrx_word' id='word_1_411' title='bbox 1841 2521 1968 2551; x_wconf 86' lang='lat' dir='ltr'><strong>trecen-</strong></span> 
     </span>
     <span class='ocr_line' id='line_1_40' title="bbox 315 2557 1295 2606; baseline 0.014 -19"><span class='ocrx_word' id='word_1_412' title='bbox 315 2557 430 2589; x_wconf 90' lang='lat' dir='ltr'><strong>tesimo</strong></span> <span class='ocrx_word' id='word_1_413' title='bbox 456 2559 605 2592; x_wconf 88' lang='lat' dir='ltr'><strong>vicesimo</strong></span> <span class='ocrx_word' id='word_1_414' title='bbox 630 2563 734 2604; x_wconf 81' lang='lat' dir='ltr'><strong>tertio,</strong></span> <span class='ocrx_word' id='word_1_415' title='bbox 757 2566 847 2606; x_wconf 87' lang='lat' dir='ltr'><strong>regni</strong></span> <span class='ocrx_word' id='word_1_416' title='bbox 870 2576 947 2598; x_wconf 89' lang='lat' dir='ltr'><strong>vero</strong></span> <span class='ocrx_word' id='word_1_417' title='bbox 970 2568 1071 2599; x_wconf 90' lang='lat' dir='ltr'><strong>nostri</strong></span> <span class='ocrx_word' id='word_1_418' title='bbox 1094 2578 1177 2599; x_wconf 92' lang='lat' dir='ltr'><strong>anno</strong></span> <span class='ocrx_word' id='word_1_419' title='bbox 1201 2579 1295 2601; x_wconf 90' lang='lat' dir='ltr'><strong>nono.</strong></span> 
     </span>
    </p>
   </div>
   <div class='ocr_carea' id='block_1_14' title="bbox 421 2702 2012 2741">
    <p class='ocr_par' dir='ltr' id='par_1_15' title="bbox 421 2702 2012 2741">
     <span class='ocr_line' id='line_1_41' title="bbox 421 2702 2012 2741; baseline 0.016 -12"><span class='ocrx_word' id='word_1_420' title='bbox 421 2702 484 2729; x_wconf 80' lang='grc'><strong>775.</strong></span> <span class='ocrx_word' id='word_1_421' title='bbox 512 2704 535 2738; x_wconf 77' lang='lat'><strong>¹³)</strong></span> <span class='ocrx_word' id='word_1_422' title='bbox 554 2706 719 2740; x_wconf 85' lang='lat' dir='ltr'><strong>Semptembr.</strong></span> <span class='ocrx_word' id='word_1_423' title='bbox 739 2718 776 2734; x_wconf 88' lang='lat' dir='ltr'><strong>or.</strong></span> <span class='ocrx_word' id='word_1_424' title='bbox 1985 2721 2012 2741; x_wconf 63' lang='grc' dir='ltr'><strong>ω</strong></span> 
     </span>
    </p>
   </div>
   <div class='ocr_carea' id='block_1_15' title="bbox 419 2796 782 2836">
    <p class='ocr_par' dir='ltr' id='par_1_16' title="bbox 419 2796 782 2836">
     <span class='ocr_line' id='line_1_42' title="bbox 419 2796 782 2836; baseline 0.019 -14"><span class='ocrx_word' id='word_1_425' title='bbox 419 2797 444 2829; x_wconf 94' lang='grc'><strong>1)</strong></span> <span class='ocrx_word' id='word_1_426' title='bbox 468 2796 534 2824; x_wconf 72' lang='lat' dir='ltr'><strong>Scit.</strong></span> <span class='ocrx_word' id='word_1_427' title='bbox 553 2799 586 2825; x_wconf 87' lang='lat' dir='ltr'><strong>de</strong></span> <span class='ocrx_word' id='word_1_428' title='bbox 608 2800 782 2836; x_wconf 75' lang='lat' dir='ltr'><strong>Tuttlinyen?</strong></span> 
     </span>
    </p>
   </div>
  </div>
 </body>
</html>
