2124 3132
137 747 162 769 1⁰

124 2553 158 2574 ⁴5

625 179 842 208 TRACTATUS
861 180 908 208 DE
926 181 1140 210 ELECTIONE.
1177 183 1253 211 1314.
1289 184 1391 212 Num.
1792 192 1830 221 27

290 266 456 300 Universis
482 270 650 309 presentes
676 267 800 299 litteras
829 268 1019 309 inspecturis
1047 279 1104 300 nos
1126 269 1304 311 Liupoldus
1327 270 1389 302 Dei
1418 272 1527 312 gracia
1554 271 1620 303 dux
1645 275 1772 304 Austric
1801 278 1835 306 et

182 319 299 362 styrie,
321 318 471 351 dominus
484 318 644 358 Oamiole‚
668 317 812 350 Marchie
829 328 866 350 ac
883 318 1124 361 Portusnaonis,
1148 331 1256 353 eomes
1272 322 1302 353 in
1319 321 1495 364 Habspurg
1510 328 1543 354 et
1560 323 1694 365 Kyburg
1710 335 1833 357 necnon

181 370 378 413 lantgravius
415 369 589 411 superioris
622 369 752 401 Alsacie
790 370 951 411 generalis
983 375 1094 403 notum
1132 372 1282 411 facimus,
1321 374 1407 415 quod
1443 384 1501 415 pro
1539 374 1652 406 illustri
1691 377 1832 418 principe

180 420 373 462 Frid(erico)
394 421 476 453 duce
498 421 630 454 Austrie
653 420 752 453 fratre
775 425 884 453 nostro
908 432 980 454 cum
1003 423 1180 455 venerabili
1205 425 1235 455 in
1260 423 1387 456 Christo
1410 429 1502 466 patre
1526 425 1656 457 domino
1681 426 1834 458 lleinrico

181 473 366 506 Coloniensi
393 472 636 515 archiepiscopo
661 482 720 514 pro
744 472 944 504 adiutoribus
967 474 1032 505 suis
1056 474 1096 506 de
1119 475 1329 517 infrascriptis
1352 476 1493 507 articulis
1515 477 1779 509 concordavimus
1802 480 1833 510 in

180 524 264 557 hunc
286 523 431 556 modum:

291 586 318 616 1.
352 582 517 616 Videlicet
539 582 625 625 quod
649 582 675 614 si
698 582 806 614 divina
829 582 957 616 favente
981 584 1157 617 clemencia
1180 586 1210 617 in
1234 586 1294 618 hac
1314 587 1484 618 vacacione
1508 588 1596 629 regni
1616 587 1834 620 Romanorum

180 647 240 680 per
264 638 402 669 mortem
425 634 498 666 dive
525 634 682 666 memorie
711 633 831 665 domini
854 634 999 667 Heinrici
1022 635 1241 668 Romanorum
1268 637 1471 679 imperatoris
1495 638 1581 670 idem
1605 639 1704 671 frater
1726 644 1836 671 noster

180 688 222 721 ab
249 689 319 730 ipso
347 686 478 719 domino
506 685 750 727 archiepiscopo
781 685 903 717 clectus
932 690 965 718 et
993 691 1163 719 coronatus
1187 688 1283 720 fuerit
1306 690 1336 720 in
1359 688 1577 721 Rornanorum
1602 701 1728 732 regem,
1758 692 1834 733 quia

179 739 370 782 infrascripti
402 737 528 770 nobiles
558 747 593 769 se
626 736 851 779 obligaverunt
881 737 966 769 dicto
995 739 1238 781 archiepiscopo
1267 740 1308 771 ad
1340 741 1478 772 eundum
1508 752 1617 773 secum
1641 752 1712 773 cum
1737 743 1835 774 armis

179 790 276 834 prout
297 789 468 822 decencius
490 790 625 831 possunt
641 787 684 820 ad
703 788 898 820 eleccionem
915 790 1000 831 regis
1017 790 1236 822 Romanorum
1253 791 1350 823 futuri
1368 796 1400 823 et
1416 794 1659 824 coronacionern
1677 793 1833 833 eiusdem,

178 851 302 885 nosque
330 851 402 873 cum
430 850 488 883 pro
512 839 611 872 tratre
634 843 743 872 nostro
766 839 926 882 predicto,
958 845 993 872 ut
1016 841 1153 883 eligatur
1176 843 1207 873 in
1231 852 1341 884 regem
1365 847 1400 874 ut
1423 847 1473 874 est
1495 843 1615 875 dictum
1639 844 1835 884 laboremus,

177 894 323 927 volentes
346 892 387 925 ob
409 892 471 924 hoc
494 891 627 924 eosdem
649 891 774 923 nobiles
796 901 856 933 per
877 892 982 933 ipsum
1006 903 1127 934 regem,
1152 893 1228 925 dum
1251 898 1378 925 creatus
1395 894 1501 935 fuerit,
1525 896 1657 936 speciali
1674 896 1784 927 favore
1801 899 1835 926 ct

178 945 295 989 graciis
316 944 498 988 prevenire,
520 943 725 985 promisimus
748 946 782 974 et
803 944 1019 985 promittimus
1043 955 1100 986 per
1123 947 1301 986 presentes,
1325 945 1410 987 quod
1434 945 1520 977 idem
1545 946 1644 978 frater
1667 951 1784 986 noster,
1807 947 1833 977 si

178 995 441 1040 ipsum‘elig‘i'et
462 995 607 1027 coronari
631 995 798 1036 contingat
817 995 849 1026 in
869 1005 991 1038 regem,
1015 995 1156 1028 nobilem
1172 997 1274 1028 virum
1290 996 1500 1028 Wilhelmum
1518 998 1667 1029 comitem
1684 997 1835 1029 Hanonic

178 1049 219 1081 de
247 1048 402 1080 comitatu
423 1045 588 1078 Holandie
612 1049 645 1077 et
668 1044 819 1078 Selandie
847 1057 885 1078 ac
913 1046 1054 1078 dominio
1078 1047 1196 1088 Frisie,
1227 1053 1322 1090 prout
1346 1059 1385 1080 ea
1407 1059 1490 1080 nunc
1514 1053 1601 1080 tenet
1625 1052 1658 1080 et
1680 1048 1834 1090 possidet,

177 1099 358 1132 infeodabit
385 1101 419 1131 et
445 1098 472 1130 si
502 1097 587 1140 quod
620 1097 887 1139 impedimentum
910 1099 962 1130 vel
993 1098 1139 1131 defectus
1166 1100 1290 1131 ratione
1319 1100 1444 1142 imperii
1473 1100 1635 1140 subesset,
1665 1100 1834 1141 quominus

178 1151 264 1184 dicta
289 1149 467 1183 infeudatio
496 1149 536 1182 de
566 1149 636 1181 iure
658 1148 730 1180 fieri
753 1148 904 1191 deberet,
936 1150 1025 1182 illurn
1049 1150 1246 1183 ammovebit
1269 1154 1301 1182 et
1324 1151 1488 1193 supplebit
1511 1162 1552 1183 ex
1575 1152 1679 1192 gratia
1702 1151 1833 1193 speciali

178 1205 212 1236 et
233 1202 320 1236 idem
343 1211 453 1234 comes
474 1203 639 1243 tamquam
655 1200 796 1232 vasallus
818 1201 946 1243 imperii
969 1201 1054 1234 dicto
1078 1203 1147 1244 regi
1168 1202 1199 1233 in
1216 1202 1308 1234 sactis
1331 1204 1396 1234 suis
1419 1202 1673 1245 quibuscumque
1697 1202 1835 1234 fideliter

177 1254 298 1287 serviet
323 1253 496 1286 viceversa.
547 1251 598 1284 De
633 1251 750 1294 quibus
783 1255 817 1284 et
845 1253 916 1284 aliis
945 1252 1006 1284 hec
1036 1253 1294 1296 contingentibus
1323 1254 1429 1286 littere
1464 1254 1625 1286 dabuntur
1653 1255 1833 1285 necessarie

178 1305 251 1338 hinc
274 1307 308 1338 et
332 1303 439 1336 inde¹.

285 1358 314 1389 2.
348 1356 434 1388 Item
460 1354 627 1388 innovabit
648 1354 847 1396 Engelberto
875 1356 984 1387 comiti
1012 1355 1053 1388 de
1076 1355 1209 1388 Marcha
1235 1356 1359 1388 litteras
1386 1367 1474 1397 suas,
1505 1366 1585 1398 quas
1613 1356 1712 1388 habet
1738 1366 1836 1397 super

177 1408 284 1442 officio
313 1407 503 1440 soultetatus
530 1406 769 1439 Tremoniensis
797 1410 830 1438 et
856 1406 998 1438 curtibus
1014 1406 1215 1439 Westhoven
1244 1411 1278 1439 et
1304 1407 1511 1439 Elmenhorst
1539 1407 1600 1439 sibi
1626 1407 1667 1438 ab
1697 1407 1832 1449 imperio

177 1460 342 1503 obligatis,
372 1457 612 1501 augmentando
640 1458 699 1490 sibi
723 1468 881 1490 summam
905 1461 1088 1490 contentam
1111 1459 1143 1490 in
1166 1458 1281 1490 litteris
1305 1459 1427 1490 eisdem
1450 1470 1508 1501 pro
1532 1459 1735 1499 obligacione
1758 1468 1831 1499 pre-

177 1511 263 1544 dicta
283 1511 326 1543 ad
349 1511 410 1543 tria
433 1510 522 1542 milia
544 1509 699 1542 librarum
715 1509 928 1551 Hallensium,
953 1520 1032 1552 quas
1055 1511 1085 1541 in
1104 1511 1245 1542 thelonio
1262 1511 1470 1543 Hamerstein
1491 1512 1650 1553 recepisse
1667 1510 1832 1542 debuisset

177 1573 219 1596 ex
241 1566 334 1606 parte
356 1563 443 1604 regis
467 1565 500 1594 et
521 1572 586 1594 uon
608 1562 741 1604 recepit.
787 1561 838 1593 De
863 1565 951 1594 curte
974 1572 1051 1594 vero
1074 1563 1105 1593 in
1122 1562 1274 1602 Brakele,
1299 1573 1394 1604 quam
1418 1562 1504 1594 idem
1527 1572 1636 1593 comes
1659 1561 1737 1593 dicit
1759 1571 1830 1593 esse

176 1616 293 1658 pignus
321 1624 412 1646 suum
442 1617 475 1645 et
503 1623 598 1655 quam
630 1613 889 1655 archiepiscopus
918 1613 959 1645 ad
986 1624 1020 1645 se
1045 1624 1086 1645 ex
1109 1613 1285 1645 donacione
1309 1614 1513 1655 imperatoris
1536 1614 1650 1645 asserit
1673 1616 1832 1654 perpetuo

175 1667 349 1712 pertinere,
373 1675 481 1698 coram
504 1675 583 1708 rege
608 1665 848 1697 exhibebuntur
871 1665 977 1697 littere
1001 1665 1167 1707 utriusque
1191 1666 1301 1707 partis,
1325 1676 1404 1707 quas
1427 1665 1467 1696 de
1492 1665 1577 1696 dicta
1594 1667 1683 1696 curte
1700 1664 1830 1700 habent,

177 1720 211 1751 et
239 1718 293 1761 qui
322 1717 472 1750 meliores
498 1717 623 1750 litteras
650 1716 814 1757 habuerit,
846 1715 1005 1747 obtinebit
1032 1726 1115 1747 eam.
1160 1715 1213 1747 Ad
1236 1727 1348 1758 preces
1371 1717 1473 1748 eciam
1497 1716 1574 1747 dicti
1597 1714 1831 1756 archiepiscopi

175 1780 234 1803 rex
257 1769 436 1802 custodiam
459 1767 570 1811 oppidi
593 1768 832 1800 Tremoniensis
855 1778 927 1799 cum
950 1768 1015 1799 suis
1037 1767 1219 1798 attinenciis
1242 1768 1422 1799 committet
1445 1768 1552 1798 comiti
1576 1770 1765 1798 memorato.

285 1823 314 1854 3.
348 1820 434 1853 Item
461 1830 633 1860 summam,
661 1829 720 1862 pro
749 1830 812 1861 qua
834 1819 1022 1862 Reynoldus
1045 1819 1193 1851 dominus
1216 1819 1256 1850 de
1274 1819 1487 1860 Valkenburg
1509 1818 1550 1850 ab
1574 1817 1709 1859 imperio
1732 1816 1831 1848 habet

175 1875 208 1906 in
236 1874 372 1917 pignore
403 1871 543 1905 officium
572 1870 761 1903 scultetatus
788 1871 963 1913 Aquensis,
994 1870 1217 1913 augmentabit
1245 1871 1305 1912 ipsi
1324 1870 1462 1914 ⁴domino
1491 1870 1531 1901 de
1550 1868 1761 1909 Valkenburg
1788 1867 1830 1899 ad

176 1925 290 1959 decem
311 1924 402 1957 milia
423 1933 615 1962 marearum,
638 1923 741 1955 tribus
755 1922 964 1954 Hallcnsibus
987 1933 1045 1964 pro
1070 1922 1194 1954 duobus
1215 1922 1355 1953 denariis
1371 1922 1574 1963 computatis.
1599 1925 1632 1952 et
1647 1919 1732 1961 quod
1749 1919 1832 1950 infra

174 1977 288 2021 viginti
311 1986 412 2009 annos
433 1974 555 2023 dictum
579 1974 720 2006 officium
744 1974 784 2006 ab
809 1985 848 2006 eo
872 1985 934 2006 non
958 1974 1142 2006 redimatur.
1190 1973 1350 2015 Quodque
1373 1973 1608 2015 preposituram
1632 1972 1828 2012 Aquensem,

177 2029 254 2062 dum
280 2030 391 2071 preter
415 2027 510 2058 istam
533 2026 743 2058 vacacionem
772 2029 970 2068 presentem,
1000 2036 1064 2067 qua
1090 2025 1350 2066 archiepiscopus
1373 2034 1446 2055 eam
1469 2023 1627 2062 conferet,
1658 2021 1831 2061 vacaverit,

176 2091 219 2113 ex
241 2079 375 2123 speciali
398 2078 622 2111 commissione
645 2078 715 2109 vice
739 2079 772 2109 et
795 2077 923 2108 nomine
947 2077 1033 2118 regis
1056 2087 1114 2118 per
1130 2076 1232 2107 dictos
1248 2086 1348 2107 annos
1364 2075 1509 2107 conferre
1526 2074 1636 2116 possit,
1660 2074 1705 2104 sic
1722 2076 1829 2104 tamen

177 2131 264 2176 quod
291 2134 365 2174 post
390 2130 516 2172 lapsum
541 2129 699 2161 dictorum
722 2129 834 2171 viginti
858 2138 1013 2160 annorum
1038 2128 1162 2170 precise
1186 2128 1255 2169 ipse
1279 2127 1330 2158 vel
1353 2126 1401 2158 sui
1425 2125 1563 2157 heredes
1586 2135 1620 2155 se
1644 2135 1707 2155 non
1730 2123 1829 2154 intro-

175 2179 305 2216 mittant
326 2182 460 2214 ulterius
482 2180 523 2213 de
547 2181 616 2212 iure
641 2190 714 2212 eam
737 2181 934 2222 conferendi,
956 2191 1016 2213 nec
1040 2181 1099 2212 hec
1122 2180 1303 2212 commissio
1328 2189 1369 2211 ex
1388 2179 1492 2221 gratia
1508 2179 1593 2209 sacta
1610 2177 1694 2208 ultra
1710 2176 1830 2207 dictum

174 2237 303 2277 tempus
331 2232 527 2266 extendatur
553 2235 586 2264 et
613 2235 730 2264 extunc
754 2243 811 2264 rex
835 2232 1067 2271 Romanorum,
1101 2232 1155 2273 qui
1183 2242 1242 2273 pro
1265 2234 1411 2272 tempore
1435 2229 1546 2268 fuerit',
1578 2228 1679 2270 possit
1701 2226 1830 2268 quando

174 2284 254 2317 velit
275 2284 437 2317 redimere
460 2283 600 2315 officium
623 2283 813 2315 scultetatus
836 2283 1031 2315 antedictum
1042 2283 1064 2314 ².

284 2338 313 2368 4.
349 2335 434 2368 Item
457 2335 642 2378 procurabit
666 2338 699 2367 et
721 2335 819 2367 faciet
841 2335 1017 2368 venerabili
1033 2334 1207 2366 Ludewico
1232 2333 1385 2375 episcopo
1401 2331 1647 2364 Monasteriensi
1671 2329 1827 2361 iusticiam

176 2387 362 2431 expeditam
385 2386 455 2419 fieri
479 2386 520 2418 de
543 2386 726 2418 hereditate
750 2398 807 2419 sua
831 2397 927 2429 quam
952 2410 983 2418 ..
1007 2396 1115 2417 comes
1138 2385 1326 2416 Iuliacensis
1350 2387 1485 2425 occupat
1508 2382 1674 2413 violenter.

283 2442 313 2471 5.
346 2438 431 2471 Item
446 2438 611 2470 Hartrado
636 2438 677 2470 de
693 2437 889 2480 Merenberg
911 2438 1075 2479 preposito
1091 2434 1370 2479 We[t]phlariensi
1395 2434 1492 2466 faciet
1515 2434 1626 2475 viginti
1650 2441 1829 2463 marcarum

175 2490 335 2530 redditus,
367 2489 469 2522 tribus
498 2489 706 2522 Hallensibus
733 2500 791 2532 pro
820 2489 952 2521 denario
980 2488 1188 2530 computatis,
1219 2486 1287 2518 dari
1315 2487 1406 2517 annis
1433 2485 1566 2526 singulis
1594 2483 1634 2515 de
1663 2482 1771 2514 Iudeis
1798 2483 1828 2512 in

175 2541 395 2575 Frankenfurt
426 2552 484 2584 pro
513 2540 610 2573 feodo
645 2541 799 2573 castrensi
826 2541 857 2572 in
887 2543 991 2572 castro
1019 2539 1190 2571 Kalsmunt
1221 2538 1281 2569 sibi
1311 2537 1352 2569 ab
1381 2537 1517 2578 imperio
1546 2539 1766 2576 competentes
1797 2536 1830 2563 et

175 2594 309 2626 terciam
340 2596 468 2636 partem
499 2588 586 2624 stdre
618 2592 727 2634 oppidi
751 2592 987 2624 Wetflariensis
1015 2591 1144 2623 racione
1175 2589 1348 2621 advocacie
1374 2587 1625 2622 Wetflariensis,
1662 2595 1757 2627 quam
1787 2583 1829 2614 ab

175 2645 310 2687 imperio
335 2647 424 2678 tenet
438 2644 498 2676 sibi
515 2647 764 2686 competentem,
789 2647 823 2675 et
838 2644 1073 2685 preposituram
1086 2641 1346 2672 Wetflariensem
1364 2649 1401 2670 ac
1418 2638 1586 2670 ecclesiam
1603 2638 1633 2668 in
1651 2635 1827 2667 Durmkom

175 2696 218 2729 ad
241 2697 450 2729 collacionem
472 2696 559 2738 regis
581 2699 776 2737 spectantes,
800 2696 826 2726 si
850 2706 905 2727 eos
928 2693 1148 2735 resignaverit,
1173 2692 1316 2724 conferet
1335 2702 1392 2723 rex
1409 2690 1449 2722 ad
1467 2699 1580 2731 preces
1596 2698 1669 2719 suas
1686 2687 1829 2729 personis

265 2798 291 2832 1)
312 2797 351 2832 ΟΥ.
369 2805 456 2833 eupra
473 2805 516 2825 nr.
529 2801 567 2824 21.
655 2797 682 2830 2)
703 2796 741 2830 (ΣΥ.
763 2797 842 2831 insta
860 2804 902 2822 nr.
917 2800 956 2822 45.

1579 2842 1612 2868 4·
