2184 3126
343 208 403 239 834
559 203 656 230 ACTA
673 201 787 229 REGNI
805 199 989 228 LUDEWICI
1009 199 1056 227 IV.
1075 198 1123 226 ΕΤ
1141 197 1326 225 FRIDERICI
1343 199 1392 226 111.
1429 198 1505 226 1324.
1542 198 1589 225 Nr.
1604 198 1679 226 1004.
1699 197 1776 227 1005.

341 295 372 324 te
397 301 434 323 ac
457 289 624 322 nonnullos
649 299 690 319 ex
717 288 778 318 tuis
801 286 954 328 predictis
981 284 1206 326 suffraganeis,
1236 284 1397 315 mandatis
1419 283 1572 325 predictis
1595 284 1782 326 apostolicis
1808 288 1998 318 reverenter

340 342 509 384 susceptis,
538 349 738 382 processum,
767 341 803 369 ut
826 336 1040 378 accepimus²,
1069 335 1213 367 extiterit
1239 335 1331 366 iuxta
1361 338 1506 367 tenorem
1529 335 1754 367 mandatorum
1781 336 1924 378 ipsorum
1954 336 1997 369 ad

341 394 588 436 publicationem
606 400 812 432 processuum
830 387 1016 427 eorundem,
1040 389 1150 418 tamen
1166 385 1296 428 quidam
1321 386 1375 417 alii
1398 385 1594 427 suffraganei
1616 387 1663 418 tui
1686 397 1750 419 non
1773 387 1896 430 absque
1918 391 1996 421 nota

340 443 557 476 inobedientis
573 443 707 484 aliisque
731 441 795 472 suis
818 439 969 481 gravibus
992 438 1143 480 periculis
1166 447 1201 468 se
1225 437 1310 469 circa
1325 437 1579 479 publicationem
1594 437 1778 470 huiusmodi
1792 439 1996 482 negligentes

341 495 558 536 multipliciter
587 504 644 524 seu
674 493 771 524 etiam
799 494 1004 522 contumaces
1027 490 1060 520 in
1087 491 1229 520 nostram
1259 491 1292 520 et
1320 489 1499 530 apostolice
1526 489 1613 520 sedis
1642 490 1884 532 contumeliam,
1915 492 1997 524 sicut
2026 502 2038 522 ι

340 547 439 578 habet
462 544 660 587 quorundam
684 543 801 574 infesta
824 542 955 582 relatio,
978 540 1203 581 reddiderunt,
1232 539 1319 582 quod
1341 550 1440 582 grave
1463 550 1528 572 non
1549 541 1700 573 inmerito
1722 542 1874 583 gerimus,
1898 542 1925 574 si
1948 546 1999 575 est

340 599 394 629 ita.
437 597 592 628 Nolentes
615 596 712 636 igitur
735 597 800 625 tam
824 592 1045 635 dampnandas
1068 591 1305 623 inobedientias
1329 594 1363 622 et
1385 592 1595 623 contumelias
1618 593 1818 626 execrandas
1839 595 1997 636 preterire

341 649 399 680 sub
423 646 682 679 dissimulationis
705 645 855 687 neglectu
878 655 938 676 nec
961 645 1171 683 incorrectaS,
1194 643 1220 674 si
1243 642 1399 674 relatibus
1423 643 1617 685 suffragetur
1638 645 1771 684 veritas,
1801 645 1996 688 relinquere,

341 701 422 731 sicut
445 699 542 731 etiam
565 708 624 729 nec
648 697 818 738 debemus,
848 696 1042 728 fraternitati
1069 698 1123 726 tuc
1152 705 1212 736 per
1234 694 1414 736 apostolica
1437 695 1558 737 scripta
1585 696 1618 727 in
1641 697 1760 728 virtute
1784 699 1894 729 sancte
1918 698 1996 731 obe·

341 751 460 782 dientie
491 750 662 781 districtius
689 748 884 790 iniungendo
916 747 1145 779 committimus
1175 749 1208 778 et
1238 746 1443 786 mandamus,
1476 747 1626 788 quatinus
1655 758 1752 789 super
1780 748 1935 790 predictis
1963 752 1996 782 et
2014 759 2041 779 ιο

342 813 451 834 eorum
481 801 613 843 singulis
641 801 832 841 summarie,
862 799 902 831 de
931 799 1027 841 plano
1057 802 1090 830 et
1113 798 1301 840 simpliciter
1329 801 1361 830 te
1389 797 1579 837 informans,
1608 809 1689 840 quos
1715 799 1919 842 negligentes
1945 800 1998 832 vel

341 856 545 885 contumaces
568 862 637 884 esse
661 851 713 883 vel
736 852 833 883 fuisse
849 851 1008 893 repereris
1030 851 1062 881 in
1085 850 1272 891 hac,parte‚
1294 860 1396 891 penas
1417 860 1478 892 per
1498 860 1558 881 nos
1578 853 1690 882 contra
1713 851 1796 883 tales
1816 852 1849 883 in
1873 852 1997 884 eisdem

341 904 455 936 litteris
478 906 511 935 et
533 903 736 945 processibus
763 903 900 934 inflictas
923 905 956 934 et
978 901 1198 943 promulgatas
1221 901 1391 933 incurrisse
1416 901 1561 933 declares
1584 904 1617 934 et
1638 902 1702 933 illis
1725 903 1857 935 eosdem
1880 904 1998 946 ligatos

341 956 440 987 facias
462 966 520 997 per
542 958 574 986 te
597 955 649 986 vel
673 955 771 986 alium
794 965 852 986 seu
879 954 959 985 alios
982 953 1109 995 publice
1140 953 1279 984 nuntiari
1302 956 1336 984 et
1358 952 1399 984 ab
1423 952 1571 984 omnibus
1597 953 1698 985 artius
1721 955 1846 987 evitari.
1894 955 1998 988 Nobis

340 1007 562 1038 nichilominus
578 1007 797 1047 rescripturus,
822 1005 974 1047 quicquid
997 1006 1028 1036 in
1052 1004 1206 1046 predictis
1223 1004 1353 1036 duxeris
1376 1004 1571 1046 faciendum,
1593 1008 1629 1037 ut
1650 1015 1708 1038 nos
1731 1016 1829 1048 super
1851 1007 1899 1039 eis
1921 1018 1997 1049 pro·
2017 1015 2041 1036 ιε

341 1058 450 1090 videre
473 1058 639 1090 valeamus
661 1058 803 1097 ulterius,
826 1058 907 1088 sicut
931 1056 1085 1098 expedire
1109 1055 1301 1098 videbimus,
1326 1056 1367 1088 de
1391 1056 1543 1088 remediis
1566 1058 1742 1099 oportunis.

449 1109 568 1141 Datum
592 1110 760 1150 Avinione,
784 1108 895 1140 Idibus
919 1108 1079 1148 Octobris,
1102 1118 1185 1139 anno
1209 1118 1303 1140 nono.

448 1179 548 1210 Item
571 1179 607 1209 in
632 1178 793 1210 eundem
817 1177 967 1209 modum
990 1176 1234 1218 archiepiscopo
1258 1177 1508 1218 Maguntinensi.
1547 1203 1549 1205 .
1594 1191 1597 1195 ·

431 1319 540 1355 1005.
580 1319 730 1354 Litterae
755 1319 804 1353 ad
831 1318 1126 1363 archiepiscopum
1153 1317 1484 1362 Maqdeburqensem
1512 1318 1651 1355 alterae.
1759 1319 1833 1355 Oct.
1854 1321 1918 1356 27.

453 1392 550 1432 Copia
573 1392 630 1434 (c.)
653 1392 767 1424 ibidem
790 1392 810 1424 l.
826 1403 851 1424 ο.
877 1391 934 1433 fol.
951 1393 993 1423 43
1015 1403 1065 1424 nr.
1081 1394 1154 1424 341.
1189 1412 1229 1415 —
1264 1392 1326 1424 Ed.
1351 1391 1495 1424 Schmidt
1517 1392 1537 1425 l.
1554 1403 1580 1425 c.
1603 1393 1637 1432 I,
1666 1393 1730 1425 150
1751 1403 1801 1426 nr.
1819 1395 1882 1426 161
1905 1404 1945 1426 ex
1967 1404 1995 1427 c.
2013 1407 2040 1428 ω

342 1444 524 1476 Editionem
546 1445 724 1484 repetimus.

449 1504 523 1544 Περ.
547 1503 649 1535 Lo'her
671 1505 692 1536 l.
709 1515 732 1535 c.
751 1514 785 1544 p.
802 1503 866 1535 259
888 1514 938 1537 nr.
954 1505 1037 1543 239;
1060 1503 1362 1544 Preyer—Reinkens
1380 1515 1415 1546 p.
1430 1505 1495 1536 280
1516 1515 1566 1537 nr.
1585 1504 1658 1537 190.

449 1589 635 1621 Venerabili
659 1589 749 1621 fratri
772 1614 778 1621 .
797 1614 804 1621 .
829 1589 1071 1632 archiepiscopo
1094 1590 1378 1632 Magdeburgensi.

449 1640 535 1672 Dum
558 1641 598 1672 de
622 1641 754 1682 prelatis
778 1641 1000 1683 ecclesiarum,
1030 1653 1109 1684 quos
1133 1642 1240 1674 divina
1264 1643 1431 1685 dispositio
1454 1643 1566 1675 statuit
1587 1655 1646 1686 per
1669 1643 1873 1677 altitudinem
1895 1644 1999 1688 dig-ni-

344 1692 417 1724 tatis
440 1693 471 1723 in
495 1693 638 1734 specula,
668 1695 704 1724 ut
732 1694 823 1734 quasi
850 1693 980 1724 lucerna
1011 1704 1109 1735 super
1132 1694 1361 1726 candelabrum
1385 1695 1482 1737 positi
1505 1696 1576 1727 aliis
1599 1695 1744 1728 doctrine
1767 1706 1891 1728 summe
1913 1697 2000 1728 viam
2017 1708 2043 1729 ss

341 1743 484 1775 veritatis
508 1743 686 1782 ostendant,
711 1745 838 1776 sinistra
860 1749 968 1777 nostro
992 1746 1188 1787 apostolatui
1211 1747 1408 1788 referuntur,
1437 1750 1526 1779 tanto
1550 1747 1718 1779 turbamur
1740 1747 1889 1779 acerbius
1912 1748 2001 1786 etjn

342 1795 461 1825 intimis
484 1796 612 1836 gravius
635 1796 812 1836 anxiamur,
837 1808 899 1838 quo
923 1798 1032 1839 lapsus
1055 1808 1166 1830 eorum
1190 1799 1402 1840 periculosior
1425 1809 1496 1831 esse
1520 1798 1695 1831 dinoscitur
1710 1809 1847 1841 vergens
1868 1800 1902 1831 in
1924 1799 2000 1832 sub-

306 1884 310 1886 ,
344 1845 482 1877 ditorum
510 1847 683 1887 perniciem
712 1858 770 1889 per
798 1849 993 1890 exemplum.
1051 1849 1164 1891 Nuper
1191 1850 1351 1892 siquidem
1380 1850 1422 1882 ad
1452 1850 1649 1883 audientiam
1678 1853 1822 1883 nostram
1849 1851 2003 1893 perduxit

342 1897 458 1928 infesta
474 1898 636 1929 relationis
652 1900 798 1940 assertio,
822 1900 907 1941 quod
924 1900 1050 1942 pridem
1074 1901 1188 1933 litteris
1211 1903 1328 1933 nostris
1351 1903 1538 1944 apostolicis
1561 1902 1620 1934 tibi
1642 1913 1680 1934 ac
1703 1903 1766 1934 tuis
1789 1902 2001 1945 suffraganeis

344 1948 472 1979 directis
488 1960 583 1990 super
598 1950 800 1991 processibus
823 1962 882 1993 per
904 1963 962 1983 nos
986 1953 1026 1984 de
1044 1954 1176 1985 consilio
1193 1954 1328 1985 fratrum
1343 1957 1524 1986 nostrorum
1541 1957 1652 1986 contra
1667 1953 1868 1986 Ludovicum
1884 1954 2001 1987 ducem
2018 1965 2045 1987 ω

343 1999 480 2031 Bavarie
503 2000 634 2041 habitis,
658 2013 792 2043 quorum
815 2004 933 2035 seriem
957 2004 1072 2036 eedem
1096 2005 1304 2037 continebant
1325 2006 1448 2047 littere,
1471 2006 1504 2037 in
1527 2007 1642 2038 vestris
1664 2006 1846 2038 civitatibus
1873 2009 1907 2038 et
1929 2006 1999 2038 dio—

344 2051 495 2093 c(esibus)
512 2052 685 2084 solenniter
700 2054 911 2095 publicandis,
935 2057 1112 2088 venerabili
1134 2057 1225 2089 fratri
1240 2061 1349 2090 nostro
1366 2058 1503 2089 Iohanni
1519 2058 1672 2100 episcopo
1687 2057 1999 2100 Brandeburgen(si)

345 2102 547 2144 suffraganeo
571 2107 626 2135 tuo
650 2115 707 2145 pro
731 2109 822 2146 parte
846 2110 910 2148 tua,
941 2108 1023 2139 sicut
1049 2109 1120 2140 fieri
1144 2109 1271 2149 debuit,
1299 2110 1508 2151 presentatis,
1537 2109 1625 2142 idem
1653 2110 1824 2152 episcopus
1846 2109 2001 2142 mandata

344 2153 525 2185 huiusmodi
548 2166 610 2186 non
634 2155 756 2198 absque
779 2158 880 2190 multe
904 2160 1095 2191 temeritatis
1125 2160 1262 2192 audacia
1290 2164 1464 2203 nostraque
1495 2164 1529 2193 et
1551 2161 1688 2193 ecclesie
1710 2160 1859 2193 Romane
1889 2164 2000 2194 contu—

344 2204 440 2236 melia
463 2206 678 2247 vilipendens,
703 2218 742 2239 ea
765 2219 828 2240 non
851 2210 995 2242 curavit²
1020 2213 1152 2253 exequi,
1177 2213 1254 2254 quin
1277 2213 1375 2244 immo
1398 2213 1527 2245 nuntius
1550 2216 1638 2254 tuus,
1662 2223 1759 2255 quem
1781 2223 1855 2245 cum
1878 2212 2002 2246 eisdem
2019 2224 2044 2245 ιε

345 2255 458 2286 litteris
492 2260 523 2288 et
555 2259 756 2298 processibus
786 2261 827 2291 ad
863 2261 1002 2293 eundem
1038 2264 1224 2305 episcopum
1259 2264 1453 2306 destinaras,
1487 2265 1519 2296 in
1553 2265 1683 2297 civitate
1715 2265 2002 2307 Brandeburgensi

346 2307 502 2339 violenter
525 2313 636 2350 captus
660 2312 767 2342 extitit
791 2316 824 2343 et
847 2313 996 2345 detentus
1012 2315 1145 2346 vinculis
1169 2326 1227 2358 per
1251 2315 1319 2348 dies
1342 2317 1467 2358 aliquos
1490 2317 1679 2358 captivatus.
1724 2315 1881 2348 Nolentes
1903 2316 2002 2358 igitur

347 2359 501 2398 premissa
523 2362 678 2400 preterire
702 2363 760 2394 sub
785 2364 1044 2398 dissimulationis
1067 2368 1219 2408 neglectu
1242 2378 1301 2399 nec
1325 2378 1364 2400 ea
1387 2368 1582 2410 relinquere,
1612 2369 1639 2399 si
1661 2369 1781 2400 veritas
1807 2367 2002 2411 suffragetur

346 2409 513 2451 relatibus,
542 2412 731 2454 incorrecta,
759 2415 952 2448 fraternitati
980 2421 1035 2449 tue
1065 2429 1125 2460 per
1147 2420 1323 2461 apostolica
1346 2421 1466 2462 scripta
1492 2420 1722 2452 committimus
1745 2422 1778 2452 et
1799 2419 2001 2462 mandamus,

350 2461 496 2501 quatinus
518 2473 576 2503 per
604 2467 636 2495 te
660 2466 710 2496 vel
734 2467 831 2498 alium
856 2479 913 2500 seu
937 2470 1016 2501 alios
1046 2481 1143 2512 super
1165 2471 1320 2513 predictis
1343 2472 1528 2512 summarie,
1556 2471 1746 2514 simpliciter
1772 2475 1806 2504 et
1833 2471 1874 2503 de
1903 2471 2000 2514 plano
2018 2483 2045 2504 ω

346 2512 514 2543 veritatem
536 2514 711 2557 inquirens,
735 2519 761 2549 si
785 2529 823 2550 ea
846 2530 905 2561 per
927 2521 1166 2562 inquisitionem
1189 2523 1371 2555 huiusmodi
1394 2524 1554 2565 repereris
1576 2525 1712 2556 veritate
1736 2523 1855 2566 fulciri,
1877 2534 2001 2556 memo-

347 2565 450 2594 ratum
474 2565 658 2606 episcopum
681 2572 896 2611 peremptorie
921 2573 1020 2605 citare
1043 2585 1211 2616 procures,
1240 2578 1276 2606 ut
1297 2575 1381 2607 infra
1404 2579 1527 2607 certum
1551 2577 1723 2607 terminum
1750 2578 2002 2618 competentem,

348 2613 388 2644 de
412 2625 474 2656 quo
498 2615 555 2646 tibi
576 2617 749 2661 videbitur,
773 2621 832 2652 sibi
855 2634 951 2664 super
973 2624 1034 2656 hoc
1057 2626 1295 2668 prefigendum,
1319 2627 1496 2669 apostolico
1520 2628 1707 2669 conspectui
1728 2628 1944 2670 personaliter
1965 2638 2001 2660 se

347 2669 524 2707 presentet,
558 2673 744 2709 recepturus
776 2683 833 2713 pro
863 2676 985 2706 meritis
1020 2679 1052 2708 et
1086 2678 1167 2709 alias
1196 2689 1293 2720 super
1327 2680 1493 2720 premissis
1526 2679 1687 2711 mandatis
1722 2682 1755 2711 et
1788 2679 2002 2721 beneplacitis

348 2718 532 2757 apostolicis
547 2719 714 2760 pariturus.
758 2723 854 2756 Diem
870 2730 977 2758 autem
993 2727 1175 2760 huiusmodi
1192 2731 1352 2762 citationis
1369 2734 1402 2762 et
1416 2730 1554 2762 formam
1578 2734 1611 2763 et
1627 2730 1780 2773 quicquid
1794 2730 1870 2763 inde
1885 2730 2001 2763 feceris
2018 2743 2044 2764 a

451 2811 477 2844 1)
498 2811 538 2846 C'f.
556 2821 641 2847 supra
658 2823 700 2842 nr.
714 2819 771 2843 877.
792 2820 848 2844 878.
868 2822 932 2852 975,
951 2820 1065 2854 itemque
1082 2831 1124 2850 nr.
1139 2826 1199 2850 960.
1286 2825 1314 2858 2)
1335 2825 1406 2852 Obiit
1423 2834 1449 2852 α.
1462 2828 1535 2853 1324.
1554 2826 1626 2860 Aua.
1638 2828 1663 2853 8.
