2184 3126
315 213 378 244 838
537 205 634 234 ACTA
652 203 765 231 REGNI
784 199 969 229 LUDEWICI
988 199 1034 226 IV.
1052 198 1098 225 ET
1118 197 1297 225 FRIDERICI
1317 195 1365 223 111.
1401 194 1477 222 1324.
1512 192 1562 220 Nr.
1575 191 1652 220 1007.
1670 189 1747 218 1008.

316 296 444 328 nomine
472 304 530 335 pro
559 292 636 333 ipsis
663 287 849 330 Raynaldo,
881 286 1025 318 Obizone
1056 288 1089 317 et
1111 284 1256 326 Nycolao
1290 281 1456 323 corporale
1486 278 1650 311 fidelitatis
1679 276 1799 319 omagii
1827 276 1970 318 prestitit

316 348 531 379 iuramentum
547 353 642 384 super
659 339 804 373 omnibus
828 342 861 370 et
883 337 1025 379 singulis,
1050 347 1112 378 que
1135 337 1167 367 in
1184 336 1386 367 sacramento
1401 331 1568 364 fidelitatis
1583 329 1743 362 habentur
1765 330 1799 360 et
1820 329 1853 378 in
1868 328 1972 370 ipsius

316 397 482 430 fidelitatis
502 394 650 436 capitulis
673 392 884 423 continentur.
929 389 995 420 Per
1017 388 1075 419 has
1098 390 1208 419 tamen
1231 385 1453 417 concessiones
1476 386 1509 415 et
1531 382 1737 414 investituras
1760 383 1794 413 et
1815 389 1972 422 expressa

317 451 350 481 in
372 449 434 480 hoc
456 446 623 489 privilegio
648 447 681 475 et
703 441 886 484 specialiter
902 440 1066 472 declarata
1089 449 1153 470 non
1167 438 1325 478 volumus,
1350 435 1436 478 quod
1458 435 1492 467 in
1514 433 1676 476 aliquibus
1691 433 1812 465 iuribus
1826 433 1970 475 ipsorum

318 499 471 532 nobilium
494 495 668 537 Raynaldi,
698 493 848 524 Obizonis
876 494 909 523 et
931 491 1076 532 Nycolai,
1101 500 1163 531 que
1190 488 1437 530 predecessores
1465 497 1576 518 eorum
1602 485 1787 518 habuerunt
1811 495 1831 517 a
1853 484 1972 527 prede-

320 549 497 582 cessoribus
535 547 650 578 nostris
683 545 903 576 Romanorum
941 541 1190 583 imperatoribus
1228 543 1261 572 et
1294 538 1426 581 regibus
1459 538 1628 570 retroactis
1667 537 1727 569 sub
1768 547 1972 581 quacumque

319 602 421 633 forma
438 603 470 631 et
484 602 596 630 tenore
613 596 794 636 verborum,
811 594 943 636 aliquod
958 593 1171 635 preiudicium
1189 593 1372 633 generetur,
1396 593 1447 622 set
1462 590 1570 622 omnia
1586 599 1698 621 eorum
1720 590 1790 621 iura
1813 590 1846 620 in
1867 591 1973 621 totum

318 653 505 684 remaneant
528 649 573 680 eis
596 648 694 679 salva.

427 704 456 733 6.
481 701 665 732 Statuentes
688 702 720 730 et
736 698 837 740 regali
854 697 940 729 edito
956 697 1090 728 fimiter
1105 695 1329 737 precipientes,
1352 696 1389 725 ut
1412 693 1453 726 de
1469 697 1579 726 cetero
1602 694 1690 726 nulla
1706 695 1828 738 civitas,
1850 694 1974 726 nullum

320 763 499 791 commune,
522 751 626 782 nullus
649 750 725 791 dux,
748 749 853 780 nullus
876 758 999 788 comes,
1029 748 1224 787 vicecomes,
1251 746 1358 777 nullus
1379 748 1538 787 potestas,
1570 745 1658 777 nulla
1680 746 1813 788 inquam
1835 756 1976 788 persona

320 815 437 846 magna
458 803 510 835 vel
532 813 641 844 parva,
666 801 882 833 ecclesiastica
904 799 956 832 vel
978 799 1132 831 secularis
1147 798 1241 829 huius
1263 798 1364 829 nostri
1379 797 1540 840 privilegii
1563 800 1598 829 et
1618 798 1805 830 investiture
1821 798 1976 840 paginam

320 856 439 888 audeat
461 854 634 895 infringere
658 853 709 884 vel
738 854 767 884 ei
794 863 874 883 ausu
897 851 1069 883 temerario
1093 850 1268 889 contraire,
1296 851 1347 880 set
1368 851 1438 881 rata
1460 852 1615 881 maneant
1637 849 1784 891 predicta
1807 850 1916 882 omnia
1943 852 1978 881 et

321 909 478 948 perpetuo
506 906 694 936 inconcussa
723 904 850 945 penitus
878 906 911 935 et
938 903 1038 934 illesa.
1092 902 1294 943 Quicumque
1322 903 1431 933 autem
1460 904 1572 933 contra
1598 901 1659 933 hec
1682 904 1877 944 attemptare
1899 912 1976 945 pre·

322 958 506 1000 sumpserit,
533 956 788 998 indignationem
811 959 952 987 nostram
975 965 1009 986 se
1031 954 1158 986 noverit
1179 954 1322 996 graviter
1343 954 1544 985 incursurum
1568 955 1602 985 et
1623 963 1682 995 pro
1705 963 1763 986 sue
1785 953 1978 986 temeritatis

323 1021 407 1052 pena
437 1010 626 1051 quingentas
658 1008 755 1039 libras
787 1008 855 1039 auri
889 1007 1001 1048 optimi
1030 1007 1296 1047 compositurum,
1333 1004 1510 1037 medietate
1540 1005 1672 1047 quidem
1699 1015 1828 1037 camere
1857 1007 1983 1047 nostre,

322 1061 447 1102 reliqua
469 1059 706 1093 marchionibus
727 1059 880 1100 predictis
903 1061 935 1089 et
958 1058 1022 1089 suis
1045 1056 1218 1088 heredibus
1242 1056 1445 1098 applicanda.

432 1114 459 1143 7.
482 1112 527 1143 Ut
549 1115 657 1144 autem
680 1111 740 1142 hec
763 1111 870 1142 omnia
892 1119 969 1141 vera
985 1108 1156 1140 credantur
1179 1112 1212 1140 et
1234 1110 1428 1150 perpetuam
1444 1107 1611 1140 obtineant
1625 1108 1822 1150 firmitatem,
1845 1117 1981 1150 presens

323 1163 525 1205 privilegium
549 1166 582 1195 et
603 1163 823 1194 investituram
839 1161 934 1193 scribi
957 1161 1092 1192 fecimus
1116 1163 1149 1191 et
1171 1160 1277 1201 sigillo
1294 1160 1474 1191 maiestatis
1496 1163 1605 1192 nostre
1627 1160 1776 1192 iussimus
1792 1161 1979 1192 conmuniri.

431 1215 537 1247 Huius
566 1215 613 1246 rei
640 1218 739 1245 testes
772 1216 844 1244 sunt
870 1212 996 1244 nobiles
1017 1213 1076 1244 viri
1102 1211 1312 1243 Eberhardus
1335 1211 1376 1243 de
1400 1211 1647 1252 Wirtenberch‚
1678 1211 1862 1244 Fridericus
1884 1211 1980 1244 burc-

324 1266 452 1308 gravius
475 1266 516 1298 de
539 1265 760 1306 Nfirenberch,
784 1255 910 1296 furious
937 1264 1136 1306 lantgravius
1166 1263 1207 1295 de
1229 1263 1461 1303 Lukenberch,
1490 1263 1706 1295 Berchtoldus
1729 1263 1770 1296 de
1792 1263 1981 1306 Marsteten,

323 1318 482 1349 Iohannes
506 1317 546 1349 de
562 1318 776 1358 Helfenstein,
799 1315 1014 1348 Berchtoldus
1037 1315 1078 1347 de
1102 1315 1302 1357 Grayspach,
1324 1315 1508 1348 Fridericus
1531 1315 1572 1347 de
1594 1315 1852 1358 Druhendingen
1875 1316 1984 1348 senior

327 1372 360 1400 et
384 1369 549 1400 Ounradus
571 1369 610 1401 de
633 1368 887 1410 Drfihendingen
910 1368 1014 1399 iunior
1037 1368 1171 1399 comites
1193 1377 1317 1399 necnon
1333 1366 1502 1398 Gotfridus
1524 1370 1558 1398 et
1572 1367 1766 1399 Ludowicus
1789 1367 1830 1400 de
1845 1367 1982 1400 Hohen-

327 1421 410 1462 loch,
433 1420 605 1452 Heinricus
629 1421 668 1452 de
692 1420 925 1462 Gumpenberg
947 1419 1168 1451 vicedominus
1190 1422 1310 1461 noster,
1334 1419 1476 1451 Thomas
1499 1419 1540 1451 de
1562 1418 1801 1462 Freuntsperch
1823 1422 1857 1452 et
1878 1418 1983 1451 Hein-

329 1473 412 1504 ricus
436 1472 476 1504 de
500 1472 647 1514 Preising
669 1473 807 1504 barones
831 1475 863 1503 et
885 1472 1003 1503 milites
1025 1472 1162 1512 imperii.

437 1524 511 1556 Dat.
536 1524 676 1565 Monaci,
703 1524 781 1555 XII.
797 1523 932 1555 Kalen.0
955 1522 1163 1563 Novembr.‘¹,
1189 1533 1272 1554 anno
1295 1523 1427 1554 Domini
1449 1522 1621 1555 millesimo
1644 1523 1873 1555 trecentesimo
1895 1522 1983 1555 vice-

331 1576 410 1607 simo
434 1579 558 1617 quarto,
581 1576 672 1617 regni
694 1586 770 1607 vero
793 1576 892 1607 nostri
916 1585 998 1606 anno
1023 1574 1160 1606 decimo.

334 1794 427 1830 1008.
463 1793 733 1830 LITTERAE
756 1792 997 1830 EPISCOPI
1020 1792 1299 1830 MISNENSIS
1322 1793 1398 1829 AD
1422 1791 1748 1830 PONTIFICEM
1770 1766 1988 1830 MISSAFJ'J.

1005 1862 1113 1898 1324.
1156 1862 1236 1898 Oct.
1261 1862 1318 1898 19.

444 1961 602 2001 Originale
630 1961 705 2003 (or.)
738 1963 771 1993 in
801 1962 960 1994 tabulario
989 1962 1143 1994 Vaticano
1174 1960 1313 1994 ‘Armar.
1338 1962 1365 1994 0
1384 1962 1465 2001 fase.
1487 1961 1528 1993 54
1555 1971 1605 1993 nr.
1625 1960 1679 1991 14⁹
1706 1960 1878 2002 signatum.
1923 1959 1988 1992 De-

334 2013 518 2062 scripsimus
529 2023 594 2044 nos.
627 2013 771 2054 Siyillum
788 2014 878 2052 deest,
896 2014 956 2046 lori
971 2025 1009 2046 ex
1023 2015 1095 2054 ipsa
1107 2014 1290 2046 membrana
1303 2014 1417 2046 exsecti
1428 2013 1610 2055 fragmento
1624 2012 1743 2045 relicto.
1758 2030 1802 2036 —
1813 2011 1985 2044 Ineditum.

443 2073 518 2113 Περ.
535 2073 649 2105 Mollat
672 2073 802 2105 ‘Lettres
825 2075 1011 2106 communes’
1033 2085 1083 2107 nr.
1099 2075 1224 2106 23210.

444 2159 648 2190 Sanctissimo
671 2161 702 2191 in
726 2159 853 2192 Christo
883 2162 966 2202 patri
988 2171 1026 2192 ac
1049 2160 1179 2193 domino
1207 2171 1264 2192 suo
1295 2159 1426 2192 domino
1449 2159 1586 2191 Iohanni
1613 2160 1818 2190 sacrosancte
1840 2157 1991 2190 Romane

338 2210 472 2241 ecclesie
495 2221 617 2241 summo
641 2211 783 2252 pontifici
874 2211 1029 2254 Withego
1054 2213 1224 2253 episcopus
1246 2212 1382 2243 ecclesie
1405 2210 1575 2242 Misnensis
1669 2220 1741 2242 cum
1765 2209 1875 2242 debita
1896 2219 1991 2241 reve-

337 2263 444 2294 rencia
467 2262 583 2294 devota
605 2263 724 2303 pedum
748 2263 855 2295 oscula
876 2263 1054 2295 beatorum.

446 2313 627 2358 (1)·Vestra
650 2315 728 2345 scire
753 2315 902 2356 dignetur
924 2316 1086 2357 sanctitas,
1110 2315 1197 2357 quod
1213 2316 1339 2357 copiam
1355 2315 1536 2346 litterarum
1550 2315 1740 2354 vestrarum,
1765 2323 1845 2355 quas
1861 2311 1991 2344 domino

339 2374 412 2396 meo
429 2388 436 2395 .
455 2390 460 2396 .
485 2365 723 2407 archiepiscopo
740 2366 1039 2409 Magdeb(urgensi)
1064 2370 1097 2399 et
1119 2367 1184 2398 suis
1207 2366 1418 2409 suffraganeis
1441 2365 1612 2407 direxistis,
1636 2364 1694 2397 sub
1718 2364 1864 2396 eiusdem
1887 2363 1994 2406 sigillo

341 2426 403 2457 qua
427 2415 534 2446 decuit
556 2415 778 2458 [r]everentia⁸
800 2419 909 2459 recepi
932 2419 1150 2451 continentem
1173 2419 1256 2455 inter
1272 2421 1390 2460 cetera,
1414 2417 1500 2460 quod
1516 2417 1678 2450 sanctitati
1694 2419 1800 2448 vestre
1816 2414 1994 2447 rescribere

343 2466 495 2498 deberem
529 2468 718 2509 principium
751 2472 783 2500 et
815 2470 912 2501 finem
941 2471 1116 2502 earundem
1142 2470 1323 2502 litterarum
1358 2473 1391 2501 et
1419 2469 1576 2511 quidquid
1606 2469 1647 2501 de
1674 2469 1752 2510 ipsis
1778 2468 1811 2499 in
1840 2465 1995 2510 predictis

343 2518 493 2549 ducerem
523 2519 711 2551 faciendum.
767 2520 818 2552 Sic
843 2525 949 2554 vestre
977 2523 1163 2554 reverencie
1190 2522 1346 2562 rescribo,
1376 2521 1463 2563 quod
1490 2521 1595 2563 prima
1622 2523 1731 2552 vestra
1757 2519 1866 2551 littera
1896 2528 1994 2560 quam

343 2571 451 2611 recepi
473 2571 580 2601 taliter
595 2571 780 2612 incipiebat:
861 2572 1033 2605 ‘Iohannes
1055 2574 1226 2615 episcopus
1246 2584 1357 2606 servus
1373 2583 1538 2605 servorum
1554 2572 1619 2604 Dei
1699 2569 1938 2603 venerabilibus
1961 2571 1994 2600 et

344 2624 405 2652 cet.
482 2621 593 2662 Nuper
606 2626 715 2654 contra
730 2624 933 2665 magnificum
951 2626 1051 2656 virum
1065 2625 1299 2666 Lod(ewicum)
1318 2625 1433 2656 ducem
1445 2624 1593 2656 Bawarie
1609 2624 1641 2655 in
1658 2621 1818 2654 discordia
1832 2622 1866 2654 in
1881 2631 1994 2663 regem

343 2671 562 2703 Romanorum
586 2673 720 2704 electum
746 2678 778 2705 et
801 2675 873 2706 cet.'
958 2679 990 2707 et
1011 2676 1119 2708 finitur
1142 2677 1200 2708 sic:
1286 2675 1420 2708 ‘Datum
1442 2675 1640 2718 Avinion(e)‚
1664 2674 1705 2707 V.
1722 2673 1861 2706 Kalend.
1877 2672 1995 2714 April„

448 2757 532 2784 1007.
560 2759 582 2791 c)
601 2760 710 2785 Kalend.
729 2759 752 2785 2.
840 2760 864 2794 d)
883 2763 1034 2788 Novembris
1053 2762 1078 2788 2.

450 2817 533 2844 1008.
560 2818 583 2850 ⁸)
601 2819 673 2844 uncis
691 2820 790 2845 inclusa
808 2829 913 2846 corrosa
931 2827 988 2847 sunt
1007 2832 1044 2848 or.

1993 756 2022 777 10

2011 2583 2041 2603 ⁴0
