2184 3126
155 1060 180 1080 18

150 2596 176 2615 ⁴5

477 240 572 268 ACTA
592 214 703 267 amm
722 237 905 267 Lunnwlci
923 238 970 266 lv.
990 237 1035 265 m·
1053 237 1306 287 FRIDEmcrm.
1343 237 1418 266 1824.
1455 237 1504 264 Nr.
1517 237 1576 265 910.
1799 240 1855 270 751

198 332 250 360 hec
268 331 387 360 iudicem
406 332 529 358 nostrum
547 338 577 358 se
589 329 758 358 constituere
773 328 877 356 nititur
889 330 987 357 contra
999 327 1131 362 antiquos
1144 336 1265 355 canones
1277 327 1466 359 decernentes,
1485 327 1559 362 quod
1572 327 1695 362 suspecti
1709 329 1739 355 et
1751 327 1859 355 inimici

198 382 302 411 iudices
320 390 379 411 esse
398 390 451 409 non
469 381 579 410 debent.

299 435 342 462 21.
369 433 391 463 Ο
417 433 548 462 Preterea
566 442 628 461 cum
647 434 757 460 constet
777 433 806 460 et
824 430 963 459 notorium
985 430 1031 463 sit,
1049 439 1145 459 omues
1158 439 1238 465 reges
1249 429 1435 458 Romanorum
1448 430 1554 458 electos
1566 430 1656 458 eciam
1669 429 1698 457 in
1711 429 1857 461 discordia.
1873 442 1892 455 ν,
1902 437 1936 457 21.

198 485 267 514 licet
284 485 386 514 electio
403 486 499 513 nostra
516 484 614 512 haberi
632 483 735 511 debeat
753 482 867 511 omnino
884 490 918 510 ex
941 481 1036 510 causis
1056 481 1234 509 evidentibus
1253 490 1303 516 pro
1316 481 1455 513 concordi,
1473 482 1559 517 prout
1569 481 1697 517 superius
1709 483 1752 509 est
1765 489 1858 508 narru-

200 539 273 569 tum:
287 538 318 565 et
335 538 393 564 tam
406 535 549 564 Lottarius
566 543 651 569 quam
666 533 838 567 Chunradus.
858 535 917 561 tam
937 533 1107 568 Philippum
1125 541 1210 567 quam
1229 532 1305 562 Otto.
1323 535 1383 560 tam
1401 532 1581 567 Rycliardnsr
1598 541 1683 568 quam
1695 532 1860 563 Alfl’onsusn

200 590 258 616 tam
279 587 418 616 Adolffus‘
436 595 520 622 quam
539 586 671 614 Albertus
689 585 773 613 electi
798 584 918 613 fuissent
941 584 967 611 in
991 583 1142 615 discordia,
1167 586 1262 611 tamen
1286 583 1554 612 administraverunt
1573 584 1722 620 imperium
1743 592 1861 619 semper.

198 639 272 668 sicut
289 640 319 668 et
341 640 494 675 potuerunt
519 637 554 666 de
579 638 646 665 iure.
687 637 746 664 Nec
769 645 819 671 per
843 636 986 671 quendam
1014 635 1200 663 Romanorum
1232 635 1394 671 pontificem
1418 637 1610 671 presumptum
1629 635 1692 666 fuit.
1714 635 1790 670 quod
1812 644 1862 670 per
1899 643 1903 647 ’

198 690 282 718 istum
300 698 389 726 nuper
407 689 531 718 noscitur
548 689 780 724 adtemptatum·-
799 688 828 716 in
841 686 1030 723 preiudicium
1048 689 1078 715 et
1096 695 1248 723 gravamen
1267 687 1405 715 notorium
1432 688 1503 715 sacri
1529 687 1640 723 imperii
1663 688 1749 721 ataine
1773 687 1860 714 nostri

197 743 226 770 et
246 741 406 778 principum
425 741 578 770 electorum
597 740 710 775 imperii
731 742 760 767 et
778 739 900 775 plurium
919 738 1076 774 principum
1094 738 1221 766 aliorum.

278 793 343 820 ⁷22.
371 793 394 821 (7
421 791 549 821 Preterea
567 791 703 820 electione
735 792 832 819 nostra
854 799 872 818 a
890 790 990 818 maiori
1008 791 1102 826 parte,
1129 790 1213 818 immo
1236 799 1254 818 a
1272 790 1380 818 duabus
1404 790 1533 825 purtibus
1552 791 1711 826 principum
1731 791 1807 818 facta
1831 791 1861 817 et
1874 793 1936 813 «2²2-

197 853 252 879 que
270 844 362 873 causis
379 843 558 872 evidentibus
577 845 606 871 et
633 842 750 871 notoriis
769 851 820 878 pro
839 841 967 870 concordi
985 841 1071 870 debet
1089 841 1200 873 haberi.
1218 842 1322 870 nobilis
1342 842 1384 870 vir
1401 842 1558 870 Fridericus
1575 842 1631 869 dux
1650 841 1774 872 Austrie.
1791 841 1862 869 licet

197 903 253 924 non
270 895 299 923 in
317 896 380 923 loco
399 895 546 924 electionis
570 903 622 923 nec
646 894 676 922 in
705 893 751 922 die
773 894 808 921 ad
829 893 989 929 eligendum
1008 894 1128 929 prefixa.
1147 902 1165 920 a
1182 893 1266 929 longe
1284 893 1384 921 minori
1403 897 1484 929 parte
1503 893 1674 930 principum,
1693 892 1826 920 videlicet
1843 902 1861 920 a

197 947 305 976 duobus
317 947 520 980 tantummodo,
539 956 567 974 se
581 947 649 983 eligi
663 945 734 974 fecit
749 945 778 973 in
791 954 894 982 regem.
922 945 958 973 Et
974 954 1007 973 ex
1021 945 1149 980 predicta
1162 945 1299 973 electione
1317 954 1372 973 non
1383 945 1473 973 solum
1492 954 1549 978 nos,
1569 945 1617 980 qui
1634 945 1669 972 de
1682 944 1741 972 iure
1753 944 1862 971 notorio

198 1001 358 1035 poteramus
376 1000 406 1027 et
424 999 603 1030 debebamus,
623 1006 772 1033 possumus
793 1000 823 1026 et
842 997 982 1030 debemus,
1001 996 1267 1028 administravimus.
1285 997 1370 1024 immo
1388 996 1477 1025 eciam
1496 997 1557 1032 ipse
1570 996 1735 1024 Fridericus.
1762 996 1814 1023 Cui
1832 996 1861 1023 in

198 1050 444 1079 administracione
463 1059 514 1078 sua
533 1050 593 1085 ipse
612 1049 775 1085 procedens,
794 1049 880 1077 immo
898 1048 991 1076 verius
1004 1048 1140 1076 excedens
1155 1048 1230 1090 favit
1248 1057 1299 1083 pro
1311 1057 1400 1084 posse,
1419 1048 1493 1076 sicut
1510 1048 1650 1076 notorium
1667 1051 1711 1076 est
1728 1050 1758 1076 et
1774 1047 1861 1074 mani-

198 1103 299 1131 festum
312 1111 363 1130 nec
375 1102 473 1136 aliqua
485 1103 581 1137 potest
593 1100 834 1138 tergiversatione
849 1101 944 1129 celari.
974 1106 988 1120 v
998 1100 1149 1135 Nunquam
1161 1103 1256 1128 tamen
1271 1109 1325 1128 nou
1337 1100 1426 1128 solum
1440 1100 1528 1132 nobis.
1545 1101 1620 1128 sicut
1637 1108 1688 1127 nec
1700 1100 1799 1128 debuit
1812 1109 1862 1127 nec

199 1153 301 1188 potuit,
321 1155 391 1182 set*
410 1162 461 1181 nec
479 1153 533 1188 ipsi
552 1152 710 1185 Friderico,
729 1161 812 1187 quem
830 1152 1027 1180 administrare
1045 1151 1165 1183 sciebat.
1184 1151 1457 1179 administrationem
1476 1151 1688 1186 quomodolibet
1706 1151 1860 1180 interdixit.

201 1204 270 1233 Cum
289 1206 384 1233 tamen
408 1206 438 1232 et
456 1206 522 1232 ante
535 1204 758 1239 ossumpcionem
777 1212 855 1231 suam
874 1205 904 1231 et
921 1205 986 1239 post
998 1203 1088 1238 ipsam
1107 1203 1164 1230 ism
1182 1212 1234 1238 per
1251 1211 1339 1231 annos
1351 1205 1415 1231 octo
1433 1206 1462 1231 et
1480 1204 1556 1231 ultra
1574 1203 1862 1231 administraverimus

198 1258 227 1284 et
239 1255 436 1284 administrare
455 1265 504 1284 nos
516 1256 601 1284 sciret
614 1255 721 1284 notorie
741 1263 774 1283 ac
794 1255 884 1283 eciam
902 1255 1054 1288 evidenter,
1074 1255 1148 1283 sicut
1160 1257 1322 1290 poteramus
1339 1257 1370 1282 et
1382 1251 1560 1287 debebamus.
1579 1263 1724 1290 possumus
1742 1257 1773 1283 et
1783 1255 1864 1283 debe·

199 1316 268 1339 mus,
286 1309 318 1335 ut
336 1309 417 1342 patet
435 1316 469 1336 ex
488 1307 664 1342 supradictis,
691 1306 731 1338 Ex
749 1306 850 1341 quibus
879 1307 1110 1335 manifestissime
1129 1308 1217 1342 patet,
1237 1307 1311 1342 quod
1329 1315 1384 1334 non
1398 1307 1548 1339 iusticiam,
1567 1315 1621 1334 nou
1635 1306 1783 1335 veritatem
1802 1315 1863 1342 pro-

198 1358 324 1394 sequitur
342 1358 370 1386 in
389 1358 536 1394 predictis,
561 1357 631 1386 sed*
655 1359 691 1386 ad
710 1358 839 1394 predicta
859 1360 994 1386 movetur
1011 1358 1106 1386 animo
1124 1358 1222 1393 iniquo
1244 1360 1273 1386 et
1295 1358 1370 1386 malo
1395 1360 1425 1388 et
1446 1358 1483 1385 sd
1501 1358 1685 1393 plantandum
1708 1358 1737 1385 in
1760 1358 1864 1385 mundo

199 1410 353 1438 discordias
371 1412 401 1438 et
418 1410 560 1443 scandala,
581 1418 630 1445 per
647 1419 702 1444 que
719 1409 865 1444 sauguinis
883 1409 1001 1437 humani
1019 1409 1117 1437 effusio
1135 1410 1224 1445 possit
1242 1409 1334 1444 sequi,
1353 1419 1424 1444 quas
1442 1410 1511 1438 totis
1529 1410 1635 1437 viribus
1653 1409 1730 1437 nisus
1748 1411 1791 1436 est
1808 1413 1859 1444 per

199 1461 330 1492 universa
347 1462 445 1489 muudi
464 1461 580 1490 climata
598 1461 741 1490 seminare.

300 1513 342 1542 23.
370 1513 391 1541 C
418 1513 489 1542 Item
507 1522 557 1549 per
574 1513 698 1542 diversas
715 1513 811 1541 mundi
829 1514 926 1548 partes
947 1514 976 1540 et
994 1512 1153 1547 provincias
1172 1520 1341 1547 persequens
1353 1512 1513 1547 imperiales
1531 1520 1564 1539 ac
1576 1520 1684 1539 sacrum
1699 1511 1845 1547 imperium
1860 1518 1879 1534 ⁰=
1890 1515 1922 1535 ²³-

199 1564 274 1599 psrti
294 1573 340 1592 eos
359 1564 547 1600 inpnuguanti
570 1565 643 1593 favit
660 1567 690 1593 et
708 1565 799 1597 favet.
827 1565 911 1599 prout
933 1565 976 1591 est
998 1563 1138 1591 notorium
1165 1563 1220 1591 toti
1238 1563 1353 1595 mundo.
1379 1564 1455 1598 ipsos
1472 1563 1544 1590 filios
1562 1563 1679 1591 ecclesie
1697 1562 1859 1591 karissimos

197 1615 369 1651 appellando
392 1618 422 1644 et
439 1616 642 1651 conando'pro
661 1616 767 1644 viribus
787 1616 941 1652 subiugare
959 1616 1075 1644 devotos
1093 1615 1205 1651 imperii
1229 1618 1259 1643 et
1276 1616 1371 1643 fideles
1388 1624 1483 1643 eorum
1506 1614 1635 1643 faucibus
1656 1614 1858 1647 devorandosy,

197 1666 268 1694 adeo
286 1666 359 1701 quod
378 1675 408 1694 se
426 1667 528 1700 iactat,
555 1667 629 1702 quod
659 1676 714 1695 non
732 1667 892 1696 remanebit
916 1668 944 1695 in
964 1667 1042 1695 brevi
1066 1667 1100 1695 de
1118 1667 1248 1695 omnibns
1266 1666 1458 1702 imperialibus
1475 1668 1505 1694 et
1523 1666 1640 1701 imperio
1658 1666 1859 1694 adherentibus

197 1726 276 1749 unus.
295 1717 363 1752 quin
383 1718 474 1753 ipsum
493 1718 662 1747 destruxerit
680 1721 710 1747 et
728 1719 809 1747 contu
818 1719 913 1747 uderit
920 1725 940 1753 Ι,
961 1719 1003 1746 ita
1020 1719 1095 1754 quod
1113 1727 1194 1746 nemo
1211 1719 1246 1746 de
1265 1718 1459 1754 imperialibus
1477 1721 1507 1746 et
1524 1718 1642 1754 imperio
1659 1718 1859 1746 adherentibus

197 1770 283 1803 atque
301 1769 434 1806 fidelibus
449 1770 616 1803 remanebit,
634 1771 708 1805 quod
729 1771 812 1799 absit.
852 1770 888 1798 Et
906 1779 956 1798 nos
974 1779 1008 1799 ex
1027 1771 1195 1803 iuramento,
1218 1770 1293 1804 quod
1313 1770 1341 1797 iu
1360 1772 1458 1798 nostra
1475 1769 1656 1797 coronacione
1674 1769 1858 1805 prestitimus,

198 1822 326 1848 tenemur
337 1826 350 1841 ¹
367 1822 397 1849 et
409 1821 529 1856 obligati
548 1830 641 1849 sumus
659 1821 695 1849 ad
707 1821 892 1850 resistendum
907 1821 1026 1850 viriliter
1044 1824 1073 1850 et
1091 1821 1261 1849 obviandum
1280 1821 1423 1857 impietati
1441 1823 1470 1849 et
1488 1820 1651 1849 crudelitati
1669 1820 1804 1856 predicte.
1823 1830 1857 1848 ne

199 1880 298 1899 manus
316 1871 405 1907 ipsius
424 1872 506 1908 plene
521 1873 658 1909 sanguine
676 1875 706 1902 et
723 1873 832 1901 animus
855 1874 914 1901 eius
928 1873 1078 1902 crudeliter
1090 1873 1188 1901 sitiens
1201 1873 1364 1909 sanguinem
1377 1872 1561 1900 christianum
1579 1872 1689 1908 possint
1700 1872 1855 1907 complex-eb

195 1924 225 1950 et
243 1922 369 1958 implere,
387 1924 462 1958 quod
480 1924 555 1951 circs
573 1924 701 1959 predicta
719 1925 927 1961 cogitaverunt.
946 1928 1134 1961 conceperunt
1151 1928 1239 1960 atque
1259 1927 1403 1960 ceperunt.

298 1975 340 2002 24.
368 1975 389 2004 G
416 1976 487 2004 Item
506 1976 567 2011 ipse
585 1978 628 2005 est
645 1980 883 2006 sacramentorum
908 1978 1012 2007 Christi
1031 1978 1136 2013 impius
1154 1977 1347 2013 prophanator
1371 1978 1458 2010 utque
1476 1977 1652 2010 contemptor
1670 1977 1700 2002 et
1718 1983 1858 2002 sacrorum
1871 1984 1936 2004 css.

195 2034 330 2054 canonum
349 2026 452 2062 impius
470 2029 500 2055 et
513 2028 677 2056 temerarius
692 2028 813 2057 violator
826 2032 913 2064 atque
926 2030 1074 2058 subversor
1091 2032 1121 2058 et
1132 2028 1272 2065 generalis
1284 2030 1376 2056 status
1387 2027 1506 2056 ecclesie
1518 2027 1652 2055 subdolus
1671 2029 1701 2054 et
1713 2034 1857 2061 presump-

195 2078 290 2105 tuosus
308 2079 338 2106 et
350 2078 514 2106 temerarius
527 2078 686 2107 iumutator
699 2080 876 2109 multifariae
888 2081 1040 2115 multisque
1053 2081 1162 2108 modis?
1197 2080 1234 2108 Et
1251 2080 1286 2107 de
1298 2079 1433 2114 predictis
1444 2078 1574 2110 monitus,
1592 2078 1667 2113 quod
1685 2087 1715 2106 se
1726 2077 1857 2113 corrigat.

194 2127 305 2156 omniuo
323 2138 352 2157 se
371 2129 509 2165 corrigere
528 2139 583 2158 uon
602 2131 664 2159 vult
682 2140 732 2159 nec
760 2141 789 2159 se
810 2132 938 2164 correxit.
957 2133 1052 2160 inmod
1071 2135 1114 2160 est
1133 2133 1161 2160 in
1179 2131 1315 2168 predictis
1333 2132 1444 2160 omuino
1456 2131 1658 2167 incorrigibilis
1674 2134 1704 2160 et
1721 2133 1762 2160 sic
1779 2132 1858 2160 here-

194 2178 268 2208 ticus
285 2181 411 2208 notorius
428 2183 472 2209 est
490 2182 650 2210 censendus.

296 2231 339 2259 25.
367 2231 388 2261 C
416 2232 487 2260 Item
499 2233 582 2260 'rens
594 2233 696 2261 Sancte
715 2236 758 2262 est
771 2233 893 2269 impius⁶
906 2236 936 2261 et
959 2234 1081 2262 crudelis
1094 2236 1123 2262 et
1135 2234 1281 2262 thesauros
1294 2235 1483 2270 pecuniarum,
1501 2243 1571 2269 quos
1587 2235 1623 2262 de
1635 2234 1752 2262 diversis
1763 2234 1859 2262 mundi
1873 2246 1893 2262 e.
1902 2243 1936 2262 so.

195 2280 324 2316 putibu-
341 2283 436 2318 exegit
453 2284 499 2312 et‘
513 2284 604 2319 exigit
622 2287 651 2312 et
669 2285 744 2320 exigi
775 2285 853 2318 facit,
873 2294 942 2319 quos
959 2286 1050 2313 sancti
1068 2285 1275 2320 predecessores
1293 2285 1336 2313 sui
1354 2288 1514 2314 statuerant
1531 2287 1618 2320 atque
1629 2286 1811 2314 decreverant
1830 2286 1858 2312 in

195 2330 280 2361 Tene
291 2332 393 2363 Sancte
405 2335 560 2364 subsidium
573 2337 776 2365 convertendos
803 2339 833 2365 et
846 2339 1007 2365 convertere
1022 2340 1232 2370 consueverant,
1253 2338 1312 2373 ipse
1330 2339 1359 2366 in
1373 2338 1530 2374 predictum
1547 2338 1703 2366 subsidium
1721 2347 1775 2366 non
1793 2348 1856 2366 con·

196 2384 289 2417 vertit.
306 2384 390 2414 immo
408 2386 438 2414 in
449 2386 747 2424 sffusionsm·impiam
771 2391 803 2417 et
815 2389 958 2417 crudelem
971 2389 1116 2425 sanguinis
1129 2389 1275 2418 christiani
1293 2392 1323 2418 et
1335 2398 1384 2418 suo
1396 2390 1461 2419 dolo
1479 2399 1527 2418 seu
1537 2390 1604 2426 „lata
1616 2390 1709 2426 culpa,
1727 2399 1782 2425 que
1794 2390 1858 2417 dolo

194 2436 382 2471 comparanda
399 2438 455 2470 est,
474 2437 550 2466 dicte
573 2439 657 2467 Terre
677 2439 780 2468 Sancte
801 2440 927 2468 debitum
952 2450 1006 2468 non
1031 2441 1101 2469 facit
1118 2441 1272 2469 subsidium
1295 2444 1325 2470 et
1342 2442 1383 2469 sic
1402 2441 1529 2477 perditur
1546 2442 1679 2470 continue
1700 2444 1730 2470 et
1748 2443 1857 2477 perdita

195 2489 238 2514 est
255 2488 285 2515 et
297 2487 411 2516 devenit
428 2489 464 2516 ad
481 2498 579 2518 manus
599 2490 748 2526 impiorum
775 2492 996 2520 esmcenorumae
1010 2493 1184 2520 inimicorum
1198 2493 1282 2521 Terre
1294 2493 1396 2522 Sancte
1413 2496 1443 2521 et
1454 2493 1514 2526 Dei.
1532 2493 1655 2521 hostium
1674 2493 1737 2521 fidei
1749 2493 1857 2521 christi-

194 2546 254 2570 ane.
273 2538 327 2566 heu
345 2539 400 2567 heu
418 2540 505 2575 procli
524 2541 615 2575 dolor,
641 2543 730 2577 quibu
742 2552 755 2570 s
774 2543 803 2570 in
821 2543 958 2578 predictis
982 2546 1012 2571 et
1030 2543 1127 2571 multis
1145 2543 1210 2571 aliis
1229 2544 1323 2573 favere
1343 2545 1455 2573 videtur
1472 2547 1570 2573 contra
1587 2545 1668 2573 iidem
1687 2545 1857 2573 catholicam

195 2592 224 2618 et
242 2592 340 2618 contra
358 2592 447 2619 totum
466 2592 603 2627 populum
627 2593 822 2622 christianum.
869 2594 906 2622 Et
925 2598 1019 2622 tamen
1038 2604 1089 2631 pro
1107 2595 1234 2630 predicto
1252 2596 1377 2624 subsidio
1394 2597 1444 2625 et¹¹
1462 2597 1523 2624 eius
1535 2597 1680 2624 occasione
1699 2605 1748 2631 per
1766 2599 1856 2624 totum

195 2641 326 2682 muudum
344 2642 439 2678 exegit
456 2643 486 2671 et
503 2642 579 2679 exigi
592 2643 662 2672 facit
676 2645 808 2680 precipue
834 2645 862 2673 in
875 2646 1038 2674 Alamunie‘
1058 2646 1187 2682 partibus
1205 2656 1322 2684 magnos
1334 2648 1515 2684 pecuniarum
1530 2649 1676 2677 thesauro·
1693 2648 1728 2675 de
1740 2648 1855 2676 decimis

293 2731 359 2760 mo.
376 2732 401 2766 «1)
419 2733 538 2768 Philippo
555 2733 581 2761 2.
685 2734 708 2769 Ι)
726 2736 869 2763 Richardus
886 2736 911 2763 2.
1023 2739 1045 2770 ⁸)
1063 2738 1190 2765 Rudolfus
1207 2738 1233 2765 2.
1331 2741 1352 2773 t)
1370 2741 1512 2767 Adohobus
1528 2740 1554 2768 2.
1653 2741 1679 2772 ΙΙ)
1697 2745 1813 2773 attempt.
1831 2739 1856 2765 2.

193 2775 218 2807 v¹)
236 2775 336 2808 aeiynum
348 2777 518 2810 paragrapho·
534 2777 563 2802 in
580 2775 604 2803 2.
681 2777 712 2811 ¹¹)
729 2779 773 2805 sed
790 2778 816 2806 2.
908 2779 935 2813 ¹)
959 2786 998 2807 set
1016 2779 1041 2807 2.
1112 2781 1137 2814 ν)
1155 2782 1302 2812 ᾱοῐοηιὶᾶο
1320 2783 1347 2809 ὄπ
1359 2785 1416 2818 fine
1434 2785 1517 2811 tineae
1533 2783 1559 2810 2.
1630 2783 1653 2814 ⁸)
1671 2783 1813 2808 confuderit
1832 2782 1856 2807 2.

193 2818 218 2850 ⁸)
237 2818 338 2852 :iynum
355 2819 551 2846 abbreviationis
563 2828 616 2853 pro
634 2829 666 2847 ur
683 2829 753 2848 corr.
772 2830 804 2848 ex
822 2823 896 2856 siquo
910 2832 963 2856 pro
986 2832 1017 2849 ue
1037 2824 1059 2850 l.
1135 2823 1161 2857 h)
1177 2826 1262 2859 conpl.
1281 2825 1305 2853 2.
1376 2827 1399 2860 ε)
1415 2828 1579 2862 multipharie
1597 2826 1622 2852 2.
1692 2825 1718 2857 d)
1736 2827 1813 2851 immo
1831 2827 1856 2851 ⁸2.

151 2866 179 2885 ιο
197 2862 221 2892 ⁸)
240 2861 326 2895 inpius
344 2861 369 2888 2.
465 2861 484 2895 f)
503 2871 534 2889 ac
551 2861 577 2889 2.
666 2864 694 2897 Ι)
713 2865 813 2893 Sarrae.
833 2865 860 2892 2.
948 2865 974 2899 ¹²)
993 2866 1062 2893 deese
1079 2866 1103 2893 2.
1191 2867 1210 2901 ί)
1228 2877 1242 2895 e
1260 2878 1328 2895 cm.
1346 2878 1424 2904 snper
1441 2879 1457 2896 a
1476 2871 1616 2903 mbpumta
1635 2868 1660 2894 2.
