<?xml version="1.0" encoding="UTF-8"?>
<!DOCTYPE html PUBLIC "-//W3C//DTD XHTML 1.0 Transitional//EN"
    "http://www.w3.org/TR/xhtml1/DTD/xhtml1-transitional.dtd">
<html xmlns="http://www.w3.org/1999/xhtml" xml:lang="en" lang="en">
 <head>
  <title>
</title>
<meta http-equiv="Content-Type" content="text/html;charset=utf-8" />
  <meta name='ocr-system' content='tesseract 3.04.00' />
  <meta name='ocr-capabilities' content='ocr_page ocr_carea ocr_par ocr_line ocrx_word'/>
</head>
<body>
  <div class='ocr_page' id='page_1' title='image "./monumentagerma05geseuoft_0310.png"; bbox 0 0 2190 3172; ppageno 0'>
   <div class='ocr_carea' id='block_1_1' title="bbox 312 250 1728 290">
    <p class='ocr_par' dir='ltr' id='par_1_1' title="bbox 312 250 1728 290">
     <span class='ocr_line' id='line_1_1' title="bbox 312 250 1728 290; baseline -0.004 -6"><span class='ocrx_word' id='word_1_1' title='bbox 312 259 375 290; x_wconf 84' lang='lat'>270</span> <span class='ocrx_word' id='word_1_2' title='bbox 549 255 646 283; x_wconf 82' lang='lat' dir='ltr'>ACTA</span> <span class='ocrx_word' id='word_1_3' title='bbox 664 255 778 283; x_wconf 82' lang='lat' dir='ltr'><strong>REGNI</strong></span> <span class='ocrx_word' id='word_1_4' title='bbox 797 253 981 282; x_wconf 84' lang='lat' dir='ltr'>LUDEWICI</span> <span class='ocrx_word' id='word_1_5' title='bbox 1000 253 1046 280; x_wconf 90' lang='lat' dir='ltr'>1v.</span> <span class='ocrx_word' id='word_1_6' title='bbox 1065 253 1111 280; x_wconf 87' lang='grc' dir='ltr'>ΕΤ</span> <span class='ocrx_word' id='word_1_7' title='bbox 1129 252 1316 280; x_wconf 82' lang='lat' dir='ltr'>FRIDERICI</span> <span class='ocrx_word' id='word_1_8' title='bbox 1334 253 1384 280; x_wconf 91' lang='lat'>111.</span> <span class='ocrx_word' id='word_1_9' title='bbox 1420 252 1495 280; x_wconf 87' lang='lat'><strong>1315.</strong></span> <span class='ocrx_word' id='word_1_10' title='bbox 1531 251 1580 279; x_wconf 85' lang='lat' dir='ltr'>Nr.</span> <span class='ocrx_word' id='word_1_11' title='bbox 1592 251 1652 279; x_wconf 86' lang='lat'><strong>314.</strong></span> <span class='ocrx_word' id='word_1_12' title='bbox 1669 250 1728 279; x_wconf 82' lang='lat'><strong>315.</strong></span> 
     </span>
    </p>
   </div>
   <div class='ocr_carea' id='block_1_2' title="bbox 363 398 1915 513">
    <p class='ocr_par' dir='ltr' id='par_1_2' title="bbox 363 398 1915 513">
     <span class='ocr_line' id='line_1_2' title="bbox 363 398 1915 451; baseline -0.004 0"><span class='ocrx_word' id='word_1_13' title='bbox 363 406 460 451; x_wconf 84' lang='lat'><strong>314.</strong></span> <span class='ocrx_word' id='word_1_14' title='bbox 489 406 586 451; x_wconf 86' lang='lat'><strong>315.</strong></span> <span class='ocrx_word' id='word_1_15' title='bbox 629 404 915 451; x_wconf 87' lang='lat' dir='ltr'><strong>SCRIPTA</strong></span> <span class='ocrx_word' id='word_1_16' title='bbox 943 401 1297 448; x_wconf 86' lang='lat' dir='ltr'>FRIDERICI</span> <span class='ocrx_word' id='word_1_17' title='bbox 1330 400 1460 447; x_wconf 85' lang='lat' dir='ltr'>PRO</span> <span class='ocrx_word' id='word_1_18' title='bbox 1491 398 1915 447; x_wconf 82' lang='lat' dir='ltr'>CASTRUGCIO</span> 
     </span>
     <span class='ocr_line' id='line_1_3' title="bbox 797 464 1486 513; baseline -0.004 0"><span class='ocrx_word' id='word_1_19' title='bbox 797 467 884 513; x_wconf 81' lang='lat' dir='ltr'>DE</span> <span class='ocrx_word' id='word_1_20' title='bbox 912 464 1486 513; x_wconf 85' lang='lat' dir='ltr'><strong>ANTERMINELLIS.</strong></span> 
     </span>
    </p>
   </div>
   <div class='ocr_carea' id='block_1_3' title="bbox 964 541 1331 588">
    <p class='ocr_par' dir='ltr' id='par_1_3' title="bbox 964 541 1331 588">
     <span class='ocr_line' id='line_1_4' title="bbox 964 541 1331 588; baseline 0 -10"><span class='ocrx_word' id='word_1_21' title='bbox 964 542 1073 579; x_wconf 87' lang='lat'><strong>1315.</strong></span> <span class='ocrx_word' id='word_1_22' title='bbox 1113 542 1209 588; x_wconf 83' lang='lat' dir='ltr'>Aug.</span> <span class='ocrx_word' id='word_1_23' title='bbox 1231 541 1266 578; x_wconf 87' lang='lat'>5.</span> <span class='ocrx_word' id='word_1_24' title='bbox 1295 542 1331 578; x_wconf 88' lang='lat'>6.</span> 
     </span>
    </p>
   </div>
   <div class='ocr_carea' id='block_1_4' title="bbox 796 660 1485 708">
    <p class='ocr_par' dir='ltr' id='par_1_4' title="bbox 796 660 1485 708">
     <span class='ocr_line' id='line_1_5' title="bbox 796 660 1485 708; baseline -0.006 -9"><span class='ocrx_word' id='word_1_25' title='bbox 796 663 881 699; x_wconf 77' lang='lat'><strong>314.</strong></span> <span class='ocrx_word' id='word_1_26' title='bbox 922 662 1100 708; x_wconf 74' lang='lat' dir='ltr'><em>Scriptum</em></span> <span class='ocrx_word' id='word_1_27' title='bbox 1120 663 1236 707; x_wconf 78' lang='lat' dir='ltr'>prius.</span> <span class='ocrx_word' id='word_1_28' title='bbox 1343 661 1432 706; x_wconf 75' lang='lat' dir='ltr'>Auy.</span> <span class='ocrx_word' id='word_1_29' title='bbox 1451 660 1485 696; x_wconf 89' lang='lat'>5.</span> 
     </span>
    </p>
   </div>
   <div class='ocr_carea' id='block_1_5' title="bbox 317 732 2012 829">
    <p class='ocr_par' dir='ltr' id='par_1_5' title="bbox 317 732 2012 829">
     <span class='ocr_line' id='line_1_6' title="bbox 425 732 2012 779; baseline -0.004 -9"><span class='ocrx_word' id='word_1_30' title='bbox 425 737 585 779; x_wconf 72' lang='lat' dir='ltr'>Oriyimk</span> <span class='ocrx_word' id='word_1_31' title='bbox 608 737 814 777; x_wconf 77' lang='lat' dir='ltr'>deperditum.</span> <span class='ocrx_word' id='word_1_32' title='bbox 863 736 963 776; x_wconf 72' lang='lat' dir='ltr'>Copia</span> <span class='ocrx_word' id='word_1_33' title='bbox 985 747 1050 768; x_wconf 75' lang='lat' dir='ltr'>non</span> <span class='ocrx_word' id='word_1_34' title='bbox 1072 739 1184 768; x_wconf 74' lang='lat' dir='ltr'>exstat.</span> <span class='ocrx_word' id='word_1_35' title='bbox 1214 753 1255 759; x_wconf 89' lang='lat'>—</span> <span class='ocrx_word' id='word_1_36' title='bbox 1278 735 1314 767; x_wconf 89' lang='lat' dir='ltr'><em>E</em></span> <span class='ocrx_word' id='word_1_37' title='bbox 1326 735 1438 776; x_wconf 74' lang='lat' dir='ltr'>prima</span> <span class='ocrx_word' id='word_1_38' title='bbox 1461 734 1597 767; x_wconf 74' lang='lat' dir='ltr'><em>editione</em></span> <span class='ocrx_word' id='word_1_39' title='bbox 1611 732 1692 766; x_wconf 82' lang='lat' dir='ltr'>Aldi</span> <span class='ocrx_word' id='word_1_40' title='bbox 1711 732 1862 765; x_wconf 66' lang='lat' dir='ltr'>Memmii</span> <span class='ocrx_word' id='word_1_41' title='bbox 1882 742 1969 774; x_wconf 73' lang='lat' dir='ltr'>repe-</span> <span class='ocrx_word' id='word_1_42' title='bbox 1999 742 2012 762; x_wconf 68' lang='grc' dir='ltr'>ε</span> 
     </span>
     <span class='ocr_line' id='line_1_7' title="bbox 317 785 1804 829; baseline -0.003 -7"><span class='ocrx_word' id='word_1_43' title='bbox 317 791 411 822; x_wconf 78' lang='lat' dir='ltr'>titum</span> <span class='ocrx_word' id='word_1_44' title='bbox 435 789 496 821; x_wconf 83' lang='lat' dir='ltr'>loco</span> <span class='ocrx_word' id='word_1_45' title='bbox 519 799 620 829; x_wconf 76' lang='lat' dir='ltr'>supra</span> <span class='ocrx_word' id='word_1_46' title='bbox 642 789 686 820; x_wconf 88' lang='lat' dir='ltr'>ad</span> <span class='ocrx_word' id='word_1_47' title='bbox 706 799 756 820; x_wconf 76' lang='lat' dir='ltr'>nr.</span> <span class='ocrx_word' id='word_1_48' title='bbox 776 789 838 819; x_wconf 88' lang='grc'>168</span> <span class='ocrx_word' id='word_1_49' title='bbox 859 789 956 820; x_wconf 76' lang='lat' dir='ltr'>citato</span> <span class='ocrx_word' id='word_1_50' title='bbox 976 798 1008 828; x_wconf 83' lang='lat' dir='ltr'>p.</span> <span class='ocrx_word' id='word_1_51' title='bbox 1026 788 1089 819; x_wconf 88' lang='grc'>190</span> <span class='ocrx_word' id='word_1_52' title='bbox 1111 798 1161 820; x_wconf 77' lang='lat' dir='ltr'>nr.</span> <span class='ocrx_word' id='word_1_53' title='bbox 1179 787 1208 819; x_wconf 88' lang='lat'>3.</span> <span class='ocrx_word' id='word_1_54' title='bbox 1254 786 1439 827; x_wconf 78' lang='lat' dir='ltr'>Repetimus</span> <span class='ocrx_word' id='word_1_55' title='bbox 1461 786 1512 817; x_wconf 77' lang='lat' dir='ltr'>hic</span> <span class='ocrx_word' id='word_1_56' title='bbox 1535 785 1600 817; x_wconf 84' lang='lat' dir='ltr'>illic</span> <span class='ocrx_word' id='word_1_57' title='bbox 1622 787 1804 818; x_wconf 82' lang='lat' dir='ltr'>correctum.</span> 
     </span>
    </p>
   </div>
   <div class='ocr_carea' id='block_1_6' title="bbox 422 846 1540 890">
    <p class='ocr_par' dir='ltr' id='par_1_6' title="bbox 422 846 1540 890">
     <span class='ocr_line' id='line_1_8' title="bbox 422 846 1540 890; baseline -0.003 -9"><span class='ocrx_word' id='word_1_58' title='bbox 422 849 569 888; x_wconf 75' lang='lat' dir='ltr'>Bo&#39;hmer,</span> <span class='ocrx_word' id='word_1_59' title='bbox 593 849 669 890; x_wconf 75' lang='lat' dir='ltr'>Rey.</span> <span class='ocrx_word' id='word_1_60' title='bbox 686 848 800 881; x_wconf 80' lang='lat' dir='ltr'>Ludw.</span> <span class='ocrx_word' id='word_1_61' title='bbox 818 858 853 888; x_wconf 78' lang='lat' dir='ltr'>p.</span> <span class='ocrx_word' id='word_1_62' title='bbox 869 847 935 879; x_wconf 83' lang='lat'>383</span> <span class='ocrx_word' id='word_1_63' title='bbox 957 848 1128 880; x_wconf 77' lang='lat' dir='ltr'><strong><em>Friedrich</em></strong></span> <span class='ocrx_word' id='word_1_64' title='bbox 1151 858 1202 879; x_wconf 79' lang='lat' dir='ltr'>nr.</span> <span class='ocrx_word' id='word_1_65' title='bbox 1221 847 1285 879; x_wconf 87' lang='grc'>316</span> <span class='ocrx_word' id='word_1_66' title='bbox 1308 847 1434 888; x_wconf 78' lang='lat' dir='ltr'>(Addit.</span> <span class='ocrx_word' id='word_1_67' title='bbox 1452 846 1540 887; x_wconf 90' lang='lat' dir='ltr'><em>III).</em></span> 
     </span>
    </p>
   </div>
   <div class='ocr_carea' id='block_1_7' title="bbox 312 928 2018 2210">
    <p class='ocr_par' dir='ltr' id='par_1_7' title="bbox 312 928 1971 1029">
     <span class='ocr_line' id='line_1_9' title="bbox 420 928 1971 976; baseline -0.005 -9"><span class='ocrx_word' id='word_1_68' title='bbox 420 934 623 967; x_wconf 73' lang='lat' dir='ltr'>Fridericus²</span> <span class='ocrx_word' id='word_1_69' title='bbox 645 933 708 966; x_wconf 91' lang='lat' dir='ltr'>Dei</span> <span class='ocrx_word' id='word_1_70' title='bbox 731 935 836 976; x_wconf 86' lang='lat' dir='ltr'>gratia</span> <span class='ocrx_word' id='word_1_71' title='bbox 858 935 1080 967; x_wconf 86' lang='lat' dir='ltr'>Romanorum</span> <span class='ocrx_word' id='word_1_72' title='bbox 1103 944 1162 966; x_wconf 88' lang='lat' dir='ltr'>rex</span> <span class='ocrx_word' id='word_1_73' title='bbox 1186 943 1316 975; x_wconf 79' lang='lat' dir='ltr'>semper</span> <span class='ocrx_word' id='word_1_74' title='bbox 1335 935 1489 975; x_wconf 85' lang='lat' dir='ltr'>augustus</span> <span class='ocrx_word' id='word_1_75' title='bbox 1554 930 1710 963; x_wconf 85' lang='lat' dir='ltr'>universis</span> <span class='ocrx_word' id='word_1_76' title='bbox 1733 930 1816 961; x_wconf 84' lang='lat' dir='ltr'>sacri</span> <span class='ocrx_word' id='word_1_77' title='bbox 1830 928 1971 962; x_wconf 86' lang='lat' dir='ltr'>Romani</span> 
     </span>
     <span class='ocr_line' id='line_1_10' title="bbox 312 985 1261 1029; baseline -0.003 -10"><span class='ocrx_word' id='word_1_78' title='bbox 312 987 439 1029; x_wconf 88' lang='lat' dir='ltr'>imperii</span> <span class='ocrx_word' id='word_1_79' title='bbox 461 986 609 1018; x_wconf 89' lang='lat' dir='ltr'>fidelibus</span> <span class='ocrx_word' id='word_1_80' title='bbox 680 986 819 1028; x_wconf 75' lang='lat' dir='ltr'><strong>gratiam</strong></span> <span class='ocrx_word' id='word_1_81' title='bbox 841 997 933 1018; x_wconf 88' lang='lat' dir='ltr'>suam</span> <span class='ocrx_word' id='word_1_82' title='bbox 957 989 991 1017; x_wconf 88' lang='lat' dir='ltr'>et</span> <span class='ocrx_word' id='word_1_83' title='bbox 1013 995 1107 1017; x_wconf 91' lang='lat' dir='ltr'>omne</span> <span class='ocrx_word' id='word_1_84' title='bbox 1130 985 1261 1016; x_wconf 90' lang='lat' dir='ltr'>bonum.</span> 
     </span>
    </p>

    <p class='ocr_par' dir='ltr' id='par_1_8' title="bbox 313 1033 2018 2107">
     <span class='ocr_line' id='line_1_11' title="bbox 420 1033 2014 1080; baseline -0.003 -11"><span class='ocrx_word' id='word_1_85' title='bbox 420 1038 491 1070; x_wconf 85' lang='lat' dir='ltr'>Etsi</span> <span class='ocrx_word' id='word_1_86' title='bbox 507 1038 548 1069; x_wconf 85' lang='lat' dir='ltr'>ad</span> <span class='ocrx_word' id='word_1_87' title='bbox 565 1037 736 1079; x_wconf 88' lang='lat' dir='ltr'>quoslibet,</span> <span class='ocrx_word' id='word_1_88' title='bbox 760 1048 840 1080; x_wconf 87' lang='lat' dir='ltr'>quos</span> <span class='ocrx_word' id='word_1_89' title='bbox 855 1037 1059 1069; x_wconf 68' lang='lat' dir='ltr'>Romanum¹¹</span> <span class='ocrx_word' id='word_1_90' title='bbox 1083 1036 1264 1069; x_wconf 79' lang='lat' dir='ltr'>dilectionic</span> <span class='ocrx_word' id='word_1_91' title='bbox 1286 1035 1386 1068; x_wconf 85' lang='lat' dir='ltr'>habet</span> <span class='ocrx_word' id='word_1_92' title='bbox 1408 1034 1590 1076; x_wconf 90' lang='lat' dir='ltr'>imperium,</span> <span class='ocrx_word' id='word_1_93' title='bbox 1613 1034 1830 1066; x_wconf 86' lang='lat' dir='ltr'>munificentie</span> <span class='ocrx_word' id='word_1_94' title='bbox 1853 1033 1969 1065; x_wconf 86' lang='lat' dir='ltr'>dexte·</span> <span class='ocrx_word' id='word_1_95' title='bbox 1988 1043 2014 1063; x_wconf 83' lang='grc' dir='ltr'>ιο</span> 
     </span>
     <span class='ocr_line' id='line_1_12' title="bbox 315 1085 1973 1129; baseline -0.004 -7"><span class='ocrx_word' id='word_1_96' title='bbox 315 1101 383 1122; x_wconf 88' lang='lat' dir='ltr'>ram</span> <span class='ocrx_word' id='word_1_97' title='bbox 407 1089 584 1122; x_wconf 80' lang='lat' dir='ltr'>debeamus</span> <span class='ocrx_word' id='word_1_98' title='bbox 608 1089 785 1121; x_wconf 83' lang='lat' dir='ltr'>extendere</span> <span class='ocrx_word' id='word_1_99' title='bbox 813 1089 1017 1128; x_wconf 75' lang='lat' dir='ltr'>debitricem,</span> <span class='ocrx_word' id='word_1_100' title='bbox 1046 1088 1119 1119; x_wconf 90' lang='lat' dir='ltr'>illos</span> <span class='ocrx_word' id='word_1_101' title='bbox 1141 1091 1250 1120; x_wconf 89' lang='lat' dir='ltr'>tamen</span> <span class='ocrx_word' id='word_1_102' title='bbox 1276 1087 1483 1129; x_wconf 85' lang='lat' dir='ltr'>prerogativa</span> <span class='ocrx_word' id='word_1_103' title='bbox 1511 1085 1630 1118; x_wconf 81' lang='lat' dir='ltr'>favoris</span> <span class='ocrx_word' id='word_1_104' title='bbox 1658 1085 1912 1127; x_wconf 82' lang='lat' dir='ltr'>complectemur</span> <span class='ocrx_word' id='word_1_105' title='bbox 1939 1086 1973 1116; x_wconf 84' lang='lat' dir='ltr'>et</span> 
     </span>
     <span class='ocr_line' id='line_1_13' title="bbox 316 1135 1972 1183; baseline -0.003 -11"><span class='ocrx_word' id='word_1_106' title='bbox 316 1141 498 1183; x_wconf 85' lang='lat' dir='ltr'>specialiori</span> <span class='ocrx_word' id='word_1_107' title='bbox 520 1150 754 1182; x_wconf 83' lang='lat' dir='ltr'>prosequemur</span> <span class='ocrx_word' id='word_1_108' title='bbox 777 1140 958 1172; x_wconf 78' lang='lat' dir='ltr'>dilectionis</span> <span class='ocrx_word' id='word_1_109' title='bbox 981 1139 1114 1178; x_wconf 85' lang='lat' dir='ltr'>affectu,</span> <span class='ocrx_word' id='word_1_110' title='bbox 1146 1140 1201 1181; x_wconf 86' lang='lat' dir='ltr'>qui</span> <span class='ocrx_word' id='word_1_111' title='bbox 1223 1142 1333 1181; x_wconf 85' lang='lat' dir='ltr'>gratos</span> <span class='ocrx_word' id='word_1_112' title='bbox 1356 1149 1391 1170; x_wconf 88' lang='lat' dir='ltr'>se</span> <span class='ocrx_word' id='word_1_113' title='bbox 1414 1138 1531 1169; x_wconf 89' lang='lat' dir='ltr'>nostris</span> <span class='ocrx_word' id='word_1_114' title='bbox 1554 1139 1780 1179; x_wconf 87' lang='lat' dir='ltr'>representant</span> <span class='ocrx_word' id='word_1_115' title='bbox 1803 1135 1972 1168; x_wconf 84' lang='lat' dir='ltr'>affectibus</span> 
     </span>
     <span class='ocr_line' id='line_1_14' title="bbox 317 1186 1972 1234; baseline -0.002 -11"><span class='ocrx_word' id='word_1_116' title='bbox 317 1192 435 1234; x_wconf 93' lang='lat' dir='ltr'>quique</span> <span class='ocrx_word' id='word_1_117' title='bbox 458 1191 576 1232; x_wconf 88' lang='lat' dir='ltr'>regalis</span> <span class='ocrx_word' id='word_1_118' title='bbox 600 1191 718 1223; x_wconf 87' lang='lat' dir='ltr'>favoris</span> <span class='ocrx_word' id='word_1_119' title='bbox 734 1190 964 1233; x_wconf 78' lang='lat' dir='ltr'>augmentumd</span> <span class='ocrx_word' id='word_1_120' title='bbox 986 1201 1046 1232; x_wconf 87' lang='lat' dir='ltr'>per</span> <span class='ocrx_word' id='word_1_121' title='bbox 1067 1190 1173 1222; x_wconf 91' lang='lat' dir='ltr'>zelum</span> <span class='ocrx_word' id='word_1_122' title='bbox 1196 1189 1334 1231; x_wconf 88' lang='lat' dir='ltr'>purioris</span> <span class='ocrx_word' id='word_1_123' title='bbox 1355 1189 1443 1229; x_wconf 87' lang='lat' dir='ltr'>fidei,</span> <span class='ocrx_word' id='word_1_124' title='bbox 1467 1188 1646 1220; x_wconf 88' lang='lat' dir='ltr'>devotionis</span> <span class='ocrx_word' id='word_1_125' title='bbox 1661 1188 1807 1230; x_wconf 84' lang='lat' dir='ltr'>perfecte</span> <span class='ocrx_word' id='word_1_126' title='bbox 1831 1190 1864 1219; x_wconf 85' lang='lat' dir='ltr'>et</span> <span class='ocrx_word' id='word_1_127' title='bbox 1885 1186 1972 1219; x_wconf 85' lang='lat' dir='ltr'>fruc-</span> 
     </span>
     <span class='ocr_line' id='line_1_15' title="bbox 313 1238 1973 1284; baseline -0.002 -10"><span class='ocrx_word' id='word_1_128' title='bbox 313 1247 421 1283; x_wconf 85' lang='lat' dir='ltr'>tuosa,</span> <span class='ocrx_word' id='word_1_129' title='bbox 452 1253 515 1284; x_wconf 93' lang='lat' dir='ltr'>que</span> <span class='ocrx_word' id='word_1_130' title='bbox 540 1242 612 1273; x_wconf 88' lang='lat' dir='ltr'>dive</span> <span class='ocrx_word' id='word_1_131' title='bbox 635 1242 866 1274; x_wconf 89' lang='lat' dir='ltr'>recordationis</span> <span class='ocrx_word' id='word_1_132' title='bbox 888 1242 1044 1274; x_wconf 85' lang='lat' dir='ltr'>Romanis</span> <span class='ocrx_word' id='word_1_133' title='bbox 1067 1241 1316 1283; x_wconf 78' lang='lat' dir='ltr'>imperatoribus</span> <span class='ocrx_word' id='word_1_134' title='bbox 1339 1243 1372 1272; x_wconf 92' lang='lat' dir='ltr'>et</span> <span class='ocrx_word' id='word_1_135' title='bbox 1394 1240 1525 1282; x_wconf 88' lang='lat' dir='ltr'>regibus</span> <span class='ocrx_word' id='word_1_136' title='bbox 1548 1239 1833 1281; x_wconf 87' lang='lat' dir='ltr'>predecessoribus</span> <span class='ocrx_word' id='word_1_137' title='bbox 1854 1238 1973 1270; x_wconf 86' lang='lat' dir='ltr'>nostris</span> 
     </span>
     <span class='ocr_line' id='line_1_16' title="bbox 315 1289 2016 1335; baseline -0.003 -9"><span class='ocrx_word' id='word_1_138' title='bbox 315 1305 351 1326; x_wconf 84' lang='lat' dir='ltr'>ac</span> <span class='ocrx_word' id='word_1_139' title='bbox 375 1294 511 1335; x_wconf 87' lang='lat' dir='ltr'>imperio</span> <span class='ocrx_word' id='word_1_140' title='bbox 534 1294 702 1326; x_wconf 84' lang='lat' dir='ltr'>retroactis</span> <span class='ocrx_word' id='word_1_141' title='bbox 731 1294 932 1335; x_wconf 80' lang='lat' dir='ltr'>temporibus</span> <span class='ocrx_word' id='word_1_142' title='bbox 959 1293 1213 1335; x_wconf 87' lang='lat' dir='ltr'>impertirentur,</span> <span class='ocrx_word' id='word_1_143' title='bbox 1244 1292 1402 1334; x_wconf 88' lang='lat' dir='ltr'>obsequia</span> <span class='ocrx_word' id='word_1_144' title='bbox 1428 1291 1650 1333; x_wconf 88' lang='lat' dir='ltr'>multipliciter</span> <span class='ocrx_word' id='word_1_145' title='bbox 1676 1293 1873 1322; x_wconf 89' lang='lat' dir='ltr'>meruerunt.</span> <span class='ocrx_word' id='word_1_146' title='bbox 1918 1289 1972 1322; x_wconf 85' lang='lat' dir='ltr'>Ad</span> <span class='ocrx_word' id='word_1_147' title='bbox 1991 1298 2016 1318; x_wconf 73' lang='lat'>1³</span> 
     </span>
     <span class='ocr_line' id='line_1_17' title="bbox 314 1341 1974 1386; baseline -0.002 -10"><span class='ocrx_word' id='word_1_148' title='bbox 314 1355 486 1386; x_wconf 85' lang='lat' dir='ltr'>personam</span> <span class='ocrx_word' id='word_1_149' title='bbox 514 1345 625 1386; x_wconf 89' lang='lat' dir='ltr'>itaque</span> <span class='ocrx_word' id='word_1_150' title='bbox 653 1344 830 1376; x_wconf 85' lang='lat' dir='ltr'>Castruccii</span> <span class='ocrx_word' id='word_1_151' title='bbox 857 1344 898 1376; x_wconf 91' lang='lat' dir='ltr'>de</span> <span class='ocrx_word' id='word_1_152' title='bbox 925 1343 1163 1376; x_wconf 84' lang='lat' dir='ltr'>Antelminellis</span> <span class='ocrx_word' id='word_1_153' title='bbox 1193 1343 1234 1376; x_wconf 90' lang='lat' dir='ltr'>de</span> <span class='ocrx_word' id='word_1_154' title='bbox 1263 1344 1368 1384; x_wconf 84' lang='lat' dir='ltr'>Luca,</span> <span class='ocrx_word' id='word_1_155' title='bbox 1398 1342 1503 1374; x_wconf 88' lang='lat' dir='ltr'>fidelis</span> <span class='ocrx_word' id='word_1_156' title='bbox 1533 1343 1634 1374; x_wconf 84' lang='lat' dir='ltr'>nostri</span> <span class='ocrx_word' id='word_1_157' title='bbox 1667 1341 1840 1383; x_wconf 78' lang='lat' dir='ltr'>carissimi,</span> <span class='ocrx_word' id='word_1_158' title='bbox 1875 1351 1974 1383; x_wconf 89' lang='lat' dir='ltr'>quem</span> 
     </span>
     <span class='ocr_line' id='line_1_18' title="bbox 314 1393 1974 1438; baseline -0.002 -11"><span class='ocrx_word' id='word_1_159' title='bbox 314 1396 485 1427; x_wconf 86' lang='lat' dir='ltr'>affectione</span> <span class='ocrx_word' id='word_1_160' title='bbox 509 1395 668 1428; x_wconf 83' lang='lat' dir='ltr'>benevola</span> <span class='ocrx_word' id='word_1_161' title='bbox 696 1397 935 1438; x_wconf 80' lang='lat' dir='ltr'>prosequimur,</span> <span class='ocrx_word' id='word_1_162' title='bbox 964 1399 1000 1428; x_wconf 91' lang='lat' dir='ltr'>ut</span> <span class='ocrx_word' id='word_1_163' title='bbox 1022 1399 1185 1436; x_wconf 90' lang='lat' dir='ltr'>tenemur,</span> <span class='ocrx_word' id='word_1_164' title='bbox 1214 1398 1248 1427; x_wconf 89' lang='lat' dir='ltr'>et</span> <span class='ocrx_word' id='word_1_165' title='bbox 1276 1394 1448 1437; x_wconf 88' lang='lat' dir='ltr'>opportuni</span> <span class='ocrx_word' id='word_1_166' title='bbox 1475 1394 1645 1436; x_wconf 90' lang='lat' dir='ltr'>patrocinii</span> <span class='ocrx_word' id='word_1_167' title='bbox 1671 1393 1777 1436; x_wconf 85' lang='lat' dir='ltr'>gratia</span> <span class='ocrx_word' id='word_1_168' title='bbox 1800 1393 1974 1425; x_wconf 79' lang='lat' dir='ltr'>confovere</span> 
     </span>
     <span class='ocr_line' id='line_1_19' title="bbox 316 1445 1975 1489; baseline -0.002 -11"><span class='ocrx_word' id='word_1_169' title='bbox 316 1447 522 1488; x_wconf 87' lang='lat' dir='ltr'>disponimus,</span> <span class='ocrx_word' id='word_1_170' title='bbox 546 1449 579 1478; x_wconf 90' lang='lat' dir='ltr'>et</span> <span class='ocrx_word' id='word_1_171' title='bbox 593 1447 750 1479; x_wconf 91' lang='lat' dir='ltr'>honorem</span> <span class='ocrx_word' id='word_1_172' title='bbox 766 1447 916 1489; x_wconf 84' lang='lat' dir='ltr'>specialis</span> <span class='ocrx_word' id='word_1_173' title='bbox 932 1447 1113 1479; x_wconf 87' lang='lat' dir='ltr'>dilectionis</span> <span class='ocrx_word' id='word_1_174' title='bbox 1130 1446 1421 1478; x_wconf 81' lang='lat' dir='ltr'>considerationem</span> <span class='ocrx_word' id='word_1_175' title='bbox 1436 1445 1605 1483; x_wconf 87' lang='lat' dir='ltr'>habentes,</span> <span class='ocrx_word' id='word_1_176' title='bbox 1629 1445 1762 1487; x_wconf 80' lang='lat' dir='ltr'>dignm</span> <span class='ocrx_word' id='word_1_177' title='bbox 1785 1447 1975 1487; x_wconf 86' lang='lat' dir='ltr'>reputamus</span> 
     </span>
     <span class='ocr_line' id='line_1_20' title="bbox 315 1496 1973 1540; baseline -0.002 -10"><span class='ocrx_word' id='word_1_178' title='bbox 315 1502 347 1530; x_wconf 91' lang='lat' dir='ltr'>et</span> <span class='ocrx_word' id='word_1_179' title='bbox 371 1498 531 1539; x_wconf 90' lang='lat' dir='ltr'>debitum,</span> <span class='ocrx_word' id='word_1_180' title='bbox 559 1502 595 1530; x_wconf 92' lang='lat' dir='ltr'>ut</span> <span class='ocrx_word' id='word_1_181' title='bbox 618 1499 672 1540; x_wconf 92' lang='lat' dir='ltr'>qui</span> <span class='ocrx_word' id='word_1_182' title='bbox 695 1499 736 1530; x_wconf 87' lang='lat' dir='ltr'>de</span> <span class='ocrx_word' id='word_1_183' title='bbox 759 1502 941 1530; x_wconf 87' lang='lat' dir='ltr'>nostrorum</span> <span class='ocrx_word' id='word_1_184' title='bbox 965 1498 1171 1530; x_wconf 80' lang='lat' dir='ltr'>familiarium</span> <span class='ocrx_word' id='word_1_185' title='bbox 1195 1497 1357 1540; x_wconf 85' lang='lat' dir='ltr'>probitate</span> <span class='ocrx_word' id='word_1_186' title='bbox 1381 1497 1500 1529; x_wconf 83' lang='lat' dir='ltr'>eximia</span> <span class='ocrx_word' id='word_1_187' title='bbox 1523 1496 1753 1537; x_wconf 88' lang='lat' dir='ltr'>iocundamur,</span> <span class='ocrx_word' id='word_1_188' title='bbox 1785 1507 1842 1529; x_wconf 91' lang='lat' dir='ltr'>eos</span> <span class='ocrx_word' id='word_1_189' title='bbox 1865 1498 1973 1528; x_wconf 84' lang='lat' dir='ltr'>nostre</span> 
     </span>
     <span class='ocr_line' id='line_1_21' title="bbox 315 1548 2017 1592; baseline -0.002 -10"><span class='ocrx_word' id='word_1_190' title='bbox 315 1549 540 1582; x_wconf 84' lang='lat' dir='ltr'>familiaritatis</span> <span class='ocrx_word' id='word_1_191' title='bbox 568 1550 736 1592; x_wconf 83' lang='lat' dir='ltr'>participio</span> <span class='ocrx_word' id='word_1_192' title='bbox 771 1553 804 1582; x_wconf 84' lang='lat' dir='ltr'>et</span> <span class='ocrx_word' id='word_1_193' title='bbox 838 1551 926 1582; x_wconf 86' lang='lat' dir='ltr'>suavi</span> <span class='ocrx_word' id='word_1_194' title='bbox 961 1550 1120 1591; x_wconf 82' lang='lat' dir='ltr'>regalium</span> <span class='ocrx_word' id='word_1_195' title='bbox 1146 1550 1223 1592; x_wconf 90' lang='lat' dir='ltr'>iugo</span> <span class='ocrx_word' id='word_1_196' title='bbox 1257 1549 1393 1591; x_wconf 87' lang='lat' dir='ltr'>placidis</span> <span class='ocrx_word' id='word_1_197' title='bbox 1420 1548 1558 1581; x_wconf 79' lang='lat' dir='ltr'>nexibus</span> <span class='ocrx_word' id='word_1_198' title='bbox 1584 1548 1703 1581; x_wconf 86' lang='lat' dir='ltr'>arctius</span> <span class='ocrx_word' id='word_1_199' title='bbox 1725 1548 1972 1590; x_wconf 85' lang='lat' dir='ltr'>adstringamus.</span> <span class='ocrx_word' id='word_1_200' title='bbox 1990 1555 2017 1575; x_wconf 63' lang='grc' dir='ltr'>πο</span> 
     </span>
     <span class='ocr_line' id='line_1_22' title="bbox 314 1600 1974 1643; baseline -0.002 -10"><span class='ocrx_word' id='word_1_201' title='bbox 314 1601 359 1633; x_wconf 88' lang='lat' dir='ltr'>Ut</span> <span class='ocrx_word' id='word_1_202' title='bbox 381 1604 490 1633; x_wconf 89' lang='lat' dir='ltr'>autem</span> <span class='ocrx_word' id='word_1_203' title='bbox 512 1601 599 1633; x_wconf 90' lang='lat' dir='ltr'>idem</span> <span class='ocrx_word' id='word_1_204' title='bbox 615 1601 819 1634; x_wconf 86' lang='lat' dir='ltr'>Castruecius</span> <span class='ocrx_word' id='word_1_205' title='bbox 842 1603 875 1633; x_wconf 94' lang='lat' dir='ltr'>in</span> <span class='ocrx_word' id='word_1_206' title='bbox 898 1601 1015 1634; x_wconf 83' lang='lat' dir='ltr'>effectu</span> <span class='ocrx_word' id='word_1_207' title='bbox 1031 1602 1199 1643; x_wconf 90' lang='lat' dir='ltr'>percipiat,</span> <span class='ocrx_word' id='word_1_208' title='bbox 1223 1600 1311 1643; x_wconf 86' lang='lat' dir='ltr'>quod</span> <span class='ocrx_word' id='word_1_209' title='bbox 1332 1603 1443 1632; x_wconf 84' lang='lat' dir='ltr'>noster</span> <span class='ocrx_word' id='word_1_210' title='bbox 1458 1601 1602 1642; x_wconf 84' lang='lat' dir='ltr'>suggerit</span> <span class='ocrx_word' id='word_1_211' title='bbox 1618 1600 1763 1641; x_wconf 84' lang='lat' dir='ltr'>affectus,</span> <span class='ocrx_word' id='word_1_212' title='bbox 1787 1603 1821 1632; x_wconf 89' lang='lat' dir='ltr'>et</span> <span class='ocrx_word' id='word_1_213' title='bbox 1842 1600 1974 1631; x_wconf 79' lang='lat' dir='ltr'>inantea</span> 
     </span>
     <span class='ocr_line' id='line_1_23' title="bbox 315 1650 1975 1696; baseline -0.001 -12"><span class='ocrx_word' id='word_1_214' title='bbox 315 1653 479 1695; x_wconf 88' lang='lat' dir='ltr'>regalibus</span> <span class='ocrx_word' id='word_1_215' title='bbox 502 1652 566 1696; x_wconf 90' lang='lat' dir='ltr'>[eo]</span> <span class='ocrx_word' id='word_1_216' title='bbox 590 1653 737 1685; x_wconf 88' lang='lat' dir='ltr'>devotius</span> <span class='ocrx_word' id='word_1_217' title='bbox 760 1653 885 1685; x_wconf 86' lang='lat' dir='ltr'>insistat</span> <span class='ocrx_word' id='word_1_218' title='bbox 909 1653 1085 1695; x_wconf 90' lang='lat' dir='ltr'>obsequiis,</span> <span class='ocrx_word' id='word_1_219' title='bbox 1116 1663 1179 1695; x_wconf 93' lang='lat' dir='ltr'>quo</span> <span class='ocrx_word' id='word_1_220' title='bbox 1208 1653 1315 1684; x_wconf 83' lang='lat' dir='ltr'>locum</span> <span class='ocrx_word' id='word_1_221' title='bbox 1345 1651 1434 1694; x_wconf 88' lang='lat' dir='ltr'>apud</span> <span class='ocrx_word' id='word_1_222' title='bbox 1461 1652 1665 1684; x_wconf 84' lang='lat' dir='ltr'>maiestatem</span> <span class='ocrx_word' id='word_1_223' title='bbox 1688 1655 1831 1684; x_wconf 85' lang='lat' dir='ltr'>nostram</span> <span class='ocrx_word' id='word_1_224' title='bbox 1853 1650 1975 1682; x_wconf 78' lang='lat' dir='ltr'>habeat</span> 
     </span>
     <span class='ocr_line' id='line_1_24' title="bbox 316 1702 1975 1746; baseline -0.001 -11"><span class='ocrx_word' id='word_1_225' title='bbox 316 1704 504 1746; x_wconf 87' lang='lat' dir='ltr'>digniorem,</span> <span class='ocrx_word' id='word_1_226' title='bbox 528 1705 632 1746; x_wconf 91' lang='lat' dir='ltr'>ipsum</span> <span class='ocrx_word' id='word_1_227' title='bbox 656 1706 902 1737; x_wconf 86' lang='lat' dir='ltr'>secretariorum</span> <span class='ocrx_word' id='word_1_228' title='bbox 926 1708 960 1736; x_wconf 86' lang='lat' dir='ltr'>et</span> <span class='ocrx_word' id='word_1_229' title='bbox 982 1705 1189 1736; x_wconf 86' lang='lat' dir='ltr'>familiarium</span> <span class='ocrx_word' id='word_1_230' title='bbox 1212 1707 1395 1736; x_wconf 85' lang='lat' dir='ltr'>nostrorum</span> <span class='ocrx_word' id='word_1_231' title='bbox 1415 1703 1636 1745; x_wconf 88' lang='lat' dir='ltr'>predictomm</span> <span class='ocrx_word' id='word_1_232' title='bbox 1653 1703 1813 1735; x_wconf 88' lang='lat' dir='ltr'>consortio</span> <span class='ocrx_word' id='word_1_233' title='bbox 1835 1702 1975 1734; x_wconf 84' lang='lat' dir='ltr'>libenter</span> 
     </span>
     <span class='ocr_line' id='line_1_25' title="bbox 316 1753 1974 1799; baseline -0.001 -12"><span class='ocrx_word' id='word_1_234' title='bbox 316 1759 349 1787; x_wconf 88' lang='lat' dir='ltr'>et</span> <span class='ocrx_word' id='word_1_235' title='bbox 371 1756 549 1788; x_wconf 85' lang='lat' dir='ltr'>liberaliter</span> <span class='ocrx_word' id='word_1_236' title='bbox 571 1756 721 1788; x_wconf 82' lang='lat' dir='ltr'>duximus</span> <span class='ocrx_word' id='word_1_237' title='bbox 744 1757 999 1799; x_wconf 85' lang='lat' dir='ltr'>aggregandum.</span> <span class='ocrx_word' id='word_1_238' title='bbox 1047 1756 1223 1798; x_wconf 79' lang='lat' dir='ltr'>sperantes</span> <span class='ocrx_word' id='word_1_239' title='bbox 1246 1756 1334 1798; x_wconf 86' lang='lat' dir='ltr'>quod</span> <span class='ocrx_word' id='word_1_240' title='bbox 1356 1755 1492 1788; x_wconf 83' lang='lat' dir='ltr'>affectus</span> <span class='ocrx_word' id='word_1_241' title='bbox 1519 1755 1661 1788; x_wconf 87' lang='lat' dir='ltr'>sincerus</span> <span class='ocrx_word' id='word_1_242' title='bbox 1690 1758 1723 1787; x_wconf 89' lang='lat' dir='ltr'>et</span> <span class='ocrx_word' id='word_1_243' title='bbox 1752 1754 1830 1787; x_wconf 89' lang='lat' dir='ltr'>fidei</span> <span class='ocrx_word' id='word_1_244' title='bbox 1855 1753 1974 1792; x_wconf 86' lang='lat' dir='ltr'>fervor,</span> 
     </span>
     <span class='ocr_line' id='line_1_26' title="bbox 316 1807 2016 1851; baseline 0 -13"><span class='ocrx_word' id='word_1_245' title='bbox 316 1807 431 1849; x_wconf 88' lang='lat' dir='ltr'>quibus</span> <span class='ocrx_word' id='word_1_246' title='bbox 453 1807 485 1838; x_wconf 92' lang='lat' dir='ltr'>in</span> <span class='ocrx_word' id='word_1_247' title='bbox 508 1808 615 1839; x_wconf 85' lang='lat' dir='ltr'>animo</span> <span class='ocrx_word' id='word_1_248' title='bbox 639 1819 696 1840; x_wconf 89' lang='lat' dir='ltr'>suo</span> <span class='ocrx_word' id='word_1_249' title='bbox 720 1819 799 1850; x_wconf 88' lang='lat' dir='ltr'>erga</span> <span class='ocrx_word' id='word_1_250' title='bbox 821 1809 993 1851; x_wconf 89' lang='lat' dir='ltr'>imperium</span> <span class='ocrx_word' id='word_1_251' title='bbox 1009 1808 1219 1840; x_wconf 87' lang='lat' dir='ltr'>diuturnitate</span> <span class='ocrx_word' id='word_1_252' title='bbox 1242 1807 1414 1849; x_wconf 87' lang='lat' dir='ltr'>convaluit,</span> <span class='ocrx_word' id='word_1_253' title='bbox 1437 1808 1636 1839; x_wconf 87' lang='lat' dir='ltr'>incrementa</span> <span class='ocrx_word' id='word_1_254' title='bbox 1657 1807 1820 1849; x_wconf 82' lang='lat' dir='ltr'>suscipere</span> <span class='ocrx_word' id='word_1_255' title='bbox 1843 1816 1973 1849; x_wconf 84' lang='lat' dir='ltr'>semper</span> <span class='ocrx_word' id='word_1_256' title='bbox 1991 1816 2016 1837; x_wconf 71' lang='lat'>¹⁵</span> 
     </span>
     <span class='ocr_line' id='line_1_27' title="bbox 316 1858 1975 1892; baseline 0 -2"><span class='ocrx_word' id='word_1_257' title='bbox 316 1859 457 1890; x_wconf 87' lang='lat' dir='ltr'>debeant</span> <span class='ocrx_word' id='word_1_258' title='bbox 479 1859 636 1891; x_wconf 86' lang='lat' dir='ltr'>conducta</span> <span class='ocrx_word' id='word_1_259' title='bbox 659 1860 809 1892; x_wconf 89' lang='lat' dir='ltr'>continue</span> <span class='ocrx_word' id='word_1_260' title='bbox 832 1860 981 1892; x_wconf 84' lang='lat' dir='ltr'>vehiculo</span> <span class='ocrx_word' id='word_1_261' title='bbox 1005 1860 1109 1892; x_wconf 86' lang='lat' dir='ltr'>solide</span> <span class='ocrx_word' id='word_1_262' title='bbox 1131 1859 1301 1892; x_wconf 86' lang='lat' dir='ltr'>firmitatis.</span> <span class='ocrx_word' id='word_1_263' title='bbox 1346 1858 1389 1891; x_wconf 82' lang='lat' dir='ltr'>Et</span> <span class='ocrx_word' id='word_1_264' title='bbox 1416 1862 1451 1890; x_wconf 90' lang='lat' dir='ltr'>ut</span> <span class='ocrx_word' id='word_1_265' title='bbox 1481 1869 1524 1890; x_wconf 86' lang='lat' dir='ltr'>ex</span> <span class='ocrx_word' id='word_1_266' title='bbox 1545 1858 1608 1890; x_wconf 91' lang='lat' dir='ltr'>hoc</span> <span class='ocrx_word' id='word_1_267' title='bbox 1631 1858 1672 1891; x_wconf 91' lang='lat' dir='ltr'>de</span> <span class='ocrx_word' id='word_1_268' title='bbox 1695 1858 1781 1890; x_wconf 90' lang='lat' dir='ltr'>bono</span> <span class='ocrx_word' id='word_1_269' title='bbox 1803 1859 1838 1890; x_wconf 91' lang='lat' dir='ltr'>in</span> <span class='ocrx_word' id='word_1_270' title='bbox 1858 1859 1975 1891; x_wconf 86' lang='lat' dir='ltr'>melius</span> 
     </span>
     <span class='ocr_line' id='line_1_28' title="bbox 316 1909 1974 1954; baseline 0.001 -13"><span class='ocrx_word' id='word_1_271' title='bbox 316 1910 429 1941; x_wconf 86' lang='lat' dir='ltr'>studiis</span> <span class='ocrx_word' id='word_1_272' title='bbox 444 1910 592 1942; x_wconf 82' lang='lat' dir='ltr'>virtuosis</span> <span class='ocrx_word' id='word_1_273' title='bbox 607 1911 783 1952; x_wconf 75' lang='lat' dir='ltr'>proficiat⁰‚</span> <span class='ocrx_word' id='word_1_274' title='bbox 807 1912 852 1943; x_wconf 84' lang='lat' dir='ltr'>sic</span> <span class='ocrx_word' id='word_1_275' title='bbox 875 1911 964 1954; x_wconf 91' lang='lat' dir='ltr'>quod</span> <span class='ocrx_word' id='word_1_276' title='bbox 987 1911 1105 1943; x_wconf 84' lang='lat' dir='ltr'>exinde</span> <span class='ocrx_word' id='word_1_277' title='bbox 1127 1912 1266 1953; x_wconf 86' lang='lat' dir='ltr'>gratiam</span> <span class='ocrx_word' id='word_1_278' title='bbox 1287 1913 1396 1942; x_wconf 87' lang='lat' dir='ltr'>nostre</span> <span class='ocrx_word' id='word_1_279' title='bbox 1419 1910 1602 1942; x_wconf 83' lang='lat' dir='ltr'>serenitatis</span> <span class='ocrx_word' id='word_1_280' title='bbox 1616 1910 1725 1943; x_wconf 86' lang='lat' dir='ltr'>valeat</span> <span class='ocrx_word' id='word_1_281' title='bbox 1746 1909 1876 1942; x_wconf 88' lang='lat' dir='ltr'>uberius</span> <span class='ocrx_word' id='word_1_282' title='bbox 1898 1920 1974 1952; x_wconf 85' lang='lat' dir='ltr'>pro-</span> 
     </span>
     <span class='ocr_line' id='line_1_29' title="bbox 315 1961 1975 2004; baseline 0.001 -11"><span class='ocrx_word' id='word_1_283' title='bbox 315 1962 451 2002; x_wconf 87' lang='lat' dir='ltr'>mereri,</span> <span class='ocrx_word' id='word_1_284' title='bbox 481 1962 620 1994; x_wconf 89' lang='lat' dir='ltr'>eundem</span> <span class='ocrx_word' id='word_1_285' title='bbox 648 1962 868 1994; x_wconf 85' lang='lat' dir='ltr'>Oastruceium</span> <span class='ocrx_word' id='word_1_286' title='bbox 897 1964 929 1994; x_wconf 91' lang='lat' dir='ltr'>in</span> <span class='ocrx_word' id='word_1_287' title='bbox 958 1962 1105 1994; x_wconf 89' lang='lat' dir='ltr'>omnibus</span> <span class='ocrx_word' id='word_1_288' title='bbox 1129 1963 1255 2003; x_wconf 86' lang='lat' dir='ltr'>castris,</span> <span class='ocrx_word' id='word_1_289' title='bbox 1286 1961 1441 2002; x_wconf 84' lang='lat' dir='ltr'>castellis,</span> <span class='ocrx_word' id='word_1_290' title='bbox 1474 1961 1659 2004; x_wconf 77' lang='lat' dir='ltr'>suburbiis‘,</span> <span class='ocrx_word' id='word_1_291' title='bbox 1688 1962 1767 1993; x_wconf 87' lang='lat' dir='ltr'>vicis</span> <span class='ocrx_word' id='word_1_292' title='bbox 1796 1963 1864 1994; x_wconf 86' lang='lat' dir='ltr'>sive</span> <span class='ocrx_word' id='word_1_293' title='bbox 1890 1961 1975 1994; x_wconf 73' lang='lat' dir='ltr'>villis</span> 
     </span>
     <span class='ocr_line' id='line_1_30' title="bbox 316 2012 1973 2055; baseline 0 -11"><span class='ocrx_word' id='word_1_294' title='bbox 316 2013 546 2054; x_wconf 83' lang='lat' dir='ltr'>imperialibus,</span> <span class='ocrx_word' id='word_1_295' title='bbox 570 2023 633 2055; x_wconf 89' lang='lat' dir='ltr'>que</span> <span class='ocrx_word' id='word_1_296' title='bbox 657 2017 746 2045; x_wconf 89' lang='lat' dir='ltr'>tenet</span> <span class='ocrx_word' id='word_1_297' title='bbox 769 2017 802 2046; x_wconf 88' lang='lat' dir='ltr'>et</span> <span class='ocrx_word' id='word_1_298' title='bbox 823 2014 977 2055; x_wconf 69' lang='lat' dir='ltr'>possidet.</span> <span class='ocrx_word' id='word_1_299' title='bbox 1000 2016 1145 2046; x_wconf 86' lang='lat' dir='ltr'>nostrum</span> <span class='ocrx_word' id='word_1_300' title='bbox 1161 2014 1383 2045; x_wconf 89' lang='lat' dir='ltr'>constituimus</span> <span class='ocrx_word' id='word_1_301' title='bbox 1398 2013 1553 2045; x_wconf 85' lang='lat' dir='ltr'>vicarium</span> <span class='ocrx_word' id='word_1_302' title='bbox 1575 2023 1635 2055; x_wconf 90' lang='lat' dir='ltr'>per</span> <span class='ocrx_word' id='word_1_303' title='bbox 1657 2016 1825 2055; x_wconf 85' lang='lat' dir='ltr'>presentes</span> <span class='ocrx_word' id='word_1_304' title='bbox 1847 2012 1973 2046; x_wconf 88' lang='lat' dir='ltr'>litteras</span> 
     </span>
     <span class='ocr_line' id='line_1_31' title="bbox 316 2065 2018 2107; baseline 0.002 -12"><span class='ocrx_word' id='word_1_305' title='bbox 316 2065 419 2106; x_wconf 85' lang='lat' dir='ltr'>regali</span> <span class='ocrx_word' id='word_1_306' title='bbox 441 2068 549 2096; x_wconf 90' lang='lat' dir='ltr'>nostro</span> <span class='ocrx_word' id='word_1_307' title='bbox 573 2065 678 2107; x_wconf 86' lang='lat' dir='ltr'>sigillo</span> <span class='ocrx_word' id='word_1_308' title='bbox 702 2065 858 2107; x_wconf 84' lang='lat' dir='ltr'>sigillatas</span> <span class='ocrx_word' id='word_1_309' title='bbox 881 2067 934 2097; x_wconf 70' lang='lat' dir='ltr'>inss</span> <span class='ocrx_word' id='word_1_310' title='bbox 957 2066 1178 2097; x_wconf 88' lang='lat' dir='ltr'>testimonium</span> <span class='ocrx_word' id='word_1_311' title='bbox 1201 2075 1299 2107; x_wconf 91' lang='lat' dir='ltr'>super</span> <span class='ocrx_word' id='word_1_312' title='bbox 1321 2075 1370 2097; x_wconf 75' lang='lat' dir='ltr'>eo,</span> <span class='ocrx_word' id='word_1_313' title='bbox 1991 2073 2018 2094; x_wconf 81' lang='lat'>³⁰</span> 
     </span>
    </p>

    <p class='ocr_par' dir='ltr' id='par_1_9' title="bbox 318 2115 1973 2210">
     <span class='ocr_line' id='line_1_32' title="bbox 424 2115 1973 2159; baseline 0.001 -12"><span class='ocrx_word' id='word_1_314' title='bbox 424 2116 543 2147; x_wconf 82' lang='lat' dir='ltr'>Datum</span> <span class='ocrx_word' id='word_1_315' title='bbox 566 2116 599 2147; x_wconf 90' lang='lat' dir='ltr'>in</span> <span class='ocrx_word' id='word_1_316' title='bbox 622 2117 734 2148; x_wconf 84' lang='lat' dir='ltr'>castris</span> <span class='ocrx_word' id='word_1_317' title='bbox 756 2119 831 2148; x_wconf 82' lang='lat' dir='ltr'>ante</span> <span class='ocrx_word' id='word_1_318' title='bbox 847 2115 1079 2159; x_wconf 85' lang='lat' dir='ltr'>Ezzeling[en],</span> <span class='ocrx_word' id='word_1_319' title='bbox 1101 2115 1204 2147; x_wconf 88' lang='lat' dir='ltr'>Nonis</span> <span class='ocrx_word' id='word_1_320' title='bbox 1218 2115 1369 2157; x_wconf 86' lang='lat' dir='ltr'>Augusti,</span> <span class='ocrx_word' id='word_1_321' title='bbox 1393 2125 1476 2147; x_wconf 90' lang='lat' dir='ltr'>anno</span> <span class='ocrx_word' id='word_1_322' title='bbox 1497 2115 1629 2147; x_wconf 87' lang='lat' dir='ltr'>Domini</span> <span class='ocrx_word' id='word_1_323' title='bbox 1651 2115 1822 2147; x_wconf 90' lang='lat' dir='ltr'>millesimo</span> <span class='ocrx_word' id='word_1_324' title='bbox 1846 2118 1973 2148; x_wconf 83' lang='lat' dir='ltr'>trecen-</span> 
     </span>
     <span class='ocr_line' id='line_1_33' title="bbox 318 2167 1290 2210; baseline 0 -12"><span class='ocrx_word' id='word_1_325' title='bbox 318 2167 433 2198; x_wconf 87' lang='lat' dir='ltr'>tesimo</span> <span class='ocrx_word' id='word_1_326' title='bbox 457 2167 705 2209; x_wconf 85' lang='lat' dir='ltr'>quintodecimo,</span> <span class='ocrx_word' id='word_1_327' title='bbox 728 2169 820 2210; x_wconf 84' lang='lat' dir='ltr'>regni</span> <span class='ocrx_word' id='word_1_328' title='bbox 842 2178 919 2200; x_wconf 86' lang='lat' dir='ltr'>vero</span> <span class='ocrx_word' id='word_1_329' title='bbox 942 2167 1044 2199; x_wconf 87' lang='lat' dir='ltr'>nostri</span> <span class='ocrx_word' id='word_1_330' title='bbox 1066 2177 1151 2199; x_wconf 90' lang='lat' dir='ltr'>anno</span> <span class='ocrx_word' id='word_1_331' title='bbox 1175 2167 1290 2208; x_wconf 89' lang='lat' dir='ltr'>primo.</span> 
     </span>
    </p>
   </div>
   <div class='ocr_carea' id='block_1_8' title="bbox 783 2298 1516 2345">
    <p class='ocr_par' dir='ltr' id='par_1_10' title="bbox 783 2298 1516 2345">
     <span class='ocr_line' id='line_1_34' title="bbox 783 2298 1516 2345; baseline -0.001 -10"><span class='ocrx_word' id='word_1_332' title='bbox 783 2299 868 2335; x_wconf 88' lang='lat'>315.</span> <span class='ocrx_word' id='word_1_333' title='bbox 910 2299 1084 2345; x_wconf 78' lang='lat' dir='ltr'>Scriptum</span> <span class='ocrx_word' id='word_1_334' title='bbox 1110 2298 1267 2334; x_wconf 80' lang='lat' dir='ltr'>alterum.</span> <span class='ocrx_word' id='word_1_335' title='bbox 1371 2298 1463 2344; x_wconf 71' lang='lat' dir='ltr'>Auy.</span> <span class='ocrx_word' id='word_1_336' title='bbox 1484 2299 1516 2334; x_wconf 89' lang='grc'>6.</span> 
     </span>
    </p>
   </div>
   <div class='ocr_carea' id='block_1_9' title="bbox 319 2370 2017 2455">
    <p class='ocr_par' dir='ltr' id='par_1_11' title="bbox 319 2370 2017 2455">
     <span class='ocr_line' id='line_1_35' title="bbox 431 2370 1975 2414; baseline 0.002 -12"><span class='ocrx_word' id='word_1_337' title='bbox 431 2370 589 2412; x_wconf 74' lang='lat' dir='ltr'>Oriyinaze</span> <span class='ocrx_word' id='word_1_338' title='bbox 611 2373 816 2412; x_wconf 76' lang='lat' dir='ltr'>deperditum.</span> <span class='ocrx_word' id='word_1_339' title='bbox 857 2373 956 2414; x_wconf 81' lang='lat' dir='ltr'>Copia</span> <span class='ocrx_word' id='word_1_340' title='bbox 978 2384 1043 2406; x_wconf 77' lang='lat' dir='ltr'>non</span> <span class='ocrx_word' id='word_1_341' title='bbox 1065 2375 1178 2406; x_wconf 78' lang='lat' dir='ltr'>exstat.</span> <span class='ocrx_word' id='word_1_342' title='bbox 1201 2392 1243 2396; x_wconf 91' lang='lat'>—</span> <span class='ocrx_word' id='word_1_343' title='bbox 1265 2373 1348 2406; x_wconf 82' lang='lat' dir='ltr'>Item</span> <span class='ocrx_word' id='word_1_344' title='bbox 1369 2373 1416 2405; x_wconf 81' lang='lat' dir='ltr'>ed.</span> <span class='ocrx_word' id='word_1_345' title='bbox 1438 2372 1459 2406; x_wconf 82' lang='lat' dir='ltr'>l.</span> <span class='ocrx_word' id='word_1_346' title='bbox 1475 2383 1500 2405; x_wconf 90' lang='lat' dir='ltr'>c.</span> <span class='ocrx_word' id='word_1_347' title='bbox 1518 2383 1554 2413; x_wconf 79' lang='lat' dir='ltr'>p.</span> <span class='ocrx_word' id='word_1_348' title='bbox 1572 2373 1636 2404; x_wconf 87' lang='lat'>191</span> <span class='ocrx_word' id='word_1_349' title='bbox 1657 2383 1706 2405; x_wconf 77' lang='lat' dir='ltr'>nr.</span> <span class='ocrx_word' id='word_1_350' title='bbox 1723 2373 1754 2404; x_wconf 73' lang='lat'>4.</span> <span class='ocrx_word' id='word_1_351' title='bbox 1791 2372 1975 2413; x_wconf 72' lang='lat' dir='ltr'>Repetimus</span> 
     </span>
     <span class='ocr_line' id='line_1_36' title="bbox 319 2422 2017 2455; baseline 0.003 -1"><span class='ocrx_word' id='word_1_352' title='bbox 319 2422 370 2454; x_wconf 79' lang='lat' dir='ltr'>hic</span> <span class='ocrx_word' id='word_1_353' title='bbox 391 2422 457 2454; x_wconf 75' lang='lat' dir='ltr'><em>illic</em></span> <span class='ocrx_word' id='word_1_354' title='bbox 480 2426 657 2455; x_wconf 79' lang='lat' dir='ltr'>correctum.</span> <span class='ocrx_word' id='word_1_355' title='bbox 1991 2433 2017 2453; x_wconf 77' lang='lat'>³⁵</span> 
     </span>
    </p>
   </div>
   <div class='ocr_carea' id='block_1_10' title="bbox 427 2477 1540 2522">
    <p class='ocr_par' dir='ltr' id='par_1_12' title="bbox 427 2477 1540 2522">
     <span class='ocr_line' id='line_1_37' title="bbox 427 2477 1540 2522; baseline 0.003 -13"><span class='ocrx_word' id='word_1_356' title='bbox 427 2477 574 2517; x_wconf 75' lang='lat' dir='ltr'>Bo&#39;hmer,</span> <span class='ocrx_word' id='word_1_357' title='bbox 596 2479 672 2519; x_wconf 74' lang='lat' dir='ltr'>Rey.</span> <span class='ocrx_word' id='word_1_358' title='bbox 689 2480 802 2512; x_wconf 81' lang='lat' dir='ltr'>Ludw.</span> <span class='ocrx_word' id='word_1_359' title='bbox 822 2491 856 2520; x_wconf 77' lang='lat' dir='ltr'>p.</span> <span class='ocrx_word' id='word_1_360' title='bbox 873 2482 938 2512; x_wconf 82' lang='lat'>383</span> <span class='ocrx_word' id='word_1_361' title='bbox 960 2481 1130 2513; x_wconf 80' lang='lat' dir='ltr'>Friedrich</span> <span class='ocrx_word' id='word_1_362' title='bbox 1152 2492 1202 2514; x_wconf 79' lang='lat' dir='ltr'>nr.</span> <span class='ocrx_word' id='word_1_363' title='bbox 1220 2481 1284 2512; x_wconf 85' lang='lat'>317</span> <span class='ocrx_word' id='word_1_364' title='bbox 1306 2480 1435 2522; x_wconf 76' lang='lat' dir='ltr'>(Addit.</span> <span class='ocrx_word' id='word_1_365' title='bbox 1452 2480 1540 2522; x_wconf 84' lang='lat' dir='ltr'><strong><em>III).</em></strong></span> 
     </span>
    </p>
   </div>
   <div class='ocr_carea' id='block_1_11' title="bbox 427 2563 1975 2608">
    <p class='ocr_par' dir='ltr' id='par_1_13' title="bbox 427 2563 1975 2608">
     <span class='ocr_line' id='line_1_38' title="bbox 427 2563 1975 2608; baseline 0.002 -13"><span class='ocrx_word' id='word_1_366' title='bbox 427 2563 628 2596; x_wconf 73' lang='lat' dir='ltr'>Fridericus⁸</span> <span class='ocrx_word' id='word_1_367' title='bbox 649 2565 712 2597; x_wconf 84' lang='lat' dir='ltr'>Dei</span> <span class='ocrx_word' id='word_1_368' title='bbox 735 2567 840 2607; x_wconf 88' lang='lat' dir='ltr'>gratia</span> <span class='ocrx_word' id='word_1_369' title='bbox 861 2567 1084 2599; x_wconf 88' lang='lat' dir='ltr'>Romanorum</span> <span class='ocrx_word' id='word_1_370' title='bbox 1106 2577 1167 2599; x_wconf 82' lang='lat' dir='ltr'>rex</span> <span class='ocrx_word' id='word_1_371' title='bbox 1189 2577 1318 2608; x_wconf 83' lang='lat' dir='ltr'>semper</span> <span class='ocrx_word' id='word_1_372' title='bbox 1341 2570 1495 2608; x_wconf 85' lang='lat' dir='ltr'>augustus</span> <span class='ocrx_word' id='word_1_373' title='bbox 1554 2565 1655 2597; x_wconf 91' lang='lat' dir='ltr'>nobili</span> <span class='ocrx_word' id='word_1_374' title='bbox 1678 2569 1711 2597; x_wconf 91' lang='lat' dir='ltr'>et</span> <span class='ocrx_word' id='word_1_375' title='bbox 1733 2566 1884 2607; x_wconf 87' lang='lat' dir='ltr'>prudenti</span> <span class='ocrx_word' id='word_1_376' title='bbox 1906 2565 1975 2598; x_wconf 81' lang='lat' dir='ltr'>viro</span> 
     </span>
    </p>
   </div>
   <div class='ocr_carea' id='block_1_12' title="bbox 321 2613 1976 2698">
    <p class='ocr_par' dir='ltr' id='par_1_14' title="bbox 321 2613 1976 2698">
     <span class='ocr_line' id='line_1_39' title="bbox 322 2613 1976 2698; baseline 0.002 -52"><span class='ocrx_word' id='word_1_377' title='bbox 322 2613 504 2698; x_wconf 47' lang='lat' dir='ltr'>Oastrugcio</span> <span class='ocrx_word' id='word_1_378' title='bbox 529 2615 569 2647; x_wconf 92' lang='lat' dir='ltr'>de</span> <span class='ocrx_word' id='word_1_379' title='bbox 592 2616 830 2649; x_wconf 88' lang='lat' dir='ltr'>Antelminellis</span> <span class='ocrx_word' id='word_1_380' title='bbox 858 2618 898 2650; x_wconf 84' lang='lat' dir='ltr'>de</span> <span class='ocrx_word' id='word_1_381' title='bbox 922 2619 1025 2660; x_wconf 86' lang='lat' dir='ltr'>Luca,</span> <span class='ocrx_word' id='word_1_382' title='bbox 1059 2618 1149 2650; x_wconf 89' lang='lat' dir='ltr'>fideli</span> <span class='ocrx_word' id='word_1_383' title='bbox 1175 2621 1285 2650; x_wconf 87' lang='lat' dir='ltr'>nostro</span> <span class='ocrx_word' id='word_1_384' title='bbox 1313 2617 1437 2650; x_wconf 86' lang='lat' dir='ltr'>sincere</span> <span class='ocrx_word' id='word_1_385' title='bbox 1468 2617 1587 2650; x_wconf 88' lang='lat' dir='ltr'>dilecto</span> <span class='ocrx_word' id='word_1_386' title='bbox 1661 2618 1800 2659; x_wconf 86' lang='lat' dir='ltr'>gratiam</span> <span class='ocrx_word' id='word_1_387' title='bbox 1827 2628 1919 2650; x_wconf 85' lang='lat' dir='ltr'>suam</span> <span class='ocrx_word' id='word_1_388' title='bbox 1943 2620 1976 2650; x_wconf 87' lang='lat' dir='ltr'>et</span> 
     </span>
     <span class='ocr_line' id='line_1_40' title="bbox 321 2676 568 2698; baseline 0.004 -1"><span class='ocrx_word' id='word_1_389' title='bbox 321 2676 415 2698; x_wconf 88' lang='lat' dir='ltr'>omne</span> <span class='ocrx_word' id='word_1_390' title='bbox 463 2677 568 2698; x_wconf 91' lang='lat' dir='ltr'>onum.</span> 
     </span>
    </p>
   </div>
   <div class='ocr_carea' id='block_1_13' title="bbox 320 2759 2015 2840">
    <p class='ocr_par' dir='ltr' id='par_1_15' title="bbox 320 2759 2015 2840">
     <span class='ocr_line' id='line_1_41' title="bbox 424 2759 2015 2797; baseline 0.003 -12"><span class='ocrx_word' id='word_1_391' title='bbox 424 2759 487 2786; x_wconf 73' lang='lat'>814.</span> <span class='ocrx_word' id='word_1_392' title='bbox 515 2761 538 2793; x_wconf 67' lang='lat'>⁸)</span> <span class='ocrx_word' id='word_1_393' title='bbox 556 2762 692 2787; x_wconf 82' lang='lat' dir='ltr'>Federicus</span> <span class='ocrx_word' id='word_1_394' title='bbox 711 2763 749 2789; x_wconf 85' lang='lat' dir='ltr'>ed.</span> <span class='ocrx_word' id='word_1_395' title='bbox 841 2763 866 2797; x_wconf 83' lang='lat' dir='ltr'>b)</span> <span class='ocrx_word' id='word_1_396' title='bbox 885 2766 1015 2791; x_wconf 87' lang='lat' dir='ltr'>Romanae</span> <span class='ocrx_word' id='word_1_397' title='bbox 1035 2765 1074 2791; x_wconf 82' lang='lat' dir='ltr'>ed.</span> <span class='ocrx_word' id='word_1_398' title='bbox 1164 2764 1187 2795; x_wconf 83' lang='lat' dir='ltr'>c)</span> <span class='ocrx_word' id='word_1_399' title='bbox 1207 2764 1349 2790; x_wconf 85' lang='lat' dir='ltr'>dilectionis</span> <span class='ocrx_word' id='word_1_400' title='bbox 1367 2764 1406 2790; x_wconf 84' lang='lat' dir='ltr'>ed.</span> <span class='ocrx_word' id='word_1_401' title='bbox 1496 2762 1520 2796; x_wconf 82' lang='lat' dir='ltr'>d)</span> <span class='ocrx_word' id='word_1_402' title='bbox 1539 2768 1726 2796; x_wconf 85' lang='lat' dir='ltr'>augumentum</span> <span class='ocrx_word' id='word_1_403' title='bbox 1745 2764 1784 2790; x_wconf 82' lang='lat' dir='ltr'>ed.</span> <span class='ocrx_word' id='word_1_404' title='bbox 1873 2763 1896 2796; x_wconf 70' lang='grc' dir='ltr'>θ)</span> <span class='ocrx_word' id='word_1_405' title='bbox 1914 2772 1972 2797; x_wconf 84' lang='lat' dir='ltr'>per-</span> <span class='ocrx_word' id='word_1_406' title='bbox 1989 2767 2015 2787; x_wconf 77' lang='lat'>4⁰</span> 
     </span>
     <span class='ocr_line' id='line_1_42' title="bbox 320 2802 1192 2840; baseline 0.006 -12"><span class='ocrx_word' id='word_1_407' title='bbox 320 2804 389 2828; x_wconf 79' lang='lat' dir='ltr'>ficiat</span> <span class='ocrx_word' id='word_1_408' title='bbox 407 2804 445 2829; x_wconf 86' lang='lat' dir='ltr'>ed.</span> <span class='ocrx_word' id='word_1_409' title='bbox 534 2802 553 2836; x_wconf 77' lang='lat' dir='ltr'>s)</span> <span class='ocrx_word' id='word_1_410' title='bbox 571 2805 728 2831; x_wconf 84' lang='lat' dir='ltr'>suburbanis</span> <span class='ocrx_word' id='word_1_411' title='bbox 746 2807 784 2832; x_wconf 87' lang='lat' dir='ltr'>ed.</span> <span class='ocrx_word' id='word_1_412' title='bbox 873 2808 898 2840; x_wconf 78' lang='lat'>8)</span> <span class='ocrx_word' id='word_1_413' title='bbox 918 2809 1058 2834; x_wconf 84' lang='lat' dir='ltr'>earundem</span> <span class='ocrx_word' id='word_1_414' title='bbox 1078 2808 1140 2833; x_wconf 80' lang='lat' dir='ltr'>add.</span> <span class='ocrx_word' id='word_1_415' title='bbox 1153 2808 1192 2834; x_wconf 81' lang='lat' dir='ltr'>ed.</span> 
     </span>
    </p>
   </div>
   <div class='ocr_carea' id='block_1_14' title="bbox 424 2862 766 2895">
    <p class='ocr_par' dir='ltr' id='par_1_16' title="bbox 424 2862 766 2895">
     <span class='ocr_line' id='line_1_43' title="bbox 424 2862 766 2895; baseline 0.009 -7"><span class='ocrx_word' id='word_1_416' title='bbox 424 2862 488 2889; x_wconf 80' lang='lat'>315.</span> <span class='ocrx_word' id='word_1_417' title='bbox 517 2863 541 2895; x_wconf 60' lang='grc' dir='ltr'>Β&gt;</span> <span class='ocrx_word' id='word_1_418' title='bbox 560 2865 709 2890; x_wconf 82' lang='lat' dir='ltr'>Fredericus</span> <span class='ocrx_word' id='word_1_419' title='bbox 728 2867 766 2891; x_wconf 85' lang='lat' dir='ltr'>ed.</span> 
     </span>
    </p>
   </div>
  </div>
 </body>
</html>
