2184 3126
333 199 396 229 526
567 194 663 221 ACTA
681 192 796 220 REGNI
814 189 1000 219 LUDEWICI
1019 188 1064 216 IV.
1083 187 1130 214 ET
1149 186 1334 214 FRIDERICI
1352 186 1400 214 111.
1437 186 1513 213 1322.
1549 185 1599 212 Nr.
1611 185 1669 213 662.
1687 185 1747 214 663.

565 317 652 355 662.
694 315 887 351 Promissio
912 324 980 358 pro
1008 298 1263 356 archiepiscopo
1291 309 1496 346 Coloniensi.
1599 293 1681 345 liin.
1701 310 1760 346 17.

445 391 606 433 Oriqinale
622 390 698 433 (or.)
721 390 756 421 in
779 387 936 420 tabulario
959 386 1042 425 reqio
1064 383 1352 423 Dusseldorpiensi.
1401 381 1601 416 contulimus
1622 393 1689 414 nos.
1735 382 1882 424 Sigillum
1905 381 1987 414 desi-

334 445 474 482 deratur,
493 442 711 485 foraminibus
732 440 859 471 relictis.
888 456 927 460 -
960 437 1023 469 Ed.
1043 436 1222 468 Lacomblet
1245 434 1531 468 ‘Urkundenbuch’
1554 434 1621 473 III,
1645 435 1710 467 167
1727 445 1777 467 nr.
1794 435 1858 466 193
1879 445 1918 467 ex
1940 445 1986 468 or.

442 503 588 541 Bo'hmer,
611 502 685 541 Ray.
702 500 813 532 Ludw.
831 509 867 538 p.
883 498 950 530 293
977 496 1146 529 Friedrich
1168 507 1219 527 nr.
1235 497 1300 528 257
1322 495 1447 535 (Addit.
1465 495 1510 536 I).

441 588 510 619 Nos
532 587 713 618 Fridericus
736 585 798 616 Dei
821 584 930 625 gracia
945 583 1165 614 Romanorum
1188 592 1247 613 rex
1270 591 1400 623 semper
1421 584 1575 623 aug-ustus
1598 581 1640 612 ad
1662 582 1884 615 universorum
1907 584 1989 615 sacri

334 639 471 670 Romani
494 638 621 679 imperii
643 637 787 668 fidelium
811 636 963 667 noticiam
979 634 1140 676 publicam
1157 634 1303 664 volumus
1326 633 1506 674 pervenire,
1531 633 1618 675 quod
1641 633 1818 665 venerabili
1833 634 1988 667 Heinrico

334 690 575 731 archiepiscopo
599 688 783 720 Coloniensi
806 688 888 718 sacri
911 686 1050 718 Romani
1072 685 1199 727 imperii
1222 695 1281 726 per
1303 685 1447 716 Ytaliam
1470 684 1766 726 archicancellario,
1797 686 1934 728 principi
1957 689 1992 718 et

334 740 421 771 affini
444 743 552 771 nostro
569 739 747 779 karissimo,
771 738 974 779 promisimus
991 740 1024 768 et
1038 736 1254 778 promittimus
1269 746 1328 777 per
1344 740 1521 778 presentes,
1546 736 1632 778 quod
1647 736 1767 768 nullam
1784 737 1990 770 concordiam

334 802 391 822 seu
414 794 568 823 tractatus
591 790 782 822 habebimus
811 800 867 821 seu
894 788 1049 820 faciemus
1077 798 1149 820 cum
1177 788 1276 820 nobili
1305 780 1378 819 viro'
1397 787 1566 820 Gerhardo
1594 789 1712 820 comite
1738 788 1911 820 Iuliacensi
1937 789 1990 822 vel

335 844 403 874 eius
432 842 620 882 heredibus,
647 842 708 873 nisi
734 842 822 883 prius
850 841 1049 872 municiones
1075 843 1199 871 nostras
1229 839 1382 871 videlicet
1408 842 1548 871 castrum
1570 840 1690 881 Werd,
1722 840 1819 882 opida
1841 839 1932 872 Durn
1956 844 1990 872 et

334 894 459 926 Zenske
476 904 548 925 cum
564 894 718 925 universis
735 903 846 924 eorum
863 892 1055 931 attinenciis,
1079 902 1141 933 que
1164 891 1250 923 idem
1274 902 1384 923 comes
1406 901 1489 922 nunc
1511 894 1611 930 tenet,
1633 891 1778 933 possidet
1793 894 1827 924 et
1842 895 1989 934 occupat,

335 945 549 978 rehabeamus
572 948 604 976 et
627 946 703 986 ipsis
727 945 766 976 ab
791 944 906 976 eodem
930 945 1046 975 comite
1070 944 1127 975 se'u
1151 944 1220 974 eius
1235 943 1409 975 heredibus
1431 943 1523 975 nobis
1545 943 1690 985 aquisitis
1713 953 1771 975 seu
1787 944 1989 986 presentatis,

336 997 438 1029 dictas
453 997 652 1029 municiones
667 996 812 1038 predicto
837 995 1079 1037 archiepiscopo
1097 998 1130 1026 et
1145 995 1282 1027 ecclesie
1299 994 1483 1027 Coloniensi
1497 1005 1556 1036 pro
1573 1005 1698 1026 summa
1713 995 1860 1037 pecunie,
1877 995 1910 1027 in
1927 1005 1992 1038 qua

335 1049 396 1080 sibi
419 1049 601 1090 obligamur
627 1048 755 1079 racione
787 1047 913 1078 servicii
941 1047 1034 1078 nobis
1062 1048 1146 1078 circa
1173 1047 1347 1078 utilitatem
1374 1047 1501 1088 imperii
1531 1047 1671 1089 inpensi,
1700 1049 1797 1089 prout
1818 1048 1850 1078 in
1873 1046 1990 1079 litteris

335 1110 433 1142 super
454 1100 515 1131 hoc
539 1099 692 1131 confectis
708 1102 817 1130 nostro
834 1101 867 1130 et
882 1098 1105 1130 fideiussorum
1121 1101 1301 1130 nostrorum
1325 1098 1437 1140 sigillis
1460 1098 1607 1139 sigillatis
1624 1098 1804 1130 continetur
1814 1098 1836 1140 ²,
1860 1099 1989 1130 nomine

335 1152 477 1193 pignoris
507 1161 564 1182 seu
587 1154 723 1192 ypotece
752 1150 967 1192 obligabimus
997 1153 1030 1182 et
1057 1149 1316 1192 presentabimus
1344 1149 1500 1181 tenendas
1528 1152 1561 1181 et
1587 1149 1754 1181 habendas
1777 1160 1850 1182 cum
1878 1159 1990 1182 eorum

335 1203 474 1235 utilitate
506 1203 627 1244 absque
661 1202 769 1244 aliqua
805 1202 1025 1234 defalcacione
1060 1202 1226 1241 facienda,
1264 1212 1431 1244 quousque
1465 1212 1523 1233 nos
1557 1212 1615 1234 seu
1648 1202 1748 1233 nostri
1784 1202 1817 1233 in
1853 1201 1991 1243 imperio

336 1265 536 1286 successores
559 1254 600 1286 ab
623 1255 693 1296 ipso
717 1253 960 1295 archiepiscopo
985 1264 1042 1285 seu
1066 1254 1133 1285 eius
1157 1254 1296 1285 ecclesia
1319 1254 1420 1285 dictas
1442 1254 1642 1286 municiones
1667 1265 1726 1295 pro
1757 1253 1843 1286 dicta
1865 1263 1992 1286 summa

335 1307 471 1348 pecunie
495 1306 681 1351 duxerimus
701 1305 915 1337 redimendas.
954 1305 1026 1337 Hac
1050 1305 1237 1337 condicione
1260 1305 1388 1338 adiecta
1411 1305 1498 1347 quod
1522 1306 1548 1336 si
1571 1305 1674 1336 dictas
1696 1306 1895 1337 municiones
1916 1314 1991 1347 pre·

336 1358 421 1389 dicto
445 1358 687 1399 archiepiscopo
710 1357 761 1389 vel
786 1358 854 1388 eius
878 1357 1015 1389 ecclesie
1038 1357 1121 1389 infra
1144 1358 1315 1389 terminum
1344 1357 1516 1389 solucionis
1543 1356 1688 1398 predicte
1716 1357 1853 1398 pecunie
1875 1355 1992 1388 illustri

334 1409 482 1451 Lupoldo
507 1409 580 1440 duci
595 1409 725 1440 Austrie
750 1412 782 1441 et
798 1408 913 1450 Styrie,
937 1409 1028 1441 fratri
1050 1412 1159 1440 nostro
1182 1419 1220 1440 ac
1241 1409 1357 1440 ceteris
1373 1409 1488 1440 nostris
1503 1408 1744 1440 fideiussoribus
1764 1408 1852 1450 prius
1869 1407 1990 1448 datum,

336 1462 418 1492 sicut
446 1461 478 1492 in
510 1461 624 1492 litteris
654 1471 751 1502 super
778 1461 839 1492 hoc
869 1461 1023 1492 confectis
1053 1461 1260 1502 exprimitur,
1289 1464 1322 1492 et
1350 1461 1391 1492 ab
1423 1460 1539 1492 eodem
1569 1460 1707 1492 termino
1737 1459 1820 1491 infra
1849 1459 1991 1501 quinque

336 1523 435 1544 annos
459 1513 608 1544 continue
632 1513 866 1554 subsequentes
889 1513 1126 1554 assignaremus
1149 1523 1205 1544 seu
1229 1516 1500 1554 presentaremus,
1524 1512 1611 1554 quod
1627 1514 1745 1544 extunc
1767 1521 1826 1542 nos
1842 1513 1876 1543 et
1890 1510 1991 1542 nostri

335 1564 540 1596 fideiussores
563 1564 702 1596 absoluti
725 1567 758 1596 et
780 1564 895 1606 quitati
918 1565 1036 1595 erimus
1060 1564 1100 1595 de
1124 1564 1287 1595 solucione
1303 1565 1439 1606 pecunie
1455 1563 1627 1596 antedicte.
1674 1562 1800 1595 sivero
1824 1562 1886 1594 sibi
1907 1561 1991 1593 infra

336 1616 516 1657 predictum
539 1616 710 1647 terminum
741 1618 774 1647 et
801 1616 940 1657 quinque
964 1626 1064 1647 annos
1094 1616 1326 1657 subsequentes
1349 1617 1547 1647 municiones
1569 1615 1731 1657 predictas
1760 1625 1824 1646 non
1846 1613 1990 1656 assigna-

335 1668 488 1708 verimus,
524 1671 641 1699 extunc
668 1667 805 1708 predicti
831 1667 1037 1699 fideiussores
1063 1668 1164 1699 nostri
1191 1667 1233 1699 ad
1261 1667 1474 1699 monicionem
1502 1667 1640 1709 predicti
1669 1666 1903 1708 archiepiscopi
1930 1665 1993 1712 sibi

335 1729 435 1760 usque
464 1718 506 1749 ad
534 1719 731 1750 solucionem
762 1718 906 1760 predicte
937 1729 1060 1750 summe
1087 1722 1232 1760 prestare
1261 1719 1444 1761 obstagium
1471 1718 1673 1750 tenebuntur.
1722 1717 1855 1759 Nosque
1885 1717 1992 1749 eidem

337 1770 578 1811 archiepiscopo
607 1772 739 1811 extunc,
772 1770 798 1800 si
825 1773 951 1801 nostros
981 1771 1142 1802 monuerit
1167 1770 1386 1811 fideiussores,
1419 1770 1461 1802 ad
1489 1770 1743 1812 assignacionem
1772 1768 1992 1810 predictorum

337 1824 514 1852 castrorum
537 1831 601 1852 non
625 1821 839 1863 obligabimur
862 1832 899 1852 ac
923 1831 996 1853 cum
1018 1822 1163 1863 predicto
1187 1823 1304 1853 comite
1327 1822 1502 1853 Iuliacensi
1531 1821 1701 1853 concordie
1733 1823 1888 1852 tractatus
1910 1820 1991 1851 inire

337 1873 513 1914 poterimus
536 1875 569 1903 et
590 1872 722 1903 habere.
769 1872 833 1904 Sed
857 1883 953 1914 quam
977 1873 1031 1905 diu
1054 1877 1179 1905 nostros
1201 1885 1265 1905 non
1289 1875 1449 1906 monuerit
1470 1873 1685 1914 fideiussores,
1708 1872 1813 1904 nullos
1837 1875 1992 1904 tractatus

337 1933 396 1955 nec
420 1923 623 1954 concordiam
647 1934 719 1954 cum
735 1923 820 1955 dicto
843 1925 960 1956 comite
984 1935 1040 1956 seu
1064 1926 1132 1956 eius
1154 1924 1328 1957 heredibus
1344 1924 1452 1957 facere
1476 1936 1532 1958 seu
1555 1925 1677 1957 habere
1699 1923 1865 1956 debemus.
1953 1923 1992 1954 In

338 1975 427 2006 cuius
450 1975 497 2006 rei
520 1975 738 2006 testimonium
762 1976 873 2016 regale
896 1978 1040 2007 nostrum
1064 1976 1204 2018 sigillum
1229 1976 1442 2018 appendimus
1465 1977 1539 2008 huic
1562 1977 1690 2018 scripto.

445 2026 520 2057 Dat.
543 2027 575 2057 in
599 2025 769 2066 Scafhuss„
792 2027 864 2058 XV.
888 2027 1003 2059 Kalen.
1027 2028 1111 2068 Iulii,
1136 2039 1219 2059 anno
1243 2027 1374 2060 Domini
1396 2028 1567 2060 millesimo
1591 2028 1817 2059 trecentesimo
1840 2027 1993 2059 vicesimo

339 2077 490 2118 secundo,
513 2078 604 2118 regni
627 2087 704 2108 vero
727 2079 827 2109 nostri
849 2088 932 2110 anno
956 2082 1080 2110 octavo.

393 2195 477 2231 663.
518 2196 801 2232 Procuratorium
822 2208 891 2242 pro
917 2197 1049 2233 nuntiis
1075 2197 1112 2232 in
1138 2198 1388 2233 Lombardiani
1414 2198 1538 2233 missis.
1644 2199 1770 2233 1322*
1785 2198 1867 2234 Iun.
1888 2199 1948 2233 18.

450 2269 661 2301 Transsumta
683 2270 752 2309 duo,
776 2282 910 2310 quorum
929 2273 958 2311 1)
974 2282 1004 2303 α.
1018 2272 1113 2306 1322.
1130 2272 1214 2311 Sept.
1229 2274 1279 2303 14.
1295 2273 1468 2311 confectum
1484 2271 1573 2312 infra
1588 2272 1624 2303 in
1638 2283 1688 2305 nr.
1702 2274 1764 2303 671
1769 2283 1780 2311 ,·
1803 2271 1838 2315 2)
1854 2282 1884 2305 a.
1899 2272 1993 2304 1322.

340 2320 423 2360 Sept.
443 2320 496 2402 22}
531 2321 703 2361 confecturn
736 2322 824 2362 infra
858 2323 893 2354 in
929 2333 979 2355 nr.
1004 2323 1076 2355 672.
1112 2342 1153 2347 —
1192 2323 1255 2356 Ed.
1282 2323 1420 2355 Bo'hnzer
1450 2324 1543 2355 ‘Acta
1568 2324 1694 2364 imperii
1719 2324 1847 2356 selecta’
1874 2335 1910 2364 p.
1932 2325 1995 2356 799

339 2381 390 2403 nr.
407 2373 469 2402 111
514 2382 552 2403 ea:
575 2374 604 2405 2.

398 2482 401 2485 Ι
449 2432 594 2471 Bo'hmer,
619 2433 693 2474 Rey.
710 2434 821 2466 Ludw.
840 2445 875 2476 p.
899 2437 963 2467 177
985 2435 1153 2468 Friedrich
1175 2447 1225 2468 nr.
1248 2436 1321 2468 202.

452 2492 503 2534 Cf.
527 2493 616 2532 infra
637 2505 686 2526 nr.
704 2496 883 2528 669—672.

452 2576 561 2620 [Nosp
582 2579 785 2611 Friderieusb
807 2581 870 2612 Dei
901 2583 1005 2623 gratia
1028 2582 1249 2614 Romanorum
1279 2592 1337 2613 rex
1366 2592 1494 2623 semper
1522 2586 1676 2623 augustus
1703 2581 1745 2613 ad
1774 2583 1996 2614 universorum

342 2630 424 2660 sacri
450 2629 589 2661 Romani
622 2632 748 2672 imperii
774 2632 918 2664 fidelium
948 2634 1098 2665 noticiam
1133 2633 1297 2676 publicam
1326 2634 1472 2665 volumus
1503 2634 1688 2675 pervenire,
1724 2633 1811 2676 quod
1838 2644 1911 2665 cum
1939 2644 1999 2665 nos

446 2722 512 2751 663.
541 2724 563 2756 ¹²)
583 2725 651 2751 deest
669 2725 692 2751 1.
705 2725 729 2751 2.
811 2726 837 2759 b)
857 2728 1012 2753 Federichus
1032 2728 1054 2754 l.

447 2792 474 2824 1)
496 2791 535 2826 Cf.
555 2799 638 2825 supra
655 2800 697 2819 nr.
711 2796 814 2820 25—27.
836 2798 872 2821 74.
893 2798 950 2822 482.
970 2799 1027 2822 483.

2007 1105 2034 1126 15

2011 2507 2041 2527 40
