2184 3126
339 198 402 229 606
609 193 706 221 ACTA
726 193 839 220 REGNI
857 191 1045 219 LUDEWICI
1063 191 1110 218 IV.
1129 190 1175 218 ΕΤ
1194 189 1380 217 FRIDERICI
1398 189 1448 218 111.
1483 190 1560 218 1323.
1596 190 1645 218 Nr.
1658 191 1725 220 779..

337 281 536 323 Haynn(au).
578 278 775 311 Contulimus
797 288 862 316 nos,
885 278 940 310 sed
961 277 1070 309 varias
1093 276 1238 308 lectiones
1260 278 1365 317 utpote
1385 276 1512 308 minimi
1531 277 1629 316 pretii
1649 277 1702 309 hic
1723 276 1928 318 myleximus.
1950 295 1994 301 —

337 333 400 364 Ed.
417 331 532 370 Pfeffel
554 331 617 363 loco
639 341 740 370 supra
762 330 806 361 ad
827 339 876 361 nr.
895 330 959 361 768
982 329 1078 360 citato
1099 327 1149 366 II,
1173 328 1237 358 119
1259 338 1309 360 nr.
1327 329 1347 358 1
1370 337 1410 359 ex
1432 338 1459 359 c.

445 391 590 429 Bb'hmer,
614 391 689 431 Rey.
713 390 826 422 Ludw.
844 399 878 429 p.
895 390 960 420 240
982 387 1214 420 Reichssachen
1236 397 1287 419 nr.
1303 387 1356 419 59.

450 451 498 491 Cf.
521 451 612 489 infra
634 450 678 482 ad
699 449 839 481 a.1324.
862 449 936 480 Ian.
953 449 1051 487 2sqq.

448 540 473 568 1.
498 536 565 568 Nos
589 534 751 566 Gerardus
774 533 962 565 Iuliacensis
986 537 1019 564 et
1041 532 1180 563 Adolfus
1204 532 1244 564 de
1268 531 1379 564 Monte
1410 533 1545 565 comites
1569 534 1772 575 presentibus
1794 535 1992 578 profitemur,
2023 543 2037 564 δ

338 588 424 630 quod
440 588 471 618 in
491 587 658 628 presencia
680 589 790 617 nostra
813 595 850 616 ac
873 584 1026 615 nobilium
1050 584 1190 615 virorum
1207 582 1383 615 Guilhelmi
1407 586 1441 616 et
1457 583 1627 616 Godefridi
1643 585 1778 618 fratrum
1802 585 1842 618 de
1858 586 1992 629 luliaco,

337 639 446 671 Sifridi
463 638 583 670 domini
599 637 639 668 de
655 637 855 678 Eppinstein,
871 636 993 677 Rogeri
1010 635 1050 667 de
1063 635 1239 675 Levedale,
1255 634 1392 666 Arnoldi
1409 634 1449 667 de
1461 635 1622 678 Bagheim
1638 638 1782 679 senioris,
1797 637 1936 670 Arnoldi
1951 638 1993 671 de

336 691 463 728 Bolant,
479 689 612 721 Henrici
628 688 668 719 de
686 687 903 728 Boltirsheim,
919 687 1063 728 Philippi
1080 686 1119 718 de
1132 686 1350 728 Wildinberg,
1366 686 1503 719 Gerardi
1519 687 1560 720 de
1572 687 1779 731 Endilsdorp,
1796 688 1935 722 Gerardi
1950 689 1994 722 de

336 742 464 781 Pottus,
500 740 635 772 Arnoldi
665 740 704 771 de
736 739 894 771 Bacheim
922 739 1070 779 iunioris,
1103 738 1243 770 Rasonis
1271 737 1347 770 dicti
1374 738 1571 781 Mascherel,
1602 739 1771 773 Wilhelmi
1799 741 1840 773 de
1871 740 1992 783 Sergia,

336 792 493 824 Everardi
515 791 696 831 Brennarii,
727 790 862 822 Henrici
885 790 926 822 de
949 790 1105 830 Baldove,
1135 789 1263 821 Alberti
1287 789 1365 821 dicti
1388 789 1541 823 Stoissair
1562 791 1701 824 militum
1725 796 1758 824 et
1780 792 1992 835 plurimorum
2009 801 2038 822 ιο

335 844 471 875 aliorum
494 843 647 875 nobilium
665 842 827 874 constituti
844 841 1058 883 personaliter
1080 841 1266 883 spectabilis
1287 842 1336 872 vir
1352 840 1555 879 Guilhelmus
1577 853 1687 875 eomes
1702 843 1886 885 Hannonie,
1908 845 1993 877 Hol-

335 895 457 935 landie,
492 894 626 927 Zelandi
649 905 687 926 ac
710 894 858 925 dominus
879 893 982 925 Frisie
1007 903 1049 924 ex
1071 903 1135 924 una
1162 896 1254 935 parte
1283 896 1317 925 et
1345 893 1516 935 religiosus
1542 895 1591 927 vir
1623 895 1724 927 frater
1751 896 1920 928 Conradus
1951 897 1994 930 de

337 945 551 988 Gfindolfinge
568 945 799 978 conmendator
821 945 1025 987 provincialis
1048 944 1183 976 fratrum
1207 945 1321 976 domus
1337 945 1538 978 Theutonice
1563 957 1622 988 per
1637 947 1850 979 Franconiam
1873 958 1912 980 ac
1933 958 1994 980 no-

337 998 409 1030 bilis
432 999 479 1030 vir
494 998 622 1030 Ulricus
644 997 826 1038 langravius
850 996 890 1028 de
910 996 1150 1038 Luchtenberg,
1173 999 1399 1038 procuratores
1421 998 1618 1029 serenissimi
1640 998 1792 1040 principis
1815 1002 1848 1030 et
1871 998 1993 1031 domini

338 1051 436 1081 nostri
460 1049 601 1081 domini*
624 1048 758 1081 Lodvici
779 1048 841 1080 Dei
865 1048 974 1089 gracia
998 1049 1083 1090 regis
1105 1047 1328 1080 Romanorum
1351 1048 1482 1080 illustris
1505 1060 1634 1092 semper
1660 1052 1803 1092 augusti,
1834 1050 1994 1083 habentes
2012 1060 2038 1080 u

337 1101 510 1143 specialem
542 1104 735 1142 potestatem
765 1100 1004 1132 matrimonium
1034 1099 1245 1132 contrahendi
1276 1100 1406 1132 nomine
1435 1101 1536 1143 ipsius
1563 1102 1650 1144 regis
1677 1105 1710 1134 et
1736 1113 1795 1144 pro
1821 1103 1892 1145 ipso
1919 1113 1994 1135 cum

337 1153 483 1194 preclara
498 1153 684 1194 Margareta
707 1152 886 1193 antiquiore
910 1151 976 1183 filia
994 1151 1071 1183 dicti
1087 1152 1212 1183 comitis
1228 1151 1404 1184 Hollandie
1429 1156 1462 1184 et
1485 1153 1549 1184 alia
1564 1153 1715 1195 faciendi,
1738 1164 1801 1196 que
1825 1154 1910 1186 circa
1931 1154 1994 1187 hec

336 1205 463 1235 fuerant
487 1207 654 1245 oportuna,
686 1207 781 1245 prout
803 1203 982 1245 apparebat
1004 1204 1036 1234 in
1060 1203 1201 1245 quadam
1224 1204 1333 1235 littera
1356 1204 1483 1246 integra
1506 1205 1593 1236 omni
1615 1205 1697 1238 vicio
1721 1209 1863 1244 carente,
1886 1206 1993 1249 sigillo

334 1256 448 1287 maiori
471 1255 548 1287 dicti
571 1255 690 1287 domini
714 1255 799 1297 regis
822 1255 962 1297 sigillata
971 1255 992 1294 ¹,
1081 1255 1244 1297 predictus
1268 1266 1378 1288 comes
1404 1257 1642 1288 matrimonium
1675 1257 1864 1290 contrahere
1887 1258 1992 1291 inten-

336 1307 414 1339 dens
440 1307 619 1348 legitimum
649 1308 732 1338 inter
758 1306 937 1349 predictam
968 1307 1036 1338 eius
1065 1307 1164 1338 filiam
1201 1310 1234 1339 et
1268 1307 1433 1339 dominum
1467 1318 1580 1350 regern
1613 1309 1812 1341 antedictum
1845 1310 1994 1352 promisit
2010 1318 2038 1340 ω

335 1359 543 1400 solempniter
573 1361 605 1390 et
627 1358 758 1398 iuravit,
783 1358 869 1400 quod
898 1359 966 1390 eius
994 1358 1092 1390 filiam
1121 1358 1318 1391 antedictam
1349 1359 1442 1392 daret
1469 1363 1503 1392 et
1524 1360 1669 1392 traderet
1691 1360 1837 1402 predicto
1861 1362 1992 1394 domino

334 1411 405 1452 regi
426 1411 458 1442 in
481 1421 615 1442 uxorem
631 1410 819 1452 legitimam,
842 1410 996 1451 predictis
1011 1410 1273 1452 procuratoribus
1288 1411 1358 1443 vice
1382 1422 1475 1443 versa
1497 1412 1709 1454 solempniter
1731 1413 1993 1455 promittentibus

334 1462 463 1494 nomine
479 1462 699 1504 procuratorio
719 1462 818 1503 ipsius
842 1462 927 1503 regis
951 1466 984 1493 et
1000 1473 1059 1504 pro
1082 1462 1153 1504 ipso
1177 1473 1215 1494 ac
1238 1463 1271 1494 in
1285 1463 1427 1495 animam
1445 1463 1514 1495 eius
1529 1464 1717 1505 iurantibus,
1742 1464 1829 1506 quod
1845 1464 1994 1498 dominus

335 1524 393 1545 rex
416 1513 595 1545 antedictus
618 1513 737 1545 dietam
760 1513 977 1555 Margaretam
1000 1513 1137 1555 predicti
1161 1515 1286 1546 comitis
1308 1514 1408 1546 filiam
1430 1515 1463 1546 in
1485 1525 1621 1547 uxorem
1637 1515 1817 1558 legitimam
1832 1517 1994 1558 reciperet

335 1570 368 1597 et
391 1575 462 1596 eam
485 1576 542 1607 pro
566 1565 710 1608 legitima
733 1565 868 1597 haberet
890 1569 924 1597 et
947 1568 1109 1598 tractaret.
1157 1565 1395 1599 Oontrahentes
1418 1566 1556 1609 predicti
1578 1577 1688 1599 comes
1711 1570 1744 1599 et
1766 1571 1993 1610 procuratores
2011 1577 2038 1598 ns

334 1617 417 1649 inter
439 1617 600 1659 predictos
624 1618 788 1649 dominum
811 1628 922 1659 regem
947 1621 980 1649 et
1003 1618 1222 1660 Margaretam
1245 1618 1442 1651 antedictam
1465 1620 1705 1651 matrimonium
1728 1619 1938 1661 legitimum..

443 1671 471 1700 2.
497 1669 620 1705 Quibus
643 1669 736 1701 factis
760 1673 793 1701 et
815 1670 980 1711 promissis
1003 1671 1219 1711 promiserunt
1242 1670 1319 1702 dicti
1342 1674 1568 1713 procuratores
1596 1672 1725 1703 nomine
1748 1672 1848 1713 ipsius
1871 1672 1994 1706 domini

335 1721 420 1762 regis
444 1724 476 1752 et
498 1731 556 1762 pro
579 1722 649 1762 ipso
674 1721 751 1753 dare
775 1724 808 1753 et
830 1721 1026 1753 sufficienter
1041 1723 1205 1764 assignare
1227 1723 1260 1754 in
1276 1722 1387 1754 dotem
1410 1733 1468 1755 seu
1483 1723 1696 1755 donacionem
1712 1727 1846 1766 propter
1858 1726 1993 1767 nupcias

336 1772 481 1813 predicto
516 1773 624 1803 comiti
659 1773 824 1814 stipulanti
858 1773 986 1805 nomine
1020 1773 1086 1805 filie
1120 1785 1177 1806 sue
1209 1778 1241 1806 et
1270 1785 1328 1816 pro
1358 1775 1429 1816 ipsa
1458 1778 1633 1816 perpetuos
1655 1774 1802 1807 redditus
1824 1786 1927 1818 usque
1950 1776 1993 1808 ad

335 1824 477 1855 valorem
503 1823 652 1856 undecim
686 1825 809 1855 milium
837 1824 991 1856 librarum
1019 1825 1153 1867 singulis
1185 1826 1297 1857 annisb
1328 1825 1578 1868 Hallen(cium),
1612 1837 1724 1868 grosso
1756 1838 1814 1869 pro
1849 1828 1992 1860 sedecim
2010 1839 2039 1859 ω

336 1874 474 1906 denariis
498 1879 670 1917 conputato
694 1876 736 1907 ad
760 1877 926 1918 antiquam
950 1877 1203 1909 estimacionem.
1248 1877 1314 1910 Pro
1342 1878 1459 1920 quibus
1485 1878 1666 1910 redditibus
1693 1879 1887 1920 recipiendis
1911 1880 1993 1913 obli-

336 1931 450 1968 garunt
473 1927 549 1958 dicti
565 1931 788 1968 procuratores
803 1939 862 1969 pro
887 1928 973 1960 dicta
996 1929 1072 1961 dote
1096 1939 1154 1961 seu
1170 1929 1349 1962 donacione
1371 1929 1596 1962 constituenda
1618 1930 1704 1962 dicto
1731 1931 1842 1963 comiti
1863 1932 1993 1966 nomine

336 1988 391 2009 sue
415 1978 478 2010 filie
503 1982 640 2010 castrum
665 1979 705 2010 de
729 1978 830 2019 Oflba,
855 1984 993 2012 castrum
1018 1980 1058 2012 de
1075 1981 1299 2023 Vumtinberg,
1323 1985 1463 2013 castrum
1487 1981 1528 2013 de
1544 1981 1707 2013 Rikistein
1731 1985 1765 2014 et
1787 1986 1927 2015 castrum
1951 1984 1993 2016 de

335 2029 522 2061 Lindinvelz
546 2040 618 2061 cum
642 2031 727 2061 omni
750 2030 883 2071 honore,
907 2031 1059 2073 dominio⁷
1083 2032 1316 2074 iurisdictione,
1344 2043 1434 2065 mero
1459 2037 1492 2065 et
1514 2034 1616 2065 mixto
1639 2034 1795 2075 imperio,
1826 2034 1993 2078 fructibus,

337 2080 526 2118 redditibus,
556 2081 691 2122 iuribus,
721 2083 972 2114 obvencionibus
1001 2094 1038 2115 ac
1061 2085 1217 2116 universis
1248 2087 1281 2116 et
1303 2085 1436 2127 singulis
1459 2085 1667 2127 pertinenciis
1695 2089 1728 2117 et
1750 2086 1932 2118 attinenciis
1954 2097 1992 2120 ac
2010 2098 2038 2120 ss

336 2131 493 2172 thelonio,
523 2133 608 2174 quod
632 2133 744 2165 subtus
768 2134 887 2166 dictum
913 2139 1052 2167 castrum
1076 2136 1116 2168 de
1141 2136 1232 2168 Cuba
1254 2138 1419 2179 recipitur,
1447 2147 1485 2169 ac
1508 2138 1579 2179 ipsa
1601 2140 1705 2169 castra
1728 2147 1802 2169 cum
1825 2139 1895 2180 ipso
1919 2139 1992 2172 the—

338 2183 433 2223 lonio,
457 2187 492 2214 ut
515 2184 633 2216 dictum
658 2188 716 2226 est,
741 2196 812 2217 cum
836 2187 900 2218 suis
923 2188 1104 2219 attinenciis
1129 2191 1162 2219 et
1184 2189 1391 2230 pertinenciis
1413 2200 1472 2231 pro
1489 2189 1565 2221 dote
1589 2199 1647 2221 seu
1663 2189 1842 2222 donacione
1858 2194 1994 2233 propter

337 2235 468 2275 nupcias
500 2235 583 2267 dicte
606 2236 812 2278 Margarethe
840 2240 970 2270 nomine
999 2239 1075 2271 dicti
1097 2241 1197 2281 regis,
1226 2241 1470 2281 constituerunt,
1499 2242 1725 2283 promittentes
1748 2241 1818 2283 ipsa
1841 2242 1881 2274 ab
1905 2243 1992 2274 omni

339 2285 541 2326 obligacione
564 2288 691 2319 tradere
714 2288 827 2320 libera.
873 2290 1096 2322 Promiserunt
1118 2292 1249 2333 insuper
1272 2292 1348 2324 dicti
1372 2295 1598 2334 procuratores
1615 2293 1745 2325 nomine
1769 2293 1847 2325 dicti
1871 2293 1991 2326 domini

339 2337 438 2377 regis,
471 2338 556 2378 quod
585 2339 609 2369 si
642 2339 726 2372 dicta
755 2340 840 2372 bona
862 2352 925 2373 non
949 2342 1134 2374 sufficerent
1157 2343 1290 2385 singulis
1313 2345 1404 2375 annis
1426 2355 1484 2386 pro
1509 2344 1602 2376 dictis
1625 2346 1791 2386 perpetuis
1813 2345 1993 2378 redditibus
2010 2357 2039 2377 ω

338 2387 488 2418 undecim
511 2389 632 2421 milium
655 2391 807 2423 librarum
830 2392 1060 2436 Halle[n]cium
1085 2394 1305 2436 exsolvendis,
1341 2395 1428 2437 quod
1463 2396 1611 2428 dominus
1642 2406 1700 2428 rex
1734 2397 1815 2428 alios
1849 2396 1994 2429 redditus

340 2438 533 2470 sufficientes
557 2442 721 2482 suppleret
749 2447 781 2475 et
804 2445 984 2486 assignaret
1006 2456 1108 2487 usque
1137 2445 1179 2477 ad
1202 2446 1475 2488 complementum
1503 2447 1661 2479 dictarum
1689 2447 1840 2480 undecim
1869 2448 1994 2480 milium

340 2489 491 2521 librarum
515 2502 572 2532 pro
597 2492 680 2524 dicta
704 2494 778 2526 dote
803 2496 844 2526 ad
867 2496 998 2537 plenum
1022 2497 1246 2529 constituenda
1270 2498 1480 2540 propinquius
1509 2499 1602 2530 dictis
1632 2500 1761 2540 castris,
1793 2510 1856 2540 quo
1886 2500 1994 2532 idem⁰

342 2551 398 2572 rex
422 2542 527 2573 facere
552 2548 669 2584 posset.

449 2595 477 2623 3.
506 2593 585 2625 Post
613 2606 708 2636 quam
733 2597 942 2630 donacionem
966 2603 1100 2641 propter
1123 2600 1256 2642 nupcias
1280 2602 1486 2633 constitutam
1515 2601 1619 2633 dictus
1642 2612 1751 2634 comes
1773 2603 1903 2634 nomine
1925 2602 1992 2634 filie
2009 2614 2037 2634 4⁵

341 2653 398 2674 sue
422 2643 513 2674 dictis
536 2648 794 2685 procuratoribus
817 2661 874 2691 pro
898 2651 967 2692 ipso
985 2651 1114 2683 domino
1138 2662 1216 2694 rege
1233 2652 1459 2694 stipulantibus
1474 2654 1621 2695 promisit
1644 2654 1722 2686 dare
1743 2655 1776 2685 in
1799 2653 1910 2686 dotem
1933 2664 1992 2696 pro

446 2740 510 2767 779.
538 2742 561 2774 a)
581 2762 586 2768 .
602 2763 606 2769 .
627 2745 687 2771 add.
702 2755 738 2771 or.
826 2747 851 2780 b)
875 2749 909 2773 ἰια
929 2758 967 2775 or.
1056 2750 1079 2780 ⁰)
1098 2760 1165 2777 corr.
1179 2761 1210 2777 ex
1227 2752 1304 2778 iidem
1323 2762 1361 2778 or.

446 2806 470 2837 1)
489 2804 631 2838 Deperdita
649 2811 691 2835 est.
