2190 3172
215 1215 311 1236 Mai.29.

323 145 383 175 342
559 144 653 171 ACTA
674 144 786 171 REGNI
806 144 988 171 LUDEWICI
1008 144 1055 171 IV.
1074 143 1121 171 ET
1139 144 1325 172 FRIDERICI
1344 146 1392 172 111.
1430 146 1504 172 1317.
1541 145 1588 172 Nr.
1601 146 1660 173 402.
1677 146 1737 172 403.

432 288 507 324 402.
540 287 807 324 LITTERAE
838 286 1009 324 REGIS
1035 286 1354 324 ARAGONUM
1382 287 1458 323 AD
1488 264 1862 324 FRIDERICUM.

988 355 1096 391 1317.
1137 355 1227 400 Apr.
1252 356 1308 392 15.

435 447 532 487 Copia
557 448 609 488 (c.)
640 447 675 478 in
705 446 861 478 tabulario
891 447 974 486 reyz'o
1003 446 1238 479 Barcinonensz·
1267 447 1456 488 ‘Reyistrum
1484 458 1535 479 nr.
1555 447 1632 478 318’
1663 447 1718 486 fol.
1742 447 1803 479 17¹.
1834 465 1874 470 ——-
1906 447 1968 478 Ed.

325 499 486 539 Zeissbery
509 498 572 530 loco
594 508 693 538 supra
716 498 760 529 ad
780 508 830 529 nr.
846 499 888 528 44
912 498 1006 529 citato
1026 508 1058 538 p.
1076 500 1117 529 60
1139 509 1188 530 nr.
1205 498 1248 530 53
1270 509 1308 530 ex
1331 509 1356 530 c.
1402 499 1584 530 Editionem
1606 499 1783 538 repetimus.

436 558 486 601 Cf.
511 558 634 590 litteras
655 559 781 598 reginae
803 558 940 589 directas
962 558 981 589 l.
999 569 1023 590 c.
1043 569 1076 598 p.
1095 560 1135 590 61
1157 570 1207 590 nr.
1225 559 1275 590 54.
2003 567 2015 585 ⁵

433 636 641 668 Serenissimo
670 639 702 667 et
724 635 894 677 magnifico
924 636 1059 677 principi
1089 635 1218 667 domino
1241 635 1414 668 Frederico
1437 637 1500 669 Dei
1527 637 1636 678 gracia
1658 636 1878 668 Romanorum
1901 637 1971 678 regi

324 699 452 730 semper
475 691 610 729 augusto
634 687 804 719 benedicto
828 690 861 718 et
883 687 1052 719 karissimo
1075 687 1140 719 filio
1163 698 1220 719 suo
1307 687 1444 719 Iacobus
1467 699 1525 730 per
1543 688 1679 720 eandem
1699 699 1757 719 rex
1772 689 1971 729 Aragonum,

324 739 492 780 Valencie,
517 739 662 771 Sardinie
687 742 720 771 et
737 738 866 770 Gorsice
883 749 1055 781 comesque
1071 739 1273 771 Barchinone
1297 750 1334 771 ac
1355 743 1446 772 sante
1460 739 1607 771 Romane
1625 739 1760 771 ecclesie
1776 741 1971 780 vexillarius,

325 792 511 823 ammiratus
547 793 579 822 et
608 791 793 832 capitaneus
822 791 982 832 generalis
1069 791 1205 823 salutem
1235 794 1268 823 et
1297 801 1369 823 cum
1397 794 1531 833 paterne
1562 791 1746 823 dileccionis
1773 791 1970 833 plenitudine

324 853 496 884 prosperos
519 842 560 874 ad
583 846 658 874 vota
682 852 839 873 succesus.
1990 853 2016 873 ιο

431 895 549 926 Animo
582 894 766 926 iocundanti
800 893 841 925 ab
870 893 1068 925 excellencia
1097 896 1203 925 vestra
1235 894 1375 926 litteram
1401 895 1582 936 recepimus
1612 895 1737 926 noviter
1769 895 1971 935 destinatam,

325 947 414 978 cuius
434 946 668 978 continenciam
690 945 773 977 benc
791 945 968 977 audivimus
991 955 1029 976 ac
1052 945 1196 986 plenario
1221 946 1409 987 collegimus
1431 946 1606 978 intellectu.
1644 946 1698 978 Ad
1722 957 1784 988 que
1808 948 1972 979 serenitati

326 1001 432 1030 vestre
462 997 571 1029 taliter
593 997 838 1039 respondemus,
873 997 959 1038 quod
986 997 1012 1027 si
1034 996 1200 1038 hucusque
1230 1007 1321 1028 curas
1344 1001 1468 1029 nostras
1495 998 1579 1029 circa
1602 997 1847 1039 expedicionem
1874 999 1972 1030 vestri

325 1050 453 1092 negocii
476 1052 629 1091 quantum
652 1048 744 1080 nobis
768 1048 904 1080 occurrit
927 1048 1070 1079 factibile
1095 1049 1310 1090 exercuimus,
1341 1048 1489 1090 fecimus,
1520 1049 1606 1091 quod
1629 1052 1781 1091 paternus
1803 1061 1861 1091 pro
1884 1050 1973 1082 filiali

324 1102 459 1143 negocio
483 1101 616 1142 requirit
638 1100 781 1140 affectus,
805 1100 946 1141 prompti
969 1110 1097 1141 semper
1120 1101 1319 1141 operacionis
1341 1104 1449 1132 nostre
1472 1104 1561 1132 aetus
1581 1100 1757 1132 extendere
1781 1101 1822 1132 ad
1845 1111 1971 1143 queque
1992 1111 2016 1130 us

324 1153 437 1185 honori
460 1153 683 1194 profectuique
717 1150 919 1182 sublimitatis
947 1154 1053 1182 vestre
1081 1150 1323 1192 quomodolibet
1350 1155 1516 1193 oportuna.
1563 1152 1834 1194 Prorogacionem
1864 1156 1973 1185 autem

326 1215 427 1247 usque
455 1204 497 1236 ad
520 1203 652 1235 octabas
681 1203 754 1235 festi
777 1202 1011 1234 Pentechostes
1033 1206 1183 1234 venturas
1207 1203 1353 1244 proxime
1382 1213 1423 1234 ex
1446 1203 1625 1245 significata
1653 1214 1750 1235 causa
1778 1214 1875 1246 super
1901 1205 1973 1246 hiis,

325 1257 440 1298 quibus
456 1255 498 1287 ad
513 1257 654 1286 nostram
670 1254 865 1296 presentiam
882 1253 1026 1296 pridem*
1042 1254 1259 1286 transmisistis
1274 1254 1480 1286 honorabiles
1495 1256 1579 1286 viros
1594 1255 1782 1297 magistrum
1794 1255 1973 1288 Dietricum

327 1309 367 1340 de
391 1306 590 1340 Wolfsoweb
614 1307 812 1348 prepositum
828 1305 1077 1338 Gumicensemc
1094 1307 1261 1348 utriusque
1284 1307 1361 1338 iuris
1376 1306 1592 1349 professorem
1615 1309 1648 1339 et
1662 1306 1832 1339 Albertum
1855 1318 1973 1350 prepo-

325 1361 419 1391 situm
443 1359 691 1390 Possoniensem
721 1358 912 1390 secretarios
939 1360 1076 1397 vestros,
1111 1369 1191 1400 quos
1225 1358 1267 1390 ad
1300 1369 1357 1390 vos
1390 1358 1431 1390 de
1458 1358 1666 1400 responsione
1694 1362 1803 1390 nostra
1831 1360 1973 1392 misimus
1992 1368 2018 1388 πο

325 1410 571 1451 informatosd-1,
602 1410 818 1442 intelleximus
852 1410 929 1441 satis
964 1410 1058 1442 clare.
1104 1410 1293 1442 Insistentes
1320 1411 1428 1452 itaque
1456 1410 1489 1441 in
1511 1410 1718 1452 responsione
1741 1413 1849 1442 nostra
1877 1421 1973 1453 quam

326 1464 461 1495 fecimus
485 1472 544 1504 per
563 1465 688 1493 vestros
710 1462 842 1493 nuncios
862 1461 1024 1503 predictos
1040 1462 1263 1498 intendimus‘R
1287 1463 1347 1494 nisi
1364 1457 1481 1494 retenti
1504 1472 1596 1494 casus
1611 1462 1801 1503 obstiterint,
1825 1463 1879 1504 qui
1901 1466 1975 1494 sunt

325 1519 381 1547 aut
402 1517 546 1547 incursus
574 1514 714 1545 hostium
741 1514 772 1544 in
795 1523 930 1555 regnum
954 1516 1097 1545 nostrum
1124 1517 1180 1545 aut
1207 1515 1233 1545 si
1255 1525 1392 1556 persone
1420 1517 1528 1546 nostre
1550 1513 1815 1556 impedimentum
1840 1514 1973 1546 forsitan

324 1567 490 1606 imineret,
519 1565 604 1607 quod
628 1568 754 1596 avertat
776 1564 976 1605 Altissimus,
1006 1568 1100 1606 prout
1123 1565 1384 1607 significavimus,
1407 1569 1549 1598 nostrum
1573 1566 1751 1608 adimplere
1773 1576 1971 1607 responsum.

326 1618 360 1650 Si
388 1622 495 1650 tamen
524 1617 586 1648 hiis
613 1616 666 1648 vel
692 1616 793 1648 altero
817 1616 1056 1658 impedimentis
1082 1616 1142 1648 hec
1172 1616 1349 1658 adimplere
1377 1618 1613 1659 nequiverimus
1639 1617 1814 1659 prepediti,
1847 1620 1973 1649 nostros
1992 1626 2017 1646 π

326 1669 531 1702 honorabiles
554 1670 587 1699 et
609 1667 805 1710 sollempnes
828 1667 960 1699 nuncios
983 1669 1223 1709 trasmittemus,
1247 1669 1301 1710 qui
1323 1679 1386 1701 una
1409 1679 1481 1700 eum
1504 1669 1618 1701 vestris
1641 1672 1674 1701 et
1696 1669 1767 1700 aliis
1789 1679 1848 1711 pro
1872 1679 1972 1711 expe-

326 1722 452 1754 dicione
475 1721 583 1753 votiva
605 1720 704 1752 vestri
725 1720 866 1761 negocii,
897 1718 983 1761 quod
1006 1720 1170 1762 proprium
1193 1719 1282 1751 velut
1310 1720 1351 1752 de
1374 1720 1543 1753 karissimo
1566 1720 1632 1752 filio
1655 1724 1855 1762 reputamus,
1886 1721 1974 1763 apud

326 1773 537 1816 apostolicam
553 1773 755 1804 sanctitatem
772 1771 909 1803 sollicite
925 1771 1160 1813 supplicabunt.
1184 1771 1215 1803 N
1217 1782 1254 1804 ec
1265 1772 1409 1804 inclitum
1420 1772 1668 1814 primogenitum
1684 1775 1828 1804 nostrum
1840 1772 1985 1817 fratrem-

326 1829 466 1858 vestrum
488 1827 524 1856 ut
545 1824 654 1866 petitis
678 1822 839 1855 destinare
868 1833 1048 1864 possemus,
1077 1833 1150 1854 cum
1178 1826 1264 1855 esset
1287 1827 1396 1856 contra
1420 1823 1642 1856 ordinaciones
1670 1827 1703 1856 et
1729 1834 1854 1856 morem
1882 1825 1974 1866 regni

326 1878 436 1918 nostri,
460 1877 514 1918 qui
537 1879 610 1907 sunt
631 1878 667 1906 ut
689 1875 920 1917 primogenitus
943 1875 998 1916 qui
1021 1878 1210 1917 regnaturus
1233 1878 1283 1907 est
1305 1886 1324 1907 a
1347 1886 1446 1918 regno
1470 1876 1672 1918 aliquatenus
1694 1887 1758 1908 non
1781 1875 1936 1908 discedat.
1991 1884 2018 1904 ³⁰

432 1929 554 1960 Datum
576 1927 789 1968 Barchinone,
811 1926 924 1958 XIIII.
941 1926 1107 1958 Kalendas
1127 1926 1238 1968 Madii,
1261 1937 1344 1959 anno
1367 1927 1498 1959 Domini
1518 1926 1745 1960 MGGCXVH.

869 1977 1054 2010 Bernardus
1078 1977 1118 2010 de
1140 1978 1308 2011 Aversone
1331 1979 1483 2011 mandato
1507 1978 1619 2022 r(egis)
1643 1983 1676 2012 et
1698 1979 1758 2011 fuit
1782 1979 1812 2011 ei
1834 1979 1928 2011 lecta.

366 2173 440 2209 403.
476 2170 784 2208 SENTENTIA
811 2168 1084 2208 LUDEWICI
1114 2170 1284 2208 SUPER
1312 2170 1475 2209 BONIS
1504 2171 1932 2209 RELIGIOSORUM.

992 2239 1100 2275 1317.
1140 2239 1230 2285 Apr.
1252 2240 1311 2276 28.

438 2339 597 2381 Oriyinaze
624 2339 660 2371 in
687 2339 845 2371 tabulario
871 2338 1011 2379 yenerali
1039 2339 1125 2380 regni
1146 2338 1314 2371 Bawarici
1337 2338 1424 2372 KLS
1453 2350 1503 2372 nr.
1520 2339 1592 2371 132.
1643 2334 1880 2381 Descrspsimus
1906 2350 1972 2375 nos,
1991 2350 2017 2369 ³⁸

328 2392 432 2433 Siqilli
447 2393 626 2432 fraymemta
645 2391 781 2431 pendent
803 2390 867 2422 loro
889 2390 1131 2423 membranaceo.
1167 2390 1211 2422 In
1232 2401 1318 2423 verso
1341 2390 1470 2431 leyz'tur:
1493 2391 1661 2423 Sententia
1676 2391 1757 2423 Lud.
1776 2392 1862 2435 regis
1876 2391 1971 2424 Rom.

328 2455 425 2487 super
447 2443 700 2486 possessionibus
722 2442 840 2474 habitis
864 2444 897 2474 et
918 2442 1075 2483 possessis
1098 2441 1272 2474 secundum
1296 2442 1559 2475 consuetudinem
1582 2443 1767 2485 generalem
1776 2443 1798 2475 ².

433 2504 580 2542 Bbhmer,
604 2503 679 2543 Rey.
695 2503 808 2534 Ludw.
825 2513 860 2542 p.
879 2502 919 2533 15
941 2512 991 2534 nr.
1007 2502 1080 2534 242.

435 2564 486 2607 Of.
509 2563 601 2606 infra
623 2564 667 2595 ad
688 2574 719 2595 a.
736 2564 829 2594 1318.
853 2562 917 2595 Iul.
933 2563 986 2595 23.

431 2658 497 2686 402.
524 2659 549 2692 Β’)
566 2659 647 2692 pridie
665 2659 703 2685 ed.
797 2657 822 2691 b)
840 2659 970 2692 vaylfojhe
988 2667 1008 2684 c.
1101 2658 1124 2691 0)
1142 2660 1334 2684 Turnocencem
1353 2668 1374 2684 c.
1468 2658 1493 2692 d)
1511 2661 1869 2687 informatos—intendimus
1892 2669 1973 2694 cupra
1989 2669 2019 2689 4ο

327 2703 422 2729 lineam
441 2703 502 2728 add.
521 2711 542 2728 c.

432 2771 458 2804 1)
477 2770 570 2804 Supra
587 2778 629 2796 nr.
643 2772 704 2797 388.
791 2769 817 2803 2)
839 2769 1043 2795 Transsumtum
1061 2769 1116 2802 sere
1133 2777 1258 2796 coaevum
1274 2772 1397 2796 servatur
1413 2769 1506 2796 ibidem
1524 2778 1566 2797 nr.
1580 2773 1637 2798 133.
