2190 3172
138 1081 163 1102 1⁸

139 1763 165 1784 2³

140 2541 168 2562 ⁴0

416 146 513 174 ACTA
532 146 646 179 REGNI
664 146 849 175 LUDEWICI
867 146 915 175 IV.
934 147 980 174 ΕΤ
1000 147 1187 175 FRIDERICI
1205 147 1254 175 ΙΙΙ.
1293 147 1368 175 1315.
1406 147 1452 174 Nr.
1465 147 1524 176 804.
1543 147 1602 176 805.
1776 150 1839 181 203

443 279 529 316 304.
570 278 780 316 Mandatmn
808 280 856 316 ad
881 280 1030 316 ludaeos
1052 279 1326 317 Wormatiensas.
1432 279 1501 315 Iul.
1521 281 1577 315 15.

294 350 455 392 Oriqinale
476 350 551 394 (or.)
582 352 617 384 in
645 351 802 385 tabulario
832 352 1066 386 Wormatiensi.
1125 353 1324 386 Contulimus
1345 364 1412 386 noa.
1470 353 1630 395 Sigillum,
1661 354 1746 395 quod
1774 353 1840 386 loro

181 402 417 436 membranaceo
434 402 599 444 pendebat,
622 403 714 436 deest.
738 423 780 428 —
803 403 866 436 Ed.
883 403 971 437 Boos
993 403 1272 438 ‘Urkundenbuch’
1296 405 1344 444 II,
1369 406 1411 437 69
1432 415 1483 437 nr.
1501 405 1563 436 104
1585 406 1667 437 satis
1688 404 1778 437 male.

290 462 438 502 Be‘hmer,
460 462 536 504 Ray.
551 462 664 496 Ludw.
683 474 718 504 p.
734 464 754 495 9
775 474 827 496 nr.
845 464 918 496 139.

290 556 483 589 Ludowicus
510 556 574 589 Dei
602 557 712 600 gracia
739 558 958 591 Romanorum
987 569 1044 591 rex
1071 569 1201 601 semper
1231 563 1386 602 augustus
1480 560 1638 592 universis
1667 559 1777 592 Iudeis
1806 560 1838 591 in

182 608 370 641 Wormacia
391 618 519 641 camare
543 619 600 642 sue
624 610 724 641 servis
811 611 955 652 graciam
978 621 1078 643 suam.

289 659 460 692 Intellecta
487 663 522 693 et
543 660 747 693 considerata
774 662 901 703 gracia,
936 672 1032 704 quam
1063 661 1238 694 Heinricus
1269 662 1443 694 recolende
1477 663 1632 695 memorie
1664 663 1839 705 imperator

180 711 392 755 predecessor
418 714 528 744 noster
555 715 706 744 strennuo
730 713 798 745 viro
822 713 1001 755 Wipfelino
1030 713 1070 746 de
1094 713 1319 755 Rosengarten
1343 714 1436 746 militi
1460 714 1603 747 fecerat¹
1632 715 1664 746 in
1687 724 1837 747 remune-

180 763 342 796 racionem
371 762 599 805 obsequiorum
629 763 691 796 sibi
723 768 756 797 et
788 765 925 807 imperio
960 775 1019 807 per
1052 775 1126 797 eum
1148 765 1394 807 multiplicium·
1417 765 1635 798 exhibitorum
1659 765 1700 797 de
1724 765 1837 798 decem

180 815 296 848 marcis
312 815 438 857 argenti
460 814 521 847 sibi
536 825 596 857 per
610 826 667 847 vos
682 816 773 848 annis
789 815 922 858 singulis
938 816 1141 859 assignandis
1164 816 1204 849 de
1221 827 1319 849 censu
1335 827 1452 858 annuo,
1475 818 1508 849 in
1524 828 1587 859 quo
1605 818 1681 850 estis
1699 817 1837 859 imperio

181 865 325 908 obligati,
349 865 488 898 eandem
511 866 573 898 sibi
596 876 638 899 ex
661 867 752 910 regia
775 867 976 910 benignitate
1001 868 1143 910 pensatis
1166 869 1231 900 suis
1253 868 1404 900 fidelibus
1428 873 1462 901 et
1484 869 1654 901 indefessis
1676 868 1839 911 obsequiis

181 916 409 960 approbamus.
467 917 637 950 Informati
671 919 775 951 eciam
810 930 870 961 per
903 929 991 960 eum,
1026 919 1114 962 quod
1147 930 1207 962 per
1239 921 1423 952 continuum
1453 920 1720 962 quadrigennium
1755 931 1838 952 nunc

180 969 306 1012 lapsum
330 970 363 1001 in
386 969 551 1002 solucione
575 970 689 1003 eadem
715 970 840 1003 fueritis
862 971 1077 1014 negligentes,
1101 971 1249 1003 volumus
1272 974 1306 1003 et
1327 972 1454 1014 precise
1470 971 1562 1003 vobis
1577 972 1781 1013 iniungimus,
1804 975 1839 1003 ut

181 1020 379 1052 solucionem
412 1020 550 1053 eandem
580 1022 708 1054 incaute
735 1023 976 1064 pretermissam
1000 1023 1179 1064 suppleatis
1208 1027 1241 1055 et
1270 1033 1353 1055 nunc
1382 1033 1425 1055 ex
1452 1024 1564 1065 quinto
1594 1034 1678 1054 anno
1708 1023 1838 1054 instanti

181 1072 296 1105 decem
319 1083 445 1105 marcas
468 1073 616 1106 similiter
638 1074 840 1117 persolvatis.
886 1074 938 1107 Ita
964 1074 1052 1117 quod
1079 1085 1163 1107 nunc
1192 1076 1225 1107 in
1248 1076 1397 1117 proximo
1420 1074 1594 1107 solucionis
1616 1074 1754 1106 termino
1778 1073 1838 1105 sibi

180 1125 213 1156 in
241 1124 474 1167 quinquaginta
502 1125 618 1157 marcis
649 1125 738 1158 eritis
766 1125 910 1168 obligati.
957 1125 1046 1163 Quas
1073 1127 1199 1168 precise
1231 1126 1291 1158 sibi
1319 1127 1371 1158 vel
1401 1127 1465 1158 suis
1494 1125 1669 1158 heredibus
1692 1125 1838 1157 volumus

181 1175 348 1218 assignari.
405 1175 442 1207 In
471 1177 560 1208 cuius
589 1176 636 1208 rei
664 1177 883 1209 testimonium
918 1181 1084 1219 presentes
1119 1177 1278 1210 conscribi
1313 1181 1347 1210 et
1380 1181 1488 1210 nostre
1522 1177 1701 1210 maiestatis
1730 1176 1836 1218 sigillo

181 1237 331 1259 lussunus
354 1237 542 1259 conmuniri.

289 1282 365 1315 Dat.
389 1282 526 1324 Monaci‚
550 1283 628 1316 Idus
650 1283 733 1326 Iulii,
757 1294 841 1316 anno
865 1283 995 1316 Domini
1017 1284 1211 1326 MCCOXV,
1234 1285 1326 1327 regni
1348 1295 1426 1317 vero
1448 1285 1549 1317 nostri
1572 1294 1656 1317 anno
1679 1284 1793 1326 primo.

459 1424 544 1461 305.
586 1412 771 1461 Absolutis
791 1438 814 1461 a
840 1427 1014 1462 sententiis
1034 1427 1313 1473 proscriptionis.
1418 1426 1487 1462 Iul.
1508 1426 1565 1461 17.

181 1549 219 1582 'a
293 1498 454 1540 Oriyinale
479 1498 685 1539 deperditum.
742 1499 808 1531 Ed.
833 1499 974 1532 Tschudi
999 1499 1167 1533 ‘Chromik’
1191 1500 1223 1538 1,
1246 1500 1322 1533 269.
1377 1499 1557 1531 Editionem
1586 1499 1756 1540 repetimus
1785 1498 1836 1530 hic

189 1550 195 1557 “
218 1550 248 1582 ic
270 1553 451 1583 correctam.

290 1605 436 1645 Be‘hmer,
459 1605 536 1646 Req.
553 1606 666 1638 Ludw.
685 1616 721 1647 p.
737 1607 757 1637 9
778 1617 828 1640 nr.
846 1607 918 1638 142.

291 1700 474 1733 Ludovicus
491 1699 555 1732 Dei
578 1701 683 1743 gratia
698 1699 919 1733 Romanorum
942 1711 1000 1733 rex
1025 1711 1154 1743 semper
1177 1705 1332 1743 augustus
1422 1701 1580 1733 universis
1602 1700 1684 1732 sacri
1700 1699 1837 1732 Romani

182 1752 311 1795 imperii
333 1751 482 1784 fidelibus
508 1755 676 1793 presentes
699 1752 823 1784 litteras
846 1753 1038 1794 inspecturis
1125 1753 1262 1794 gratiam
1287 1763 1377 1784 suam
1402 1756 1435 1784 et
1459 1763 1554 1784 omne
1578 1751 1706 1783 bonum.

290 1802 361 1836 Etsi
384 1803 602 1846 quorumlibet
624 1803 767 1835 fidelium
790 1804 918 1846 imperii
941 1808 1110 1836 teneamur
1133 1814 1174 1836 ex
1190 1804 1286 1836 officii
1302 1804 1401 1836 nostri
1418 1803 1528 1836 debito
1545 1802 1838 1845 opportunitatibus

184 1855 352 1888 consulere
376 1854 529 1886 remediis
553 1855 751 1897 opportunis,
775 1855 817 1887 ad
841 1866 950 1887 eorum
975 1859 1083 1888 tamen
1100 1855 1345 1887 subventionem
1365 1855 1580 1887 necessariam
1597 1859 1705 1886 nostre
1720 1854 1838 1886 mentis

184 1906 319 1939 affectus
349 1906 510 1949 dirigitur,
545 1917 626 1949 quos
659 1906 804 1939 indebito
835 1907 902 1948 pati
930 1908 1153 1948 cognoscimus
1183 1917 1338 1949 quosque,
1371 1906 1448 1938 licet
1475 1906 1583 1938 multis
1611 1904 1838 1937 afflictionibus

184 1957 421 2000 opprimantur,
451 1967 617 1999 nunquam
640 1957 672 1988 in
695 1957 772 1998 hiis,
804 1967 867 2000 que
895 1957 937 1989 ad
964 1957 1120 1989 honorem
1147 1958 1275 1999 imperii
1298 1958 1475 1999 pertinent,
1507 1955 1638 1988 desides
1660 1957 1839 1988 invenimus

182 2019 289 2052 neque
314 2009 433 2041 tardos.
480 2008 562 2041 Cum
585 2010 694 2051 itaque
718 2008 829 2040 dilecti
851 2009 965 2040 fideles
989 2009 1087 2041 nostri
1110 2010 1301 2040 universitas
1323 2009 1489 2040 hominum
1513 2008 1545 2039 in
1566 2007 1685 2047 Urach,
1709 2008 1740 2039 in
1757 2006 1838 2038 Swiz

184 2063 218 2093 et
239 2060 272 2092 in
294 2059 535 2092 Underwalden
559 2060 636 2101 sint,
667 2060 750 2092 sicut
772 2060 1005 2102 intelleximus,
1030 2060 1222 2102 quibusdam
1245 2061 1513 2102 proscriptionum
1537 2059 1704 2091 sententiis
1727 2069 1837 2091 eorum

183 2111 370 2145 demeritis·
393 2111 599 2154 exigentibus
622 2111 781 2152 innodati,
804 2122 863 2144 nos
886 2116 1019 2155 propter
1042 2123 1154 2144 eorum
1177 2113 1360 2153 incorrupte
1383 2110 1461 2143 fidei
1484 2111 1712 2149 constantiam,
1741 2121 1837 2152 quam

183 2173 263 2206 erga
285 2173 344 2195 nos
367 2166 400 2195 et
422 2173 548 2195 sacrum
572 2166 689 2205 gerunt
705 2164 887 2205 imperium,
910 2175 951 2196 ne
974 2163 1094 2196 diutius
1117 2174 1159 2195 ex
1176 2163 1359 2204 huiusmodi
1375 2163 1542 2195 sententiis
1557 2162 1680 2194 tedium
1698 2161 1838 2194 habeant

183 2225 242 2247 seu
274 2214 419 2257 pericula
452 2215 630 2246 sustineant
663 2215 772 2257 aliqua
807 2226 1016 2257 personarum
1050 2215 1103 2247 vel
1134 2225 1242 2247 rerum
1276 2225 1422 2254 suarum,
1460 2213 1638 2246 liberaliter
1670 2213 1838 2245 consulere

185 2266 368 2309 cupientes,
402 2276 514 2298 omnes
547 2269 580 2298 et
614 2266 756 2308 singulas
785 2268 1054 2309 proscriptionum
1087 2268 1265 2299 sententias
1294 2270 1405 2299 contra
1439 2266 1542 2298 dictos
1575 2265 1722 2297 homines
1755 2266 1838 2297 latas

183 2317 328 2351 indebite
352 2327 462 2350 coram
485 2327 677 2359 quocunque
701 2317 818 2359 iudice,
844 2322 997 2360 quantum
1023 2318 1120 2360 digne
1142 2329 1321 2360 possumus,
1345 2321 1457 2350 tenore
1474 2318 1672 2360 presentium
1688 2316 1838 2348 duximus

183 2368 389 2410 relaxandas,
406 2368 611 2401 absolventes
627 2369 714 2411 ipsos
729 2369 954 2401 nichilominus
970 2369 1012 2401 ab
1029 2369 1152 2402 eisdem
1169 2369 1210 2402 de
1226 2370 1316 2411 regie
1332 2369 1532 2411 plenitudine
1550 2369 1730 2410 potestatis.
1801 2368 1837 2399 In

185 2421 275 2453 cuius
297 2421 344 2453 rei
367 2419 584 2452 testimonium
609 2419 668 2452 has
691 2420 848 2452 conscribi
872 2425 906 2452 et
928 2424 1036 2453 nostre
1059 2421 1239 2452 maiestatis
1262 2421 1367 2463 sigillo
1392 2421 1541 2452 iussimus
1564 2420 1763 2452 communiri.

291 2475 412 2508 Datum
435 2475 576 2515 Monaci,
605 2474 696 2508 XVI.
714 2475 851 2509 Kalend.
867 2477 1021 2519 Augusti,
1045 2487 1129 2509 anno
1153 2477 1284 2509 Domini
1306 2475 1499 2517 MOCCXV,
1523 2476 1614 2518 regni
1637 2486 1715 2508 vero
1738 2476 1838 2507 nostri

185 2537 269 2560 anno
291 2537 406 2570 pruno.

289 2619 356 2650 ⁸⁰4.
384 2623 409 2654 ι)
427 2622 464 2647 σεο
482 2630 520 2647 or.

288 2680 356 2708 80³.
384 2681 408 2714 Ιι)
426 2686 453 2707 02
470 2682 532 2708 aaa.
550 2682 590 2708 ed.

291 2757 319 2791 1)
337 2756 472 2791 δαίμων·
489 2759 621 2784 sermm
637 2764 694 2784 non
711 2759 756 2784 est.
