2190 3172
162 618 174 638 B

150 879 176 900 1⁰

150 1347 176 1368 u

438 181 533 210 ACTA
551 181 667 210 REGNI
684 181 870 209 LUDEWICI
888 180 935 208 lV.
954 180 1000 208 ΕΤ
1019 179 1205 208 FRIDERICI
1224 179 1272 207 111.
1310 179 1384 208 1818.
1422 179 1470 207 Nr.
1483 180 1542 207 471.
1560 179 1620 207 472.
1787 181 1850 213 385

360 331 448 368 471.
490 329 706 366 Mandatum
731 342 835 377 super
856 330 1062 377 principatu
1089 330 1268 366 Ascharie.
1375 330 1482 364 1318.
1516 329 1596 364 Ian.
1617 331 1682 363 22.

303 404 465 447 Om‘m'nale
494 404 701 445 deperditum.
764 405 863 446 Copia
893 405 950 447 (c.)
984 405 1020 437 in
1056 404 1204 445 Copiario
1232 403 1398 436 Marchico
1428 403 1469 436 R.
1493 404 1571 435 78a.
1593 404 1615 434 3
1646 413 1726 435 saec.
1750 402 1849 435 XIV.

187 456 248 500 fol.
265 457 316 489 13⁴
339 456 493 490 tabularii
513 457 593 498 reyii
614 457 839 490 Berolinensis.
888 456 1029 490 Contulit
1051 455 1092 489 R.
1109 455 1268 489 Salomon.

299 516 447 555 Bdhmer,
470 516 546 558 Rey.
563 517 676 550 Ludw.
694 528 729 558 p.
747 518 790 549 17
810 528 860 550 nr.
876 517 951 549 290.

300 606 520 647 Lud(owicus)
544 607 607 640 Dei
629 609 735 651 gratia
750 608 970 641 Romanorum
992 618 1051 640 rex
1073 617 1203 649 semper
1226 609 1381 648 augustus
1451 605 1552 637 nobili
1575 606 1643 638 viro
1660 605 1850 638 Bernhardo

193 659 303 691 comiti
326 658 367 692 de
390 659 522 700 Anhalt,
545 659 633 692 fideli
656 671 714 692 suo
737 659 856 692 dilecto
928 659 1066 702 gratiam
1089 669 1181 691 suam
1204 662 1237 691 et
1260 667 1355 690 omne
1379 657 1508 689 bonum.

300 709 382 743 Cum
405 721 463 742 nos
485 710 643 743 illustrem
655 711 902 744 Woldemarum
925 711 1144 743 marchionem
1160 708 1488 751 Brandeburgensem
1504 709 1683 751 principem
1706 713 1850 741 nostrum

193 761 347 795 dilectum
370 761 412 794 de
435 766 570 796 vacante
593 762 686 795 nobis
710 766 743 795 et
764 763 900 806 imperio
922 763 1102 805 principatu
1124 761 1281 794 Ascharie
1304 761 1496 793 auctoritate
1519 761 1610 803 regia
1634 760 1850 792 infeudaveri-

193 824 265 847 mus
294 824 367 846 cum
394 815 550 847 universis
577 816 642 847 suis
670 815 871 857 pertinentiis
897 814 994 857 pleno
1017 815 1102 854 iure,
1125 813 1316 846 fidelitatem
1339 815 1429 844 tuam
1452 813 1606 844 attentius
1630 811 1850 853 exhortamur,

194 865 344 908 quatinus
367 866 394 897 si
414 876 494 908 quas
515 867 746 908 possessiones,
770 869 875 899 castra
889 866 942 899 vel
964 867 1157 899 munitiones
1180 865 1287 898 eidem
1307 864 1501 906 principatui
1517 864 1716 906 pertinentes
1739 867 1851 896 teneas

192 916 246 948 vel
262 917 404 949 tenueris
426 927 528 960 usque
545 917 653 957 modo,
677 917 763 950 dicto
776 917 998 959 Woldemaro,
1022 917 1082 949 nisi
1098 916 1138 949 de
1162 926 1319 949 consensu
1342 926 1399 948 suo
1423 926 1578 958 expresso
1601 916 1731 948 inantea
1747 916 1850 957 possi-

194 967 283 1008 deas,
305 967 449 1000 dimittas
472 969 621 1001 continuo
644 969 764 1001 liberas
787 973 819 1001 et
842 969 973 1002 solutas.

301 1027 422 1060 Datum
438 1028 627 1071 Ratispone‚
643 1029 703 1061 XI.
715 1029 832 1061 Kalen.
845 1028 1026 1070 Februarii,
1041 1038 1125 1061 anno
1141 1026 1387 1068 MCCGXVIII,
1404 1029 1494 1070 regni
1510 1028 1609 1060 nostri
1625 1038 1709 1060 anno
1725 1032 1850 1070 quarto.

296 1261 372 1298 472.
405 1260 521 1298 MAN
531 1260 724 1299 DATUM
751 1261 919 1298 FRIDE
926 1260 1038 1298 RICI
1065 1260 1237 1299 SUPER
1260 1261 1326 1298 TE
1332 1260 1436 1299 LON
1444 1261 1532 1299 EIS
1560 1260 1709 1298 RHEN
1716 1262 1746 1298 1.

854 1330 963 1366 1318.
1000 1329 1109 1366 Febr.
1134 1330 1191 1366 10.

306 1427 486 1470 Oriyinalia
513 1428 576 1461 duo
602 1432 615 1460 1
642 1431 671 1460 et
700 1430 718 1460 2
749 1429 785 1460 in
814 1428 975 1461 tabulario
1004 1429 1089 1470 reyio
1111 1428 1390 1470 Dusseldmpiensi
1413 1430 1574 1462 ‘Kurko'ln
1596 1431 1684 1462 519‘.
1733 1430 1850 1463 Contu-

194 1479 290 1513 limus
311 1490 378 1513 nos.
436 1479 607 1521 Utriusque
635 1480 733 1521 siqilli
758 1480 942 1521 fragmenta
967 1481 1107 1521 pendent
1133 1481 1210 1514 loris
1238 1481 1490 1514 membranaceis.
1522 1502 1563 1506 —
1593 1482 1656 1514 Ed.
1674 1482 1851 1515 Lacomblet

194 1531 478 1566 ‘Urkundenbuch’
501 1531 571 1570 III,
595 1532 660 1564 137
680 1542 730 1565 nr.
748 1533 811 1563 168
833 1542 873 1564 esc
898 1535 925 1565 1.

301 1591 448 1630 Bo'hmer,
470 1591 546 1632 Req.
562 1592 677 1625 Dudw.
695 1602 730 1632 p.
747 1592 811 1623 385
833 1592 1003 1624 Friedrich
1025 1602 1074 1625 nr.
1091 1593 1155 1624 345
1178 1593 1305 1634 (Addit.
1322 1593 1407 1635 III).

300 1682 484 1716 Fridericus
516 1682 580 1715 Dei
610 1683 720 1725 gracia
746 1682 966 1715 Romanorum
1000 1693 1060 1715 rex
1092 1693 1222 1725 semper
1254 1687 1409 1726 augustus
1485 1684 1662 1717 venerabili
1695 1685 1851 1718 Heinrico

193 1734 379 1768 Coloniensi
401 1735 665 1776 archiepiscopo·
687 1734 770 1766 sacri
785 1733 924 1766 Romani
946 1734 1074 1776 imperii
1097 1745 1156 1777 per
1170 1735 1298 1768 Italiam
1323 1735 1636 1775 archicancellario·,
1660 1736 1795 1779 principi
1819 1741 1853 1769 et

193 1786 282 1820 affini
304 1797 362 1819 suo
385 1782 555 1818 karissimo
620 1786 764 1828 graciam
787 1796 877 1818 suam
903 1790 936 1818 et
958 1797 1053 1818 omne
1078 1786 1206 1819 bonum.

301 1839 422 1872 Vatum
453 1839 514 1881 piis
544 1838 682 1870 oraculis
709 1837 938 1880 colligaciones
967 1838 1142 1880 impietatis
1173 1838 1349 1871 dissolvere
1377 1849 1601 1871 ammonemur
1635 1843 1668 1871 et
1701 1841 1851 1872 nimirum

193 1889 351 1923 rectitudo
373 1890 510 1922 racionis
533 1890 679 1932 increpat
705 1893 738 1922 et
761 1889 911 1931 abscidit,
943 1890 1030 1932 quod
1054 1890 1186 1932 obliqua
1209 1890 1428 1922 consideracio
1452 1890 1654 1932 approbavit.
1700 1888 1785 1924 Sane
1809 1892 1851 1924 ad

192 1945 300 1975 nostre
330 1941 529 1975 celsitudinis
551 1942 699 1983 pervenit
727 1941 888 1981 auditum,
918 1941 1004 1983 quod
1034 1941 1127 1973 nobis
1149 1952 1207 1983 pro
1236 1942 1318 1974 sacri
1340 1942 1480 1974 Romani
1503 1943 1629 1984 imperii
1653 1944 1797 1985 negociis
1819 1944 1851 1975 in

193 1993 339 2036 partibus
354 1994 484 2026 Austrie
505 1993 718 2026 existentibus
734 1993 875 2035 quedam
891 1994 1138 2025 communitates
1154 1993 1354 2035 quarundam
1370 1994 1536 2026 civitatum
1558 1994 1591 2026 in
1606 1993 1690 2026 Reni
1706 1995 1852 2036 partibus

193 2045 403 2079 existencium
431 2045 491 2078 sub
519 2045 685 2078 cuiusdam
712 2055 811 2088 prave
838 2045 1086 2087 conspiracionis
1110 2045 1284 2085 velamine,
1312 2049 1495 2077 asserentes
1522 2056 1557 2077 se
1581 2046 1743 2088 quandam
1766 2047 1851 2080 velle

194 2098 370 2130 communis
398 2097 503 2139 patrie
532 2107 647 2139 pacem
681 2107 870 2138 procurare,
901 2100 937 2129 ut
964 2096 1102 2129 eandem
1131 2107 1246 2139 pacem
1279 2097 1382 2129 tucius
1413 2096 1607 2138 defendere,
1637 2108 1746 2140 ymmo
1776 2109 1852 2131 suas

194 2148 427 2191 concepciones
449 2147 672 2180 fraudulentas
696 2147 831 2190 palliare
855 2152 997 2189 possent,
1022 2148 1160 2190 quedam
1185 2158 1269 2180 nova
1291 2148 1445 2181 thelonea
1467 2148 1555 2191 apud
1578 2149 1850 2191 Oonfluenoiamb‚

193 2198 364 2242 Remagen
391 2203 424 2232 et
447 2199 615 2232 Coloniam
641 2200 860 2240 instituerunt,
890 2203 1041 2241 pretextu
1065 2210 1199 2241 quorum
1222 2200 1341 2232 nedum
1364 2199 1527 2232 seculares
1554 2200 1613 2233 sed
1640 2204 1674 2233 et
1696 2202 1850 2234 ecclesia-

193 2251 290 2285 sticas
310 2262 466 2295 personas
487 2263 551 2284 non
574 2251 677 2284 solum
701 2251 842 2284 humano
865 2251 941 2283 sed⁰
964 2254 998 2283 et
1020 2250 1128 2283 divino
1156 2251 1225 2283 iure
1248 2251 1291 2284 ab
1313 2251 1498 2284 huiusmodi
1519 2252 1679 2285 solutione
1703 2253 1850 2286 thelone-

194 2313 286 2336 orum
307 2303 468 2336 immunes
489 2303 522 2335 in
537 2302 671 2345 prefatis
689 2303 768 2335 locis
784 2302 879 2345 longe
895 2303 967 2345 plus
984 2313 1080 2344 quam
1097 2303 1184 2344 prius
1199 2302 1336 2344 talliant,
1360 2305 1568 2336 exactionaut
1589 2308 1687 2346 atque
1704 2309 1849 2347 gravant.

193 2353 316 2387 Verum
339 2365 412 2388 cum
434 2355 495 2388 hec
517 2355 550 2387 in
573 2355 654 2387 sacri
667 2355 806 2388 Romani
829 2355 956 2396 imperii
979 2359 1012 2387 et
1034 2357 1142 2387 nostre
1165 2355 1255 2396 regie
1277 2355 1456 2388 maiestatis
1478 2359 1700 2397 contemptum
1723 2367 1787 2388 non
1810 2357 1852 2389 sit

195 2404 327 2439 dubium
350 2406 420 2439 fore
443 2410 566 2440 temere
592 2409 800 2448 attemptata,
824 2406 994 2449 presertim
1017 2416 1090 2438 cum
1113 2417 1176 2438 non
1199 2406 1302 2438 solum
1330 2406 1393 2438 hiis
1420 2407 1577 2448 contenti,
1607 2418 1719 2440 verum
1746 2409 1850 2440 eciam

194 2457 361 2499 thelonea,
391 2468 453 2501 que
483 2457 526 2490 ob
549 2461 604 2491 tua
633 2461 667 2490 et
689 2458 826 2490 ecclesie
850 2462 904 2490 tue
926 2458 1043 2490 merita
1063 2458 1096 2490 in
1118 2457 1313 2491 Andemaco
1336 2463 1371 2491 et
1392 2458 1508 2491 Bunna
1530 2462 1598 2491 tam
1619 2463 1730 2491 nostra
1753 2470 1850 2502 quam

167 2519 174 2525 ·
194 2508 460 2551 predecessorum
489 2512 671 2542 nostrorum
698 2510 890 2542 auctoritate
914 2509 1062 2549 tenebas,
1093 2519 1174 2541 ausu
1203 2509 1327 2542 nefario
1350 2509 1561 2552 deposuerint
1583 2514 1695 2553 teque,
1726 2515 1762 2543 ut
1792 2522 1851 2554 per

151 2727 179 2747 40

195 2561 398 2603 septennium
432 2571 544 2594 eorum
577 2561 610 2593 in
636 2561 697 2593 hac
725 2564 818 2603 parte
852 2560 911 2592 sub
940 2560 1089 2592 simulate
1118 2561 1207 2602 pacis
1234 2561 1348 2594 umbra
1379 2563 1613 2604 conspiracioni
1641 2564 1850 2601 consentires,

195 2611 390 2652 induxerint,
412 2622 453 2644 ne
477 2615 509 2644 te
531 2613 691 2645 renitente
714 2613 803 2654 pacis
825 2616 981 2654 concepte
1002 2612 1147 2645 turbaoio
1170 2613 1325 2654 eveniret,
1389 2623 1449 2647 noe
1471 2614 1533 2646 hec
1556 2615 1588 2646 in
1611 2615 1726 2647 scrinio
1750 2615 1850 2646 nostri

196 2664 336 2705 pectoris
358 2663 561 2696 revolventes
585 2667 673 2696 tanto
696 2665 826 2706 gravius
849 2663 991 2706 ferimus,
1015 2668 1134 2706 quanto
1152 2664 1425 2707 contemptibilius
1448 2669 1559 2697 contra
1582 2670 1723 2697 nostram
1747 2667 1849 2698 maie-

197 2717 314 2747 statem
345 2715 468 2757 regiam
495 2715 555 2747 hec
583 2719 656 2747 sunt
682 2719 764 2747 acta.
809 2715 851 2748 Et
874 2716 949 2758 quia
977 2715 1019 2747 ad
1047 2726 1179 2758 presens
1205 2716 1236 2747 in
1260 2717 1391 2748 remotis
1414 2722 1549 2759 agentes
1571 2717 1648 2758 hiis,
1678 2723 1713 2749 ut
1742 2723 1849 2749 nostra

299 2806 366 2836 478·
393 2809 416 2841 ⁸)
435 2809 524 2842 srcby-
542 2808 567 2836 2.
655 2809 681 2843 b)
700 2810 889 2836 Conflusnuam
908 2809 932 2835 2.
1021 2811 1044 2839 θ)
1062 2816 1101 2836 set
1119 2809 1143 2836 2.

301 2867 338 2886 ιι.
349 2867 563 2886 οοκετιτυτιοπεε
573 2867 597 2886 v.
1608 2863 1642 2890 49
