2190 3172
489 222 588 251 ACTA
601 222 719 252 REGNI
738 221 921 250 LUDEWICI
941 222 987 249 IV.
1006 222 1052 249 ΕΤ
1072 222 1256 250 FRIDERICI
1274 222 1322 249 111.
1359 223 1434 250 1315.
1470 222 1519 250 Nr.
1532 223 1592 251 205.
1803 227 1860 258 185

326 311 371 350 (1)
395 309 463 341 Nos
491 309 684 342 Ludowicus
710 309 773 341 Dei
800 309 910 351 gracia
932 308 1151 340 Romanorum
1174 319 1232 340 rex
1256 318 1385 350 semper
1407 313 1561 350 augustus
1584 311 1862 351 recognoscimus·

218 361 347 404 publice
379 364 412 393 et
437 361 591 402 fatemur,
617 360 702 403 quod
729 359 906 393 venerabili
930 359 1028 392 Petro
1057 359 1299 402 archiepiscopo
1328 359 1517 402 Moguntino
1542 361 1676 402 principi
1700 364 1733 392 et
1756 372 1860 394 secre-

219 413 302 445 tario
323 416 432 445 nostro
462 412 631 445 karissimo
660 416 694 444 et
716 411 851 444 ecclesie
879 422 936 443 sue
960 411 1173 453 obligavimus
1196 415 1229 443 et
1255 422 1314 454 per
1336 416 1504 454 presentes
1526 412 1707 454 obligamus
1731 413 1861 454 opidum

220 467 254 497 et
287 467 424 497 castrum
459 463 678 506 Oppenheim‚
713 462 844 506 opidum
879 462 1092 503 0dernheim,
1128 466 1266 495 castrum
1302 462 1530 506 Swabeuberg,
1568 464 1660 495 villas
1694 467 1863 507 utramque

188 530 200 550 s
218 516 421 559 Ingelnheim
443 519 477 549 et
498 516 607 548 villam
630 515 800 548 Nersteinb
823 525 895 547 cum
919 515 1066 547 omnibus
1090 515 1264 547 eorundem
1280 514 1459 557 opidorum,
1476 520 1651 547 castrorum
1668 519 1702 547 et
1717 516 1863 548 villarum

220 568 351 609 iuribus,
373 567 644 600 iurisdictionibus
667 568 748 599 meri
771 568 837 599 sive
860 567 952 598 mixti
969 567 1105 609 imperii,
1123 566 1330 608 districtibus,
1345 566 1529 608 honoribus,
1546 567 1712 607 fructibus,
1728 567 1862 599 redditi-

221 618 290 659 bus,
313 618 562 651 obvencionibus
578 621 611 650 et
624 618 826 661 pertinentiis
842 618 1006 657 universis,
1029 628 1230 659 quocumque
1254 618 1322 649 iure
1346 618 1397 650 vel
1420 619 1548 650 nomine
1571 623 1775 658 censeantur,
1800 629 1862 661 que

221 669 263 703 ad
289 671 360 712 ipsa
387 669 496 712 opida,
525 673 630 702 castra
660 673 694 702 et
720 669 812 701 villas
842 669 1003 711 pertinent
1030 669 1082 701 vel
1112 669 1153 701 ab
1183 670 1316 711 antiquo
1340 671 1501 712 pertinere
1533 675 1781 710 consueverunt,
1805 682 1862 713 pro

221 721 335 754 decem
362 721 492 754 milibus
517 721 671 754 librarum
701 720 903 753 Hallensium
932 724 964 752 et
991 721 1103 763 viginti
1125 720 1216 752 libris
1238 720 1441 754 Hallensium
1465 721 1616 764 legalium
1641 726 1674 754 et
1696 722 1863 763 bonorum,

178 789 203 808 ιο
220 784 300 816 quas
328 773 421 806 nobis
447 774 480 806 in
506 776 620 816 parata
646 773 782 815 pecunia
804 773 976 812 mutuavit,
1000 772 1200 814 integraliter
1223 774 1420 813 numeravit,
1443 773 1577 805 tradidit
1599 778 1632 805 et
1655 774 1809 815 persolvit
1831 779 1864 806 et

219 818 425 859 innostram
459 835 497 858 ac
530 825 612 857 sacri
644 825 772 867 imperii
803 823 976 856 utilitatem
1005 825 1220 856 convertimus
1248 824 1440 857 evidentem.
1498 825 1570 857 Hoc
1604 829 1676 857 acto
1710 835 1863 867 expresse

221 877 307 920 quod
331 902 338 910 .
355 900 364 910 .
387 877 528 918 sculteti,
551 877 699 918 officiati,
722 879 900 909 castrenses
924 875 1082 909 dictorum
1111 881 1287 909 castrorum
1312 881 1345 909 et
1368 889 1479 910 omnes
1508 878 1613 910 incole
1638 878 1806 920 opidorum
1831 883 1864 910 et

219 928 367 962 villarum
389 928 605 971 predictarum
629 928 713 960 dicto
736 927 979 970 archiepiscopo
1003 932 1052 960 et⁰
1074 929 1313 960 successoribus
1336 931 1400 961 suis
1423 931 1476 972 qui
1500 940 1558 972 pro
1584 934 1728 972 tempore
1745 930 1865 961 fuerint

221 980 263 1013 de
294 980 438 1024 parendo
466 984 499 1013 et
529 979 710 1013 obediendo
742 981 773 1011 in
804 979 964 1021 omnibus,
993 990 1088 1022 quam
1113 980 1167 1012 diu
1190 980 1371 1013 huiusmodi
1395 981 1558 1013 duraverit
1581 982 1758 1023 obligacio,
1782 986 1863 1013 tam-

178 1046 203 1066 1⁵
222 1043 318 1076 quam
352 1032 444 1065 nobis
477 1036 510 1064 et
541 1032 581 1064 de
615 1032 886 1064 amministrandis
919 1032 1066 1064 omnibus
1101 1031 1296 1073 redditibus,
1330 1033 1521 1065 utilitatibus
1553 1037 1586 1065 et
1614 1033 1864 1065 obvencionibus

222 1083 379 1117 dictorum
406 1083 590 1126 opidorum,
613 1087 790 1116 castrorum
813 1086 846 1115 et
868 1083 1031 1124 villarum,
1061 1084 1143 1115 sicut
1174 1083 1256 1116 divis
1278 1084 1561 1126 predecessoribus
1586 1086 1702 1116 nostris
1724 1085 1864 1127 impera—

221 1135 344 1169 toribus
371 1140 405 1168 et
429 1135 649 1168 Romanorum
678 1135 808 1177 regibus
836 1135 1009 1167 ministrari
1038 1140 1285 1175 consueverunt,
1309 1137 1476 1178 corporale
1499 1137 1715 1168 iuramentum
1739 1141 1864 1178 presta-

221 1188 309 1221 bunt.
397 1187 446 1230 (2)
469 1187 511 1220 Et
534 1187 609 1230 quia
631 1187 794 1230 predictus
817 1187 1077 1229 archiepiscopus
1100 1187 1262 1230 predictas
1284 1188 1437 1230 pecunias
1459 1198 1522 1219 non
1550 1188 1590 1220 de
1614 1188 1705 1220 bonis
1729 1188 1864 1220 ecclesie

221 1239 426 1282 Moguntine,
453 1239 512 1271 sed
538 1239 579 1271 de
607 1240 735 1281 proprio
764 1239 890 1281 peculio
921 1239 1082 1281 erogavit,
1110 1243 1215 1271 actum
1250 1242 1298 1271 est
1326 1243 1360 1271 et
1389 1249 1594 1281 expressum,
1618 1239 1704 1282 quod
1727 1239 1864 1271 liberum

178 1303 205 1324 ω
222 1292 283 1324 sibi
307 1302 378 1325 esse
401 1290 521 1324 debeat
546 1290 719 1323 transferre
747 1291 779 1322 in
803 1301 1036 1334 quemcumque
1060 1291 1112 1323 vel
1135 1301 1354 1333 quoscumque
1377 1291 1456 1323 velit
1478 1291 1519 1323 de
1543 1291 1711 1333 parentela
1733 1302 1791 1323 sua
1813 1291 1864 1323 vel

221 1343 263 1377 ad
289 1344 344 1386 pia
368 1343 440 1376 loca
466 1354 524 1386 pro
554 1342 658 1375 salute
685 1343 791 1375 anime
822 1354 878 1375 sue
907 1347 981 1385 post
1007 1342 1130 1375 obitum
1156 1354 1248 1375 suum
1275 1344 1324 1375 ius
1352 1342 1439 1385 quod
1465 1342 1565 1374 habet
1595 1353 1637 1374 ex
1661 1343 1864 1385 obligacione

221 1395 403 1428 huiusmodi
428 1395 462 1427 in
489 1395 614 1435 castris,
642 1394 745 1438 opidis
773 1398 806 1427 et
835 1394 917 1426 villis
939 1395 1134 1428 memoratis.
1181 1394 1214 1426 Si
1238 1405 1314 1427 vero
1337 1396 1368 1426 in
1391 1394 1513 1426 nullum
1537 1394 1634 1426 alium
1657 1395 1865 1436 transtulerit,

222 1450 340 1480 extunc
371 1457 571 1480 successores
605 1447 653 1479 sui
686 1446 919 1489 archiepiscopi
952 1446 1131 1488 Moguntini
1168 1447 1221 1489 qui
1256 1457 1314 1489 pro
1345 1450 1490 1488 tempore
1521 1446 1640 1478 fuerint
1668 1450 1701 1478 et
1728 1446 1865 1478 ecclesia

222 1498 411 1541 Moguutina
433 1498 494 1531 sibi
517 1498 637 1531 debent
659 1498 832 1531 succedere
856 1499 888 1530 in
912 1498 1038 1540 eodem,
1062 1499 1107 1530 ita
1130 1502 1240 1530 tamen
1263 1498 1349 1541 quod
1374 1498 1416 1529 ad
1439 1498 1640 1530 subeundum
1664 1508 1778 1536 onera,
1803 1508 1865 1540 que

180 1561 206 1582 ns
225 1550 346 1583 eisdem
369 1550 604 1583 successoribus
626 1551 690 1582 suis
714 1554 747 1582 et
770 1551 906 1582 ecclesie
923 1550 1110 1592 Moguntine
1134 1550 1236 1582 dictus
1258 1550 1518 1592 archiepiscopus
1541 1550 1715 1581 iniunxerit
1738 1550 1865 1581 racione

223 1603 439 1646 predictorum
461 1602 629 1643 bonorum,
653 1602 835 1634 omnimode
859 1606 1037 1634 teneantur.
1126 1602 1173 1644 (3)
1197 1602 1280 1634 Item
1305 1606 1353 1634 est
1369 1605 1475 1634 actum
1492 1601 1578 1644 quod
1594 1601 1738 1643 predicta
1759 1600 1867 1643 opida,

224 1654 349 1688 castra‘¹
381 1658 415 1687 et
441 1654 516 1686 ville
545 1664 608 1686 non
635 1655 758 1696 possint
779 1665 839 1686 nec
862 1653 1005 1686 debeant
1027 1653 1159 1693 redimi,
1182 1654 1241 1686 nisi
1269 1655 1356 1696 prius
1379 1653 1544 1695 predict0⁰
1566 1653 1809 1694 archiepiscopo
1833 1655 1868 1684 et

224 1706 360 1739 ecclesie
387 1705 574 1748 Moguntine
604 1705 788 1738 dederimus
814 1709 847 1738 et
877 1705 1102 1738 tradiderimus
1129 1706 1257 1748 plenam
1286 1706 1521 1748 possessionem
1551 1706 1645 1737 castri
1672 1703 1867 1736 Lindenvels

225 1761 259 1791 et
281 1768 391 1791 eorum
415 1768 477 1800 que
499 1757 542 1790 ad
563 1758 668 1800 ipsum
691 1760 830 1790 castrum
853 1759 1023 1799 pertinent,
1047 1762 1142 1799 prout
1165 1757 1225 1789 hoc
1248 1758 1279 1788 in
1303 1757 1373 1789 aliis
1396 1757 1512 1788 litteris
1534 1757 1650 1788 nostris
1679 1755 1737 1787 sub
1761 1755 1867 1797 sigillo

180 1821 207 1842 ω
223 1813 332 1842 nostro
355 1810 524 1845 comitatus
546 1809 679 1852 palatini
702 1809 786 1842 Reni
809 1809 943 1841 ducatus
966 1809 1112 1841 Bawarie
1136 1809 1290 1841 confectis
1313 1809 1475 1850 desuper¹
1501 1808 1649 1840 duximus
1677 1807 1865 1850 promitten-

222 1861 309 1894 dum.
397 1861 444 1904 (4)
466 1861 602 1893 Fructus
632 1871 775 1904 quoque,
806 1861 961 1893 utilitates
985 1865 1018 1893 et
1040 1861 1256 1893 obvenciones
1280 1860 1516 1903 predictorum‘
1537 1860 1718 1902 opidorum,
1743 1864 1865 1891 castro-

223 1913 315 1946 rum‘¹
343 1916 376 1946 et
402 1913 548 1945 villarum
576 1914 608 1945 in
635 1916 756 1944 sortem
784 1913 915 1945 minime
939 1913 1058 1945 debent
1081 1913 1270 1955 computari.
1316 1912 1381 1944 Eos
1405 1913 1523 1944 etenim
1548 1922 1673 1943 exnunc
1697 1911 1811 1943 damus
1835 1914 1868 1942 et

225 1964 380 1997 donamus
402 1964 579 1997 liberaliter
602 1964 747 2007 predicto
771 1965 1013 2007 archiepiscopo
1037 1968 1069 1997 et
1092 1965 1227 1996 ecclesie
1243 1964 1430 2006 Moguntine
1448 1964 1500 1995 vel
1524 1964 1554 1995 ei
1578 1963 1628 1995 vel
1652 1963 1708 2003 eis,
1732 1964 1763 1994 in
1787 1973 1868 2004 quos

223 2015 439 2059 predictorum
476 2016 664 2059 opidorum,
696 2015 894 2048 castrorumd
928 2019 961 2048 et
994 2016 1140 2048 villarum
1170 2015 1405 2058 obligacionem
1434 2026 1491 2047 seu
1522 2014 1715 2057 ypothecam
1740 2014 1869 2046 duxerit

181 2079 206 2100 aa
224 2068 488 2101 transferendam.
585 2068 630 2110 (5)
659 2067 898 2100 Renunciamus
931 2078 1059 2110 quoque
1094 2068 1126 2099 in
1159 2068 1321 2109 premissis
1355 2068 1542 2109 excepcioni
1578 2067 1643 2099 doli
1677 2066 1771 2106 mali,
1805 2076 1868 2097 non

223 2122 407 2159 numerate,
440 2130 503 2152 non
526 2119 645 2160 solute,
676 2130 739 2152 nou
762 2119 879 2151 tradite
901 2120 1037 2161 pecunie
1068 2123 1101 2151 et
1128 2120 1213 2151 omni
1236 2120 1290 2151 alii
1314 2119 1502 2161 excepcioni
1529 2129 1587 2150 seu
1613 2119 1689 2150 iuris
1711 2117 1867 2149 beneficio

225 2172 343 2213 scripto
366 2171 418 2203 vel
440 2182 504 2203 non
526 2172 655 2213 scripto,
679 2181 737 2213 per
759 2181 821 2214 que
844 2171 1026 2203 huiusmodi
1049 2174 1157 2203 nostra
1181 2171 1340 2213 obligacio
1364 2171 1545 2213 impugnari
1563 2174 1673 2212 posset
1688 2169 1867 2212 quomodo-

223 2222 303 2255 libet
325 2223 378 2255 vel
398 2223 537 2265 infringi.
625 2222 685 2266 I[n]
717 2224 804 2255 cuius
838 2223 885 2255 rei
919 2223 1136 2255 testimonium
1171 2226 1204 2255 et
1236 2223 1420 2254 firmitatem
1450 2222 1626 2265 pleniorem
1658 2221 1715 2252 has
1745 2220 1869 2252 litteras

226 2273 372 2306 dedimus
394 2275 535 2317 signatas
557 2279 664 2306 nostre
687 2275 813 2317 typario
836 2275 1022 2307 maiestatis.

181 2347 208 2368 ω
330 2334 405 2366 Dat.
422 2334 618 2376 wormacie,
641 2335 771 2367 xvnib
793 2334 931 2367 Kalend.
955 2334 1126 2376 Februar.‚
1156 2345 1239 2367 anno
1267 2334 1398 2367 Domini
1428 2333 1598 2366 millesimo
1629 2332 1868 2364 trecentesimo*

226 2385 473 2428 quintodecimo,
497 2386 588 2428 regni
610 2396 686 2418 vero
710 2386 809 2418 nostri
830 2396 913 2418 anno
936 2386 1048 2428 primo.

328 2540 395 2568 205.
422 2542 446 2574 ¹)
464 2543 671 2575 recognoscimus
690 2542 713 2568 1.
800 2541 827 2574 b)
845 2541 963 2567 Nerstein
982 2539 1006 2566 2.
1094 2539 1117 2572 ⁰)
1136 2560 1141 2566 .
1157 2559 1163 2566 .
1183 2540 1244 2565 add.
1263 2540 1286 2566 2.
1380 2539 1406 2572 δ)
1424 2546 1500 2567 castr.
1512 2542 1579 2575 opid.
1598 2541 1622 2567 2.
1714 2541 1737 2566 ο)
1756 2540 1822 2564 dicto
1840 2538 1865 2565 2.

226 2582 247 2617 ἲ)
265 2585 390 2610 dictorum
409 2583 433 2610 2.
521 2585 546 2618 8)
563 2589 698 2618 ypotecam
717 2584 742 2611 2.
829 2583 856 2616 ¹¹)
876 2584 1014 2609 abscissum
1032 2583 1056 2609 1.
1144 2582 1164 2615 ἰ)
1183 2584 1281 2609 ΜΟΟΟ.
1301 2583 1324 2609 2.

330 2677 356 2712 1)
373 2677 463 2712 Supra
479 2686 522 2706 nr.
535 2681 569 2706 58
586 2686 645 2712 cap.
657 2683 674 2705 4
692 2681 717 2705 et
733 2686 775 2705 m.
788 2681 830 2711 σο,
848 2678 958 2711 {ten-que
975 2685 1016 2704 nr.
1031 2681 1077 2704 141
1094 2679 1117 2703 ά
1134 2677 1212 2710 infra
1230 2676 1267 2703 ad
1283 2685 1309 2703 a.
1325 2679 1389 2703 1315.
1405 2676 1474 2703 Μαί.
1486 2679 1528 2703 26.

331 2896 370 2916 n..
383 2896 608 2916 oonsmurxonss
620 2897 646 2915 v.
1629 2886 1662 2912 24
