2184 3126
380 235 477 264 ACTA
496 216 609 262 REGNl
629 232 814 262 LUDEWIOI
834 233 881 261 IV.
900 233 946 260 ΕΤ
966 231 1149 260 rmnssmcl
1170 231 1219 260 111.
1257 231 1332 260 1324.
1369 230 1417 259 Nr.
1430 231 1490 259 916.
1502 231 1562 259 917.
1580 231 1640 260 918.
1778 233 1841 264 759

182 333 240 366 pro
269 325 358 355 certo
392 322 561 355 invenietis
592 331 662 353 esse
691 321 939 363 permaximum,
975 330 1047 352 cum
1081 319 1272 353 obediencie
1306 318 1376 351 sola
1413 319 1526 361 religio
1557 319 1690 351 virtutes
1722 319 1841 350 inserat

181 375 355 407 universas.
401 373 516 416 Itaque
539 372 781 405 universitatem
804 375 944 405 vestram
968 381 1119 414 rogamus
1142 374 1176 404 et
1197 381 1366 404 monemus
1389 373 1522 411 attente,

182 426 333 469 quatinus
1039 422 1130 455 vobis
1165 422 1389 455 nichilominus
1419 432 1478 464 per
1511 421 1688 464 apostolica
1722 421 1841 463 scripta

1038 474 1239 516 mandantes,
1263 475 1412 518 quatinus
1436 484 1497 506 non
1519 473 1668 506 obstante
1685 483 1841 516 quocum-

151 540 164 559 ιι
1039 537 1102 569 que
1119 526 1286 569 privilegio
1303 525 1389 558 sedis
1404 525 1582 568 apostolice
1600 525 1690 557 vobis
1706 535 1842 567 exemp-

1037 579 1078 611 tis
1107 577 1249 618 indulto,
1284 578 1411 610 etiamsi
1441 581 1606 620 oporteret
1639 576 1680 609 de
1715 576 1771 609 illo
1801 576 1842 609 de

1037 629 1136 662 verbo
1159 629 1201 662 ad
1225 629 1359 661 verbum
1382 629 1512 671 plenam
1537 632 1570 661 et
1598 638 1786 671 expressam
1810 629 1841 660 in

1038 680 1239 723 presentibus
1262 681 1331 713 fieri
1354 681 1567 722 mencionem,

182 735 267 767 circa
290 733 546 776 publicacioncm
570 735 604 765 et
621 733 850 765 execucionem
871 742 1088 775 processuum,
1112 742 1192 775 quos
1208 731 1363 765 adversus
1386 733 1486 764 virum
1511 732 1717 774 magnificum
1731 731 1841 764 Ludo-

139 795 165 816 ιο
183 786 289 818 vicum
317 785 431 817 ducem
461 784 600 816 Bavarie
630 783 821 816 discorditer
851 784 883 816 in
910 794 1020 827 regem
1050 783 1269 816 Romanorum
1300 784 1438 816 electum
1469 784 1633 827 hucusque
1661 783 1842 824 habuimus,

182 836 361 870 venerabili
388 837 479 869 fratri
506 839 615 868 nostro
644 835 780 868 Iohanni
807 836 961 878 episcopo
984 836 1213 878 Argentinensi
1242 835 1283 867 ad
1313 835 1561 878 requisicionem
1589 836 1689 878 ipsius
1716 836 1761 867 sic
1784 846 1842 878 pro

182 891 292 921 nostra
316 891 350 920 et
371 888 550 930 apostolice
574 887 659 920 sedis
675 888 862 920 reverencia
884 887 1074 920 obedienter
1097 897 1135 919 ac
1159 887 1308 920 celeriter
1323 888 1465 930 pareatis
1489 891 1522 919 et
1536 887 1710 920 intendatis
1732 887 1847 920 effica:

184 940 273 982 citer,
297 942 393 982 prout
409 939 513 980 decet,
538 939 624 982 quod
648 942 757 972 nostra
779 949 844 972 non
860 939 1071 972 censeamini·
1095 941 1128 971 et
1150 938 1297 971 eiusdem
1312 938 1399 971 sedis
1418 939 1589 982 preceptab
1612 942 1842 981 contempnere

185 994 220 1024 et
242 991 327 1034 apud
351 992 459 1024 Deum
482 1002 520 1024 ac
543 992 646 1034 ipsam
670 990 782 1023 sedem
806 991 936 1034 possitis
958 990 1000 1023 de
1023 990 1214 1023 obediencia
1237 991 1372 1033 prestita
1394 990 1584 1023 benemeriti
1608 1000 1777 1033 apparere.

139 1052 165 1073 ιο
226 1043 348 1076 Datum
371 1047 407 1076 ut
430 1044 556 1086 supral.
1082 1042 1203 1075 Datum
1226 1046 1262 1075 ut
1283 1053 1380 1085 supra
1404 1043 1561 1085 proxima.

226 1103 269 1136 In
292 1103 454 1136 eundem
477 1103 626 1135 modum
649 1102 774 1145 Spiren.

227 1155 270 1187 In
294 1166 322 1188 e.
339 1166 380 1187 m.
397 1155 549 1188 Basilien.

501 1316 588 1353 918.
630 1315 783 1352 Isitterae
810 1317 858 1352 ad
884 1317 1036 1352 comitem
1063 1315 1280 1352 Palatinum.
1386 1314 1467 1352 Iun.
1487 1318 1522 1352 3.

290 1398 490 1432 Contulimus
520 1402 533 1431 1
564 1398 784 1440 autoyraphon
813 1408 878 1431 mm
905 1399 1051 1431 emissum
1078 1399 1115 1430 in
1145 1398 1304 1431 tabulario
1327 1398 1482 1432 Vatictmo
1503 1399 1589 1431 inter
1611 1399 1842 1432 ‘Instrumenta

142 1461 170 1482 ω
187 1450 386 1483 miscellanea
409 1460 439 1482 a.
462 1449 556 1483 1324.
580 1460 665 1491 caps.
681 1450 739 1483 II’
762 1453 939 1490 servatum;
966 1452 1012 1482 est
1038 1450 1145 1482 littera
1168 1450 1295 1490 clausa;
1321 1450 1407 1483 bulla
1429 1451 1648 1489 desideratum·
1674 1451 1843 1491 inscriptio

185 1505 246 1535 est:
268 1502 333 1535 Dil.
350 1502 393 1534 fll.
410 1501 486 1536 nob.
502 1503 570 1534 viro
593 1501 715 1534 Adulfo
741 1502 852 1534 comiti
874 1501 1035 1541 Palatin.,·
1063 1502 1100 1534 in
1125 1512 1213 1535 verso
1235 1503 1309 1535 item
1329 1502 1445 1544 ἱερῆας·
1466 1502 1650 1535 tenuissime
1669 1502 1843 1543 scriptum:

186 1556 281 1597 grata
302 1554 362 1586 fuit
385 1553 508 1586 oblatio
532 1553 591 1597 [et]
615 1553 702 1597 qnod
726 1554 891 1596 compleat
918 1563 1018 1596 opere
1046 1553 1133 1596 quod
1156 1553 1256 1586 verbo
1281 1553 1412 1594 obtulit;
1445 1565 1506 1595 req.
1530 1554 1654 1587 Rienler
1675 1553 1841 1586 ‘Vatikm

185 1605 307 1638 Akten’
323 1616 359 1646 p.
379 1606 439 1637 179
461 1616 511 1638 nr.
528 1607 608 1644 365;
630 1605 747 1638 Monac
769 1606 902 1638 ‘Lettres
923 1606 1116 1638 communes'
1138 1616 1188 1638 nr.
1204 1606 1332 1644 2038&

294 1667 312 1698 2
336 1666 458 1706 copiam
485 1666 520 1698 in
548 1665 750 1707 Reyestorum
777 1665 916 1699 eiusdem
948 1665 1105 1698 tabularii
1134 1669 1206 1699 tom.
1228 1667 1336 1699 1121!
1353 1667 1407 1706 sol.
1426 1668 1467 1699 70
1489 1677 1539 1698 nr.
1555 1666 1636 1704 875,·
1664 1666 1711 1699 ed.
1736 1665 1842 1699 ‘Ober-

141 1727 166 1748 2⁵
185 1718 378 1760 bayerisches
404 1717 534 1751 Archiv’
557 1718 589 1757 I,
614 1719 655 1749 65
683 1728 732 1751 nr.
753 1719 796 1750 27
822 1729 862 1751 eat
889 1728 933 1756 c.,·
967 1729 1029 1759 req.
1054 1718 1158 1750 L5ker
1185 1718 1205 1752 l.
1233 1730 1258 1751 c.
1281 1730 1316 1759 p.
1335 1719 1401 1750 256
1426 1729 1477 1750 nr.
1494 1718 1575 1756 212,-
1608 1718 1760 1759 lamecen
1786 1718 1843 1750 der

185 1769 396 1812 Halzyrafen
418 1769 442 1809 Ι
461 1779 510 1802 nr.
526 1770 621 1802 2010.

293 1868 455 1901 Iohannes
478 1869 648 1911 episcopus
670 1879 782 1902 servus
804 1879 969 1902 servorum
986 1869 1048 1902 Dei
1137 1870 1257 1902 dilecto
1282 1870 1368 1902 filio·
1391 1870 1491 1903 nobili
1513 1870 1580 1902 viro
1596 1869 1719 1902 Adulfo
1735 1869 1845 1902 comiti

185 1920 364 1963 Palatin(o)
452 1921 589 1952 salutem
613 1923 646 1953 et
669 1920 879 1962 apostolicam
905 1920 1164 1954 benedictionem
1173 1922 1197 1953 b.

293 1972 434 2004 Litteras
455 1972 634 2004 nobilitatis
661 1975 716 2004 tue
743 1973 870 2005 noviter
892 1972 985 2005 nobis
1011 1973 1143 2005 missas⁰
1166 1976 1301 2015 paterna
1325 1973 1526 2016 benignitate
1549 1973 1744 2016 recepimus,
1772 1973 1845 2005 dili·

100 2035 104 2039 ’
140 2038 169 2059 ω
186 2026 302 2066 genter
324 2023 451 2056 illarum
474 2024 673 2066 inspeximus
695 2024 812 2056 seriem
836 2027 870 2056 et
892 2024 1021 2056 demum
1046 2024 1134 2067 quod
1156 2025 1298 2067 ipsarum
1314 2025 1441 2057 baiulus
1463 2035 1572 2057 coram
1592 2024 1684 2057 nobis
1707 2035 1765 2067 pro
1788 2027 1843 2056 tua

187 2078 280 2118 parte
303 2076 485 2118 proposuit,
514 2078 681 2118 gratanter
703 2075 885 2108 audivimus
908 2079 942 2108 et
965 2076 1142 2108 liberaliter
1168 2076 1391 2109 exaudivimus
1418 2076 1538 2109 etiam‘¹
1561 2079 1716 2118 quantum
1747 2076 1845 2108 licere

185 2125 279 2159 nobis
302 2127 529 2159 extimavimus
552 2127 583 2159 in
607 2128 727 2169 petitis.
773 2128 984 2160 Intendentes
1007 2132 1039 2160 te
1063 2134 1122 2160 ac‘
1145 2128 1276 2160 domum
1300 2131 1389 2160 tuam
1412 2128 1692 2161 recommendatos
1715 2127 1846 2169 habere,

187 2187 266 2210 oum*
284 2188 377 2211 casus
400 2179 600 2221 exposcerit,
629 2180 660 2211 in
685 2179 911 2212 benevolentia
938 2183 972 2211 et
999 2179 1119 2212 favore.
1166 2179 1318 2212 Ceterum
1343 2180 1541 2212 oblationem
1565 2183 1653 2212 tuam
1677 2183 1845 2222 acceptam

186 2229 282 2262 valde
305 2229 464 2263 habentes
487 2234 521 2263 et
542 2234 679 2273 gratam,
703 2241 855 2274 rogamus
870 2230 1073 2264 nobilitatem
1093 2235 1181 2264 tuam
1205 2235 1239 2264 et
1261 2232 1428 2264 hortamur
1449 2235 1584 2272 attente,
1608 2232 1757 2274 quatinus
1773 2241 1846 2263 cum

142 2289 169 2310 ⁸³
188 2279 340 2314 effoetum
362 2281 482 2315 debeat
505 2281 626 2330 oblatio
649 2283 811 2325 prosequi,
835 2282 1015 2325 adimpleas
1037 2293 1147 2325 opere,
1171 2283 1257 2326 quod
1281 2283 1374 2316 nobis
1397 2283 1592 2316 verbotenus
1615 2283 1769 2315 obtulisti.

293 2339 368 2374 Dat.
391 2341 590 2385 Avinion(e),
604 2342 664 2374 ΙΙΙ.
689 2343 772 2375 Νοῃ.
797 2343 891 2382 Iunii,
915 2343 1119 2385 pontificatus
1142 2344 1241 2376 nostri
1265 2354 1348 2376 anno
1372 2343 1511 2376 octam'.

289 2471 356 2502 ⁹1⁶.
373 2473 440 2502 917.
467 2475 491 2508 ι)
509 2484 561 2502 non
579 2484 647 2502 oens.
661 2481 748 2503 nostra
767 2476 800 2503 B.
889 2475 914 2508 b)
933 2477 1083 2503 mandata
1101 2477 1133 2503 B.

289 2544 358 2573 ⁹18.
385 2546 409 2579 ⁸)
426 2546 598 2574 Iohannes—
610 2548 663 2574 alio
680 2549 733 2575 den.
751 2548 776 2575 2.
891 2548 918 2582 b)
937 2550 1044 2576 salutem
1055 2564 1087 2568 —
1098 2551 1300 2577 benedictionem
1318 2551 1372 2578 dee.
1390 2551 1415 2578 2.
1531 2552 1555 2584 ι·)
1572 2560 1602 2579 as
1620 2552 1646 2578 in
1666 2553 1722 2579 loco
1740 2561 1802 2578 raso
1823 2552 1835 2578 l

185 2587 212 2622 (ἰ)
232 2589 282 2616 et?
300 2589 325 2616 2.
412 2591 437 2623 θ)
453 2592 486 2618 ad
504 2590 528 2618 2.
616 2591 636 2626 s)
654 2594 708 2620 loco
726 2595 804 2620 Avin.
815 2607 847 2612 —
858 2599 949 2620 octavo
966 2593 997 2620 2:
1017 2600 1045 2621 ut
1063 2603 1141 2629 supra
1159 2596 1284 2628 proxima.

144 2689 173 2709 ιο
296 2683 323 2716 1)'
340 2683 364 2711 I.
378 2691 399 2711 e.
418 2683 563 2717 Avinione‚
582 2685 617 2714 11.
631 2685 771 2714 Kalendas
790 2686 872 2719 lunii.
891 2695 964 2715 anno
982 2688 1091 2715 octavo.
