2184 3126
256 243 307 262 e.4.

258 297 276 311 0.
287 295 305 313 5.

256 448 275 463 c.

255 636 274 652 C.

253 1093 272 1110 c.

241 1814 259 1830 c.
271 1811 302 1830 10.

244 2327 263 2342 0.

276 2324 306 2342 u.

287 445 306 463 ὃ.

286 633 304 651 7.

321 157 384 187 656
594 152 690 179 ACTA
710 150 823 178 REGNI
842 149 1026 177 LUDEWICI
1044 149 1092 177 lv.
1110 149 1156 176 ΕΤ
1174 149 1360 177 FRIDERICI
1378 149 1427 177 111.
1465 150 1539 178 1324.
1576 149 1624 176 Nr.
1637 149 1696 177 836.

423 235 448 262 4.
475 234 544 261 Item
563 233 637 267 quod
656 232 780 259 volumus
798 231 888 258 eidem
905 229 1094 264 reverenciam
1112 229 1238 256 debitam
1257 231 1286 256 et
1304 229 1437 256 honorem
1455 229 1595 257 exhibere.

423 285 447 311 5.
474 284 664 311 Protestamur
681 283 805 317 insuper,
828 282 901 316 quod
925 280 1036 308 domino
1059 282 1152 308 nostro
1177 289 1283 308 summo
1308 281 1436 316 pontifici
1455 289 1516 308 eam
1535 290 1620 315 quam
1639 281 1772 309 debemus
1790 283 1819 309 et
1837 283 1969 316 quemad·

320 336 429 363 modum
448 336 580 362 Romano
598 334 736 369 pontifici
754 334 935 368 imperatores
953 334 982 359 et
1005 340 1084 366 reges
1103 333 1290 359 Romanorum
1313 332 1520 366 predecessores
1545 331 1632 360 nostri
1657 332 1862 365 obedienciam,
1885 332 1968 361 devo-

322 387 427 414 cionem
447 389 475 414 et
493 386 678 414 reverenciam
696 386 840 419 gesserunt
858 386 886 411 et
905 384 1069 416 habuerunt,
1090 383 1216 410 volumus
1234 382 1365 410 similiter
1382 391 1478 418 gerere
1497 385 1527 411 et
1544 383 1657 411 habere.

421 439 445 465 6.
471 439 541 465 Item
558 439 751 472 protestamur,
771 437 845 470 quod
863 437 968 462 statum
986 435 1056 462 sacri
1076 435 1194 462 Romani
1212 434 1324 469 imperii
1343 435 1372 462 et
1389 434 1460 465 iura,
1478 444 1522 462 res
1540 437 1570 462 et
1587 435 1705 463 honores
1722 444 1786 463 suos
1804 435 1897 464 salvos
1910 435 1969 464 sine
1999 446 2012 466 ι

320 490 474 525 preiudicio
498 490 647 517 cuiuslibet
669 489 749 515 iuxta
771 488 897 515 debitum
920 487 983 514 fidei
1014 489 1111 514 nostre
1141 489 1170 514 et
1198 486 1333 514 virtutem
1356 487 1471 521 prestiti
1494 483 1679 525 iuramenti,
1703 489 1842 523 quantum
1865 488 1969 516 scimus

320 543 349 568 et
371 550 525 575 possumus,
548 540 652 567 nostris
675 539 848 574 temporibus
871 539 1002 566 similiter
1024 539 1199 573 disponimus
1223 538 1373 566 custodire.

427 622 504 663 (III)
528 625 556 655 7.
595 622 619 654 G
645 621 722 654 Setd
746 622 890 663 quamvis
917 621 1024 653 eidem
1054 625 1168 652 domino
1196 625 1314 651 nostro*
1336 633 1445 652 summo
1474 625 1603 659 pontifici
1632 627 1662 653 et
1690 628 1787 654 sancte
1815 624 1969 662 R(omane)

319 678 434 705 ecclesie
457 678 542 704 matri
563 679 659 705 nostre
689 677 796 704 sincere
819 677 981 705 devocionis
1010 677 1141 704 affectum
1171 685 1282 710 semper
1309 673 1505 713 gesserimus
1533 675 1568 704 et
1593 677 1730 705 debitam
1757 678 1968 706 exhibuerimus

317 728 511 755 reverenciam
529 729 558 755 et
576 728 728 760 honorem,
751 728 787 754 ad
805 729 947 754 nostrume
966 727 1083 761 [tamen‚
1108 726 1182 760 quod
1200 728 1298 754 contra
1316 726 1479 762 premissaJr
1493 727 1608 755 minime
1626 729 1818 763 sperabamus,
1842 731 1968 757 recenter
1986 738 2013 758 ιο

317 779 458 813 per[venit
470 779 628 813 auditumst
648 779 774 806 eumdem
792 787 880 812 nuper
898 778 926 805 in
939 779 1064 805 Romana
1083 778 1160 805 curia
1178 778 1312 812 quosdam
1331 779 1516 814 pro[csssus]t
1532 781 1632 807 contra
1649 789 1700 807 nos
1718 780 1809 807 minus
1826 781 1969 816 graciosos

317 830 486 864 publicasse,
513 830 637 865 [imm01s
653 831 726 864 quod
748 830 827 857 salva
848 830 1008 857 reverencia
1026 830 1151 857 dicamus
1169 829 1308 856 animosos
1326 829 1515 869 [nimisquef
1539 831 1649 859 odiosos
1679 833 1710 859 et
1740 832 1901 864 iniuriosus,
1934 841 1968 860 ex

317 882 407 909 causis
426 882 518 917 [non]f
535 882 606 910 veris
624 884 653 910 et
672 885 768 909 contra
786 881 848 908 iura
866 884 895 909 et
913 882 1052 909 racionem
1071 881 1183 908 habitos
1201 883 1230 908 et
1249 881 1392 914 confictos,
1412 883 1560 917 vergentes
1582 882 1612 910 in
1634 885 1760 922 nostrum
1778 885 1808 911 et
1825 884 1898 912 sacri
1916 884 1967 912 im-

317 933 389 968 perii
407 933 621 968 disp[eu]dium¹’
636 935 665 961 et
683 933 820 961 iacturam
839 934 868 960 et
886 933 1049 960 scandalum
1069 933 1264 967 plurimorum,
1287 933 1359 960 uude
1377 933 1500 960 dissidiis
1527 935 1556 961 et
1573 933 1753 962 scismatibus
1770 935 1891 964 materia
1907 944 1968 971 pre-

318 986 444 1019 paratur,
468 993 530 1011 cum
549 986 606 1012 tam
626 985 767 1019 pa[tenter
785 984 934 1019 ee]rniturf
950 984 978 1010 in
997 983 1239 1011 dissolidacionem
1258 984 1435 1019 integritatis
1452 985 1570 1012 ecclesie
1589 985 1708 1013 iniurias
1725 986 1790 1014 inde
1809 987 1966 1027 procedere,
1985 997 2009 1017 u

317 1036 390 1064 unde
409 1036 534 1063 deberet
551 1036 623 1070 f0[ns
642 1035 717 1070 iuris]
728 1036 738 1055 f
753 1038 782 1063 et
800 1035 911 1063 iusticie
932 1035 1062 1062 derivari.

420 1087 445 1114 8.
472 1088 549 1114 Idem
571 1087 710 1121 namque*
729 1096 850 1113 summus
873 1086 1009 1121 [pontifex
1032 1087 1089 1121 in]f
1105 1086 1174 1121 ipsis
1198 1087 1372 1122 processibus
1397 1087 1465 1120 suis,
1491 1088 1565 1116 sicut
1589 1088 1690 1122 fertur,
1715 1088 1786 1116 dicit
1807 1091 1838 1117 et
1859 1090 1968 1122 asserit,

318 1139 410 1173 [nos]s
428 1147 526 1166 nomen
550 1139 629 1172 regni
651 1140 679 1165 et
701 1138 816 1165 titulum
839 1138 947 1173 regium
971 1137 1052 1164 nobis
1077 1137 1216 1172 [illicite]r
1231 1147 1392 1173 usurpasse,
1417 1148 1450 1167 eo
1476 1139 1552 1174 quod
1577 1140 1614 1167 ad
1638 1148 1668 1168 se
1691 1140 1838 1168 electionis
1856 1141 1968 1176 [uostre‚

315 1199 398 1224 quam
416 1190 514 1224 dicitJs
530 1190 558 1216 in
577 1190 714 1217 discordia
728 1189 906 1222 celebratam,
926 1190 966 1224 [et
978 1198 1094 1224 persone
1108 1190 1224 1224 electe]f
1239 1190 1486 1224 examinacionem,
1505 1190 1750 1226 approbacionem,
1763 1191 1968 1226 admissionem.

313 1241 498 1276 repulsionem
512 1250 621 1275 quoque
640 1243 668 1268 et
685 1241 912 1276 reprobacionem
931 1241 1048 1268 astruit
1066 1241 1214 1276 pertinere,
1233 1243 1262 1268 et
1274 1242 1438 1276 priusquam
1450 1242 1610 1270 huiusmodi
1622 1245 1718 1270 nostra
1730 1243 1833 1271 electio
1846 1243 1970 1272 admissa
1986 1252 2015 1274 no

317 1295 346 1320 et
363 1302 479 1328 persona
497 1294 655 1327 approbata
674 1293 717 1319 vel
736 1293 852 1320 alterius
871 1293 988 1320 coelecti
1006 1292 1095 1319 nostri
1113 1293 1212 1320 fuisset
1230 1302 1280 1328 per
1297 1293 1390 1321 sedem
1413 1293 1599 1328 apostolicam
1622 1293 1787 1330 reprobata,
1810 1294 1891 1322 nobis
1913 1304 1970 1323 non

316 1343 398 1371 licuit
417 1352 553 1371 assumere
571 1352 669 1371 nomen
688 1345 716 1371 et
734 1343 850 1371 titulum
869 1344 1050 1378 prelibatum,
1075 1353 1136 1371 cum
1161 1343 1273 1372 interim
1292 1353 1340 1372 rex
1358 1353 1413 1372 non
1431 1345 1566 1372 fuerimus
1583 1354 1635 1374 nec
1653 1354 1705 1380 pro
1722 1355 1788 1382 rege
1806 1346 1905 1374 haberi
1925 1347 1970 1375 vel

316 1404 363 1422 rex
381 1394 516 1422 nominari
535 1394 718 1427 debuerimus,
736 1395 784 1422 sed
803 1395 915 1422 electus¹

419 1447 443 1473 9.
473 1446 548 1474 Dicit
566 1448 701 1481 preterea,
721 1447 794 1480 quod
812 1446 969 1474 huiusmodi
982 1449 1145 1482 presumpto
1157 1447 1268 1475 nomine
1281 1450 1310 1475 et
1322 1448 1406 1476 titulo
1424 1457 1479 1475 non
1492 1449 1620 1477 contenti
1637 1449 1674 1476 ad
1691 1449 1969 1478 administracionem

315 1498 416 1524 iurium
434 1498 511 1532 regni
530 1499 558 1525 et
576 1497 687 1532 imperii
705 1498 734 1524 in
752 1498 929 1526 manifestam
947 1498 1078 1525 iniuriam
1098 1498 1221 1526 Romane
1239 1499 1368 1533 ecclesie,
1392 1500 1428 1527 ad
1447 1509 1532 1534 quam
1551 1500 1678 1528 vacantis
1701 1501 1825 1528 eiusdem
1846 1501 1968 1536 imperii,
1987 1505 2014 1526 ὕ

317 1551 389 1578 sicut
410 1550 440 1577 in
462 1550 622 1585 presenti
650 1546 715 1577 iam
739 1552 830 1584 vacat,
858 1551 984 1586 regimen
1007 1551 1149 1585 pertinere
1177 1552 1347 1586 dinoscitur,
1374 1561 1426 1580 nos
1453 1553 1656 1588 ingesserimus
1685 1555 1716 1581 et
1741 1554 1969 1582 inmiscuerimus

316 1601 446 1632 indebite,
465 1601 599 1634 exigendo
618 1603 647 1628 et
664 1601 823 1635 recipiendo
841 1601 1008 1628 fidelitatish
1027 1601 1056 1628 in
1069 1601 1214 1629 Alemanie
1233 1604 1262 1630 et
1280 1603 1423 1630 nonnullis
1437 1603 1532 1632 Ytalie
1550 1604 1681 1639 partibus
1699 1613 1717 1631 a
1734 1605 1861 1640 personis
1878 1605 1968 1633 eccle-

315 1652 434 1679 siasticis
453 1653 482 1680 et
499 1652 668 1679 secularibus
687 1652 815 1679 vassallis
833 1652 944 1687 imperii
970 1652 1128 1681 iuramenta
1153 1662 1186 1681 ac
1212 1654 1245 1681 de
1267 1654 1469 1690 dignitatibus,
1495 1655 1647 1683 honoribus
1669 1658 1700 1684 et
1724 1656 1823 1684 officiis
1845 1656 1970 1686 eiusdem

315 1705 438 1739 imperii,
466 1706 593 1740 exemplo
615 1705 709 1740 posito
737 1706 771 1733 de
794 1706 989 1733 marchionatu
1012 1702 1312 1742 mundemur-gensi,
1342 1717 1395 1742 pro
1425 1708 1509 1736 libito
1536 1709 1713 1744 disponendo
1741 1711 1771 1737 et
1800 1710 1884 1745 plura
1911 1710 1969 1738 alia

317 1755 474 1786 exercendo,
493 1764 547 1789 que
565 1756 601 1782 ad
619 1756 741 1790 ipsorum
758 1756 837 1790 regni
856 1758 885 1783 et
903 1756 1014 1790 imperii
1033 1757 1158 1791 regimen
1177 1766 1231 1784 non
1250 1760 1293 1785 est
1311 1758 1427 1786 dubium
1446 1759 1596 1795 pertinere.
1965 1771 2015 1792 :m

420 1807 460 1834 10.
489 1806 600 1833 Adiecit
618 1806 742 1841 insuper,
766 1808 840 1841 quod
863 1807 986 1835 eiusdem
1009 1808 1126 1836 ecclesie
1149 1809 1302 1837 rebellibus
1324 1809 1398 1837 sicut
1416 1810 1549 1838 Galeazio
1568 1811 1603 1838 ds
1621 1810 1844 1839 Vicecomitibus
1861 1813 1893 1839 et
1909 1811 1970 1839 eius

316 1858 448 1886 fratribus
466 1861 495 1886 et
513 1858 546 1885 de
565 1859 654 1886 heresi
673 1859 884 1894 condempnatis
903 1861 931 1887 et
949 1860 1091 1887 nonnullis
1109 1860 1174 1887 aliis
1188 1859 1285 1888 contra
1304 1861 1409 1888 dictam
1429 1862 1575 1889 ecclesiam
1594 1871 1673 1890 suam
1691 1862 1824 1890 iniuriam
1843 1864 1874 1890 et
1885 1871 1968 1898 nego-

317 1910 388 1937 cium
406 1910 469 1937 fidei
488 1912 517 1937 et
534 1910 644 1944 imperii
662 1912 876 1944 prosequentem
898 1919 947 1938 nos
970 1911 1141 1939 defensorem
1161 1913 1387 1941 constituerimus
1410 1915 1439 1941 et
1462 1914 1610 1942 fautorem.
1646 1914 1766 1949 Propter
1783 1923 1838 1949 que
1857 1918 1970 1950 sumpto

316 1962 396 1988 modo
419 1962 452 1988 de
470 1961 644 1996 plenitudine
662 1962 811 1996 potestatis
836 1962 870 1989 de
891 1963 1008 1990 fratrum
1034 1972 1157 1996 suorum,
1183 1966 1215 1991 ut
1234 1964 1315 1998 dicit,
1341 1965 1456 1993 consilio
1479 1974 1530 1993 nos
1555 1966 1694 1994 monuisse
1719 1965 1871 2001 dici[tur]¹,
1894 1968 1970 2002 qnod

317 2014 388 2040 infra
405 2014 489 2040 trium
502 2013 634 2040 mensium
647 2013 770 2047 spacium
789 2014 825 2040 ab
838 2014 1095 2047 administracione,
1114 2015 1239 2043 fautoria
1256 2018 1286 2044 et
1305 2017 1466 2045 defensione
1479 2017 1614 2052 predictis
1626 2026 1738 2052 prorsus
1756 2018 1968 2052 abstineremus,
1987 2027 2014 2048 ss

316 2065 405 2099 ipsam
424 2065 683 2092 administracionen
701 2065 814 2093 minime
833 2066 1010 2100 resumpturi,
1029 2066 1083 2093 nisi
1102 2069 1169 2094 tunc
1188 2067 1298 2095 demum
1317 2077 1380 2096 cum
1398 2069 1566 2096 electionem
1583 2071 1708 2096 nostram
1725 2069 1839 2096 admitti
1859 2071 1889 2097 et
1907 2079 1968 2105 per·

318 2124 412 2142 sonam
431 2116 579 2151 contigerit
597 2117 758 2151 approbari,
783 2118 911 2152 quodque
934 2121 1015 2153 gesta
1039 2128 1089 2153 per
1110 2128 1160 2146 nos
1183 2122 1250 2155 post
1268 2122 1461 2155 presumptum
1488 2130 1588 2148 nomen
1612 2123 1641 2148 et
1661 2121 1778 2149 titulum
1797 2122 1970 2150 studeremus

318 2169 450 2201 quantum
473 2169 615 2202 pateretur
637 2168 811 2202 possibilitas
838 2169 910 2196 infra
937 2171 1064 2198 eumdem
1089 2171 1238 2198 terminum
1263 2172 1379 2200 realiter
1399 2181 1538 2200 revocare.
1582 2172 1714 2207 Alioquin
1738 2175 1837 2201 contra
1858 2182 1910 2201 nos
1933 2174 1970 2202 ad

319 2219 539 2253 publicacionem
568 2229 715 2254 penarum,
745 2230 814 2255 quas
845 2225 962 2257 propter
989 2223 1141 2258 premissos
1172 2233 1303 2252 excessus
1331 2225 1465 2253 incidisse
1487 2225 1643 2259 noscimur,
1673 2227 1702 2253 et
1728 2226 1800 2254 alias
1830 2228 1969 2261 quantum

319 2269 447 2296 suaderet
464 2269 576 2297 iusticia
594 2271 754 2304 procederet
771 2274 867 2299 nostra
885 2273 1017 2301 absencia
1035 2282 1092 2301 non
1110 2275 1250 2302 obstante.
1987 2286 2018 2307 ιο

422 2321 463 2347 11.
491 2321 532 2347 Ad
550 2322 600 2348 hec
619 2322 754 2350 universis
772 2324 896 2358 personis
915 2325 1113 2352 ecclesiasticis
1135 2327 1164 2353 et
1184 2326 1368 2359 secularibus,
1392 2327 1581 2362 cuiuscunque
1604 2327 1792 2362 preminencie
1814 2329 1970 2362 extiterint,

321 2371 433 2398 eciamsi
459 2372 611 2406 pontificali
636 2375 680 2401 vel
704 2375 792 2409 regali
811 2376 989 2412 prefulgeant
1007 2377 1160 2412 dignitate,
1184 2386 1218 2405 ac
1237 2378 1415 2411 civitatibus,
1439 2379 1660 2407 comunitatibus
1685 2381 1714 2407 et
1737 2380 1971 2409 universitatibus

321 2423 370 2449 sub
390 2423 472 2450 certis
489 2423 567 2458 penis
585 2424 737 2453 inhibuisse
755 2426 869 2459 dicitur,
888 2437 922 2455 ne
941 2429 1022 2456 nobis
1040 2430 1184 2463 tamquam
1205 2429 1303 2464 [regiJf
1318 2430 1347 2456 in
1366 2430 1434 2463 hiis,
1453 2439 1507 2465 que
1525 2430 1605 2466 regni
1623 2433 1652 2459 et
1670 2431 1782 2466 imperii
1801 2432 1971 2468 contingunt

320 2475 452 2508 regimen,
469 2475 521 2501 nisi
539 2477 605 2502 tunc
624 2477 743 2509 demum,
768 2487 829 2505 cum
849 2480 1012 2507 electionem
1033 2482 1062 2508 et
1080 2489 1227 2515 personam
1245 2483 1370 2509 nostram
1389 2491 1440 2517 per
1457 2483 1549 2511 sedem
1569 2483 1685 2510 eandem
1704 2484 1856 2518 approbari
1875 2485 1905 2512 et
1922 2485 1970 2512 ad-
1999 2483 2005 2490 '

321 2525 398 2552 mitti
416 2525 577 2560 contigerit,
597 2527 625 2554 in
643 2528 737 2562 aliquo
754 2534 870 2563 pareant
890 2532 933 2558 vel
953 2531 1103 2560 intendant
1121 2535 1150 2561 et
1168 2543 1204 2562 ne
1222 2534 1304 2562 nobis
1322 2534 1351 2562 in
1370 2534 1581 2569 quibuscunque
1600 2535 1636 2562 ad
1655 2534 1827 2570 prelibatum
1843 2536 1969 2571 regimen
1988 2544 2017 2564 45

321 2577 512 2610 spectantibus
538 2578 670 2611 prebeant
691 2581 898 2613 quomodolibet
921 2583 1080 2616 consilium,
1105 2585 1241 2613 auxilium
1267 2586 1310 2613 vel
1334 2586 1466 2614 favorem.
1507 2587 1570 2614 Non
1593 2587 1772 2614 obstantibus
1797 2586 1972 2622 quibuslibet

321 2626 482 2655 iuramentis
501 2628 579 2655 nobis
598 2631 737 2663 tamquam
756 2632 815 2666 regi
834 2633 877 2660 vel
897 2633 924 2660 in
943 2634 1150 2670 Rom(anorum)
1168 2645 1261 2672 regem
1288 2637 1378 2665 electo
1397 2646 1414 2664 a
1432 2637 1578 2672 quibusvis
1601 2638 1726 2673 personis
1751 2638 1890 2674 prestitis,
1915 2647 1970 2673 que

322 2763 347 2796 ¹)
366 2765 398 2789 fil
424 2721 490 2748 886.
517 2722 541 2754 d)
559 2733 625 2749 nova
647 2725 715 2750 linea
736 2735 755 2752 c.
861 2728 883 2760 e)
902 2738 968 2755 corr.
987 2738 1018 2755 ex
1040 2732 1115 2758 τῇ
1133 2741 1154 2758 c.
1266 2732 1286 2765 f)
1310 2734 1384 2759 uncis
1404 2732 1506 2759 inclusa
1528 2742 1635 2760 corrosa
1656 2743 1677 2761 c.
1790 2734 1817 2768 8)
1835 2734 1928 2762 excidit
1947 2743 1969 2761 c.

330 2769 336 2782 ¹
384 2766 499 2791 ‹elitates
517 2775 536 2791 c.
