2184 3126
233 1897 292 1923 Sept.
303 1899 334 1918 30.

348 198 408 230 818
623 191 720 219 ACTA
737 189 850 217 REGNI
868 188 1054 216 LUDEWICI
1072 187 1119 214 IV.
1137 186 1183 214 ET
1202 186 1388 214 FRIDERICI
1406 187 1455 214 111.
1493 187 1567 214 1324.
1603 186 1653 213 Nr.
1664 187 1724 214 978.

453 281 591 322 Propter
614 287 765 310 excessus
787 276 893 307 varios
917 277 950 306 et
972 284 1129 314 enormes,
1153 273 1328 305 obstinatas
1350 271 1592 304 inobediencias
1614 283 1652 304 ac
1667 273 1897 315 multiplicatas
1919 284 1996 307 con-

348 333 502 365 tumacias
526 334 558 363 et
581 331 781 370 contemptus
805 326 1005 358 execrabiles
1026 335 1086 367 per
1107 324 1314 367 magnificum
1336 324 1440 355 virum
1455 323 1664 356 Lodewicum
1687 324 1803 357 ducem
1824 325 1996 359 Bauwarie

348 386 458 416 contra
480 382 601 422 Deum,
624 391 682 412 nos
706 383 738 411 et
765 381 907 410 sanctam
930 377 1110 408 Romanam
1138 376 1322 416 ecclesiam,
1351 375 1526 407 utilitatem
1552 376 1600 407 rei
1622 375 1751 417 publice
1775 378 1809 408 et
1834 377 1867 409 in
1889 378 1996 411 anime

348 446 403 467 sue
427 434 602 477 periculum
626 435 658 463 et
680 431 853 462 multorum
876 428 1063 460 scandalum
1085 430 1289 469 perpetratos
1311 437 1414 468 nuper
1437 426 1478 458 de
1501 426 1636 459 fratrum
1658 430 1840 460 nostrorum
1863 429 1996 462 consilio

348 489 452 518 certos
474 494 641 527 processus
663 481 833 513 habuimus
849 482 960 511 contra
983 489 1067 520 eum,
1090 479 1281 520 privacionis
1303 487 1323 509 a
1345 478 1425 518 iure,
1448 477 1475 508 si
1497 477 1584 519 quod
1607 478 1668 510 sibi
1684 489 1727 511 ex
1741 479 1910 522 electione,
1934 491 1997 524 que

348 539 388 570 de
411 539 480 579 ipso
503 536 535 567 in
557 545 668 576 regem
690 533 907 564 Romanorum
923 529 1179 572 promovendum
1201 530 1234 560 in
1249 530 1480 571 imperatorem
1495 529 1572 561 olim
1594 530 1627 561 in
1650 530 1810 563 discordia
1833 531 1997 565 celebrata

347 590 444 621 fuisse
467 588 591 627 dicitur,
615 584 818 627 conpetebat,
842 583 1038 615 sentenciam
1060 583 1144 613 inter
1159 584 1267 613 cetera
1290 582 1500 622 continentes,
1525 591 1661 623 quorum
1677 585 1824 615 tenorem
1840 583 1880 616 de
1896 584 1996 617 verbo

347 640 388 672 ad
410 639 542 671 verbum
564 637 654 669 vobis
677 635 929 676 transmittimus,
953 635 1006 676 qui
1030 633 1103 665 talis
1125 636 1188 665 est:

451 698 623 730 ‘Iohannes
645 697 825 738 episcopus,
848 705 958 726 servus
981 704 1145 725 servorum
1168 692 1240 725 Dei.
1285 692 1339 724 Ad
1362 695 1553 734 perpetuam
1574 694 1622 725 rei
1643 694 1845 727 memoriam.

453 750 542 782 Sicut
564 749 605 780 ad
628 758 736 780 curam
749 746 946 778 -indebite
962 747 1172 787 usurpaverat
1194 747 1227 776 et
1243 744 1336 776 eet.²²
1403 748 1436 776 et
1458 745 1503 776 sic
1526 744 1639 777 finiunt
1653 745 1784 778 ‘Datum
1800 747 1998 790 Avinion(e)‚

345 803 421 835 Idus
436 802 518 841 Iulii,
542 800 744 842 pontificatus
767 799 867 830 nostri
882 808 966 830 anno
983 797 1138 836 octavo²²‚
1161 799 1197 828 ut
1213 796 1388 838 dicebatur,
1413 806 1534 839 easque
1557 797 1682 830 litteras
1698 801 1732 830 et
1745 809 1915 841 processus
1930 800 1998 833 sive

347 856 494 886 contenta
523 853 556 884 in
586 851 709 883 eisdem
744 850 864 892 populo
894 852 927 881 et
954 848 1212 881 christifidelibus
1241 848 1362 880 ibidem
1391 848 1594 890 presentibus
1621 849 1880 884 substancialiter
1906 855 1940 884 et
1965 853 1999 884 in

346 916 469 937 summa
492 904 641 946 exposuit
667 903 700 934 in
727 902 845 944 lingwa
872 904 1018 933 materna
1047 903 1080 932 et
1107 900 1328 942 sollempniter
1354 899 1543 942 publicavit,
1577 901 1760 943 precipiens
1789 903 1927 944 eisdem,
1962 907 1999 936 ut

347 957 503 989 contentis
524 957 556 987 in
579 955 656 996 ipsis
678 953 881 995 processibus
905 952 1069 985 humiliter
1098 955 1132 984 et
1161 951 1295 983 firmiter
1322 951 1494 984 obedirent
1521 962 1625 995 eaque
1655 952 1828 996 diligenter
1849 957 1999 988 tenerent

346 1012 379 1040 et
401 1008 618 1040 observarent.
1650 1051 1652 1053 ‚

452 1060 569 1091 Actum
591 1057 792 1100 presentibus
813 1057 888 1088 viris
909 1056 1055 1088 discretis
1070 1055 1152 1097 Elya
1175 1055 1291 1087 clerico
1316 1055 1404 1087 curie
1421 1055 1660 1098 Colon(iensis),
1681 1055 1825 1090 Henrico
1841 1058 1998 1091 Amatore

346 1112 485 1151 notario,
508 1110 651 1142 Iohanne
676 1109 760 1140 dicto
785 1108 825 1140 de
849 1108 979 1149 Pyropo
1004 1107 1076 1139 Ade
1100 1110 1132 1139 et
1155 1107 1226 1139 aliis
1250 1117 1347 1149 quam
1369 1107 1515 1149 pluribus
1538 1107 1797 1140 christifidelibus
1819 1108 1944 1141 clericis
1966 1113 2000 1142 et

346 1163 445 1204 laycis
467 1161 587 1193 civibus
610 1159 855 1192 Coloniensibus
878 1158 1012 1191 testibus
1034 1158 1076 1190 ad
1099 1158 1160 1190 hoc
1176 1159 1297 1191 vocatis
1320 1159 1505 1200 specialiter
1527 1162 1561 1191 et
1582 1160 1714 1201 rogatis.

455 1230 515 1272 (II)
543 1215 627 1262 Item
651 1229 766 1261 eodem
790 1228 842 1260 die
866 1230 939 1270 post
961 1227 1130 1259 meridiem
1153 1227 1328 1260 inmediate
1356 1227 1443 1259 idem
1467 1227 1568 1261 frater
1589 1228 1738 1261 Andreas
1760 1229 1863 1262 lector
1885 1229 2000 1262 domus

345 1282 489 1325 predicte
511 1284 584 1323 post
607 1291 787 1313 sermonem
819 1279 861 1311 ad
884 1279 1039 1321 populum
1063 1290 1158 1321 supra
1182 1280 1303 1311 curiam
1327 1279 1473 1311 eiusdem
1497 1279 1611 1312 domus
1633 1280 1798 1323 predictas
1820 1281 1944 1314 litteras
1967 1285 2001 1315 et

345 1344 511 1376 processus
534 1333 600 1365 sive
624 1335 775 1364 contenta
803 1331 835 1362 in
859 1331 983 1363 eisdem
1006 1331 1088 1362 dixit
1110 1331 1217 1363 eidem
1240 1331 1361 1373 populo
1386 1335 1419 1363 et
1441 1332 1702 1364 christifidelibus
1723 1332 1845 1365 ibidem
1866 1344 2000 1376 presen-

346 1386 439 1427 tibus,
463 1384 683 1426 sollempniter
706 1383 856 1425 exposuit
879 1384 911 1414 in
934 1386 1079 1414 materna
1095 1382 1214 1425 lingwa
1237 1386 1271 1415 et
1285 1383 1463 1425 publicavit
1486 1387 1519 1415 et
1533 1379 1681 1416 similiter
1702 1385 1859 1427 precepit,
1881 1388 1918 1418 ut
1938 1386 2001 1428 ipsi

347 1437 503 1469 contentis
525 1437 558 1467 in
581 1435 702 1467 eisdem
726 1436 841 1467 litteris
864 1435 1028 1466 humiliter
1051 1434 1220 1466 obedirent
1243 1445 1346 1477 eaque
1369 1438 1518 1467 tenerent
1540 1438 1574 1468 et
1595 1436 1814 1468 observarent.

452 1489 569 1520 Actum
598 1498 681 1519 anno
703 1487 849 1527 Domini,
874 1486 1061 1526 indictione,
1085 1497 1210 1527 mense,
1235 1486 1301 1526 die,
1330 1486 1410 1519 hora
1437 1491 1471 1519 et
1501 1487 1573 1519 loco
1601 1487 1768 1530 predictis,
1796 1489 2000 1531 presentibus

346 1541 419 1572 viris
449 1540 592 1571 discretis
622 1539 757 1571 dominis
780 1539 879 1570 Petro
911 1538 1015 1570 dictoc
1039 1538 1130 1570 Oker
1154 1541 1186 1570 et
1209 1538 1353 1570 Iohanne
1377 1540 1503 1571 vicariis
1527 1539 1736 1572 ecclesiarum
1760 1540 2000 1574 Coloniensium

347 1592 535 1624 Sanctorum
549 1591 780 1633 Apostolorum
804 1593 837 1622 et
861 1590 996 1622 ecclesie
1017 1589 1228 1631 coloniensis,
1251 1591 1444 1623 Wetzelone
1460 1591 1547 1623 dicto
1571 1590 1636 1635 [de]
1651 1590 1816 1634 Strusone,
1839 1592 2000 1626 Gobelino

347 1643 431 1674 dicto
454 1640 629 1674 Hardevffvfd
652 1645 685 1674 et
708 1643 776 1673 eius
799 1642 921 1674 sororio
945 1641 1093 1673 Abelone
1117 1641 1158 1673 de
1182 1641 1381 1683 Swerthove,
1405 1642 1551 1675 Iohanne
1575 1643 1660 1675 dicto
1683 1644 1827 1686 Moyses,
1851 1644 1998 1678 Gemi-do

348 1695 431 1726 dicto
455 1694 495 1726 de
519 1694 615 1726 Curia
637 1693 773 1735 abbatis,
796 1693 923 1725 Emudo
947 1693 1033 1725 dioto
1058 1692 1141 1725 Cure
1165 1693 1287 1725 civibus
1310 1694 1556 1726 Coloniensibus
1578 1705 1616 1727 ac
1640 1695 1711 1727 aliis
1734 1707 1831 1738 quam
1853 1695 1998 1738 pluribus

347 1746 603 1778 christifidelibus
625 1745 759 1778 testibus
781 1745 956 1787 fidedignis
980 1745 1022 1777 ad
1044 1745 1105 1777 hoc
1128 1746 1249 1776 vocatis
1272 1746 1457 1787 specialiter
1479 1750 1513 1779 et
1535 1747 1666 1789 rogatis.

455 1886 532 1928 (III)
555 1887 638 1918 Item
656 1886 771 1918 eodem
787 1897 869 1918 anno
885 1887 1025 1929 Domini,
1042 1888 1216 1920 indictione
1233 1892 1357 1930 octava,
1377 1899 1499 1931 mense,
1522 1889 1574 1922 die
1590 1890 1703 1922 ultima
1719 1889 1864 1922 eiusdem
1879 1890 2000 1922 mensis

348 1949 409 1981 que
432 1942 482 1970 est
504 1939 572 1970 dies
594 1939 681 1970 beati
704 1938 880 1971 Iheronimi
904 1940 1098 1971 confessoris
1125 1940 1205 1972 hora
1227 1945 1320 1973 sexta
1342 1941 1395 1973 vel
1422 1942 1514 1984 quasi
1541 1944 1616 1984 post
1641 1941 1763 1974 lectum
1785 1942 2000 1985 ewangelium

347 1991 441 2022 misse
465 1991 594 2022 maioris
617 1991 649 2021 in
673 1991 807 2022 ecclesia
830 1990 964 2022 fratrum
981 1991 1140 2024 Minorum
1165 1992 1278 2024 domus
1302 1992 1502 2025 Coloniensis
1518 1994 1588 2036 ipse
1611 1993 1712 2026 frater
1727 1993 1876 2026 Andreas
1898 1994 2001 2026 lector

349 2042 491 2073 eiusdem
515 2041 627 2073 domus
651 2041 782 2073 easdem
805 2041 928 2074 litteras
952 2045 985 2074 et
1011 2053 1179 2084 processus
1202 2044 1269 2076 sive
1293 2048 1444 2077 contenta
1470 2045 1503 2077 in
1527 2045 1651 2077 eisdem
1673 2045 1794 2088 populo
1817 2048 1851 2077 et
1873 2045 2000 2077 christi·

349 2093 496 2124 fidelibus
518 2093 637 2124 ibidem
661 2093 863 2134 presentibus
894 2095 1043 2136 exposuit
1069 2095 1101 2126 in
1131 2096 1249 2137 lingwa
1278 2100 1424 2128 materna
1452 2099 1486 2129 et
1513 2097 1735 2139 sollempniter
1761 2097 1938 2139 publicavit
1967 2100 2000 2129 et

350 2145 494 2176 similiter
509 2146 640 2186 monuit,
665 2144 831 2176 ortabatur
853 2148 886 2177 et
902 2147 1048 2188 precepit
1070 2146 1203 2187 eisdem,
1226 2150 1262 2179 ut
1285 2149 1442 2180 contentis
1465 2149 1498 2180 in
1519 2149 1597 2190 ipsis
1618 2148 1733 2181 litteris
1749 2151 1782 2181 et
1797 2148 2000 2191 processibus

350 2195 510 2227 humiliter
532 2196 699 2228 obedirent
723 2200 755 2228 et
779 2207 817 2228 ea
841 2198 975 2229 firmiter
998 2198 1213 2230 observarent.

456 2248 572 2279 Actum
600 2248 800 2289 presentibus
827 2250 902 2280 viris
931 2250 1076 2282 discretis
1099 2251 1243 2283 Iohanne
1267 2251 1308 2284 de
1331 2251 1508 2294 Myrwilre,
1536 2251 1679 2295 Georgio
1703 2252 1745 2285 de
1767 2252 1999 2295 Ludelscheyt,

351 2297 491 2329 Iohanne
515 2298 599 2330 dicto
621 2299 758 2340 Kanter,
790 2300 933 2333 Iohanne
958 2301 999 2333 de
1023 2301 1132 2343 Grele,
1157 2302 1315 2335 Gobelino
1340 2303 1425 2336 dicto
1448 2304 1565 2345 Faber,
1589 2303 1731 2336 Henrico
1755 2304 1840 2337 dicto
1864 2304 1999 2346 Weczil,

351 2347 521 2389 Winando,
544 2349 729 2382 Hermanno
747 2350 856 2391 Calvo,
881 2351 1033 2384 Goswino
1050 2353 1090 2385 de
1107 2353 1274 2395 Monrode,
1296 2354 1395 2387 Petro
1417 2355 1503 2388 dicto
1518 2355 1833 2399 Vammeclocringe,
1855 2356 2000 2388 Iohanne

353 2399 435 2430 dicto
452 2399 529 2432 Grin
546 2404 578 2432 et
593 2402 735 2434 Iohanne
759 2403 844 2435 dicto
860 2403 1014 2445 Hyrcelin
1031 2405 1152 2437 civibus
1167 2406 1413 2439 coloniensibus
1433 2418 1471 2440 ac
1495 2409 1566 2440 aliis
1582 2408 1842 2441 christifidelibus
1864 2407 2000 2440 testibus

352 2450 519 2492 fidedignis
542 2452 583 2483 ad
605 2453 664 2485 hoc
688 2455 870 2496 specialiter
892 2457 1013 2488 vocatis
1037 2460 1069 2488 et
1092 2459 1224 2499 rogatis

459 2520 532 2561 (IV)
555 2521 638 2552 Item
662 2522 777 2554 eodem
800 2523 850 2555 die
874 2528 948 2566 post
974 2526 1145 2558 meridiem
1174 2527 1349 2560 inmediate
1377 2528 1478 2560 frater
1500 2529 1688 2561 Tilmannus
1717 2528 1759 2561 de
1782 2528 1901 2561 Koslar
1927 2530 2001 2570 post

353 2579 531 2602 sermonem
554 2572 595 2603 ad
617 2574 769 2614 populum
792 2585 887 2616 supra
911 2577 1032 2608 curiam
1056 2578 1200 2610 eiusdem
1225 2578 1339 2611 domus
1361 2580 1524 2621 predictas
1545 2581 1671 2613 litteras
1694 2584 1727 2613 et
1741 2590 1910 2622 processus
1932 2581 2000 2612 sive

353 2624 501 2653 contenta
524 2623 555 2654 in
579 2624 701 2656 eisdem
724 2625 828 2657 eidem
851 2628 971 2669 populo
996 2633 1028 2660 et
1051 2629 1310 2663 christifidelibus
1326 2631 1447 2664 ibidem
1463 2632 1668 2675 presentibus
1685 2632 1767 2664 dixit
1790 2635 1824 2664 et
1846 2631 2000 2673 sollemp-

454 2732 521 2760 978.
548 2734 571 2765 ⁰)
590 2735 617 2759 in
635 2736 704 2761 initio
724 2737 805 2762 lineae
823 2738 860 2763 bis
878 2740 998 2772 scriptum
1018 2750 1055 2767 or.
1145 2741 1170 2775 ¹¹)
1189 2744 1224 2769 εἰς
1243 2753 1281 2770 or.

455 2806 481 2838 1)
500 2805 588 2839 Supra
603 2813 668 2840 pay.
683 2811 730 2834 780
749 2808 796 2834 lin.
810 2813 833 2835 5.
920 2811 946 2843 2)
967 2811 1008 2843 Cf.
1026 2820 1111 2846 supra
1129 2822 1171 2841 nr.
1187 2819 1243 2842 945.

2018 759 2043 780 10

2017 1018 2042 1039 18

2018 2160 2043 2180 ³5

2017 2420 2044 2439 ⁴0

2017 2752 2043 2772 45
