2190 3172
444 143 542 171 ACTA
560 142 674 171 amm
691 141 875 170 LUDI-:wxcl
893 142 940 170 1v.
958 141 1006 169 m·
1023 142 1208 170 mmmmm
1227 142 1277 171 111.
1314 143 1389 171 1815.
1426 142 1474 170 Nr.
1487 143 1547 170 259.
1564 142 1624 171 260.
1798 146 1857 178 221

208 233 318 263 nostra
339 230 528 272 poterimus,
552 232 702 272 prompte
725 228 949 262 sollicitudinis
972 228 1078 261 studio
1103 229 1270 262 exhibere.
1316 229 1401 263 Sane
1424 230 1528 272 ipsum
1553 229 1717 262 dominum
1739 230 1862 264 Frede-

207 282 308 314 ricum
331 291 372 314 ea
394 281 464 314 sola
487 281 529 314 de
553 290 651 313 causa
673 281 840 313 nominare
863 291 975 323 regem
1000 281 1178 313 omittimus
1187 286 1211 322 ⁸,
1235 282 1311 323 quia
1327 281 1465 314 ecclesie
1481 281 1639 322 Romane,
1656 293 1752 325 quam
1769 284 1862 325 sequi

207 343 340 365 necesse
364 332 532 373 habemus,
555 332 654 365 moris
677 333 797 374 existit,
820 336 856 364 ut
877 332 1000 364 nullum
1024 332 1244 365 Romanorum
1267 343 1378 375 regem
1402 333 1556 374 nominet,
1580 333 1683 366 donec
1706 343 1765 376 per
1787 344 1860 367 eam

208 384 306 417 fuerit
326 384 525 427 approbatus
547 407 555 416 .
573 408 580 416 .
598 408 605 416 .

177 446 188 466 ο
314 436 390 469 Dat.
406 436 576 477 Avinione,
599 435 653 467 die
676 434 803 467 XVIII.
827 435 946 467 mensis
969 434 1099 477 Aprilis.

378 649 453 686 260.
487 647 735 687 RELATIO
764 647 1181 686 PROCURATORIS
1210 648 1349 685 REGI
1371 647 1686 686 ARAGONUM

849 708 1220 746 TRANSMISSA.

873 778 981 815 1315.
1024 777 1115 823 Apr.
1141 777 1197 813 19.

319 877 479 918 Oriqinale
511 877 586 919 (or.)
620 878 656 909 in
689 877 849 910 tabulario
882 878 966 918 reyio
995 876 1233 910 Barcinonensi
1263 876 1358 910 CRD
1385 877 1498 908 11262
1527 877 1651 918 partim
1684 877 1863 909 evanidam.

165 941 191 962 ιο
215 928 354 970 Vestiqt'a
368 928 467 970 siyilli
480 929 610 961 adsunt.
633 947 674 952 —
697 928 760 962 Ed.
777 928 882 961 Finke
897 929 991 961 ‘Acta
1006 928 1237 969 Arayonensia'
1253 928 1281 967 1,
1298 930 1362 960 353
1383 939 1434 960 nr.
1449 929 1514 960 240
1536 939 1575 960 ea:
1598 939 1643 961 or.
1682 929 1864 961 Editionem

206 981 384 1022 repetimus.

317 1035 368 1079 Cf.
390 1046 440 1068 ην.
456 1035 645 1068 256-259.

315 1121 528 1155 Serenissimo
553 1147 560 1154 .
579 1149 586 1156 .
603 1145 611 1153 .
635 1122 777 1165 dompno
801 1121 922 1154 Iacobo
947 1145 954 1153 .
972 1145 980 1153 .
997 1146 1005 1154 .
1094 1121 1255 1154 Iohannes
1278 1122 1362 1164 Lupi
1391 1121 1636 1153 archidiaconus
1664 1122 1705 1154 de
1729 1122 1863 1164 Guarga

206 1175 239 1206 in
273 1174 411 1207 ecclesia
443 1174 604 1215 Iaccensi,
639 1174 708 1206 eius
742 1173 967 1206 devotissimus
998 1173 1136 1205 famulus
1225 1183 1297 1205 cum
1324 1173 1511 1205 reverencia
1543 1173 1656 1214 suplici
1689 1177 1723 1205 et
1750 1173 1862 1205 humili

164 1238 189 1259 ιι
206 1225 495 1258 recomendaoione
518 1236 553 1257 se
576 1226 692 1268 ipsum.

315 1277 364 1320 (1)
386 1276 492 1319 Regie
514 1280 622 1309 vestre
646 1277 828 1309 celsitudini
850 1276 972 1309 clareat
994 1286 1053 1318 per
1075 1279 1251 1318 presentes,
1275 1275 1363 1317 quod
1386 1275 1438 1307 die
1462 1274 1595 1307 Sabbati
1618 1275 1728 1307 Nonas
1744 1276 1866 1317 Aprilis
1880 1290 1961 1315 ιμω.

209 1329 319 1372 recepi
352 1327 464 1361 literas
501 1331 624 1360 vestras
658 1329 765 1370 regias
797 1329 970 1360 novissime
1001 1327 1099 1359 michi
1133 1328 1255 1359 missas.
1311 1326 1354 1358 Et
1385 1327 1461 1368 quia
1490 1327 1666 1359 monachus
1689 1331 1798 1359 vester
1826 1338 1863 1359 ac

209 1380 371 1412 Iohannes
399 1379 440 1412 de
474 1379 669 1412 Oonstancia
699 1379 831 1412 illustris
860 1380 947 1422 regis
968 1378 1204 1418 Romanorum,
1227 1379 1383 1410 carissimi
1410 1378 1466 1409 filii
1490 1379 1604 1419 vestri,
1631 1389 1778 1410 cursores
1801 1389 1863 1410 non

207 1435 365 1464 venerunt
388 1431 445 1463 illa
469 1431 534 1471 die,
557 1434 592 1463 ut
614 1431 676 1473 ipsi
699 1431 935 1473 presentacioni
958 1430 1123 1462 literarum
1147 1440 1206 1471 per
1228 1440 1286 1461 vos
1309 1429 1503 1461 directarum
1518 1429 1704 1461 reverendis
1720 1430 1865 1471 patribus

163 1494 190 1516 no
208 1483 346 1516 dominis
374 1482 593 1515 cardinalibus
625 1493 723 1524 super
749 1483 885 1524 negocio
914 1481 1080 1514 electionis
1109 1481 1226 1523 prefati
1260 1481 1317 1512 filii
1344 1481 1442 1512 vestri
1475 1481 1622 1513 faciende
1652 1481 1865 1523 personaliter

206 1536 414 1576 interessent,
446 1545 549 1576 usque
582 1535 614 1566 in
643 1534 729 1566 diem
761 1537 950 1576 sequentem
982 1534 1068 1574 ipsas
1097 1532 1208 1564 literas
1231 1532 1339 1564 distuli
1362 1536 1560 1574 presentare.
1606 1531 1762 1574 Sequenti
1786 1543 1861 1564 vero
1877 1546 1959 1572 ιρις.

207 1586 260 1619 die
287 1586 399 1619 literas
429 1589 555 1618 vestras
585 1586 723 1618 dominis
752 1585 969 1618 cardinalibus
996 1585 1178 1626 presentavi
1210 1583 1343 1616 cuilibet
1370 1585 1403 1615 in
1431 1594 1560 1615 camera
1587 1594 1645 1615 sua
1674 1588 1707 1616 et
1729 1584 1863 1616 nichilo-

206 1639 312 1671 minus
334 1638 408 1670 vive
438 1638 529 1670 vocis
557 1638 688 1669 oraculo
717 1637 758 1669 ad
786 1640 913 1679 partem
941 1637 1111 1678 negocium
1139 1637 1243 1678 ipsum
1277 1635 1400 1668 eisdem
1423 1635 1651 1667 recomendavi
1674 1639 1707 1668 et
1729 1635 1864 1678 quilibet

206 1691 349 1733 ipsorum
377 1689 583 1732 presentibus
612 1689 735 1722 eisdem
759 1689 943 1721 cursoribus
965 1688 1149 1730 respondit,
1177 1687 1263 1730 quod
1287 1697 1344 1718 vos
1367 1686 1562 1728 reputabant
1584 1687 1749 1719 brachium
1773 1687 1863 1719 istius

164 1753 190 1774 ’s
209 1742 346 1775 ecclesie
371 1745 404 1773 et
427 1741 581 1773 devotum
603 1741 704 1773 filium
731 1740 854 1784 [preter
877 1739 1020 1782 omnes]·
1044 1739 1157 1771 fideles
1180 1739 1342 1782 principes
1369 1739 1462 1770 huius
1485 1738 1612 1778 mundi,
1636 1742 1669 1770 et
1692 1738 1778 1780 quod
1802 1739 1862 1770 ista

208 1793 346 1826 ecclesia
371 1795 506 1835 propter
534 1791 745 1824 devocionem
777 1794 918 1823 vestram
946 1801 984 1822 ac
1012 1791 1242 1822 discrecionem
1271 1794 1304 1822 ct
1330 1789 1587 1832 providenciam,
1616 1791 1648 1821 in
1672 1800 1736 1832 qua
1760 1814 1767 1821 .
1785 1814 1791 1821 .
1810 1814 1817 1821 .
1835 1790 1863 1821 ‚b

208 1845 311 1877 dictos
333 1845 496 1887 principes
521 1843 711 1875 christianos
734 1843 871 1875 multum
895 1846 1025 1874 tenetur
1047 1842 1138 1874 vobis
1155 1846 1188 1874 et
1204 1842 1313 1873 domui
1329 1845 1435 1873 vestre
1452 1845 1485 1873 et
1500 1841 1586 1883 quod
1603 1841 1863 1873 consideracione

207 1897 306 1928 vestri
332 1895 479 1937 honoris,
510 1898 691 1927 vestrorum
720 1920 727 1927 .
749 1920 756 1927 .
778 1921 784 1927 .
808 1895 847 1935 ,¹³,
878 1905 950 1926 cum
980 1895 1149 1936 negocium
1182 1894 1286 1935 ipsum
1320 1893 1438 1925 deduci
1468 1894 1634 1935 contingat
1659 1893 1701 1924 ad
1731 1893 1863 1931 curiam,

208 1950 366 1990 quatenus
391 1947 559 1989 sepedicto
587 1947 653 1978 filio
677 1949 784 1978 vestro
808 1946 959 1978 assistant
982 1945 1122 1977 consiliis
1154 1948 1188 1976 et
1214 1945 1342 1976 auxiliis
1369 1945 1564 1987 oportunise.
1609 1943 1651 1976 Et
1674 1955 1736 1975 non
1759 1944 1862 1975 solum

164 2009 191 2030 ιο
208 1999 241 2031 in
264 1999 335 2039 hiis,
359 2009 423 2041 que
446 1999 587 2041 rigorem
611 1998 736 2030 iusticie
759 1998 947 2040 respiciunt,
970 2001 1006 2029 ut
1028 2000 1134 2029 vestre
1151 1996 1343 2028 videbantur
1358 1995 1535 2038 deposcere
1558 1996 1663 2034 litere,
1687 2000 1737 2027 set
1760 1996 1862 2027 eciam

208 2051 241 2082 in
263 2050 314 2082 his
337 2050 499 2090 omnibus,
531 2060 595 2092 que
619 2049 763 2081 savorem
786 2049 914 2081 iusticie
938 2049 1113 2090 respiciunt
1136 2051 1170 2080 et
1192 2051 1403 2087 concernunt,
1430 2058 1488 2089 pro
1516 2046 1729 2089 expedicione
1753 2052 1863 2088 optata

208 2102 299 2134 istius
327 2102 456 2144 negocii
485 2101 605 2133 facient
632 2100 789 2143 quidquid
818 2100 943 2142 possint
971 2099 1071 2131 verbo
1100 2103 1133 2131 et
1160 2099 1246 2131 facto
1275 2102 1310 2130 et
1337 2098 1445 2130 eidem
1468 2099 1534 2130 filio
1558 2102 1680 2137 vestro,
1709 2103 1863 2140 quantum

209 2163 282 2185 cum
304 2152 377 2186 Deo
400 2156 563 2195 poterunt,
587 2152 628 2184 ob
652 2152 806 2183 honorem
831 2155 974 2183 vestrum
998 2150 1108 2182 favere
1132 2151 1264 2192 cupiunt
1279 2153 1313 2182 et
1327 2149 1507 2182 intendunt.
1574 2150 1640 2181 Iste
1661 2149 1721 2181 fuit
1741 2149 1865 2180 efectus

209 2205 436 2248 responsionis,
461 2204 538 2237 licet
561 2204 660 2246 aliqui
683 2205 787 2246 magis
811 2207 844 2236 et
866 2203 920 2235 alii
944 2204 1049 2235 minus
1072 2202 1222 2235 dixerint.

164 2267 191 2288 υ
317 2255 367 2299 (2)
389 2256 510 2288 Litoris
532 2256 647 2288 vestris
670 2255 820 2287 omnibus
842 2254 1058 2287 cardinalibus
1074 2255 1315 2286 citramontanis
1330 2253 1488 2285 Avinione
1506 2252 1718 2284 existentibus
1732 2261 1865 2294 presen-

208 2308 295 2347 tatis,
315 2307 507 2340 Valenciam
530 2307 747 2350 personaliter
767 2317 820 2338 me
845 2306 966 2338 contuli
990 2309 1023 2338 et
1039 2305 1256 2337 cardinalibus
1272 2304 1393 2336 Italicis
1409 2307 1532 2336 vestras
1547 2303 1656 2335 literas
1672 2304 1864 2345 presentari.

208 2358 252 2391 Et
282 2359 358 2392 licet
386 2359 448 2401 ipsi
476 2359 540 2391 sint
554 2359 620 2391 VH
642 2369 777 2390 numero
808 2361 842 2390 et
865 2368 976 2390 eorum
1007 2357 1140 2389 cuilibet
1161 2360 1267 2389 vestre
1294 2357 1387 2389 litere
1416 2356 1506 2397 regie
1530 2355 1648 2387 suerint
1671 2359 1865 2397 presentate.

212 2409 276 2442 duo
300 2413 408 2443 tamen
435 2421 476 2442 ex
499 2411 577 2452 ipsis
600 2410 692 2442 vobis
714 2410 893 2442 rescribere
917 2410 1096 2449 noluerunt,
1119 2408 1271 2440 videlicet
1294 2408 1442 2440 dominus
1464 2407 1602 2439 Iacobus
1617 2407 1787 2448 Gayetani,
1811 2407 1865 2448 qui

211 2461 294 2494 dixit
320 2462 433 2503 michi,
462 2462 549 2504 quod
578 2463 648 2504 ipse
677 2465 762 2494 totus
786 2465 894 2493 vester
926 2464 993 2502 est,
1016 2461 1200 2503 specialiter
1222 2464 1355 2502 propter
1382 2459 1545 2491 dominum
1568 2458 1734 2490 Matheum
1759 2457 1865 2489 Rubci

164 2525 192 2545 ιο
211 2513 404 2546 avunculum
427 2523 532 2553 suum,
557 2514 612 2556 qui
635 2513 712 2546 dum
735 2513 816 2544 vixit
837 2513 1012 2544 tenerrime
1035 2523 1093 2544 vos
1116 2512 1240 2543 dilexit.
1286 2510 1343 2542 Set
1365 2521 1462 2552 super
1483 2511 1620 2551 negocio
1636 2510 1762 2551 imperii
1778 2509 1865 2540 nullo

210 2564 307 2596 modo
330 2564 545 2605 rescriberet,
569 2565 645 2607 quia
668 2565 771 2597 multa
794 2564 938 2606 pericula
962 2564 1022 2596 fuit
1044 2574 1139 2606 passa
1162 2573 1220 2595 sua
1243 2562 1357 2594 domus
1387 2562 1418 2593 in
1443 2561 1531 2593 Urbe
1555 2571 1614 2603 per
1637 2561 1866 2603 imperatorem

313 2649 379 2677 25⁰.
406 2651 431 2684 ⁸)
449 2651 606 2677 ommitimus
624 2651 664 2677 ed.

312 2717 380 2745 260.
409 2720 434 2752 ·)
452 2720 526 2745 une-'e
551 2720 654 2745 inclusa
679 2719 735 2752 sere
759 2718 862 2745 omnino
889 2718 999 2744 evuvnida
1025 2727 1061 2743 or.
1167 2717 1192 2749 b)
1215 2718 1305 2743 desunt
1327 2718 1379 2742 tria
1404 2717 1480 2742 rerba
1503 2726 1541 2742 or.
1648 2716 1670 2738 (Ὺ
1689 2715 1799 2749 operio)
1819 2734 1844 2740 ..
1860 2734 1866 2739 .

207 2759 326 2794 (verbum
344 2762 424 2795 deest)
442 2762 483 2788 ed.
