2184 3126
421 174 520 202 ACTA
539 172 652 202 REGNI
671 173 854 201 LUDEWICI
874 173 920 201 lv.
939 173 986 200 m·
1006 171 1192 200 FRIDERICI
1212 172 1261 199 111.
1299 171 1374 200 1824
1411 171 1459 199 Nr.
1472 171 1531 199 841.
1550 171 1633 199 8412.

234 261 419 295 Reverendi
442 262 474 294 in
491 260 619 294 Christo
642 264 753 303 patres
776 259 917 293 domini·
933 259 995 292 Dei

192 314 301 356 gracia
309 312 487 346 Gasbertus
499 312 761 354 archiepiscopus
767 310 996 352 Arelateu(sis)

193 365 389 398 camerarius
417 367 451 397 et
471 363 667 396 Ademarius
690 363 860 405 episcopus
883 362 998 395 Massi—

191 416 330 459 lien(sis)
338 415 556 449 thesaurarius
564 414 685 447 domini
697 415 794 446 nostri
806 424 890 456 pape
898 424 998 456 apen-

162 480 173 498 5
193 467 328 500 deruntb
356 477 414 499 seu
443 465 561 509 apendi
584 465 637 498 vel
659 465 749 508 affigi
773 466 918 498 fecerunt
940 464 998 498 (1οο

150 736 176 756 10

149 994 173 1014 lb

150 2288 176 2308 ⁴⁰

152 2579 177 2599 48

193 518 346 552 mandato
378 518 455 551 dicti
484 517 606 550 domini
639 528 725 559 pape
759 521 795 549 ut
828 516 998 549 dixerunt⁰

193 571 306 604 hostiis
344 569 482 603 ecclesie
522 568 717 601 cathedralis
746 567 998 610 Avinion(ensis)

194 621 356 665 quandam
390 621 533 653 litteram
567 620 723 652 bullatam
760 630 832 652 cum
866 619 921 652 filo
956 618 998 652 de

193 674 290 706 eirico
313 673 533 705 continentem
556 682 742 714 processum
771 674 883 703 contra
910 681 997 703 sere-

191 725 360 758 nissimum
396 724 450 757 et‘¹
486 727 654 766 potentem
692 724 794 756 virum
833 722 997 755 dominum

191 775 394 808 Imdovicum
417 775 532 808 ducem
549 775 688 807 Bavarie
712 775 853 807 electum
876 774 908 806 in
930 773 998 806 Ro·

191 826 390 868 man(orum)
398 837 510 870 regem
520 830 553 860 et
565 826 730 870 quoddam
742 825 998 868 procuratorium

191 877 286 911 dicti⁰
323 878 444 910 domini
481 878 639 911 Ludovici
681 881 714 910 et
751 877 997 919 suplicationem

191 939 321 962 suorum
329 933 572 972 procuratorum
584 929 739 962 directam
748 928 878 961 domino
888 931 997 960 nostro

192 991 278 1023 pape
308 980 382 1023 pro¹
409 982 479 1023 ipso
508 981 639 1013 domino
668 980 791 1013 electo‘
821 990 860 1012 ac
894 980 996 1012 eciam

191 1033 466 1074 supersessionem
478 1043 497 1064 a
510 1033 696 1075 gravamine
709 1035 742 1064 et
755 1031 998 1074 publicacione⁸

192 1084 428 1116 senteticiarum
451 1085 483 1116 in
504 1084 590 1116 dicto
607 1094 759 1126 processu
775 1086 997 1115 contentarum

192 1135 234 1167 ad
250 1135 331 1167 duos
346 1145 484 1168 menses.
516 1135 587 1172 Que
604 1135 735 1178 quidem
751 1134 860 1167 littera
875 1133 998 1166 bullata

192 1187 224 1219 in
246 1187 351 1229 prima
372 1187 459 1220 linea
481 1187 605 1229 incipit:
633 1186 806 1218 ‘Iohannes
829 1186 999 1228 episcopus

193 1248 304 1270 servus
331 1248 495 1271 servorum
523 1237 596 1270 Dei.
647 1237 702 1270 Ad
731 1240 922 1280 perpetuam
951 1237 998 1269 rei

193 1290 395 1322 memoriam’
431 1293 465 1322 et
500 1290 533 1321 in
571 1289 712 1322 secunda
750 1289 836 1321 linea
872 1288 996 1331 incipit:

190 1339 334 1373 ‘Dudum
349 1340 442 1374 VIII.
460 1340 634 1374 videlicet¹¹
649 1339 697 1372 Id.
715 1339 860 1372 octobr?
875 1343 908 1372 et
928 1339 997 1372 finit

193 1393 225 1423 in
263 1392 395 1425 eadem:
441 1392 679 1435 'preiudiciales
722 1390 850 1424 exces’¹
889 1394 923 1423 et
964 1391 997 1422 in

193 1443 371 1486 penultima
386 1443 472 1476 linea
488 1445 613 1486 incipit:
636 1442 786 1476 ‘eandem
804 1444 837 1475 in
853 1443 997 1476 eiusdem

195 1494 367 1527 eeclesie’2
395 1498 428 1528 et
450 1496 520 1527 finit
547 1496 578 1527 in
602 1494 733 1528 eadem:
765 1493 997 1537 ‘apostolorum

193 1547 262 1578 eius
286 1545 362 1579 se'³.

235 1966 458 2008 Precipientes
485 1965 563 1997 dicti
591 1965 712 1997 domiui
742 1967 938 1998 camerarius
966 1970 1000 1999 et

192 2017 410 2050 thesaurarius
421 2017 526 2059 Lippo
543 2017 584 2049 de
597 2016 778 2057 Elei-aneia,
794 2017 998 2059 Raynaldino

193 2068 234 2100 de
253 2068 450 2111 Mediolano,
473 2067 674 2101 Gerarducio
697 2068 738 2100 de
763 2067 997 2102 Castrolicaudi

194 2123 227 2152 et
241 2119 427 2152 Francisoo¹
451 2119 492 2152 de
510 2119 644 2152 Perutio
669 2120 852 2152 cursoribus
875 2120 997 2153 domini

193 2181 288 2213 pape,
314 2175 352 2204 ut
374 2171 515 2204 dictamk
537 2171 678 2203 litteram
707 2171 863 2204 bullatam
891 2175 998 2204 custo-

193 2221 282 2255 diant
302 2223 334 2255 in
350 2222 444 2255 dictis
458 2222 582 2264 hostiis,
606 2226 760 2265 quantum
784 2223 861 2255 dicti
876 2224 998 2256 domini

193 2274 293 2306 nostri
314 2284 400 2316 pape
414 2273 467 2306 vel
491 2273 648 2306 dictorum
667 2273 870 2307 dominorum
888 2285 997 2308 came-

195 2324 272 2356 rarii
298 2327 332 2357 et
357 2324 550 2358 thesaurarii
578 2325 736 2367 placuerit
767 2327 934 2367 voluntati,
963 2331 997 2359 et

196 2385 269 2408 eam
305 2376 484 2418 exemplari
508 2377 570 2409 >vel
607 2377 775 2410 transcribi
809 2379 997 2420 permittant

196 2425 440 2470 quibuscunque
489 2427 673 2460 volentibus
723 2429 895 2462 extrahere
943 2429 996 2462 vel

298 2527 364 2556 841.
391 2529 416 2562 ὓ)
433 2538 511 2563 nuper
528 2532 695 2565 permissione
711 2533 802 2559 divina
819 2533 892 2559 delet.
911 2533 936 2559 J.

195 2578 256 2598 runt
273 2580 354 2605 supra
371 2572 467 2599 laneam
485 2573 549 2601 aaa.
566 2574 592 2600 J.

196 2623 278 2647 supra
296 2615 392 2648 lineam
409 2616 471 2642 add.
490 2616 515 2642 J.

195 2656 586 2689 munandans-ommam
673 2659 952 2693 ¹¹)mcorr.asJ.

298 2716 386 2744 8412.
413 2720 437 2750 ⁸)
457 2724 482 2745 et
499 2719 566 2745 dom.
585 2724 664 2746 nostr.
683 2721 720 2746 bis
738 2721 834 2754 eor-'pta
853 2721 892 2747 M.

300 2793 326 2827 1)
345 2793 435 2827 Supra
449 2801 514 2829 pay.
526 2797 574 2822 ⁶61
594 2794 640 2822 uu.
652 2797 694 2823 36.

299 2853 336 2871 U..
355 2853 566 2872 coxsnwnorms
585 2854 607 2873 V.

1040 2532 1066 2565 b)
1084 2532 1196 2565 sequitur
1213 2533 1312 2566 affigiis
1330 2532 1404 2558 delet.
1421 2533 1449 2559 J.

693 2573 718 2608 ἆ)
736 2584 819 2608 supra
837 2577 932 2601 limam
949 2576 1012 2602 add.
1030 2575 1056 2601 J.

602 2617 629 2649 Ι)
648 2621 673 2644 st
690 2618 763 2652 publ.
780 2627 862 2652 supra
880 2619 975 2644 lincam
996 2619 1057 2645 add.
1076 2618 1102 2645 J.

783 2795 809 2828 2)
829 2795 920 2830 Supra
936 2804 1001 2831 paq.
1015 2799 1063 2824 662
1081 2796 1129 2824 lin.
1143 2799 1176 2824 32
1183 2804 1221 2831 sq.

1790 175 1853 205 665

1089 257 1302 290 Reverendus
1338 258 1370 290 in
1407 257 1536 290 Christo
1574 262 1668 300 pater
1706 259 1854 291 dominus

1047 309 1225 342 Gasbertus
1252 309 1315 342 Dei
1342 310 1453 352 gracia
1480 310 1743 352 archiepiscopus
1771 311 1853 342 Arc-

1046 361 1179 394 latensis
1192 361 1313 394 domini
1326 371 1411 404 pape
1423 362 1620 394 camerarius
1635 365 1710 394 ante
1727 366 1853 404 portam

1047 413 1178 446 maioris
1194 413 1331 446 ecclesie
1343 413 1611 455 Avinion(ensis),
1626 413 1805 445 reverendo
1822 415 1854 445 in

1048 463 1176 497 Christo
1200 469 1292 508 patre
1317 465 1447 497 domino
1469 465 1645 497 Ademario
1661 465 1725 497 Dei
1744 465 1855 508 gracia

1048 517 1201 559 episcopo
1230 511 1449 558 Massilieu(si)
1485 517 1586 559 ipsius
1619 516 1740 548 domini
1769 527 1855 559 pape

1047 568 1248 601 thesaurario
1271 578 1310 600 ac
1333 579 1385 600 me
1407 569 1533 601 notario
1557 572 1591 600 et
1606 568 1741 600 testibus
1756 569 1853 600 infra-

1046 621 1173 662 scriptis
1188 620 1402 663 presentibus,
1426 621 1568 652 existens
1589 619 1750 662 quandam
1767 620 1854 652 litte·

1047 681 1115 703 ram
1139 672 1349 714 apostolicam
1378 682 1450 704 cum
1478 671 1540 704 filis
1567 671 1608 703 de
1639 672 1742 704 serico
1766 671 1857 704 bulla

1049 722 1126 755 dicti
1156 723 1277 755 domini
1308 724 1407 755 nostri
1439 734 1525 766 pape
1559 722 1731 763 bullatam,
1765 724 1856 755 cuius

1049 775 1180 817 quidem
1197 774 1303 807 littere
1315 774 1456 807 secunda
1469 775 1555 807 linea
1571 775 1696 817 incipit:
1712 775 1855 807 'Dudum

1048 826 1200 858 videlicet
1228 826 1323 859 VIII.
1363 826 1411 858 Id.
1444 826 1606 858 Octobris'
1636 830 1669 859 et
1709 827 1780 859 finit
1823 828 1855 859 in

1047 877 1178 910 eadem:
1202 876 1439 920 ‘preiudiciales
1456 878 1598 919 exces’¹‚
1622 879 1653 910 in
1678 879 1856 920 penultima

1046 939 1123 961 vero
1157 929 1244 961 linea
1282 930 1408 971 incipit:
1447 929 1597 961 ‘candem
1637 931 1669 962 iu
1708 930 1854 962 eiusdem

1048 981 1220 1014 ecclesie'²
1252 985 1285 1014 et
1307 981 1377 1013 finit
1403 981 1434 1012 in
1459 981 1589 1013 eadem:
1618 978 1854 1024 ‘apostolorum

1048 1035 1117 1066 eius
1140 1032 1220 1073 se'³‚
1245 1036 1369 1065 certum
1393 1043 1579 1075 processum
1603 1037 1677 1065 tunc
1711 1038 1745 1065 et
1775 1034 1856 1066 alias

1046 1085 1192 1117 habitum
1216 1095 1274 1127 per
1296 1085 1531 1117 sanctissimum
1548 1089 1674 1127 patrem
1694 1088 1728 1118 et
1751 1085 1855 1118 domi-

1047 1147 1123 1169 num
1158 1140 1322 1169 nostrum·
1356 1146 1517 1168 summum
1557 1137 1742 1179 pontificem
1782 1148 1855 1180 pre-

1048 1188 1169 1220 dictum
1192 1192 1303 1221 contra
1326 1188 1530 1230 magnificum
1558 1189 1661 1220 virum
1689 1188 1854 1221 dominum

1047 1240 1248 1272 Ludovicum
1265 1239 1381 1272 ducem
1397 1240 1536 1272 Bavarie
1558 1241 1590 1271 in
1605 1240 1854 1282 Roman(orum)

1047 1301 1158 1334 regem
1182 1292 1321 1324 electum
1343 1302 1381 1323 ac
1397 1291 1631 1334 procurationis
1653 1292 1855 1335 quorundam

1047 1346 1292 1385 procuratorum
1320 1343 1398 1375 dicti
1425 1343 1515 1375 ducis
1545 1347 1578 1375 et
1607 1343 1856 1386 supplicacionis

1046 1398 1195 1438 porrecte
1211 1394 1298 1427 dicto
1316 1394 1446 1427 domino
1462 1398 1571 1427 nostro
1588 1406 1673 1437 pape
1689 1406 1747 1438 pro
1761 1400 1854 1439 parte

1047 1447 1138 1479 ducis
1150 1446 1294 1479 eiusdem
1307 1457 1366 1489 per
1377 1451 1603 1489 procuratores
1615 1447 1748 1480 eosdem
1762 1452 1853 1481 teno-

1047 1509 1100 1531 res
1107 1508 1230 1531 necnon
1239 1502 1273 1531 et
1286 1499 1560 1541 supersessionem
1566 1510 1668 1541 usque
1681 1500 1723 1532 ad
1731 1504 1854 1532 certum

1048 1555 1177 1593 tempus
1200 1550 1425 1593 publicationis
1441 1550 1673 1583 sententiarum
1698 1556 1731 1583 et
1754 1563 1854 1594 pena-

1047 1613 1117 1634 rum
1141 1602 1279 1635 latarum
1296 1602 1377 1634 alias
1400 1606 1512 1634 contra
1535 1602 1651 1635 ducem
1674 1603 1854 1645 predictum

1047 1655 1132 1686 inter
1146 1654 1299 1686 nonnulla
1314 1654 1378 1686 alia
1390 1655 1608 1686 continentem
1625 1654 1706 1697 legit
1721 1657 1855 1687 astanti-

1047 1706 1107 1738 bus
1123 1710 1157 1738 et
1172 1705 1433 1738 substancialiter
1447 1706 1668 1748 vulgarizavit.
1700 1706 1743 1738 Et
1758 1707 1855 1738 ambo

1047 1757 1141 1790 simul
1157 1757 1309 1790 videlicet
1325 1757 1447 1789 domini
1463 1758 1659 1790 camerarius
1675 1762 1708 1790 et
1725 1758 1855 1791 thesau-

1047 1810 1149 1842 rarius
1175 1809 1351 1851 supradicti
1382 1809 1502 1841 dictam
1530 1809 1671 1842 litteram
1698 1810 1856 1842 bullatam

1047 1860 1190 1903 appendi
1213 1864 1246 1893 et
1260 1860 1350 1903 affigi
1367 1861 1512 1893 fecerunt
1527 1861 1559 1892 in
1576 1861 1699 1893 foribus
1717 1862 1856 1894 ecclesie

1048 1913 1178 1945 maioris
1201 1912 1454 1954 Aviniou(ensis)
1481 1913 1678 1955 supradicte.

1091 1963 1314 2006 Precipientes
1344 1964 1451 2006 Lippo
1481 1964 1522 1996 de
1551 1964 1738 2003 Florencia,
1766 1965 1855 2007 Ray-

1047 2016 1179 2048 naldino
1193 2015 1234 2047 de
1245 2015 1443 2055 Mediolano,
1457 2015 1656 2049 Gerarducio
1670 2016 1711 2048 de
1724 2017 1855 2050 Castro·

1048 2067 1185 2100 liecaudi
1209 2070 1243 2099 et
1257 2067 1430 2099 Francisco
1454 2068 1495 2100 de
1512 2068 1650 2100 Perucio
1674 2069 1856 2101 cursoribus

1047 2119 1124 2152 dicti
1147 2119 1268 2151 domini
1284 2119 1384 2151 nostri
1400 2130 1485 2161 pape
1503 2119 1624 2152 ibidem
1642 2120 1855 2162 presentibus,

1046 2175 1083 2203 ut
1098 2171 1245 2203 eiusdem
1258 2171 1374 2203 ,littere
1397 2172 1443 2203 sic
1466 2171 1565 2203 affixe
1582 2172 1761 2204 custodiam
1783 2172 1855 2204 dili-

1046 2226 1178 2265 gentem
1209 2222 1381 2262 haberent,
1415 2227 1571 2265 quantum
1605 2223 1726 2255 domini
1755 2225 1855 2256 nostri

1046 2285 1132 2317 pape
1162 2274 1211 2306 vel
1241 2273 1443 2307 dominorum
1470 2275 1640 2307 camerarii
1667 2279 1701 2308 et
1723 2275 1854 2308 thesau-

1048 2327 1124 2358 rarii
1146 2326 1364 2368 predictorum
1383 2326 1481 2358 fuerit
1495 2326 1678 2366 voluntatis,
1702 2327 1854 2370 quodque

1049 2378 1275 2420 permitterent
1298 2382 1430 2410 cunctos
1452 2378 1599 2411 volentes
1627 2378 1703 2411 iude
1726 2380 1854 2421 copiam

1048 2430 1150 2472 ipsam
1182 2429 1360 2462 liberaliter
1393 2430 1565 2463 extrahere
1599 2430 1641 2463 de
1675 2431 1791 2463 eadem
1822 2435 1855 2463 et

1551 2534 1575 2566 θ)
1593 2534 1624 2560 de
1643 2535 1729 2560 mand.
1741 2548 1771 2553 --
1783 2536 1854 2561 ‹lixo-

1153 2575 1177 2607 0)
1195 2575 1309 2608 sequitur
1325 2576 1400 2601 electi
1419 2576 1493 2602 delet.
1511 2576 1537 2603 J.
1634 2576 1654 2610 f)
1673 2579 1854 2612 pro—electo

1195 2617 1221 2651 ιἱ)
1239 2619 1359 2644 videlicet
1371 2623 1463 2645 octavo
1475 2628 1533 2646 cum
1544 2621 1617 2654 eiquo
1627 2623 1815 2655 transponendi
1827 2623 1853 2648 J.

1303 2782 1336 2832 ¹3)
1355 2797 1426 2826 Ima,
1445 2799 1493 2826 un.
1509 2803 1550 2827 36.

1611 2851 1645 2879 ε(
