2184 3126
309 202 371 233 426
549 198 643 226 ACTA
663 198 777 226 REGNI
796 195 978 224 LUDEWICI
996 195 1042 222 IV.
1061 195 1107 222 ΕΤ
1125 193 1309 221 FRIDERICI
1328 193 1376 219 III.
1413 191 1486 219 1319.
1522 190 1570 217 Nr.
1583 189 1642 216 534.
1660 188 1718 216 535.

395 336 494 380 534.
523 335 621 379 535.
661 330 986 378 LITTERAE
1018 328 1358 375 FRIDERICI
1385 328 1476 373 AD
1504 325 1872 374 CIVITATEM

928 393 1336 441 CONEGLANI.

905 472 1012 507 1319.
1054 470 1161 506 Febr.
1183 470 1372 506 24—28.

765 575 850 611 534.
892 574 1047 609 Litterae
1069 575 1218 618 priores.
1323 573 1425 609 Febr.
1445 573 1506 608 24.

419 642 518 682 Copia
534 642 590 684 (c.)
611 641 647 673 iri
662 641 865 673 Collectaneis
876 639 1039 671 Dominici
1055 637 1122 670 Dal
1139 638 1274 670 Giudice
1293 649 1372 670 saec.
1385 638 1521 671 XVIII.
1540 637 1692 669 tabularii
1708 635 1846 668 civitatis
1861 634 1957 667 Orme-
1989 647 2001 666 s

303 694 394 735 ylarii
404 694 425 725 ¹.
453 692 652 726 Contulimus
666 702 732 724 nos.
750 711 791 715 -
806 691 870 723 Ed.
889 690 980 722 Verci
993 689 1109 722 ‘Storia
1125 689 1206 721 della
1217 700 1326 721 marca
1340 690 1539 731 Triviyiana'
1558 688 1653 727 VIII,
1667 690 1729 719 170
1740 697 1789 719 nr.
1799 687 1863 718 922
1877 697 1916 718 ex
1930 697 1956 718 c.

415 749 562 786 Biihmer,
585 748 660 788 Rey.
677 748 789 780 Ludw.
812 758 843 787 p.
861 747 925 778 173
947 745 1116 777 Friedrich
1138 755 1188 777 nr.
1205 745 1277 776 134.

418 817 601 849 Fridericus
623 816 687 848 Dei
709 816 814 858 gratia
829 815 1049 847 Romanorum
1072 823 1131 845 rex
1154 823 1283 855 semper
1305 817 1458 855 augustus
1523 813 1683 845 nobilibus
1707 817 1740 845 et
1762 812 1960 854 sapientibus

308 870 383 901 viris
406 870 569 911 potestati,
594 867 778 900 consulibus
801 870 834 898 et
857 866 988 898 consilio
1013 868 1045 897 et
1068 866 1194 896 comuni
1218 865 1354 896 civitatis
1377 864 1564 907 Ooneglani,
1588 866 1653 896 suis
1676 868 1710 897 et
1731 865 1858 907 imperii
1880 863 1960 895 fide-

307 921 392 953 libus
415 921 542 952 dilectis
608 920 745 961 gratiam
768 929 860 950 suam
883 920 916 949 et
939 927 1033 948 omne
1057 916 1185 948 bonum.
1980 927 2006 946 1⁰

416 972 529 1014 Nuper
552 981 610 1013 per
633 974 757 1002 nostros
776 970 902 1012 legatos
926 979 968 1000 ex
983 971 1075 1010 parte
1099 971 1205 999 nostre
1230 966 1425 998 celsitudinis
1448 967 1490 999 ad
1505 978 1562 998 vos
1577 968 1778 999 transmissos
1799 967 1961 999 intellexi-

308 1035 390 1063 mus,
415 1023 501 1065 quod
523 1022 638 1054 nobilis
661 1022 710 1053 vir
732 1021 889 1053 Guecello
913 1020 953 1051 de
978 1019 1112 1051 Camino
1137 1029 1192 1050 vos
1216 1017 1435 1050 obsidionibus
1458 1022 1491 1050 et
1513 1028 1533 1050 a
1555 1019 1620 1050 suis
1643 1018 1768 1050 damnis
1791 1022 1824 1051 et
1847 1030 1961 1061 grava—

307 1075 445 1107 minibus
462 1076 658 1106 incessanter
674 1076 811 1114 occupet
834 1075 866 1104 et
881 1071 1048 1112 perturbet
1070 1071 1101 1101 in
1118 1074 1280 1101 nostrum*
1297 1076 1329 1100 et
1343 1070 1470 1111 imperii
1487 1073 1707 1111 contemptum
1723 1081 1786 1102 non
1800 1070 1963 1102 modicum

308 1129 343 1158 et
369 1136 554 1168 gravamen.
601 1124 705 1166 Super
734 1134 797 1165 quo
825 1122 917 1154 vobis
947 1133 1010 1153 non
1040 1122 1201 1153 immerito
1236 1120 1460 1162 condolemus,
1491 1122 1583 1152 sicuti
1616 1121 1792 1153 auxiliante
1824 1121 1963 1154 Domino

307 1177 457 1208 sencietis
481 1177 588 1218 operis
611 1186 670 1217 per
693 1175 843 1206 effectum
867 1173 993 1215 sibique
1015 1174 1132 1204 nostris
1154 1173 1269 1204 litteris
1292 1171 1352 1203 sub
1376 1171 1509 1204 obtentu
1538 1172 1638 1203 nostri
1660 1171 1778 1203 favoris
1806 1175 1839 1204 et
1861 1173 1964 1214 gratie
1983 1185 2008 1204 ιι

309 1228 508 1259 strictissime
542 1227 751 1266 iniunximus,
778 1229 814 1257 ut
841 1236 861 1257 a
883 1225 997 1256 vestris
1021 1224 1146 1256 damnis
1174 1227 1207 1256 et
1229 1223 1469 1266 gravaminibus
1496 1233 1539 1255 ex
1566 1226 1634 1255 toto
1665 1227 1698 1255 et
1725 1223 1847 1265 absque
1874 1234 1965 1255 mora

309 1290 400 1311 suum
424 1280 566 1311 animum
583 1278 727 1310 retrahet
751 1280 784 1309 et
799 1277 961 1309 reffrenet.
997 1276 1203 1318 Quapropter
1218 1279 1325 1307 vestre
1341 1275 1417 1307 fidei
1433 1275 1606 1317 puritatem
1629 1274 1806 1307 affectuose
1830 1275 1964 1317 requiri-

307 1342 378 1363 mus
402 1333 435 1362 et
457 1341 618 1372 rogamus,
643 1329 792 1372 quatinus
815 1328 1042 1360 consolationis
1065 1330 1098 1359 et
1111 1327 1292 1358 firmissime
1316 1327 1384 1369 spei
1401 1327 1542 1359 animum
1566 1327 1745 1367 assumatis,
1769 1337 1842 1358 cum
1857 1329 1966 1358 nostra

307 1384 459 1415 maiestas
489 1382 580 1414 vobis
611 1382 760 1413 celeriter
788 1391 886 1412 manu
915 1381 1040 1422 potenti
1069 1380 1101 1411 in
1130 1379 1285 1411 auxilium
1308 1381 1505 1420 cooperante
1533 1378 1626 1410 nobis
1647 1378 1814 1410 Altissimo
1838 1388 1965 1410 succur-

308 1445 380 1467 rere
404 1435 445 1466 sit
467 1437 591 1476 parata,
615 1433 770 1475 vobisque
794 1432 993 1464 studebimus
1016 1431 1105 1473 pacis
1129 1434 1162 1463 et
1184 1430 1423 1473 tranquillitatis
1441 1429 1611 1462 commoda
1627 1440 1813 1472 preparare,
1836 1429 1879 1462 ad
1902 1440 1965 1472 que
1984 1441 2010 1461 2⁰

309 1487 407 1519 etiam
431 1497 555 1518 summo
581 1485 742 1517 desiderio
766 1485 955 1526 aspiramus.

416 1538 508 1569 Dat.b
531 1538 563 1569 in
586 1536 693 1578 Stiria,
716 1536 775 1568 VI.
792 1536 865 1568 Kal.
882 1535 1000 1575 Martii,
1023 1535 1114 1576 regni
1138 1534 1238 1566 nostri
1261 1544 1344 1566 anno
1368 1534 1489 1576 quinto.

760 1642 846 1678 535.
888 1642 1044 1678 Isitterae
1070 1643 1225 1677 iteratae.
1331 1640 1433 1676 Febr.
1452 1641 1517 1675 28.

424 1709 524 1751 Copia
547 1708 604 1750 (c.)
628 1708 752 1740 ibidem.
801 1707 1001 1740 Contulimus
1022 1717 1088 1739 nos.
1114 1725 1152 1730 —
1177 1705 1240 1738 Ed.
1265 1705 1355 1738 Verci
1377 1705 1397 1737 l.
1413 1716 1438 1737 c.
1462 1705 1559 1744 VIII,
1583 1706 1646 1737 171
1668 1716 1718 1738 nr.
1736 1707 1799 1738 923
1821 1716 1860 1737 ex
1882 1716 1910 1737 c.

419 1765 565 1803 Biihmer,
589 1764 664 1805 Rey.
680 1763 792 1795 Ludw.
813 1774 847 1803 p.
863 1765 926 1795 173
948 1762 1117 1794 Friedrich
1139 1772 1189 1793 nr.
1208 1762 1279 1793 135.
1979 1758 2007 1792 '2⁵

424 1821 473 1859 Cf.
496 1821 587 1859 infra
609 1830 659 1851 nr.
677 1819 856 1850 540—542.

419 1889 602 1921 Fridericus
618 1889 680 1920 Dei
696 1889 800 1930 gratia
816 1888 1035 1919 Romanorum
1058 1897 1117 1918 rex
1140 1896 1268 1928 semper
1283 1890 1437 1928 augustus
1502 1888 1639 1918 strenuis
1662 1889 1696 1918 et
1710 1886 1966 1928 prudentissimis

312 1942 387 1973 viris
402 1941 566 1983 potestati,
584 1939 765 1971 consulibus
782 1942 815 1971 et
830 1940 957 1970 comuni
973 1942 1057 1970 terre
1071 1937 1259 1979 Coneglani,
1276 1938 1340 1969 suis
1357 1941 1390 1970 et
1405 1938 1533 1980 imperii
1544 1938 1693 1971 fidelibus
1707 1938 1833 1970 dilectis
1891 1947 1964 1980 gra-

315 1994 394 2024 tiam
418 2002 508 2024 suam
533 1995 566 2022 et
589 2001 682 2022 omne
706 1990 834 2022 bonum.

423 2042 703 2079 Quemadmodum
726 2052 830 2083 nuper
851 2044 959 2073 nostra
982 2041 1145 2083 scripsisse
1169 2041 1356 2073 recordatur
1378 2042 1547 2083 serenitas,
1579 2043 1623 2073 sic
1646 2046 1752 2074 vestre
1775 2042 1965 2073 constantis·
1984 2051 2010 2070 ao

315 2096 394 2127 sime
423 2094 500 2126 fidei
528 2094 701 2135 puritatem
729 2093 836 2124 denuo
865 2092 1041 2124 affectuose
1068 2093 1257 2135 requirimus
1290 2096 1323 2124 et
1344 2093 1523 2134 hortamur,
1554 2094 1702 2136 quatinus
1731 2097 1884 2136 tanquam
1907 2093 1967 2125 viri

316 2146 437 2178 strenui
461 2149 493 2177 et
508 2145 683 2186 prudentes
698 2144 824 2176 firmum
846 2147 879 2175 et
897 2143 1159 2187 inperter[r]itum
1177 2144 1334 2176 habentes
1350 2145 1491 2176 animum
1506 2155 1562 2176 vos
1578 2148 1687 2177 contra
1702 2149 1827 2177 vestros
1843 2145 1967 2177 emulos

316 2198 451 2229 viriliter
477 2196 671 2228 deffendatis
701 2206 760 2227 nec
792 2198 925 2237 propter
952 2195 1059 2227 brevis
1086 2196 1319 2237 expectationis
1346 2195 1527 2239 morula[m]
1556 2198 1646 2238 gravi
1673 2197 1846 2239 capiamini
1867 2197 1966 2237 tedio,

318 2259 389 2280 cum
418 2248 459 2279 de
487 2248 618 2279 consilio
648 2250 680 2278 et
707 2247 827 2278 auxilio
856 2250 1034 2279 nostrorum
1062 2251 1094 2279 et
1120 2248 1203 2279 sacri
1229 2247 1366 2279 Romani
1398 2248 1525 2290 imperii
1552 2249 1727 2280 amicorum
1763 2252 1796 2281 et
1822 2249 1967 2281 fidelium

319 2299 519 2339 dilectorum,
543 2309 623 2340 quos
645 2299 710 2330 iam
733 2309 829 2340 super
852 2309 890 2330 eo
912 2299 1165 2339 convocavimus,
1188 2299 1278 2331 vobis
1293 2303 1459 2342 tamquam
1482 2301 1598 2331 nostris
1621 2304 1654 2332 et
1675 2301 1803 2342 imperii
1819 2299 1967 2333 fidelibus
1985 2310 2010 2329 ³⁵

319 2350 444 2382 dilectis
473 2350 571 2382 celeri
593 2360 766 2391 progressu
794 2352 827 2381 et
854 2349 974 2391 absque
998 2351 1258 2391 percunctatione
1282 2351 1390 2393 aliqua
1419 2351 1461 2382 ad
1484 2351 1684 2384 liberandum
1707 2363 1764 2384 vos
1787 2352 1828 2384 ab
1852 2352 1966 2386 adver-

319 2403 474 2434 sariorum
498 2405 678 2433 vestrorum
701 2401 848 2432 manibus
870 2402 994 2443 potenti
1017 2402 1147 2433 brachio
1170 2413 1354 2435 succurrere
1377 2403 1506 2435 favente
1530 2404 1622 2436 nobis
1643 2404 1810 2436 Altissimo
1833 2403 1965 2437 festine-

319 2464 398 2485 mus.
445 2453 528 2489 Quia
561 2453 603 2484 ad
632 2453 693 2484 hoc
722 2456 830 2484 nostre
858 2454 973 2484 mentis
1006 2456 1038 2484 et
1061 2453 1324 2486 considerationis
1350 2455 1416 2496 iugi
1439 2455 1648 2488 meditatione
1671 2457 1868 2488 incessanter
1890 2466 1965 2488 con-

320 2505 482 2546 vertimus,
506 2508 542 2536 ut
557 2504 648 2535 vobis
672 2507 705 2535 et
725 2505 783 2535 toti
800 2503 957 2536 districtui
979 2505 1067 2546 pacis
1091 2508 1123 2537 et
1146 2506 1383 2547 tranquillitatis
1399 2507 1564 2538 valeamus
1587 2508 1757 2540 commoda
1780 2518 1964 2550 preparare,

320 2559 416 2598 prout
438 2559 579 2588 nostram
603 2559 636 2588 et
658 2555 784 2598 imperii
807 2555 902 2587 decet
923 2557 1193 2598 magnificentiam
1217 2561 1250 2589 et
1272 2558 1436 2592 honorem.
1985 2567 2012 2587 ιο

426 2608 500 2640 Dat.
518 2607 624 2646 Stirie,
647 2607 690 2638 ΙΙ.
715 2607 788 2639 Kal.
804 2607 922 2647 Martii,
945 2609 1036 2650 regni
1059 2610 1157 2640 nostri
1180 2619 1264 2641 anno
1288 2610 1408 2651 quinto.

425 2743 490 2772 534.
518 2744 542 2777 ⁸)
562 2749 674 2770 vestrum
694 2753 714 2770 c.
807 2743 830 2778 b)
849 2746 915 2771 Data
933 2754 954 2771 c.

427 2805 452 2838 l)
473 2804 513 2837 Cf.
528 2803 637 2830 Bottwn
651 2803 785 2830 ‘Archivio
803 2804 903 2830 vecchio
920 2805 1055 2831 wmunale
1072 2804 1101 2831 di
1121 2804 1289 2840 Coneyliano.
1322 2806 1475 2833 Relatione'
1494 2806 1673 2842 (Coneqliano
1686 2807 1763 2842 1898)
1779 2816 1808 2841 p.
1823 2811 1862 2835 13.
