2184 3126
401 133 497 161 ACTA
517 127 627 162 12le
648 133 830 161 LUDEwlcl
851 134 897 161 lv.
915 133 962 161 ΕΤ
981 132 1164 160 FRIDEBICI
1185 133 1233 160 111.
1271 133 1344 161 1324.
1383 133 1430 160 Nr.
1443 133 1609 162 1025.1026.
1629 133 1705 161 1027.
1821 136 1880 167 851

227 219 364 252 ecclesie
388 219 598 262 beneplacitis
621 223 655 252 et
676 220 708 252 in
731 220 794 252 illis
816 221 961 263 partibus
984 220 1128 262 negociis
1151 219 1384 262 prosequendis
1406 223 1521 262 gentes
1544 224 1652 252 nostre
1675 220 1828 252 devotum
1851 224 1885 252 et

226 273 412 312 promptum
439 274 644 313 repererunt,
678 272 759 303 sicut
788 272 889 313 gratis
922 271 1077 304 relatibus
1109 271 1218 314 sepius
1246 271 1384 303 vidimus
1414 275 1446 303 et
1475 271 1507 303 id
1535 282 1618 303 nunc
1647 271 1885 304 delectabiliter

182 354 185 357 ,
226 331 447 360 recensemus,
474 332 569 354 aures
591 333 655 355 non
682 323 964 355 accomodavimus
993 332 1053 355 nec
1079 323 1216 355 libenter
1243 323 1454 365 preberemus
1483 323 1643 363 auditum,
1674 323 1749 365 quin
1774 324 1883 363 immo,

226 373 308 405 sicut
331 382 410 415 erga
430 383 489 405 nos
513 377 545 406 et
561 373 699 406 eandem
715 374 896 407 Romanam
917 374 1062 416 aliasque
1079 373 1233 406 ecclesias
1257 377 1289 407 et
1305 384 1460 416 personas
1477 374 1712 406 ecclesiasticas
1729 374 1885 406 hactenus

194 432 207 453 ο
226 426 282 456 tua
305 423 436 456 devotio
460 425 574 457 claruit
596 429 629 457 et
651 425 777 468 fulgere
799 426 948 458 continue
971 425 1142 458 laudandis
1158 425 1309 468 operibus
1332 436 1394 458 non
1418 425 1554 466 desistit,
1578 429 1613 458 ut
1636 426 1723 457 fama
1747 429 1886 457 testatur

225 474 363 507 celebris
386 474 609 518 dictat-umque
632 477 811 509 litterarum
834 477 935 509 series
958 480 991 509 et
1013 476 1131 519 prefati
1155 476 1268 509 decani
1292 476 1426 509 assertio
1450 480 1678 519 protestantur,
1702 477 1747 508 sic
1770 487 1829 509 nos
1852 477 1884 509 in

224 526 287 558 tuis
302 527 574 568 oportunitatibus
597 529 767 570 propicios,
791 531 946 571 quantum
969 539 1042 560 cum
1059 527 1131 561 Deo
1156 529 1342 570 poterimus,
1367 529 1510 571 reperies
1534 532 1567 560 et
1581 528 1749 571 benignos.
1794 528 1883 566 Quo-

225 578 310 610 circa
325 581 414 610 tuam
430 589 581 620 rogamus
598 580 831 621 providentiam
843 580 997 612 attentius
1013 583 1046 612 et
1062 579 1236 621 hortamur,
1253 581 1403 622 quatinus
1419 582 1449 612 in
1463 581 1687 622 prosecutione
1701 580 1883 612 huiusmodi

225 628 380 662 laudandi
396 630 553 671 propositi
567 631 613 662 sic
630 634 813 664 constanter
828 634 861 664 et
877 630 1084 664 immobiliter
1099 641 1299 673 perseveres,
1323 631 1409 674 quod
1432 631 1507 663 inde
1530 635 1671 664 nostram
1696 635 1730 663 et
1752 636 1882 674 aposto-

183 689 208 710 ιο
225 681 286 717 lice
309 681 396 713 sedis
418 680 678 715 benedictionem
702 686 735 715 et
757 684 896 726 gratiam
918 682 1048 715 uberius
1070 684 1236 716 merearis.

312 732 432 766 Datum
456 733 653 775 Avinion(e),
676 735 749 768 Kal.
765 735 967 777 Decembris,
990 745 1074 767 anno
1098 746 1190 767 nono,

721 866 829 904 1026.
870 867 994 903 Missio
1019 867 1141 903 nuntii.
1245 866 1329 903 Dec.
1348 867 1383 902 3.

311 939 437 972 Notitia
457 940 493 972 in
508 940 677 973 Librorum
693 941 860 974 ‘Introitus
874 944 903 974 et
917 941 1030 974 exitus’
1046 943 1117 975 tom.
1135 941 1176 973 65
1198 941 1252 980 sol.
1270 943 1310 973 74
1333 939 1488 973 tabularii
1507 940 1663 973 Vaticani.
1704 940 1883 983 Descripsi-

223 1001 295 1024 mus
317 1001 383 1024 nos.
406 1010 447 1015 —
471 992 640 1024 Ineditum.

181 1060 206 1080 1⁵
316 1051 364 1091 Os.
388 1062 489 1092 supra
511 1062 560 1084 nr.
584 1052 648 1083 906
669 1055 699 1085 et
722 1054 794 1092 947,
818 1053 951 1094 itemque
969 1063 1002 1093 p.
1015 1053 1080 1084 823
1103 1055 1165 1085 not.
1184 1055 1213 1084 1.

311 1137 373 1170 Die
396 1137 458 1170 111.
482 1138 602 1170 mensis
624 1138 815 1171 Decembris
842 1138 883 1171 de
906 1138 1059 1171 mandato
1083 1138 1204 1171 domini
1227 1139 1327 1171 nostri
1350 1149 1435 1182 pape
1463 1139 1670 1181 precipientis
1699 1139 1792 1171 nobis
1823 1150 1882 1181 per

224 1190 413 1232 magistrum
429 1189 636 1230 Ar(nal)dum
659 1189 700 1222 de
722 1190 857 1223 Petrilia
880 1191 1184 1232 archipresbiterum
1207 1190 1248 1222 de
1264 1190 1441 1223 Plainhaco
1464 1190 1678 1223 cambrerium
1701 1201 1804 1231 suum,
1828 1191 1882 1233 qui

161 1249 163 1251 '
223 1240 317 1273 nobis
341 1241 422 1273 dixit
445 1252 486 1274 ex
509 1244 602 1284 parte
629 1242 730 1284 ipsius
753 1242 874 1275 domini
903 1244 1020 1285 nostri,
1043 1243 1234 1276 tradidimus
1261 1246 1295 1275 et
1321 1243 1560 1276 numeravimus
1589 1242 1679 1274 fratri
1707 1242 1880 1284 Radulpho

225 1292 266 1326 de
289 1293 486 1326 Alamannia
507 1294 667 1336 superiori
690 1293 730 1326 de
755 1294 865 1327 ordine
890 1295 1023 1327 fratrum
1047 1295 1217 1337 Minorum,
1242 1296 1296 1338 qui
1320 1305 1361 1327 ex
1384 1294 1481 1327 certis
1503 1295 1607 1326 causis
1628 1294 1744 1326 missus
1767 1294 1827 1326 fuit
1849 1294 1882 1325 in

180 1353 209 1374 ω
225 1345 451 1378 Alamanniam
475 1355 534 1388 per
556 1346 661 1387 ipsum
684 1346 849 1379 dominum
872 1350 1027 1389 nostrum,
1050 1357 1108 1389 pro
1132 1347 1283 1389 expensis
1306 1347 1407 1389 ipsius
1429 1346 1537 1378 fratris
1655 1346 1683 1378 L
1706 1345 1774 1377 flor.
1799 1345 1880 1378 auri.

425 1477 534 1515 1027.
573 1478 728 1515 Litterae
755 1479 802 1514 acl
828 1479 1122 1525 archieffiscopum
1150 1479 1406 1523 Mofflmtimtm.
1518 1478 1599 1514 Dec.
1620 1480 1676 1513 11.

313 1551 412 1594 Copia
435 1554 487 1593 (c.)
519 1552 633 1586 ibidem
656 1553 691 1584 in
714 1552 916 1593 Reyestorum
944 1556 1016 1588 tom.
1034 1554 1099 1585 113
1124 1553 1182 1595 fol.
1200 1553 1250 1585 44¹
1280 1563 1329 1585 nr.
1346 1553 1421 1584 351.
1479 1552 1715 1592 Descripsimus
1741 1563 1808 1585 nos.
1837 1570 1881 1575 —

171 1619 174 1622 ⁴
222 1603 394 1637 Ineditum.

309 1664 384 1706 Rey.
408 1664 511 1697 Mlier
533 1664 552 1696 l.
569 1676 594 1698 c.
612 1675 648 1705 p.
664 1666 728 1696 260
749 1675 799 1696 nr.
815 1666 899 1703 250;
921 1665 1212 1707 Preyer-Reinkens
1230 1676 1263 1705 p.
1279 1666 1345 1696 283
1366 1675 1415 1696 nr.
1433 1665 1507 1697 198.

179 1765 203 1786 29
309 1749 435 1783 Eidem.

306 1801 532 1835 Fraternitatis
554 1806 609 1835 tue
632 1804 813 1845 recepimus
841 1804 1061 1836 excusatorias
1088 1804 1226 1843 litteras,
1258 1813 1359 1846 quare
1392 1802 1564 1834 distuleras
1590 1801 1747 1833 hactenus
1770 1800 1879 1843 palam

221 1853 438 1886 ordinationes
468 1855 662 1899 apostolicas
692 1855 868 1897 publicare.
921 1855 1074 1888 Profecto
1102 1855 1147 1887 fili
1174 1855 1266 1887 multi
1296 1858 1370 1887 sunt
1399 1854 1440 1886 de
1472 1853 1724 1896 publicantibus,
1753 1853 1807 1894 qui
1837 1852 1878 1884 ad

221 1905 463 1948 obsequendum
490 1905 651 1938 mandatis
678 1907 864 1948 apostolicis
891 1918 954 1939 non
982 1908 1027 1940 sic
1055 1907 1265 1940 consideratis
1294 1907 1442 1939 omnibus
1471 1904 1717 1937 circumstantiis
1739 1904 1823 1936 sicut
1845 1908 1879 1935 tu

218 1961 292 1990 sunt
313 1958 444 1989 astricti.
490 1957 599 1994 Quare
622 1957 718 1990 decet
740 1962 783 1999 te,
807 1959 861 2001 qui
884 1963 998 2001 potens
1021 1960 1105 1991 inter
1127 1959 1217 1997 alios,
1241 1959 1267 1990 si
1284 1959 1433 1990 voluntas
1450 1957 1594 2000 potentie
1611 1954 1875 1997 correspondeat,

176 2021 202 2042 ιο
220 2009 392 2051 reputaris,
421 2009 508 2051 quod
531 2008 737 2042 devotionem
762 2013 850 2042 tuam
875 2013 908 2043 et
930 2011 1036 2051 fidem,
1070 2009 1214 2054 [quam]⁸
1235 2011 1357 2042 habere
1386 2013 1419 2043 te
1450 2009 1490 2042 ad
1518 2007 1631 2041 sedem
1665 2007 1877 2049 apostolicam

219 2061 346 2103 asseris,
370 2061 521 2104 operibus
543 2061 740 2094 manifestes.
787 2061 879 2094 Nosti
903 2062 1044 2105 quidem,
1068 2062 1154 2105 quod
1176 2062 1257 2094 fides
1279 2063 1349 2094 sine
1374 2061 1528 2104 operibus
1550 2063 1678 2092 mortua
1701 2062 1878 2101 reputatur.

192 2105 194 2107 ’
219 2111 335 2145 Fidem
358 2123 436 2155 ergo
460 2115 557 2151 tuam,
581 2124 678 2155 quam
701 2124 779 2156 sepe
809 2114 927 2156 scripto
955 2114 1116 2156 pollicitus
1146 2115 1303 2153 nosceris,
1339 2124 1437 2156 opere
1469 2115 1649 2144 monstrare
1677 2114 1805 2152 satage,
1837 2120 1877 2142 ne

219 2166 360 2205 mortua,
384 2165 466 2196 sieut
489 2168 522 2196 et
545 2175 628 2197 nunc
651 2162 819 2207 reputatur
842 2177 861 2198 a
884 2166 1043 2208 pluribus,
1067 2166 1108 2198 ab
1133 2166 1281 2198 omnibus
1303 2168 1472 2208 reputetur
1495 2174 1554 2196 nec
1577 2163 1618 2195 de
1642 2162 1720 2194 vitio
1743 2163 1877 2204 ingrati—

220 2214 338 2247 tudinis
360 2218 450 2248 tanto
474 2216 580 2259 quoad
604 2212 711 2249 Deum
735 2221 768 2250 et
792 2217 940 2249 homines
963 2217 1157 2260 reprebendi
1180 2218 1296 2250 merito
1320 2218 1430 2249 valeas
1454 2220 1487 2249 et
1510 2217 1625 2259 puniri.

177 2278 202 2297 ns
306 2265 427 2299 Datum
449 2267 646 2310 Avinion(e),
670 2268 730 2301 111.
754 2269 831 2301 Idus
853 2269 1054 2312 Decembris,
1076 2280 1159 2302 anno
1182 2270 1298 2302 nono¹.

306 2350 391 2380 1⁰82.
418 2353 442 2387 ⁸)
459 2354 554 2380 eoecidit
569 2363 591 2381 ο.

309 2421 334 2455 1)
353 2420 562 2449 publicationem
576 2431 747 2457 processuum
762 2424 901 2458 pontificis
920 2426 948 2451 in
962 2424 1074 2452 dioecesi
1086 2425 1245 2452 Brininensi
1263 2434 1288 2452 α.
1304 2427 1376 2452 1324.
1396 2425 1465 2453 Dec.
1478 2429 1514 2453 20
1529 2425 1659 2459 habitam,
1676 2427 1755 2454 cuius
1772 2428 1874 2454 inseru-

220 2466 337 2491 meatuao
363 2463 482 2492 astabat
507 2465 539 2492 in
563 2466 699 2494 tabulario
723 2467 855 2495 Vaticano
885 2468 932 2502 (cf.
951 2467 1038 2494 Lakei-
1060 2468 1116 2495 zoco
1133 2476 1218 2502 sagn-a
1236 2467 1273 2495 od
1289 2476 1332 2495 nr.
1345 2471 1397 2495 289
1415 2469 1500 2496 citato
1512 2477 1543 2503 p.
1556 2472 1608 2497 200
1626 2478 1668 2496 ar.
1681 2473 1741 2501 251,-
1767 2470 1876 2504 Pteyer·

177 2558 203 2578 ⁴⁰
222 2506 402 2576 Reium.
415 2509 465 2534 283
482 2515 525 2535 nr.
538 2510 604 2543 199),
621 2509 678 2536 iam
695 2518 751 2537 noa
768 2510 903 2537 intentam
926 2510 970 2537 hic
988 2518 1090 2544 ponere
1107 2519 1163 2538 aon
1184 2519 1333 2545 possimus.
1376 2510 1461 2545 Apud
1478 2511 1575 2539 Mouza
1593 2511 1703 2540 ‘Leni-es
1720 2515 1877 2541 communes’

1601 2821 1665 2848 107⁴*
