2184 3126
5 654 21 913 s-rca——ssae-m-›f3
12 610 14 612 .
12 587 14 590 Α
14 565 16 567 ,
13 527 15 531 .
13 494 16 512 ,μ
13 468 15 470 .

0 1491 4 1504 ·-
0 1470 5 1482 ω
0 1401 5 1443 —w
0 1212 11 1384 -Α-ει-νννῃη-..ι

436 177 534 206 ACTA
553 176 667 205 REGNI
685 176 871 205 LUDEWICI
889 177 936 205 lv.
955 177 1002 206 ΕΤ
1021 177 1207 207 FRIDERICI
1226 178 1275 206 111.
1312 179 1388 207 1323.
1425 179 1473 207 Nr.
1487 179 1546 208 798.
1562 181 1623 209 799.
1791 184 1854 214 623

196 272 308 295 omnes
331 263 488 304 viderent,
513 263 599 305 quod
622 264 717 306 culpa
739 255 1148 298 errorum'Gebeninorum
1173 269 1270 306 esset,
1294 267 1320 298 si
1343 277 1408 299 non
1431 267 1673 300 concordarent.
1713 268 1772 300 Set
1794 268 1855 301 hoc

197 317 246 346 est
267 324 390 355 verum,
413 318 448 346 ut
471 314 620 347 dominus
642 316 788 358 Angelus
811 316 898 358 dicit,
922 317 1009 359 quod
1033 317 1094 349 ista
1117 317 1290 350 concordia
1312 318 1400 350 nullo
1423 319 1522 351 modo
1544 319 1614 351 fieri
1638 323 1757 362 potest,
1781 331 1853 352 curn

195 365 257 407 ipsi
286 365 408 398 habent
435 369 558 398 certum
589 370 622 399 et
647 367 820 400 limitatum
847 368 1034 401 mandatum
1063 379 1084 401 a
1111 370 1191 411 suis,
1226 369 1313 412 quod
1346 369 1455 412 aliquo
1489 370 1587 402 modo
1621 382 1685 403 non
1719 375 1855 413 possunt

195 417 340 458 nansire,
365 416 424 450 nec
447 428 506 450 rex
527 418 690 451 Robertus
713 429 772 452 nec
796 419 902 452 Guelfi
925 421 1101 453 Ianuenses
1124 425 1220 463 pacta
1242 432 1301 453 sua
1324 425 1542 464 acceptarent.

303 470 332 501 3.
356 468 466 501 Pisani
490 470 593 502 eciam
616 470 737 503 nullam
761 471 966 504 concordiam
989 473 1132 505 invenire
1156 476 1308 515 poterunt
1330 483 1403 505 oum
1426 474 1606 506 intrinsecis
1628 474 1853 516 Ianuensibus,

194 520 270 561 quia
292 520 370 552 talia
394 520 559 562 petebant,
584 532 646 563 que
669 522 756 554 nullo
772 522 869 555 modo
886 523 995 555 Pisani
1017 524 1152 566 implere
1169 525 1359 566 potuissent.
1404 525 1542 557 Multum
1567 525 1716 558 videntur
1739 527 1852 559 volun·

194 572 267 603 tarii
290 571 332 604 ad
356 572 561 604 concordiam
584 576 725 605 vestram
749 575 872 616 regiam
896 578 930 607 et
945 575 1109 608 videretur
1126 576 1224 608 michi
1241 587 1298 618 pro
1321 576 1458 618 meliori,
1481 577 1568 619 quod
1584 581 1747 619 magestas
1763 580 1854 621 regia

193 633 291 665 super
314 623 503 655 tractatibus
531 634 641 656 eorum
666 624 803 657 deberet
824 627 954 659 mittere
978 630 1220 669 procuratorem
1245 627 1359 668 talem,
1395 628 1526 671 qualem
1554 639 1616 671 ego
1646 630 1710 662 iam
1734 630 1765 662 in
1789 630 1854 663 alia

192 683 267 706 mea
290 674 398 706 littera
421 674 586 717 descripsi.
626 675 668 708 Et
691 688 754 709 non
776 678 900 710 veniret
922 678 1008 711 ultra
1026 678 1373 721 Mmtempesulanum,
1396 690 1504 722 ymmo
1527 684 1629 713 staret
1650 681 1696 713 ibi
1720 684 1754 713 et
1776 681 1851 714 inde

193 725 389 768 significaret
408 727 533 759 11111100ι
550 727 724 760 adventum
741 740 844 761 suum.
880 730 1002 762 Verum
1026 733 1135 763 tamen
1158 731 1246 772 quod
1269 734 1432 773 magestas
1455 733 1545 774 regia
1568 732 1724 765 scriberet
1746 734 1851 766 amico

191 787 290 810 unam
305 777 458 819 litteram,
481 779 513 810 in
537 789 600 821 qua
617 784 868 822 conquereretur
890 781 931 813 de
954 782 1121 814 iniusticiis
1145 783 1248 824 passis
1270 793 1329 825 per
1353 783 1455 815 dictos
1470 783 1617 824 Pisanos,
1641 785 1852 817 immiscendo

191 829 314 872 aliquid
343 829 384 862 de
408 831 654 863 mansuetudine
683 835 716 864 et
739 832 939 875 benignitate
963 836 1083 875 vestra,
1113 834 1275 876 quomodo
1298 835 1485 877 potuissetis
1508 846 1579 876 eos,
1610 837 1637 867 si
1659 836 1852 877 voluissetis,

191 882 296 923 magis
319 891 465 924 gravare.
511 882 554 914 Et
576 884 717 915 tenendo
742 895 799 916 vos
821 885 958 917 multum
980 885 1057 927 alte,
1081 885 1157 928 quia
1179 886 1315 918 multum
1339 887 1401 918 erit
1423 887 1497 918 talis
1519 887 1628 919 littera
1650 892 1786 930 accepta
1809 888 1851 920 ab

191 933 306 973 amico,
331 934 406 975 quia
430 933 507 966 dicti
530 934 641 966 Pisani
664 936 799 968 multum
823 936 973 979 credunt,
1003 937 1090 979 quod
1117 937 1290 970 concordia
1312 937 1411 970 faciat
1433 949 1492 980 pro
1514 938 1615 970 vobis.
1659 939 1702 971 Et
1725 950 1766 971 ex
1789 940 1850 972 hoc

192 987 304 1018 tenent
334 996 368 1018 se
398 986 502 1027 magis
531 990 565 1018 et
587 986 723 1019 credunt
750 991 964 1030 magestatem
989 989 1111 1031 regiam
1135 988 1178 1021 ad
1201 989 1399 1022 voluntatem
1423 1000 1514 1022 suam
1539 990 1664 1022 facilius
1687 991 1851 1023 inclinare.

191 1036 259 1069 Ista
281 1037 391 1069 littera
414 1041 500 1069 esset
522 1038 658 1070 multum
682 1038 769 1071 bona
793 1043 826 1071 et
848 1040 1032 1072 necessaria
1054 1040 1096 1072 ad
1119 1040 1297 1072 tollendum
1321 1041 1368 1072 eis
1390 1041 1486 1073 istam
1509 1042 1726 1084 oppinionem.
1765 1043 1849 1075 Nam

121 1111 124 1116 -
190 1089 313 1121 amicus
329 1088 428 1121 talem
443 1089 585 1122 litteram
608 1090 650 1122 ad
670 1091 831 1123 cautelam
847 1091 930 1123 bene
947 1091 1133 1124 ostenderet
1156 1093 1212 1124 eis.
1252 1091 1424 1125 Conclusio
1448 1096 1558 1125 tamen
1573 1094 1718 1136 predicte
1741 1094 1849 1127 littere

191 1143 291 1179 esset,
322 1141 408 1182 quod
440 1151 512 1173 cum
542 1141 706 1183 predictus
729 1143 851 1174 amicus
874 1144 1018 1185 requirat
1039 1154 1097 1175 vos
1125 1143 1166 1175 de
1189 1143 1343 1185 predictis
1371 1144 1576 1186 tractatibus,
1606 1146 1733 1178 videtur
1759 1147 1849 1188 regie

189 1193 364 1234 magestati
396 1196 489 1234 turpe
517 1195 550 1225 et
576 1193 729 1226 indecens
758 1197 848 1226 tanto
880 1195 985 1227 amico
1013 1194 1099 1227 istud
1122 1194 1301 1238 denegare,
1335 1196 1488 1238 precipue
1523 1206 1596 1228 cum
1631 1197 1850 1230 indubitanter

190 1243 346 1283 credatis,
375 1244 462 1286 quod
484 1245 554 1287 ipse
584 1246 706 1277 amicus
729 1245 830 1278 nollet
858 1247 918 1278 nisi
948 1246 1035 1289 quod
1059 1250 1146 1278 esset
1168 1247 1209 1278 ad
1233 1251 1374 1279 vestrum
1397 1246 1564 1280 honorem.
1608 1247 1651 1280 Et
1673 1250 1742 1291 ipse
1766 1249 1849 1282 bene

189 1295 271 1328 sciat
293 1298 327 1328 et
349 1295 472 1337 videat,
507 1296 593 1338 quod
623 1306 695 1329 cum
719 1296 878 1329 adiutorio
902 1297 965 1330 Dei
989 1308 1046 1330 vos
1069 1298 1218 1330 habeatis
1241 1298 1401 1330 intentum
1422 1302 1563 1330 vestrum
1587 1303 1621 1331 et
1643 1300 1730 1342 quod
1753 1311 1850 1343 super

188 1347 250 1380 hoc
273 1347 418 1380 volentes
441 1347 703 1380 condescendere
720 1349 925 1391 requisicioni
949 1353 983 1381 et
1006 1350 1155 1392 precibus
1178 1351 1243 1381 suis
1266 1360 1323 1381 vos
1338 1350 1509 1382 ordinastis
1524 1361 1621 1393 super
1634 1351 1704 1383 istis
1719 1353 1848 1385 mittere

188 1402 330 1432 vestrum
354 1403 605 1442 procuratorem,
634 1411 731 1442 quem
754 1411 819 1433 non
841 1402 937 1433 vultis
961 1402 1047 1444 quod
1070 1402 1155 1434 ultra
1177 1402 1514 1444 Montempesulanum
1537 1403 1650 1444 vadat,
1677 1405 1737 1435 nisi
1760 1405 1848 1446 prius

188 1451 269 1483 sciat
292 1451 456 1494 predictus
479 1455 669 1494 procurator
690 1462 750 1495 per
773 1453 923 1495 amicum,
947 1457 1054 1486 utrum
1069 1454 1181 1487 Pisani
1197 1455 1363 1496 requirant
1385 1457 1419 1486 et
1441 1454 1541 1486 velint
1562 1455 1594 1486 in
1610 1454 1695 1487 dicto
1710 1457 1847 1497 negocio

189 1502 231 1534 ad
253 1502 410 1535 honorem
434 1504 560 1545 regium
583 1503 760 1538 intendere.
806 1504 898 1536 Istud
922 1506 1044 1537 amicus
1071 1506 1139 1538 vult
1161 1509 1295 1547 propter
1317 1505 1507 1537 dolositates
1533 1509 1567 1538 et
1589 1506 1720 1539 fraudes
1743 1508 1847 1539 vitan·

188 1554 247 1587 das
270 1555 429 1587 dictorum
446 1555 637 1587 Pisanorum
662 1559 695 1587 et
717 1566 789 1588 cum
806 1556 924 1588 talibus
941 1560 1071 1598 oportet
1092 1558 1139 1589 ire
1163 1567 1237 1589 cum
1260 1557 1392 1588 astueiis
1415 1560 1449 1588 et
1471 1558 1711 1600 sagacitatibus.
1755 1559 1846 1591 Bene

188 1607 292 1639 credit
314 1608 455 1648 amicus‚·
476 1607 563 1649 quod
586 1607 613 1638 si
635 1608 727 1649 regia
749 1611 912 1650 magestas
934 1609 1033 1640 vellet
1055 1612 1248 1651 perpetuum
1273 1608 1449 1640 dominium
1472 1619 1599 1650 eorum,
1627 1610 1712 1652 qnod
1737 1610 1847 1642 Sardi-

186 1659 273 1691 niam
297 1661 330 1691 et
353 1659 461 1701 aliqua
484 1659 548 1690 alia
572 1658 757 1692 dimiterent
779 1661 868 1702 regie
892 1661 1065 1702 magestati
1095 1664 1128 1692 et
1150 1660 1374 1692 satisfacerent
1403 1661 1436 1692 in
1465 1660 1613 1703 dampnis
1640 1665 1674 1693 et
1696 1662 1848 1703 expensis

186 1710 285 1742 modo
313 1710 423 1743 debito
452 1714 485 1742 et
517 1710 730 1743 convenienti.
776 1711 868 1743 Alias
897 1711 1116 1754 desperabunt
1144 1715 1177 1744 et
1203 1712 1324 1744 facient
1351 1712 1433 1743 sicut
1461 1711 1635 1754 desperati.
1685 1713 1846 1755 Quicquid

187 1762 238 1803 sit,
261 1762 383 1794 amicus
406 1761 544 1794 intendit
567 1762 706 1801 omnine,
731 1762 818 1804 quod
841 1763 945 1795 insula
968 1762 1022 1795 del
1044 1763 1127 1795 Elba
1150 1763 1270 1795 debeat
1288 1763 1380 1805 regie
1403 1764 1574 1806 magestati
1591 1765 1719 1806 penitus
1741 1775 1847 1797 rema-

186 1823 279 1854 nere,
310 1813 386 1855 quia
413 1813 499 1845 istud
527 1816 577 1845 est
606 1813 746 1855 pulcrius
773 1814 893 1854 iocale,
927 1814 1013 1856 quod
1043 1815 1144 1856 possit
1176 1814 1221 1846 ibi
1257 1825 1339 1847 esse.
1388 1814 1522 1847 Placeat
1551 1816 1641 1858 regie
1672 1816 1846 1858 magestati

186 1864 284 1896 michi
299 1875 445 1907 parcere,
469 1865 495 1896 si
518 1875 582 1896 non
599 1866 711 1907 scripsi
729 1865 838 1898 debito
855 1865 962 1907 modo,
986 1867 1067 1898 sicut
1084 1866 1191 1907 debui,
1216 1867 1290 1908 quia
1314 1866 1375 1898 hoc
1398 1865 1458 1898 fuit
1474 1870 1608 1909 propter
1623 1867 1845 1900 festinsnciam

186 1917 333 1949 cursoris.
379 1916 622 1950 Recommendo
645 1928 697 1950 me
719 1918 829 1959 gracie
852 1918 952 1960 regie.

454 2023 540 2060 799.
582 2023 737 2059 Litterae
758 2024 901 2069 priores
927 2023 1116 2060 Michaelis
1143 2024 1319 2073 Stephani.
1431 2025 1503 2062 oct.
1522 2027 1577 2060 11.

297 2091 459 2134 Oriqinale
482 2092 557 2135 (or.)
580 2092 696 2125 ibidem
714 2092 806 2125 CRD
827 2104 878 2125 nr.
895 2094 990 2125 3287.
1036 2092 1140 2134 Siqilli
1161 2093 1291 2134 vestiyia
1310 2093 1440 2127 adsunt.
1465 2113 1506 2119 ——
1529 2094 1592 2127 Ed.
1608 2094 1713 2127 Fial-0
1735 2094 1755 2127 l.
1771 2106 1798 2126 c.
1814 2094 1845 2134 I,

184 2143 249 2175 398
270 2153 320 2176 nr.
336 2143 400 2176 265
423 2154 462 2176 ecc
485 2154 530 2176 or.
575 2144 758 2176 Editionem
781 2145 959 2185 repetimus.

297 2218 324 2248 1.
357 2215 494 2259 Seynor,
523 2217 570 2249 les
599 2227 699 2250 noves
728 2217 769 2249 de
799 2217 830 2250 la
860 2221 929 2249 cort
952 2217 993 2249 de
1017 2217 1123 2249 Roma
1151 2228 1209 2250 son
1232 2221 1393 2260 aquestes.
1438 2219 1487 2251 Be
1509 2229 1627 2259 creem,
1650 2229 1713 2262 que
1736 2219 1842 2259 sabes,

184 2276 257 2299 com
281 2290 290 2299 .
306 2290 314 2299 .
332 2291 339 2300 .
362 2267 394 2299 10
418 2278 505 2310 papa
527 2271 648 2301 trames
677 2269 786 2311 logacs
809 2269 840 2300 al
863 2279 919 2310 rey
944 2268 984 2301 de
1007 2269 1134 2308 Franoa
1156 2268 1252 2301 sobre
1280 2269 1311 2301 lo
1335 2269 1404 2312 feyt
1429 2269 1483 2302 del
1511 2281 1632 2313 pasage
1655 2270 1842 2312 doltramar,

185 2327 248 2360 que
270 2318 302 2351 10
326 2329 412 2361 papa
433 2319 520 2351 volia
543 2319 648 2361 saber,
672 2321 699 2352 si
722 2320 754 2352 lo
777 2330 899 2362 pasage
923 2330 958 2352 se
987 2319 1072 2362 faya,
1095 2321 1122 2352 si
1145 2320 1227 2352 hiria
1250 2320 1281 2352 10
1304 2331 1363 2363 rey
1386 2321 1427 2354 de
1443 2321 1568 2361 Franca
1590 2322 1841 2364 personalment‚

185 2369 227 2402 110
251 2379 291 2402 011
315 2369 426 2403 Oarles
449 2371 491 2404 de
507 2371 639 2413 Valeys,
665 2374 699 2403 et
721 2374 770 2404 tot
791 2381 851 2411 aco
875 2372 950 2413 faya
973 2371 1004 2404 lo
1028 2382 1115 2414 papa
1143 2382 1201 2414 per
1220 2371 1406 2414 complaure
1429 2373 1462 2405 01
1484 2383 1542 2416 rey
1564 2373 1606 2406 de
1627 2373 1764 2415 Francis,
1787 2375 1841 2417 qui

187 2430 244 2453 era
266 2421 331 2454 fort
359 2425 472 2464 mogut
495 2426 606 2455 contra
628 2423 660 2455 lo
684 2434 770 2466 papa
798 2427 830 2455 et
854 2426 923 2464 tocs
951 2424 1000 2455 los
1027 2434 1100 2455 seus
1124 2427 1158 2455 et
1180 2423 1213 2455 fo
1237 2434 1278 2455 en
1301 2424 1420 2466 aquela
1441 2425 1535 2466 saho,
1566 2435 1629 2468 que
1652 2425 1707 2458 fon
1730 2426 1843 2468 penjat

184 2482 225 2504 011
249 2470 373 2508 Jordan
396 2473 436 2506 de
460 2473 492 2506 la
515 2473 599 2506 Ylla.
645 2474 694 2506 Lo
717 2485 774 2516 rey
797 2474 838 2507 de
861 2475 987 2514 Franca
1011 2485 1123 2516 respos
1146 2474 1194 2506 als
1217 2474 1342 2518 legace,
1373 2486 1436 2518 que
1459 2476 1502 2509 ell
1525 2476 1547 2508 li
1570 2477 1760 2519 respondria
1784 2488 1842 2519 per

183 2534 236 2555 sos
263 2524 412 2566 niissges.
458 2524 524 2557 Axi
551 2536 612 2567 que
644 2526 740 2558 laltre
763 2526 818 2558 dia
840 2536 987 2568 venguen
1010 2527 1150 2568 misages
1181 2525 1234 2558 del
1264 2537 1321 2569 rey
1352 2526 1392 2559 de
1415 2527 1542 2567 Franca
1571 2529 1603 2561 01
1633 2539 1729 2572 papa.
1775 2530 1841 2562 Los

184 2577 398 2615 tractamencs
413 2586 472 2608 son
494 2586 620 2616 secrecs
643 2581 733 2610 entre
757 2577 826 2611 ells.
868 2577 1000 2620 Enpero
1023 2589 1064 2619 yo
1088 2588 1106 2610 0
1130 2579 1211 2610 vista
1234 2578 1266 2610 la
1288 2579 1419 2621 peticio,
1443 2590 1505 2622 que
1528 2580 1588 2612 ells
1610 2580 1675 2613 han
1698 2582 1786 2623 scyta
1810 2582 1840 2613 al

184 2635 281 2668 papa,
305 2636 323 2658 e
347 2637 382 2659 es
405 2627 506 2669 aytal:
531 2638 595 2670 que
611 2628 643 2660 lo
659 2638 716 2671 rey
734 2629 774 2661 de
790 2629 914 2669 Franca
938 2629 1076 2661 demaue
1092 2629 1161 2661 ΠΙΙ
1183 2629 1273 2662 milia
1294 2630 1430 2664 humens
1451 2641 1472 2663 a
1494 2632 1586 2664 caval
1609 2636 1643 2664 et
1661 2632 1729 2665 XII
1751 2633 1841 2665 milia

185 2676 227 2709 de
250 2687 315 2719 peu
337 2688 357 2710 a
385 2688 443 2710 sou
474 2678 527 2711 del
557 2689 653 2722 papa.
698 2679 768 2712 Mas
791 2691 854 2723 que
878 2680 922 2712 011
944 2680 1186 2723 personalment
1208 2682 1239 2713 ni
1263 2691 1303 2714 en
1326 2681 1440 2714 Oarles
1463 2682 1504 2715 de
1527 2683 1650 2726 Valoys
1673 2695 1713 2716 no
1738 2685 1840 2716 hirien

183 2727 226 2760 ab
250 2731 304 2760 tan
327 2739 410 2771 poca
432 2739 626 2772 companya,
656 2741 729 2763 sens
757 2742 819 2774 que
846 2742 888 2764 no
918 2741 1063 2773 aguesen
1091 2742 1111 2764 a
1133 2743 1192 2764 sou
1216 2732 1256 2765 de
1279 2733 1312 2765 10
1334 2734 1474 2776 esglesia
1495 2735 1527 2767 X
1549 2735 1638 2768 milia
1662 2736 1796 2767 homens
1820 2747 1837 2768 a

289 2797 316 2831 1)
335 2796 388 2824 Est
405 2797 540 2832 Neapolco
556 2797 715 2827 cardinalis.
