2190 3172
490 119 589 148 ACTA
607 118 721 147 REGNI
740 119 923 147 LUDEWICI
943 118 990 147 IV.
1008 118 1055 146 ΕΤ
1074 118 1260 147 FRIDERICI
1278 119 1328 147 111.
1364 119 1439 146 1316.
1476 118 1524 147 Nr.
1537 118 1596 148 849.
1615 120 1675 149 350.
1846 123 1909 155 293

604 269 849 315 349—351.
891 266 1181 315 SCRIPTA
1211 267 1552 315 LUDEWICI

488 332 617 380 PRO
646 331 1206 379 ARCHIEPISCOPO
1236 331 1579 378 TREVIREN
1588 332 1663 380 SI.

855 408 965 446 1316.
1006 408 1113 445 Mart.
1133 408 1295 445 9.—10.

563 520 649 558 349.
689 519 866 567 smptum
892 531 997 566 super
1025 522 1141 555 castro
1168 519 1322 556 Cochorae.
1427 519 1539 556 Mart.
1559 522 1593 556 9.

212 609 226 628 s
359 594 520 636 Oriyinale
549 595 621 636 (or.)
650 594 686 627 in
715 594 876 627 tabulario
906 594 990 635 regio
1021 592 1251 632 Confluentino.
1312 592 1512 626 Contulimus
1539 604 1606 629 nos.
1661 594 1807 635 Siyfflum
1833 596 1906 638 fere

247 646 394 680 illaesum
412 646 528 687 pendet
548 645 615 686 filis
635 646 747 678 sericis
767 646 858 679 rubei
878 645 1017 686 flavique
1039 644 1160 678 coloris.
1205 644 1249 677 In
1270 655 1357 678 verso
1379 643 1510 686 leyitur:
1532 646 1574 683 R.
1606 665 1647 669 —
1678 646 1739 679 Ed.
1759 647 1906 680 Giinther

248 697 367 732 ‘Codex
389 697 624 739 diplomaticus’
648 697 720 737 III,
745 697 807 730 174
829 707 879 730 nr.
897 699 940 728 77
961 706 1000 728 ex
1021 706 1067 728 or.

356 757 503 797 Bo‘hmer,
529 757 605 799 Req-
621 758 735 790 Ludw.
753 768 788 800 p.
807 757 850 789 12
870 767 920 790 nr.
938 758 1011 788 191.

357 835 552 868 Ludowicus
574 835 637 867 Dei
660 835 766 878 gratia
787 835 1007 867 Romanorum
1031 844 1090 866 rex
1113 843 1241 875 semper
1263 837 1418 874 augustus
1483 834 1638 866 universis
1661 836 1743 867 sacri
1766 834 1905 868 Romani

203 896 230 917 ιο
246 886 378 930 imperii
401 885 550 919 fidelibus
573 889 741 929 presentes
763 886 888 918 litteras
911 885 1102 928 inspecturis
1167 884 1306 926 gratiam
1329 894 1420 916 snam
1444 888 1478 916 et
1500 894 1595 917 omne
1619 885 1748 918 bonum.

358 937 439 970 Cum
463 938 567 970 felicis
590 937 822 970 recordationis
837 937 992 970 Albertus
1008 937 1227 969 Romanorum
1251 945 1310 967 rex
1333 935 1546 978 predecessor
1569 939 1678 969 noster
1700 940 1839 970 castrum
1863 937 1904 970 de

247 989 435 1023 Chocheme
459 989 635 1022 venerabili
657 988 868 1021 Boemundo·
891 988 1055 1031 quondam
1079 986 1271 1019 Treverensi
1295 987 1554 1030 archiepiscopo,
1577 988 1643 1020 suis
1665 988 1904 1021 successoribus

248 1045 282 1074 et
306 1040 442 1074 ecclesie
465 1040 657 1074 Treverensi
685 1050 757 1072 cum
786 1040 852 1072 suis
880 1039 1001 1072 iuribus
1029 1042 1063 1071 et
1090 1038 1272 1071 attinenciis
1294 1038 1451 1070 universis
1474 1038 1647 1071 contulerit
1670 1042 1703 1072 et
1726 1039 1904 1080 donaverit,

249 1092 381 1126 demum
404 1103 481 1125 vero
504 1092 613 1125 inclite
637 1092 793 1125 memorie
816 1091 988 1124 Heinricus
1011 1090 1231 1122 Romanorum
1254 1090 1433 1132 imperator
1454 1093 1564 1122 noster
1586 1090 1806 1132 predecessor,
1830 1103 1903 1124 cnm

204 1153 230 1174 u
247 1145 354 1177 adhuc
377 1144 534 1186 dignitate
558 1143 660 1186 regali
685 1143 889 1186 fungeretur,
919 1145 953 1175 et
975 1153 1033 1174 nos
1055 1141 1097 1174 ad
1121 1141 1388 1184 supplicationem
1412 1141 1606 1173 venerabilis
1630 1143 1781 1185 principis
1804 1145 1903 1176 nostri

249 1195 455 1239 Bald(ewini)
485 1206 568 1228 nuuc
591 1195 799 1228 Treverensis
830 1194 1066 1236 archiepiscopi
1095 1193 1247 1235 inspectis
1277 1193 1346 1224 eius
1373 1193 1524 1235 gratiosis
1551 1192 1715 1235 obsequiis
1738 1195 1823 1227 circa
1846 1206 1904 1228 nos

247 1251 282 1281 et
304 1247 485 1280 Romanum
509 1247 681 1289 imperium
703 1246 873 1289 magnifice
897 1245 1052 1288 expositis
1075 1246 1178 1287 ipsam
1202 1243 1409 1276 donationem
1434 1246 1468 1275 et
1483 1243 1688 1277 collationem
1712 1255 1783 1277 cnm
1807 1256 1904 1279 cause

245 1299 432 1342 cognitione
456 1301 489 1331 et
512 1309 555 1330 ex
570 1301 659 1330 certa
682 1299 821 1330 sciencia
838 1297 1137 1340 approbaverimus,
1160 1296 1429 1336 innovaverimus,
1453 1296 1718 1329 ratificaverimus
1733 1307 1771 1330 ac
1793 1298 1824 1330 in
1841 1298 1903 1331 Dei

247 1351 377 1383 nomine
406 1350 701 1382 confirmaverimus
729 1350 820 1382 iuxta
848 1349 984 1381 formam
1017 1352 1051 1381 et
1084 1348 1318 1380 continenciam
1343 1347 1522 1379 litterarum
1553 1358 1572 1380 a
1598 1348 1691 1380 nobis
1718 1358 1815 1391 super
1844 1349 1904 1382 hoc

203 1409 230 1432 ιο
249 1412 473 1435 concessarum
485 1402 507 1443 ²,
539 1401 684 1434 volentes
712 1402 782 1434 iura
809 1401 978 1434 memorati
1011 1401 1106 1432 castri
1137 1399 1177 1431 de
1201 1399 1387 1431 Ghocheme
1415 1398 1551 1430 lucidius
1575 1398 1758 1441 declarare,
1787 1400 1903 1432 eadem

247 1454 319 1486 iura
342 1456 375 1486 et
397 1453 571 1485 attinencia
594 1463 666 1485 cum
690 1463 787 1485 cause
811 1452 1000 1495 cognicione
1028 1454 1062 1484 et
1092 1462 1133 1483 ex
1157 1454 1246 1482 certa
1268 1450 1408 1482 sciencia
1430 1460 1465 1481 se
1492 1450 1669 1482 extendere
1693 1451 1839 1483 volumus
1862 1451 1904 1483 ad

248 1514 361 1537 omnes
384 1507 579 1545 castrenses,
608 1503 737 1545 fideles,
767 1504 922 1536 vassallos
951 1507 984 1536 et
1012 1501 1239 1535 ministeriales
1261 1512 1319 1534 seu
1342 1511 1549 1543 quoscunque
1572 1501 1662 1543 alios,
1686 1503 1903 1545 cuiuscunque

246 1555 441 1588 conditionis
462 1559 519 1588 aut
541 1559 643 1588 status
667 1557 821 1598 existant,
850 1566 889 1588 ao
912 1556 1015 1587 eciam
1044 1554 1085 1586 ad
1109 1563 1221 1586 omnes
1249 1552 1330 1584 alias
1359 1551 1595 1584 iurisdictiones
1623 1556 1656 1585 et
1679 1554 1903 1595 pertinencias,

249 1617 314 1651 que
336 1607 377 1639 ad
400 1607 505 1650 ipsum
522 1610 660 1640 castrum
684 1619 704 1640 a
719 1608 889 1640 retroactis
905 1605 1106 1649 temporibus
1121 1608 1269 1648 spectare
1293 1606 1537 1645 consueverunt,
1562 1615 1752 1647 quocunque
1775 1606 1904 1638 nomine

204 1667 230 1688 ἰ
248 1669 307 1692 seu
341 1659 434 1691 titulo
455 1663 665 1703 censeantur.
717 1658 910 1691 Mandantes
939 1657 1165 1690 nichilominus
1194 1655 1342 1687 omnibus
1372 1658 1406 1687 et
1436 1655 1569 1697 singulis
1603 1657 1702 1698 ipsius
1735 1657 1831 1688 castri
1863 1656 1904 1688 de

250 1710 414 1743 Cocheme
444 1710 607 1751 fidelibus,
639 1710 871 1751 castrensibus,
899 1709 1045 1742 vassallis
1075 1711 1109 1741 et
1135 1706 1397 1740 ministerialibus
1425 1717 1463 1739 ac
1490 1706 1562 1738 aliis
1592 1707 1834 1750 quibuscunque
1863 1707 1905 1739 ad

249 1762 355 1805 ipsum
377 1765 517 1794 castrum
540 1762 775 1804 spectantibus,
806 1763 956 1804 quatinus
985 1760 1091 1793 eidem
1119 1759 1256 1802 principi
1279 1760 1388 1790 nostro
1412 1757 1626 1790 Treverorum
1651 1759 1904 1801 archiepiscopo,

249 1813 316 1846 suis
337 1813 575 1849 successoribus
597 1824 635 1846 ac
652 1814 787 1846 ecclesie
804 1813 997 1846 Treverensi
1020 1812 1051 1843 in
1075 1810 1224 1843 omnibus
1247 1809 1342 1842 licitis
1358 1808 1512 1841 obediant
1534 1812 1568 1841 et
1583 1810 1760 1842 intendant.
1798 1810 1906 1842 Penas

250 1874 328 1897 vero
351 1868 385 1897 et
406 1875 561 1907 summas,
592 1876 672 1908 quas
698 1866 872 1898 inflixerint
903 1875 961 1896 seu
988 1862 1265 1906 promulgaverint
1287 1860 1374 1893 idem
1397 1860 1660 1904 archiepiscopus
1683 1865 1739 1894 aut
1761 1863 1810 1894 sui
1832 1872 1905 1894 suc·

204 1924 232 1945 ⁸⁰
250 1926 395 1950 cessores
417 1917 450 1948 in
472 1916 621 1958 rebelles,
644 1917 670 1949 si
694 1917 748 1959 qui
771 1917 835 1949 sint
849 1916 902 1948 vel
923 1915 1051 1956 fuerint,
1074 1917 1162 1946 ratas
1181 1913 1294 1945 haberi
1310 1913 1458 1944 volumus
1481 1915 1514 1944 et
1537 1922 1592 1944 eas
1607 1914 1799 1946 auctoritate
1815 1913 1905 1955 regia

251 1967 487 2000 confirmamus.
524 1967 650 2001 Harum
667 1969 850 2001 testimonio
868 1968 1047 2000 litterarum
1068 1965 1246 1998 maiestatis
1268 1967 1377 1996 nostre
1400 1963 1496 2006 sigilli
1519 1963 1635 1996 robore
1658 1965 1862 1997 munitarum.

357 2019 434 2052 Dat.
456 2019 679 2063 Nummberg,
702 2021 778 2053 VII.
795 2020 873 2053 Idus
895 2019 1026 2059 Marcii,
1051 2028 1135 2050 anno
1159 2016 1289 2049 Domini
1312 2014 1431 2048 MGCC
1453 2015 1689 2057 sextodecimo,
1714 2017 1805 2059 regni
1828 2026 1905 2047 vero

251 2070 352 2103 nostri
373 2081 457 2104 anno
479 2071 632 2104 secundo.

540 2177 626 2214 350.
667 2175 835 2213 Facultas
862 2175 950 2212 bona
975 2174 1116 2220 imperii
1142 2171 1344 2210 redimendi,
1451 2172 1563 2208 Mart.
1583 2174 1616 2209 9.

206 2257 235 2279 ⁸⁵
363 2249 526 2291 Oriqinale
548 2250 621 2291 (or.)
643 2249 767 2282 ibidem.
812 2249 991 2290 Descripsit
1014 2248 1055 2280 R.
1071 2246 1222 2280 Ladicke.
1267 2245 1388 2278 Pendet
1408 2245 1546 2287 siyillum
1568 2245 1688 2279 hesum
1709 2246 1776 2287 filis
1796 2246 1908 2279 sericis

252 2300 343 2333 rubei
363 2300 500 2342 flaviqtae
521 2300 641 2334 coloris.
686 2302 730 2334 In
751 2311 838 2334 verso
861 2300 992 2342 leyitur:
1014 2301 1055 2338 R.
1079 2317 1121 2323 ——
1143 2297 1316 2331 Ineditum.

255 2366 258 2368 “
361 2359 507 2400 Βῡιιηιεν,
531 2360 736 2403 Re9.Lu‹1w.
757 2371 789 2401 p.
805 2361 870 2393 270
892 2371 942 2392 m.
958 2359 1044 2391 2621
1068 2358 1196 2400 (Addit.
1212 2357 1257 2399 ι).

339 2437 531 2473 Ludowicus
553 2438 616 2471 Dei
644 2439 750 2481 gratia
772 2438 994 2471 Romanorum
1021 2447 1079 2469 rex
1106 2444 1236 2477 semper
1264 2437 1419 2477 augustus
1489 2434 1666 2467 venerabili
1690 2435 1905 2476 Bald(cwino)

254 2487 446 2522 Treverensi
469 2490 713 2532 archiepiscopo
737 2489 875 2532 principi
896 2499 954 2521 suo
977 2488 1096 2520 dilecto
1185 2486 1323 2528 gratiam
1346 2496 1439 2518 suam
1461 2491 1494 2519 et
1517 2497 1611 2519 omne
1635 2486 1765 2519 bonum.

206 2548 237 2569 ⁴⁰
358 2539 538 2584 ,Cupientes
566 2541 720 2584 inspectis
748 2541 898 2584 gratiosis
926 2543 960 2572 et
988 2538 1158 2572 fructuosis
1181 2537 1323 2570 serviciis
1346 2537 1439 2570 nobis
1461 2541 1495 2570 et
1517 2548 1608 2570 sacro
1632 2538 1768 2579 imperio
1792 2548 1850 2580 per
1874 2545 1905 2569 te

255 2591 408 2625 exhibitis
430 2603 600 2635 personam
623 2595 712 2626 tuam
734 2592 940 2635 prerogativa
962 2591 1066 2633 gratie
1091 2589 1242 2632 prosequi
1265 2588 1424 2631 specialis,
1448 2592 1484 2621 ut
1506 2589 1612 2632 quoad
1636 2589 1754 2621 vixeris
1778 2589 1905 2631 quando

357 2673 424 2702 84⁹.
450 2674 474 2708 ΙΙ)
493 2672 627 2702 Βὲωιιιιᾶο
644 2684 683 2701 or.

358 2733 384 2767 1)
403 2732 445 2768 ΟΥ.
462 2741 546 2768 supra
564 2738 674 2762 nr.166.
