2184 3126
334 207 397 238 608
570 203 668 230 ACTA
687 201 801 229 REGNI
820 199 1004 228 LUDEWICI
1023 198 1070 226 IV.
1090 198 1136 225 ET
1156 196 1343 224 FRIDERICI
1362 196 1412 224 111.
1449 196 1524 224 1323.
1551 195 1609 223 =Nr.
1624 195 1683 223 780.
1701 195 1760 223 781.

334 294 476 333 poterat,
508 300 572 322 non
602 289 746 329 aufferri,
780 288 901 320 dictum
929 285 1107 318 exercitum
1137 294 1248 316 versus
1270 282 1464 315 Modoeciam
1492 284 1708 314 retraxerunt.
1759 281 1881 315 Hostes
1910 293 1988 316 vero

334 343 452 385 prefati
476 342 669 374 extimantes
697 351 738 372 ex
764 340 832 371 ist-is
859 337 1002 379 inequali
1028 337 1147 368 iudicio
1171 337 1304 367 conatus
1332 344 1407 366 suos
1434 333 1604 366 conatibus
1632 333 1709 365 dicti
1732 334 1894 366 exercitus
1914 345 1989 376 pre-

337 395 452 431 valere,
476 393 637 435 progressi
660 395 732 423 sunt
755 401 827 422 cum
850 388 981 431 aliquali
1005 398 1062 419 sua
1085 387 1232 429 potentie
1255 389 1288 418 et
1311 396 1424 418 eorum
1447 388 1552 416 castra
1574 385 1608 417 in
1631 385 1832 418 obsidionem
1851 385 1991 428 predicti

336 446 497 477 exercitus
524 444 718 483 defixerunt,
753 441 833 473 illud
861 441 991 472 minime
1019 438 1239 480 previdentes,
1274 437 1361 479 quod
1390 437 1451 468 etsi
1476 436 1588 468 taliter
1618 440 1668 469 est
1698 437 1768 478 ipse
1803 436 1991 469 debilitatus

336 497 505 537 exercitus,
530 495 634 527 adhuc
659 497 765 525 tamen
789 492 957 524 debilitate.
980 501 1041 522 non
1065 490 1207 522 noscitur
1229 489 1388 520 Altissimi
1411 488 1550 520 dextera
1571 489 1603 520 in
1626 489 1739 530 paucis
1761 491 1892 521 assueta
1913 499 1990 521 con-
2019 500 2033 520 s

334 549 462 579 vincere
485 546 721 578 multitudinem
745 547 967 576 contumacem
976 543 998 583 ¹,
1022 542 1167 584 quamvis
1191 540 1277 572 dicta
1301 540 1438 572 ecclesia.
1465 550 1485 571 a
1508 543 1556 572 tot
1578 539 1743 572 laboribus
1765 543 1864 582 atque
1887 536 1990 583 a'ngu-

335 600 402 630 stiis
425 598 483 629 sub
507 598 613 629 divina
636 607 764 637 semper
779 595 980 637 protectione
996 594 1158 635 respirans
1180 602 1215 624 se
1238 593 1271 623 in
1293 592 1378 624 illius
1401 592 1522 624 auxilio
1545 602 1624 634 sepe
1646 592 1772 624 reficiat
1794 595 1828 624 et
1850 591 1892 624 de
1914 602 1990 635 pro—

335 650 419 692 picio
444 650 632 681 devotorum
648 647 800 689 suffragio
817 657 881 678 non
903 645 1038 677 diffidat.
1084 644 1135 676 Ne
1153 643 1340 676 deseramus
1355 654 1414 686 pro
1430 643 1558 676 modico
1573 644 1672 686 igitur
1688 643 1776 686 quod
1791 644 1991 686 suscepimus

334 701 424 733 vobis
448 703 481 732 et
503 700 610 732 multis
633 700 775 730 maxime
799 697 1004 739 deplorandis
1028 696 1163 728 Ytalicis
1186 695 1257 727 Deo
1280 698 1390 727 actore
1413 695 1602 737 proficuum,
1631 706 1707 728 ecce
1729 696 1831 738 ipsius
1853 695 1991 728 ecclesie

335 753 462 794 peculio
490 752 577 783 tenui
604 753 748 782 reserato
779 749 924 781 ducimus
957 749 1063 789 ipsum
1097 747 1274 779 exercitum
1310 757 1374 788 quo
1408 747 1553 778 valemus
1587 747 1727 779 exfortio
1760 757 1843 779 nove
1876 747 1992 780 militie
2010 757 2036 779 ιο

336 802 594 842 restaurandum,
625 804 793 843 sperantes
820 812 840 832 a
862 801 954 832 vobis
978 800 1159 842 potissime,
1189 810 1269 841 quos
1297 799 1339 831 ad
1361 798 1395 831 id
1417 800 1565 831 novimus
1587 799 1708 832 effectu
1731 810 1865 842 operum
1887 800 1992 841 magis

335 858 511 897 promptos,
536 864 608 886 oum
631 864 695 884 non
718 854 781 885 sint
803 863 932 894 semper
947 853 1089 884 humana
1112 852 1245 883 consilia
1261 850 1368 882 divino
1391 850 1536 893 presidio
1551 850 1774 893 relinquenda,
1797 851 1885 893 quod
1907 851 1993 883 circa

335 907 396 939 hoc
419 907 451 938 in
473 906 564 937 nobis
588 905 827 947 presentialiter
850 904 967 945 deficit,
992 903 1172 935 devotionis
1188 905 1294 935 vestre
1310 902 1457 934 remedio
1474 903 1700 945 percompleri.
1746 903 1905 940 Quocirca
1927 903 1992 935 sin-

337 959 505 990 ceritatem
527 960 668 989 vestram
691 957 846 988 fiduciose
869 956 1063 998 requirimus
1090 957 1123 986 et
1146 964 1298 996 rogamus
1321 957 1459 995 attente,
1487 954 1636 996 quatinus
1663 957 1788 986 attento
1816 953 1994 987 secundm

336 1011 477 1041 humana
499 1009 618 1040 iudicia
641 1009 820 1040 imminenti
842 1007 987 1049 periculo
1012 1007 1173 1038 exercitus
1196 1007 1367 1038 memorati
1390 1005 1523 1038 festinas
1549 1015 1664 1038 manus
1686 1006 1778 1048 operi
1801 1005 1994 1038 exhibentes
2011 1015 2038 1036 n

336 1063 368 1093 in
391 1061 499 1103 aliquo
516 1060 719 1092 convenienti
735 1059 877 1091 subsidio
901 1059 1005 1100 gentis
1029 1058 1189 1100 armigere
1213 1057 1254 1089 ad
1271 1060 1463 1099 oportunum
1480 1058 1641 1090 exercitus
1656 1057 1793 1100 predicti
1808 1067 1995 1090 succursum

336 1113 502 1144 nobiscum
528 1112 660 1153 ylariter
691 1121 864 1153 quesumus
896 1110 1100 1142 concurratis.
1151 1109 1350 1142 Oonfidimus
1384 1109 1469 1142 enim
1498 1110 1531 1141 in
1559 1110 1646 1142 illius
1672 1109 1894 1142 misericordia
1926 1112 1995 1142 tam

337 1166 507 1204 immensa,
532 1165 586 1206 qui
609 1164 776 1195 victoriam
809 1163 866 1194 dat
893 1162 933 1194 de
961 1162 1049 1202 celo,
1077 1161 1164 1203 quod
1193 1162 1225 1192 in
1253 1162 1397 1203 presenti
1424 1171 1501 1193 casu
1531 1162 1649 1193 nostris
1670 1162 1851 1203 vestrisque
1873 1161 1995 1194 viribus

337 1216 472 1247 coiuntis
495 1216 539 1246 sic
562 1214 804 1256 prosperabitur
826 1214 904 1245 belli
927 1213 1064 1255 predicti
1087 1213 1265 1255 negotium,
1289 1213 1377 1256 quod
1400 1224 1459 1245 nos
1482 1217 1516 1246 et
1537 1224 1595 1245 vos
1617 1223 1656 1246 ac
1678 1213 1805 1255 reliqui,
1829 1212 1918 1255 quod
1939 1213 1995 1255 pie

338 1268 483 1309 cupimus
506 1267 704 1307 affectantes,
727 1267 953 1308 perveniemus
977 1265 1016 1297 de
1040 1266 1118 1307 ipsis
1140 1265 1287 1296 hostibus
1310 1265 1353 1297 ad
1375 1266 1544 1297 intentum.
2011 1271 2038 1293 m

444 1318 519 1350 Dat.
543 1319 713 1359 Avinione,
729 1318 840 1350 VIIII.
865 1318 939 1350 Kal.
964 1317 1158 1358 Septembr.‚
1182 1317 1387 1358 pontificatus
1410 1317 1510 1348 nostri
1534 1327 1618 1348 anno
1641 1316 1790 1359 septimo.

511 1368 520 1379 .

441 1536 536 1581 781.
565 1535 663 1581 782.
707 1535 1098 1582 TRACTATUS
1131 1533 1324 1581 REGIS
1356 1534 1718 1582 BOHEMIAE
1750 1533 1892 1581 CUM

830 1603 1124 1650 DUCIBUS
1152 1603 1501 1651 AUSTRIAE.

1003 1681 1112 1717 1323.
1154 1681 1255 1726 Sept.
1280 1681 1336 1718 18.

810 1793 915 1829 781.·
939 1793 1116 1838 Scriptum
1139 1793 1252 1838 prius.
1357 1791 1448 1838 Sept.
1469 1793 1527 1827 18.
2014 1805 2041 1826 π

450 1866 610 1905 Oriyinale
632 1866 708 1908 (or.)
731 1867 767 1898 in
790 1866 950 1899 tabulario
973 1876 1117 1898 caesareo
1139 1866 1379 1899 vindobonensi.
1424 1866 1524 1899 Iussu
1542 1865 1702 1908 praefecti
1724 1865 1826 1898 denuo
1849 1865 1998 1899 collatum

340 1920 393 1949 est.
438 1917 473 1948 E
493 1918 652 1949 duodecim
676 1917 799 1958 siqillis,
823 1928 905 1957 quae
921 1917 999 1958 plus
1022 1919 1164 1950 nzinusve
1188 1917 1276 1950 laesa
1296 1918 1435 1960 pendent
1458 1917 1537 1950 loris
1559 1917 1817 1956 membranaceis,
1839 1921 1998 1958 quartum,

339 1969 514 2009 septimum,
537 1968 682 2000 ultimum
705 1969 937 2001 desiderantur.

447 2029 594 2068 Bfflvmer,
618 2029 692 2070 Rey.
709 2029 821 2062 Ludw.
843 2040 875 2070 p.
893 2031 958 2061 188
981 2030 1108 2062 Iohann
1130 2041 1180 2064 nr.
1197 2030 1248 2062 62.

452 2088 500 2127 Cf.
524 2089 543 2120 l.
561 2100 585 2120 c.
609 2100 658 2121 nr.
676 2091 726 2121 64.
2016 2104 2043 2125 ω

449 2166 521 2197 Wir
543 2167 666 2198 Johans
697 2178 759 2199 von
783 2167 885 2199 Getes
914 2169 1064 2210 genaden
1094 2168 1214 2210 chunig
1243 2179 1280 2200 ze
1304 2168 1431 2201 Behem
1461 2168 1526 2200 und
1556 2179 1593 2200 ze
1615 2167 1720 2200 Polan
1751 2167 1818 2199 und
1845 2168 1937 2210 grase
1959 2179 1996 2201 ze

342 2217 580 2249 Luczcmburch
592 2219 746 2258 verjehen
763 2219 955 2251 offenlichen
971 2221 1030 2251 mit
1046 2220 1149 2252 disem
1166 2220 1249 2252 brife
1266 2220 1331 2252 und
1347 2224 1403 2252 tun
1419 2220 1518 2252 chunt
1533 2220 1618 2252 allen
1634 2219 1698 2252 den
1714 2219 1766 2252 die
1782 2221 1815 2251 in
1830 2219 1997 2262 ansehent,

343 2268 446 2299 lesent
476 2269 555 2300 oder
577 2270 692 2301 herent
714 2270 818 2310 lesen,
850 2271 908 2303 daz
939 2282 1037 2303 unser
1058 2272 1162 2304 lieber
1190 2271 1310 2304 brflder
1340 2272 1398 2304 der
1420 2272 1610 2314 hohgeborn
1633 2272 1733 2303 furate
1757 2271 1875 2313 chunig
1896 2270 1998 2304 Kal-el

343 2330 405 2350 von
428 2319 559 2360 Ungern
586 2331 644 2352 uns
673 2322 738 2353 und
769 2323 821 2354 die
851 2323 1041 2365 hohgeborn
1070 2324 1194 2356 fursten
1220 2324 1285 2355 und
1315 2324 1432 2356 herren
1454 2324 1535 2356 hern
1557 2323 1762 2363 Fridrichen,
1792 2322 1996 2365 Leupolden,

344 2371 551 2412 Albrechten,
575 2372 771 2406 Heinrichen
793 2375 858 2406 und
875 2375 974 2406 Otten
997 2375 1182 2417 gebrudern
1204 2375 1384 2417 herczogen
1406 2385 1444 2407 ze
1461 2375 1610 2408 Osterich
1632 2374 1698 2407 und
1720 2385 1756 2407 ze
1773 2374 1858 2416 Styr,
1880 2385 1999 2407 unsern
2016 2384 2043 2405 ³⁵

343 2422 428 2454 liben
457 2433 621 2464 swaegern
655 2424 805 2457 versfinet
837 2426 903 2457 und
933 2427 1108 2459 verrichtet
1139 2427 1196 2458 hat
1217 2426 1348 2468 lieplich
1382 2427 1448 2458 und
1482 2426 1605 2468 gfitlich
1637 2427 1697 2458 mit
1727 2436 1857 2458 unserm
1891 2425 2000 2458 willen

345 2473 595 2506 baidenthalben
610 2475 686 2506 umb
710 2477 773 2508 alle
790 2477 842 2509 die
860 2478 971 2519 chrieg
985 2478 1050 2510 und
1066 2478 1294 2520 missehelung,
1319 2478 1372 2510 die
1389 2478 1546 2510 zwischen
1569 2489 1629 2510 uns
1650 2477 1717 2510 und
1738 2488 1858 2509 unsern
1880 2477 2000 2509 landen

346 2524 597 2557 baidenthalben
619 2537 768 2567 gewesen
802 2529 863 2560 sint
892 2540 971 2561 uncz
993 2530 1032 2561 uf
1051 2530 1141 2562 disen
1165 2530 1320 2572 heutigen
1343 2533 1433 2572 tage,
1465 2530 1533 2562 also
1562 2530 1622 2562 daz
1649 2530 1707 2562 wir
1737 2529 1849 2561 furbaz
1872 2529 1999 2562 dieweil

346 2577 402 2607 wir
431 2576 505 2607 lebn
533 2588 651 2618 gancze
676 2579 866 2612 fruntschaft
897 2582 962 2612 und
994 2581 1072 2613 siine
1099 2583 1159 2613 mit
1189 2582 1240 2613 ein
1268 2581 1369 2613 ander
1395 2581 1502 2613 haben
1530 2581 1635 2613 sullen
1662 2591 1703 2613 an
1734 2580 1816 2613 allez
1842 2579 1996 2622 geverde.

346 2627 418 2658 Wir
447 2628 547 2659 sullen
576 2629 656 2661 ouch
680 2629 718 2661 fif
743 2631 794 2662 die
816 2636 1035 2673 vorgenanten
1058 2634 1175 2665 herren
1197 2633 1263 2664 und
1292 2633 1414 2664 fursten
1436 2631 1556 2676 uns[er]
1578 2633 1665 2665 liebe
1688 2642 1835 2674 swaeger
1855 2631 1939 2663 noch
1961 2630 2000 2663 fif
2014 2642 2043 2662 ιο

346 2679 414 2710 ireu
432 2677 504 2710 lant
527 2680 690 2712 Osterrich
712 2682 777 2713 und
794 2682 867 2724 Styr
888 2684 953 2715 und
977 2685 1036 2716 daz
1060 2685 1117 2716 dar
1139 2684 1179 2716 zfi
1194 2685 1331 2727 gehoret
1352 2684 1441 2716 nicht
1462 2695 1564 2726 zogen
1587 2695 1624 2717 ze
1640 2684 1783 2716 schaden
1796 2684 1880 2716 noch
1897 2683 1997 2716 durch

345 2740 442 2761 unser
470 2730 566 2762 lande
589 2731 713 2764 Behem
743 2733 808 2764 und
830 2734 980 2767 Merhern
1009 2736 1074 2767 und
1105 2737 1164 2768 daz
1194 2736 1253 2768 dar
1281 2747 1320 2768 zu
1349 2736 1486 2778 gehoret
1516 2736 1625 2769 lazzen
1651 2736 1766 2768 ziehen
1793 2735 1876 2767 noch
1898 2745 1996 2777 ymen

451 2815 477 2847 1)
499 2815 539 2847 Cf.
560 2820 580 2841 1.
594 2816 665 2843 Mac.
686 2820 709 2850 3,
722 2821 763 2844 20.
