2184 3126
204 2503 264 2530 Sept.
277 2504 307 2524 12.

321 204 381 235 812
513 199 610 226 ACTA
629 197 741 224 REGNI
761 195 946 223 LUDEWICI
967 194 1012 221 IV.
1032 193 1078 220 ΕΤ
1098 193 1284 221 FRIDERICI
1304 194 1352 220 111.
1390 193 1464 220 1324.
1501 193 1622 220 Nr.973.
1641 192 1701 220 974.
1720 192 1780 220 975.

320 287 435 318 devote
459 285 603 326 supplico
627 286 659 315 et
681 283 845 321 instanter,
869 281 1017 322 quatinus
1039 280 1137 311 michi
1160 282 1193 310 et
1215 279 1351 311 ecclesie
1367 279 1464 310 michi
1479 279 1650 310 commisse
1666 279 1751 310 circa
1766 279 1972 312 imminencia

320 338 461 379 pericula
485 336 524 367 de
548 335 712 376 oportunis
727 332 878 365 remediis
893 331 1067 374 dignemini
1084 331 1254 372 providere
1271 331 1380 372 sicque
1403 330 1443 361 de
1459 339 1559 371 regno
1580 334 1656 361 seu⁸
1670 330 1808 371 imperio
1823 330 1972 363 Romano

320 389 490 430 disponere
513 386 674 418 sanctitati
696 387 800 416 vestre
824 384 961 425 placeat,
985 386 1020 413 ut
1043 392 1179 413 excusso
1203 392 1315 413 eorum
1338 385 1471 422 terrore,
1495 381 1550 422 qui
1572 380 1604 412 in
1628 391 1686 412 sua
1707 381 1881 413 firmitate*
1897 391 1974 414 con-

319 441 434 480 fidunt,
465 439 509 470 hii
540 438 594 479 qui
623 439 762 468 tantumc
790 438 930 466 vestrum
963 436 1136 475 expectant
1164 434 1334 473 auxilium,
1365 432 1423 464 sub
1451 431 1590 464 umbrad
1617 432 1742 464 alarum
1768 436 1972 465 vestrarum⁰

319 492 448 523 valeant
470 490 636 531 respirare.
1534 487 1539 491 ’

425 541 544 572 Datum
569 539 647 571 etc.f

581 670 667 706 974.
709 669 864 704 Litterae
891 667 1034 713 capituli
1062 666 1222 702 ecclesiae
1251 666 1434 711 Aquensis.
1541 658 1632 713 Sept.
1651 669 1707 704 10.

429 745 588 786 Oriqinale
610 743 688 786 (or.)
711 744 747 774 in
766 742 925 774 tabulario
947 741 1099 773 Vaticano
1121 741 1220 772 ‘Arm
1245 739 1273 772 C
1290 740 1371 778 fasc.
1388 740 1431 771 52
1452 749 1503 772 nr.
1517 740 1573 772 24⁹
1587 741 1757 781 siynatum.
1795 740 1975 781 Descripsi-

317 808 388 829 nzus
409 807 474 829 nos.
514 795 633 828 Pendet
653 794 751 835 siyilli
770 794 985 835 fraqmentum
1007 793 1072 825 loro
1087 792 1329 824 membranaceo.
1354 811 1396 815 —
1418 791 1479 824 Ed.
1498 791 1680 825 Sauerland
1702 792 1891 826 ‘Urkzmden
1904 792 1975 824 und

317 848 476 888 Reqesten’
501 848 528 886 Ι,
544 847 608 878 324
630 857 681 878 nr.
698 846 760 876 689
783 855 822 877 erc
845 856 892 878 or.

424 907 499 947 Rey.
515 906 632 938 Mollat
654 906 787 937 ‘Lettres
810 905 1001 937 communes’
1024 915 1074 935 nr.
1089 904 1207 935 23181.
1239 940 1242 944 ⁴

425 996 632 1028 sanctissimo
660 996 744 1038 patri
771 999 804 1027 et
834 995 1062 1036 benignissimo
1086 993 1216 1025 domino
1239 1004 1296 1025 suo
1320 993 1450 1025 domino
1474 993 1612 1026 Iohanni
1634 993 1742 1027 divina
1764 995 1982 1036 providencia.

317 1051 518 1080 sacrosancte
547 1048 693 1080 Romane
724 1057 761 1078 ac
790 1046 979 1078 universalis
1009 1045 1145 1077 ecclesie
1174 1055 1299 1076 summo
1328 1045 1473 1087 pontifici
1587 1045 1786 1078 devotissimi
1816 1046 1915 1078 vestri
1937 1070 1946 1078 .
1963 1070 1970 1078 .

320 1100 460 1131 decanus
483 1103 515 1130 et
539 1124 545 1130 .
564 1123 570 1130 .
599 1099 773 1140 capitulum
799 1098 934 1130 ecclesie
959 1097 1054 1129 beate
1078 1096 1180 1128 Mai-ie
1204 1096 1245 1128 de
1269 1097 1487 1138 Aquisgrani⁸
1509 1096 1666 1129 Leodien.
1690 1097 1784 1139 dyoc.
1893 1097 1972 1131 obe-

318 1151 475 1182 dienciam
499 1150 710 1182 humillimam
734 1160 772 1181 ac
796 1149 913 1181 devota
938 1148 1057 1191 pedum
1081 1148 1190 1180 oscula
1213 1148 1391 1180 beatorum.

425 1202 657 1234 Devotissimos
684 1205 806 1233 vestros
830 1201 1042 1232 Wilhelmum
1077 1200 1118 1232 de
1151 1199 1325 1242 Stocheym
1354 1203 1519 1232 cantorem
1552 1203 1586 1232 et
1613 1201 1802 1232 canonicum
1836 1200 1975 1237 ecclesie

318 1257 509 1293 memorate,
541 1254 595 1295 qui
626 1263 794 1295 processus
824 1256 948 1284 vestros
977 1253 1008 1284 in
1039 1252 1125 1284 dicta
1153 1255 1259 1284 vestra
1288 1252 1426 1284 ecclesia
1447 1252 1621 1293 Aquenaai)
1652 1251 1781 1293 publice
1807 1255 1919 1285 eontra
1942 1277 1950 1285 .
1966 1277 1974 1285 .

318 1305 431 1337 ducem
450 1305 585 1337 Bavarie
610 1304 771 1346 quondam
795 1305 936 1336 electum
959 1305 991 1335 in
1015 1314 1125 1346 regem
1141 1303 1360 1335 Romanorum
1377 1302 1580 1345 presentibus
1602 1303 1688 1336 clero
1712 1306 1746 1336 et
1760 1304 1893 1346 populo,
1913 1303 1976 1336 sibi

318 1356 408 1388 nobis
431 1356 683 1395 assistentibusb,
708 1356 930 1397 sollempniter
945 1355 1132 1397 publicavit,
1156 1355 1265 1386 multis
1289 1354 1330 1386 ob
1354 1355 1415 1386 hoc
1438 1354 1590 1396 periculis
1603 1355 1728 1387 insidiis
1749 1358 1783 1388 et
1797 1356 1975 1389 inimiciciis

318 1418 352 1439 se
376 1411 409 1440 et
430 1418 487 1439 nos
511 1418 690 1449 exponens,
715 1410 748 1439 et
770 1407 948 1438 Iohannem
972 1406 1134 1449 quondam
1158 1406 1270 1438 Alardi
1294 1406 1335 1438 de
1359 1406 1524 1438 Iemblaco
1546 1406 1762 1448 presbiterum
1785 1407 1871 1440 dicte
1892 1407 1974 1450 dy0-.

318 1460 398 1491 cesis
421 1459 618 1490 exhibitores
640 1459 843 1500 presencium
860 1469 918 1501 pro
942 1459 1086 1500 negociis
1102 1459 1217 1490 nostris
1232 1469 1290 1490 nos
1306 1461 1339 1490 et
1355 1457 1475 1490 dictam
1491 1458 1664 1490 ecclesiam
1679 1459 1822 1491 maxime
1838 1461 1974 1502 tangen-

319 1510 402 1542 tibus
425 1510 466 1542 ad
489 1510 589 1552 pedes
613 1513 717 1542 vestre
741 1511 920 1542 sanctitatis
945 1510 1095 1542 duximus
1120 1509 1337 1541 destinandos.
1384 1509 1508 1546 Quibus
1530 1510 1659 1552 placeat
1682 1510 1845 1542 sanctitati
1867 1513 1974 1543 vestre

319 1573 359 1593 ex
382 1565 473 1603 parte
497 1565 604 1593 nostra
627 1561 669 1593 ad
686 1562 816 1603 plenum
841 1561 975 1593 credere
998 1563 1030 1593 in
1055 1561 1210 1593 dicendis.
1255 1561 1409 1593 Vestram
1432 1562 1636 1594 sanctitatem
1660 1565 1830 1594 conservet
1846 1561 1974 1594 Altissi-

318 1624 388 1644 mus
410 1624 468 1655 per
490 1617 636 1654 tempora
659 1613 813 1655 longiora.

424 1665 543 1696 Datum
571 1666 601 1696 in
630 1665 769 1706 capitulo
798 1666 969 1707 Aquen(si)
1001 1665 1060 1696 sub
1090 1665 1196 1706 sigillo
1229 1665 1366 1697 ecclesie
1393 1665 1435 1698 ad
1463 1675 1587 1707 causas,
1619 1665 1744 1697 decima
1773 1664 1826 1696 die
1853 1665 1972 1702 mensis

320 1714 526 1757 Septembris,
549 1716 752 1757 pontificatus
775 1717 957 1748 sanctitatis
980 1720 1086 1748 vestre
1110 1726 1194 1748 anno
1217 1727 1311 1748 nono.

481 1855 565 1891 975.
611 1856 765 1891 Litterae
790 1857 934 1892 iteratae
961 1857 1206 1902 archiepiscopi
1230 1856 1548 1902 Maydebmyensis.
1654 1855 1746 1902 Sept.
1765 1857 1823 1892 13.

429 1929 477 1967 Cf.
493 1940 592 1968 supra
613 1940 662 1961 nr.
679 1932 750 1962 877.
773 1932 846 1963 878.

433 1988 592 2029 Oriyimle
614 1989 727 2021 ibidem
751 1990 770 2022 l.
786 2001 810 2023 c.
833 2002 882 2023 nr.
899 1993 928 2024 8.
974 1991 1210 2031 Descripsimns
1231 2001 1297 2023 nos.
1344 1990 1490 2031 Siyv'llum
1514 1991 1611 2028 deest,
1637 1990 1722 2031 quod
1743 1990 1815 2022 olim
1845 1990 1911 2022 loro
1936 1999 1976 2022 ex

319 2040 389 2081 ipsa.
410 2041 592 2072 membrana
614 2044 731 2073 exsecto
749 2042 913 2083 pendebat.
937 2061 979 2065 —
1002 2043 1173 2075 Ineditum.

424 2100 499 2140 Rey.
516 2100 631 2132 Mollat
654 2101 672 2132 l.
690 2112 715 2133 c.
737 2112 786 2134 nr.
802 2103 925 2135 23277.

427 2188 632 2221 Sanctissimo
656 2191 687 2221 in
704 2190 830 2222 Christo
854 2193 937 2233 patri
961 2191 1091 2224 domino
1116 2203 1174 2224 suo
1198 2193 1329 2225 domino
1346 2194 1484 2226 Iohanni
1506 2193 1614 2225 divina
1636 2192 1845 2235 providencia
1867 2202 1975 2224 εαυτο-

321 2243 428 2271 sancte
453 2240 596 2272 Romane
627 2252 663 2273 ac
688 2243 878 2274 universalis
906 2244 1044 2276 ecclesie
1072 2255 1196 2276 summo
1226 2246 1371 2287 pontifici
1478 2244 1686 2277 Borchardus
1713 2243 1976 2286 archiepiscopus

323 2291 459 2322 ecclesie
483 2292 772 2335 Magdeburgensis
867 2305 939 2327 cum
963 2296 1148 2328 omnimoda
1170 2298 1353 2329 reverentia
1377 2297 1496 2329 devota
1517 2296 1639 2339 pedum
1662 2296 1772 2328 oscula
1794 2295 1974 2327 beatorum.

429 2342 594 2375 Sanctitati
610 2347 715 2377 vestre
740 2349 851 2377 notum
874 2347 959 2378 facio
983 2358 1041 2388 per
1064 2351 1242 2389 presentes,
1267 2348 1354 2391 quod
1378 2349 1501 2381 litteras
1524 2348 1611 2380 sedis
1633 2347 1811 2390 apostolice
1834 2346 1975 2379 bullatas

322 2403 418 2434 super
441 2395 640 2434 processibus
664 2400 774 2428 contra
801 2397 966 2430 dominum
989 2399 1199 2431 Ludowicum
1224 2400 1340 2432 ducem
1361 2400 1510 2433 Bawarie
1537 2401 1570 2432 in
1592 2410 1704 2442 regem
1727 2398 1976 2440 Rom(anorum)

323 2444 460 2475 electum
484 2444 670 2477 discorditer
693 2449 862 2480 novissime
887 2450 980 2481 factis
1005 2453 1038 2482 et
1061 2450 1182 2482 habitis
1205 2452 1313 2493 recepi
1337 2463 1396 2494 per
1419 2452 1571 2484 clericum
1598 2451 1758 2494 quendam
1783 2449 1976 2482 Gotbertum

323 2495 450 2526 nomine
474 2496 570 2527 michi
592 2497 622 2527 in
646 2498 747 2539 pridie
765 2499 964 2541 Septembris
979 2501 1105 2533 Ydibus
1128 2506 1341 2544 presentatas.
1387 2504 1530 2540 Quarum
1553 2504 1734 2536 litterarum
1756 2502 1886 2534 inicium
1909 2501 1976 2534 tale

324 2550 385 2577 est:
409 2545 578 2578 ‘Iohannes
594 2549 761 2591 episcopus
784 2561 892 2583 servus
916 2563 1079 2584 servorum
1096 2553 1158 2585 Dei
1246 2555 1484 2587 venerabilibus
1507 2554 1659 2587 fratribus
1675 2578 1682 2586 .
1701 2579 1708 2586 .
1731 2553 1975 2595 archiepiscopo

322 2597 621 2640 Magdeburgen(si)
655 2601 786 2643 eiusque
822 2603 1032 2645 suffraganeis
1148 2605 1284 2637 salutem
1319 2609 1353 2638 et
1385 2606 1596 2648 apostolicam
1630 2604 1909 2638 benedictionem'
1942 2607 1975 2636 et

424 2700 489 2727 973.
518 2701 541 2733 ⁸)
560 2711 605 2728 suo
631 2703 654 2728 3.
757 2704 780 2736 b)
800 2707 906 2732 veritate
929 2707 953 2732 2.
1059 2707 1082 2740 0>
1101 2713 1187 2734 tamen
1208 2709 1230 2734 l.
1248 2708 1272 2735 2.
1379 2708 1404 2741 (¹)
1423 2710 1491 2736 deest
1511 2710 1533 2736 1.
1549 2709 1574 2736 2.
1680 2709 1703 2741 θ)
1721 2709 1848 2735 tutamine
1867 2708 1929 2734 add·
1948 2707 1973 2733 ‘2-

323 2743 342 2775 s)
361 2744 427 2769 deest
448 2744 473 2775 l;
493 2745 592 2770 Datum
612 2751 659 2771 etc.
677 2747 729 2772 des.
749 2747 772 2772 3.

425 2811 490 2838 974.
519 2812 542 2845 “)
561 2814 642 2846 Aquis
661 2816 740 2840 Grani
759 2824 796 2840 or.
884 2817 908 2849 b)
927 2819 1006 2844 sisten
1024 2820 1049 2844 in
1070 2821 1124 2845 loco
1142 2829 1204 2846 rano
1223 2829 1259 2846 or.

1989 853 2015 874 1⁰

1989 1162 2014 1182 15

1993 2354 2018 2375 ³5

1993 2613 2019 2633 w
