2184 3126
330 174 392 205 760
572 168 667 196 ACTA
688 166 799 194 REGNI
818 163 1001 192 LUDEWICI
1021 162 1067 189 IV.
1087 162 1132 188 ΕΤ
1150 160 1336 188 FRIDERICI
1355 160 1404 187 III.
1440 158 1516 186 1324.
1552 158 1601 185 Nr.
1613 158 1672 185 919.
1691 157 1750 186 920.

517 316 589 346 919.
614 315 685 344 920.
719 308 951 343 LITTERAE
974 308 1036 340 AD
1060 305 1456 339 ARCHIEPISCOPUM
1478 303 1806 337 COLONIENSEM.

1040 369 1129 399 1324.
1165 367 1234 398 Iun.
1253 368 1282 398 3.

812 475 898 510 919.
939 474 1092 509 Litterae
1113 472 1260 518 priores.
1363 471 1444 506 Iun.
1464 471 1499 505 3.

443 554 540 593 Copia
564 552 619 594 (c.)
648 552 683 582 iu
710 550 912 590 Reyestorum
939 546 1094 579 tabularii
1122 545 1271 577 Vaticani
1299 547 1370 576 tom.
1388 544 1452 575 112
1461 544 1499 569 ΙΙ
1522 543 1577 583 sol.
1595 545 1646 575 69¹
1669 554 1721 578 nr.
1736 544 1809 576 873.
1844 563 1887 568 -
1920 544 1985 577 Ed,

331 604 615 645 ‘Oberbayerisehes
638 602 769 634 Archiv’
792 601 820 639 Ι,
844 602 884 631 64
907 609 956 631 nr.
972 599 1015 631 25
1037 608 1076 630 ex
1100 608 1145 635 c.,·
1173 595 1356 628 Sauerland
1378 595 1569 628 ‘Urkunden
1591 596 1660 627 und
1682 595 1847 637 Reyesten’
1869 596 1899 635 I,
1922 597 1987 628 318
2017 603 2030 623 ὅ

330 668 379 688 ην.
399 657 460 687 675
483 666 521 687 ex
544 665 569 687 c.
615 654 783 685 Editiones
805 651 1019 683 adhibuimus.

439 715 581 752 Biihmer,
605 713 680 754 Rey.
696 712 808 744 Ludw.
828 722 862 751 p.
879 712 943 742 306
968 710 1081 742 Pctbste
1103 718 1152 741 nr.
1168 708 1234 739 218
1255 707 1383 748 (Addit.
1399 707 1444 749 I).

438 800 691 841 Archiepiscopo
716 797 909 830 Coloniensi.

439 853 628 893 Aspirantes
657 850 698 883 ad
729 849 936 882 ecclesiarum
968 851 1001 880 et
1031 846 1322 879 ecclesiasticarum
1358 856 1567 887 personarum
1606 846 1756 878 continua
1789 846 1927 879 comoda
1954 850 1988 880 et

330 906 467 936 vitantes
489 903 616 935 illarum
639 904 793 944 quantum
820 911 989 942 possumus
1013 899 1220 937 detrimenta,
1250 900 1286 929 ut
1313 897 1539 939 indempnitati
1562 900 1690 930 tuorum
1713 901 1746 930 et
1768 898 1904 931 ecclesie
1932 901 1988 931 tue
2006 910 2032 930 ιο

331 956 447 987 iurium
471 955 589 986 certius
615 958 648 986 et
671 954 787 985 clarius
811 955 977 990 caveatur,
1007 962 1071 982 non
1094 949 1304 987 intendimus,
1333 949 1419 991 quod
1443 960 1503 991 per
1529 959 1700 991 processus
1722 953 1849 982 nostros
1876 953 1988 983 contra

331 1008 433 1038 virum
456 1006 662 1048 magnificum
685 1004 885 1036 Ludovicum
909 1003 1023 1034 ducem
1046 1002 1186 1034 Bavarie
1210 1000 1402 1033 discorditer
1424 1001 1457 1032 in
1471 1001 1692 1034 Romanorum
1712 1012 1824 1044 regem
1848 1001 1988 1034 electum

333 1059 484 1100 exigente
508 1068 564 1090 sue
588 1058 682 1098 culpe
706 1056 862 1088 demerito
891 1055 1046 1087 hactenus
1068 1054 1196 1085 habitos
1219 1053 1276 1085 tibi
1300 1053 1400 1085 frater
1423 1064 1479 1086 seu
1508 1052 1614 1085 eidem
1637 1053 1774 1086 ecclesie
1801 1057 1856 1086 tue
1878 1053 1988 1096 prein-

333 1111 449 1142 (licium
473 1109 603 1151 aliquod
626 1110 807 1150 generetur.

439 1170 513 1202 Dat.
531 1168 727 1210 Avinion(e)‚
751 1168 813 1201 III.
838 1167 949 1199 Nonas
972 1167 1066 1207 Iunii,
1090 1176 1173 1197 anno
1198 1170 1322 1197 octavo.
2005 1177 2031 1197 ις,

817 1312 904 1349 920.
946 1312 1098 1347 Litterae
1126 1303 1264 1347 alteraess
1370 1311 1450 1347 Ian.
1470 1312 1503 1347 3.

391 1409 393 1411 »
443 1388 540 1427 Copia
561 1388 615 1428 (c.)
639 1387 752 1419 ibidem
774 1386 829 1426 fol.
847 1387 897 1417 69‘
913 1396 963 1418 nr.
979 1388 1053 1419 874.
1095 1386 1237 1418 sztule't
1252 1386 1295 1418 K.
1310 1385 1352 1418 H.
1367 1385 1512 1425 Schc'ifer.
1536 1404 1580 1409 —
1602 1385 1665 1418 Ed.
1689 1385 1708 1418 l.
1725 1396 1749 1418 c.
1773 1385 1802 1424 I,
1821 1386 1863 1418 64
1884 1395 1935 1418 nr.
1947 1385 1991 1419 26

333 1451 371 1472 ex*
393 1450 437 1478 c.‚·
459 1439 640 1471 Sauerland
662 1438 681 1469 l.
698 1449 723 1469 c.
747 1438 775 1476 Ι,
798 1439 862 1469 318
883 1449 933 1470 nr.
951 1440 1014 1469 676
1036 1448 1074 1470 εκ
1097 1438 1146 1469 c.¹

441 1499 516 1539 Rey.
533 1498 635 1530 Lo'her
657 1498 676 1530 l.
694 1509 719 1530 c.
736 1509 771 1538 p.
788 1499 853 1530 256
875 1509 924 1531 nr.
941 1499 1014 1531 211.

441 1589 694 1631 Archiepiscopo
720 1588 913 1621 Coloniensi.
2009 1602 2036 1622 so

440 1641 664 1672 Fraternitatis
692 1643 744 1672 tue
772 1641 888 1672 litteris
915 1640 1009 1671 solita
1036 1639 1237 1682 benignitate
1265 1640 1405 1681 receptis
1433 1643 1467 1671 et
1493 1650 1604 1672 earum
1632 1642 1716 1673 serie
1744 1641 1916 1683 diligenter
1941 1642 1991 1674 in·

333 1695 443 1734 specta
460 1693 543 1723 circa
560 1693 788 1724 execucionem
812 1691 1039 1723 mandatorum
1062 1695 1244 1723 nostrorum
1268 1691 1463 1723 directorum
1486 1691 1555 1734 tibi,
1578 1692 1689 1733 frater,
1712 1703 1810 1735 super
1831 1694 1991 1735 processi·

332 1745 391 1775 bus
413 1755 472 1786 per
487 1755 544 1775 nos
560 1744 714 1775 hactenus
730 1744 849 1775 habitis
865 1747 1000 1786 urgente
1024 1744 1151 1775 iusticia
1175 1747 1287 1775 contra
1302 1744 1405 1775 virum
1429 1744 1635 1786 magnificum
1651 1745 1852 1777 Ludovicum
1875 1745 1992 1777 ducem

334 1796 470 1827 Bavarie
500 1795 689 1827 discorditer
719 1797 750 1827 in
781 1795 964 1827 Romanum
993 1806 1106 1837 regem
1135 1795 1273 1827 electum
1303 1798 1369 1827 tam
1401 1796 1689 1837 promptitudinem
1719 1800 1774 1829 tue
1802 1796 1992 1829 obediencie

335 1848 468 1889 prestite
496 1858 591 1888 quam
620 1847 799 1879 adhibitum
827 1858 886 1889 per
913 1851 945 1879 te
974 1848 1100 1879 cautele
1135 1848 1256 1889 pariter
1285 1850 1318 1879 et
1348 1847 1549 1888 providentie
1578 1848 1733 1890 studium,
1761 1851 1798 1880 ut
1826 1849 1992 1891 oportunis
2010 1860 2036 1880 ιι

336 1899 533 1940 temporibus
555 1899 624 1940 ipsa
647 1900 795 1931 executio
818 1899 920 1938 fieret,
945 1902 1040 1941 prout
1061 1899 1194 1942 dignum
1218 1899 1286 1931 fore
1310 1900 1533 1942 conspicimus,
1557 1900 1778 1943 multipliciter
1800 1901 1832 1932 in
1852 1900 1994 1934 Domino

337 1950 607 1982 commendamus.
652 1951 742 1982 Inter
764 1954 874 1983 cetera
897 1951 956 1982 tibi
983 1954 1150 1983 notescere
1179 1951 1362 1993 cupientes,
1392 1951 1582 1983 intencionis
1604 1955 1712 1985 nostre
1739 1963 1802 1984 non
1826 1962 1898 1985 esse
1921 1963 1995 1985 cum

335 2002 460 2043 prefato
485 2001 566 2034 duce
590 2002 712 2044 aliquid
737 2003 900 2044 ordinare,
931 2003 1005 2045 quin
1030 2002 1200 2045 providere
1224 2002 1282 2034 tibi
1307 2005 1339 2034 et
1362 2003 1499 2035 ecclesie
1523 2006 1578 2036 tue
1601 2004 1633 2035 in
1657 2004 1841 2036 huiusmodi
1865 2004 1994 2037 ordina-

337 2055 422 2086 tione
450 2065 597 2086 curemus
624 2065 683 2086 nec
711 2055 818 2097 aliquo
847 2055 944 2087 modo
974 2055 1025 2087 vel
1054 2066 1130 2087 casu
1162 2055 1318 2087 faciemus
1346 2055 1434 2087 aliud
1458 2055 1598 2087 Domino
1629 2055 1838 2088 concedente.
1890 2056 1995 2099 Super

337 2107 500 2148 occupatis
523 2117 599 2138 vero
623 2117 683 2148 per
705 2106 789 2138 bone
813 2107 970 2139 memorie
987 2106 1160 2139 Albertum
1177 2106 1398 2139 Romanorum
1422 2117 1534 2149 regem
1557 2107 1589 2139 in
1609 2106 1823 2150 preiudicium
1846 2110 1937 2139 tuum
1960 2110 1995 2139 et
2011 2116 2041 2137 so

338 2157 481 2189 ciusdem
509 2158 660 2199 ecclesie,
690 2158 818 2200 quando
850 2158 891 2190 de
923 2159 1069 2201 personis
1097 2158 1313 2191 detinentibus
1341 2163 1498 2201 occupata.
1521 2159 1705 2191 huiusmodi
1733 2169 1792 2191 nos
1818 2159 1994 2192 informare

339 2210 513 2249 curaveris,
543 2213 651 2241 actore
678 2210 750 2242 Deo
785 2210 929 2242 remedio
958 2210 1129 2252 providere
1162 2210 1345 2242 curabimus
1379 2214 1548 2253 oportuno.
1599 2211 1693 2243 Circa
1725 2211 1994 2254 indempnitatem

338 2260 467 2301 insuper
490 2263 616 2292 tuorum
640 2265 672 2292 et
699 2262 797 2304 ipsius
826 2262 962 2294 ecclesie
986 2262 1101 2294 iurium
1128 2263 1256 2294 racione
1285 2261 1444 2294 dictorum
1465 2272 1674 2305 processuum
1701 2263 1926 2295 mandavimus
1953 2263 1996 2295 ad

339 2311 498 2342 cautelam
541 2313 760 2354 competentes
796 2313 865 2345 fieri
910 2314 1034 2346 litteras
1076 2314 1135 2346 tibi
1175 2325 1233 2356 per
1263 2338 1270 2345 .
1301 2339 1307 2345 .
1335 2314 1473 2346 latorem
1514 2315 1717 2357 presencium
1756 2315 1996 2348 destinandas&

339 2361 389 2393 De
413 2366 521 2394 nostra
543 2364 638 2404 igitur
662 2368 694 2396 et
717 2366 894 2407 apostolice
918 2366 1004 2398 sedis
1027 2366 1226 2408 benignitate
1251 2366 1388 2397 confisus
1411 2365 1452 2398 de
1469 2366 1553 2398 bono
1578 2369 1610 2398 te
1626 2377 1756 2409 semper
1779 2366 1931 2410 disponas
1953 2367 1997 2399 ad
2014 2374 2044 2395 δῦ

340 2413 454 2445 melius
478 2414 586 2455 sicque
609 2426 795 2457 perseveres
819 2418 850 2448 in
874 2418 1031 2459 omnibus,
1055 2429 1117 2460 que
1134 2418 1300 2449 Altissimo
1324 2418 1476 2460 placeant
1499 2421 1532 2450 et
1555 2421 1664 2450 sancte
1684 2419 1833 2451 Romane
1857 2419 1996 2452 ecclesie

340 2465 451 2496 matris
474 2468 527 2496 tue
552 2467 785 2499 exaltacionem
810 2469 983 2511 respiciant
1006 2473 1038 2501 et
1062 2472 1276 2512 promoveant
1296 2470 1541 2512 incrementum,
1565 2470 1652 2513 quod
1675 2481 1735 2513 per
1757 2472 1883 2503 virtutis
1904 2471 1996 2503 inda—

341 2517 448 2557 ginem
472 2519 580 2558 preter
602 2521 711 2550 eterne
735 2520 953 2552 retributionis
978 2522 1139 2563 premium
1162 2524 1194 2553 te
1214 2521 1333 2553 reddas
1357 2522 1505 2554 continue
1528 2525 1637 2554 nostra
1661 2526 1694 2555 et
1709 2523 1887 2566 apostolice
1911 2523 1997 2555 sedis

341 2567 558 2599 benivolentia
581 2569 768 2611 digniorem.

451 2627 569 2660 Datum
592 2632 627 2660 ut
650 2640 745 2672 supra
768 2632 798 2662 in
822 2634 968 2673 proxima
979 2634 1001 2665 2.
2015 2639 2049 2660 ω

448 2738 474 2769 1)
495 2737 537 2769 Cf.
554 2738 654 2765 litteras
674 2741 809 2773 pontificis
830 2742 872 2769 die
894 2747 916 2770 6.
935 2751 966 2769 m.
981 2744 1045 2770 Iam.
1067 2744 1125 2776 filio
1150 2745 1216 2778 reyis
1239 2744 1378 2772 Franciae
1399 2744 1522 2779 directas,
1550 2745 1647 2772 Mozlat
1671 2745 1687 2773 l.
1701 2753 1722 2773 c.
1741 2753 1783 2773 nr.
1801 2748 1904 2779 2037&
1927 2753 1997 2779 quae

343 2787 409 2805 uum
428 2779 466 2805 ad
482 2788 525 2806 res
542 2784 648 2808 ‘nostras
664 2782 775 2817 faciant,
793 2784 868 2811 Imud
885 2786 945 2812 scio.
1050 2787 1077 2820 2)
1097 2787 1188 2822 Supra
1207 2796 1248 2815 nr.
1263 2792 1319 2816 919.
