2124 3132
337 180 379 210 40
721 176 937 204 TRACTATUS
956 176 1003 203 DE
1021 175 1236 203 ELECTIONE.
1274 176 1349 202 1314.
1384 175 1434 202 Nr.
1447 175 1487 202 39.
1507 175 1549 202 40.
1568 175 1611 201 41.

336 267 504 305 presentes
533 263 662 295 fuerunt
693 265 726 294 et
755 272 827 293 cum
857 261 1117 303 procuratoribus
1146 271 1256 292 eorum
1286 262 1339 302 qui
1362 261 1472 292 venire
1499 270 1564 291 non
1592 262 1743 302 poterant
1772 261 1859 302 apud
1887 260 1996 293 villam

336 316 444 347 Rense
478 318 616 347 tractatu
650 313 820 355 prehabito
855 312 1002 353 diligenti
1036 314 1069 343 et
1103 311 1143 342 de
1177 312 1239 343 hoc
1273 310 1447 343 instanter-¹
1476 311 1620 352 requisiti
1650 321 1710 352 per
1741 311 1903 353 eosdemff,
1938 323 1997 354 pro

230 373 320 395 oct.19.
337 367 497 398 communi
521 366 605 397 bono
630 368 663 396 et
685 364 850 406 republica
866 361 1083 404 gubernandis
1099 363 1271 393 crastinum
1289 361 1374 393 diem
1392 362 1479 394 beati
1493 362 1581 395 Luce
1599 362 1799 404 euangelista
1814 364 1997 405 proximum

337 417 378 448 ad
402 416 588 458 eligendum
612 417 643 446 in
659 413 906 446 Frankenfurdh
930 414 1071 444 futurum
1087 412 1334 454 Rom(anorum)
1358 423 1470 454 regem
1493 414 1525 444 in
1548 414 1776 455 imperatorem
1793 418 1906 456 postea
1921 426 1996 457 pro-

337 468 530 501 movendum
555 477 596 498 ex
620 466 709 497 offitii
734 465 834 496 nostri
858 465 967 496 debito
985 464 1214 505 assignandum
1230 464 1379 495 duximus
1397 468 1430 496 et
1445 465 1649 506 presentibus
1664 466 1873 507 assignamus.
1909 466 1998 503 Quos
2027 477 2040 496 ι

337 520 423 551 diem
447 523 480 550 et
502 519 607 550 locum
632 517 722 548 vobis
745 519 857 547 tenore
881 517 1078 557 presentium
1102 517 1294 557 intimamus,
1318 519 1354 547 ut
1377 516 1418 547 ad
1442 516 1587 563 predicte
1611 517 1783 548 eleccionis
1806 512 2015 560 sollempnia'

339 572 420 602 sicut
443 571 484 602 ad
508 581 563 601 vos
587 569 727 610 pertinet
749 567 894 598 veniatis.

444 623 563 653 Datum
587 619 672 661 apud
697 618 877 660 predictam
899 618 1009 649 villam
1033 618 1154 657 Rense,
1179 628 1262 650 anno
1286 618 1417 650 Domini
1440 619 1611 650 millesimo
1635 619 1718 651 CCC
1742 620 1996 662 quartodecimo,

336 674 367 704 in
393 673 444 704 die
468 673 555 704 beati
580 670 738 702 Bonifacii
761 671 910 701 martiris.

387 905 567 949 40—42.
610 902 901 948 SCRIPTA
928 901 1462 948 ARCHIEPISCOPI
1489 902 1944 950 COLONIENSIS
2013 917 2042 940 ω

548 967 677 1013 PRO
709 965 963 1012 SIMONE
992 964 1240 1012 COMITE
1276 966 1362 1012 DE
1395 965 1780 1015 SPANHEIM.
1886 979 1889 982 ’

974 1043 1082 1080 1314.
1125 1044 1206 1081 Iun.
1232 1044 1341 1080 13.-
1355 1044 1416 1080 30.

802 1164 864 1200 40.
908 1163 1084 1216 Scriptum
1105 1165 1270 1210 primum.
1379 1165 1458 1201 Iun.
1478 1167 1536 1200 13.

448 1233 608 1274 Oriyinale
631 1233 707 1275 (or.)
731 1234 767 1264 in
790 1233 948 1266 tabulario
973 1234 1115 1275 yenerali
1141 1228 1232 1275 &eqni
1253 1235 1422 1267 Bawarici
1443 1235 1624 1276 ‘Sponheim
1649 1235 1844 1278 Grafschaft
1865 1237 1944 1275 fase.
1962 1237 1996 1269 1’

335 1296 386 1319 nr.
406 1286 454 1318 19.
501 1284 736 1326 Descripsimus
758 1295 825 1317 nos.
871 1285 991 1317 Pendet
1013 1286 1151 1327 siqillum
1174 1286 1294 1318 laesum
1316 1286 1381 1319 loro
1403 1287 1638 1319 membranaceo
1661 1298 1700 1319 ex
1722 1287 1793 1327 ipsa
1813 1288 1996 1320 membrana
2015 1295 2040 1315 ιι

336 1340 464 1369 exsecto.
488 1355 531 1359 —
558 1337 618 1368 Ed.
642 1337 799 1368 Harnack
822 1337 1205 1378 ‘Kurfffirstencolleqium’
1229 1349 1265 1378 p.
1287 1339 1353 1370 246
1375 1348 1424 1371 nr.
1442 1339 1463 1369 5
1492 1349 1531 1370 ex
1554 1349 1599 1371 or.
1606 1349 1617 1377 ;
1654 1338 1880 1371 Winkelmamn
1903 1339 1997 1372 ‘Acta

336 1389 463 1428 imperii
485 1389 616 1420 inedita'
638 1388 686 1426 II,
711 1390 774 1419 773
796 1399 846 1420 nr.
864 1389 950 1420 1111
971 1399 1011 1421 ex
1033 1399 1101 1431 cop.

444 1483 511 1514 Nos
535 1483 695 1514 Henricus
718 1483 780 1514 Dei
810 1484 915 1524 gratia
943 1486 1052 1516 sancte
1076 1484 1278 1516 Coloniensis
1305 1484 1443 1516 ecclesie
1471 1485 1732 1528 archiepiscopus
1758 1487 1840 1517 sacri
1868 1486 1997 1528 imperii

336 1545 394 1576 per
420 1534 546 1565 Italiam
578 1535 878 1566 archicancellarius
944 1536 1100 1567 universis
1127 1536 1295 1577 presencia
1318 1537 1431 1567 visuris
1459 1540 1571 1568 notum
1598 1537 1749 1578 facimus,
1784 1537 1871 1579 quod
1896 1537 1998 1569 nobili

335 1587 402 1617 viro
427 1586 559 1627 Symoni
587 1586 696 1617 comiti
724 1586 764 1618 de
789 1585 953 1627 Spanhem
977 1588 1215 1629 consanguineo
1239 1590 1348 1619 nostro
1372 1587 1490 1620 dilecto
1515 1588 1628 1620 damus
1650 1589 1781 1631 plenam
1805 1592 1839 1621 et
1861 1589 1996 1621 liberam
2013 1599 2041 1620 a·

335 1641 530 1679 potestatem
555 1637 717 1669 alliciendi
741 1642 774 1669 et
795 1638 989 1679 procurandi
1013 1639 1104 1670 nobis
1128 1639 1301 1679 adiutores,
1326 1640 1380 1681 qui
1402 1639 1495 1671 nobis
1511 1641 1543 1671 in
1558 1641 1694 1682 negocio
1711 1640 1883 1672 eleccionis
1899 1640 1998 1672 futuri

335 1689 554 1721 Romanorum
585 1690 671 1730 regis
700 1690 915 1724 incumbentis
942 1691 1109 1732 assistant,
1139 1691 1334 1733 ubicumque
1361 1691 1455 1723 nobis
1482 1691 1580 1723 fuerit
1613 1695 1821 1734 oportunum,
1856 1702 1893 1724 ac
1922 1703 1997 1734 pro-

335 1741 483 1772 mittendi
517 1741 594 1782 ipsis
630 1751 671 1772 ex
705 1744 798 1782 parte
831 1744 941 1773 nostra
975 1742 1053 1775 dare
1088 1742 1129 1774 ob
1163 1743 1224 1776 hoc
1256 1747 1309 1775 et·
1340 1744 1524 1785 persolvere
1557 1747 1695 1785 quatuor
1724 1743 1813 1775 milia
1843 1743 1998 1776 librarum

335 1793 538 1824 Hallensium
567 1795 654 1824 certo
683 1793 819 1824 termino
848 1797 881 1825 et
903 1794 1172 1826 convencionibus
1201 1795 1312 1836 certis,
1342 1799 1438 1837 prout
1466 1806 1563 1837 super
1590 1796 1650 1827 hoc
1680 1805 1753 1827 eum
1777 1806 1850 1827 cum
1874 1795 1998 1828 eisdem

336 1845 506 1886 contigerit
533 1844 738 1878 concordare.
784 1845 1015 1877 Promittentes
1043 1846 1269 1877 nichilominus
1297 1847 1417 1878 dictum
1446 1847 1597 1878 comitem
1625 1847 1666 1878 de
1696 1847 1758 1883 hiis
1787 1847 1933 1879 relevare
1964 1850 1997 1879 et
2015 1854 2042 1876 ne

336 1896 540 1937 indempnem
569 1896 695 1938 penitus
725 1906 924 1928 conservare.
1013 1896 1051 1930 In
1082 1897 1171 1929 cuius
1198 1898 1245 1929 rei
1274 1898 1493 1930 testimonium
1517 1897 1657 1939 sigillum
1678 1895 1823 1931 'nostrum
1847 1898 1999 1931 duximus

336 1947 537 1989 presentibus
565 1947 803 1989 apponendum.
1546 1949 1549 1953 “

443 1999 564 2031 Datum
589 1998 738 2040 colonie,
770 2011 853 2031 anno
877 2000 1007 2032 Domini
1031 2000 1149 2033 MCCC
1173 2001 1432 2043 quartodecimo,
1465 2001 1575 2043 quinta
1598 2001 1679 2033 feria
1702 2005 1776 2044 post
1799 2001 1885 2035 diem
1910 2001 1998 2034 beati

335 2051 484 2083 Barnabe
508 2051 657 2092 apostoli.

787 2150 846 2184 41.
888 2149 1061 2195 Scriptum
1088 2152 1286 2186 secundum.
1389 2150 1472 2186 Iun.
1489 2152 1548 2186 17.
2014 2164 2042 2184 ιο

450 2218 548 2258 Copia
572 2218 626 2259 (c.)
649 2218 685 2249 in
709 2218 866 2250 tabulario
887 2219 1028 2258 yenerali
1050 2220 1279 2252 Karlsruhano
1303 2220 1523 2262 ‘Spanheimer
1541 2220 1734 2262 Oopialbuch
1753 2219 1798 2252 B‘
1819 2230 1900 2253 saec.
1917 2219 1996 2253 XV.

337 2270 390 2308 fol.
407 2271 458 2301 45.
483 2289 522 2293 —-
547 2269 859 2302 Ed.·Winkelmann
881 2270 901 2302 l.
918 2281 944 2302 c.
960 2271 1010 2308 II,
1035 2273 1098 2302 773
1119 2281 1173 2307 nr,
1188 2273 1275 2303 1112
1295 2282 1334 2305 ex
1357 2283 1382 2304 c.
1429 2272 1612 2305 Editionem
1633 2273 1812 2312 repetimus.

446 2364 513 2395 Nos
536 2364 707 2395 Heinricus
730 2363 793 2396 Dei
816 2365 925 2406 gracia
949 2369 1058 2397 sancte
1082 2366 1284 2398 Coloniensis
1308 2366 1446 2400 ecclesie
1469 2367 1731 2410 archiepiscopus
1754 2366 1837 2398 sacri
1858 2366 1998 2400 Romani

337 2417 463 2458 imperii
492 2427 550 2457 per
573 2416 700 2447 Italiam
729 2416 1030 2448 archicancellarius
1059 2422 1170 2450 notum
1194 2418 1345 2460 facimus,
1376 2418 1462 2461 quod
1486 2422 1522 2451 ut
1545 2419 1660 2451 nobilis
1682 2419 1731 2450 vir
1754 2418 1865 2450 Simon
1888 2419 1998 2450 co'mes

339 2467 380 2499 de
405 2467 581 2509 Spanheim
610 2469 865 2509 consanguineus
894 2472 1005 2501 noster
1031 2469 1124 2501 nobis
1153 2473 1187 2502 et
1216 2470 1353 2503 ecclesie
1380 2474 1502 2512 nostre,
1521 2482 1570 2512 eo*
1588 2467 1789 2513 prestancius
1817 2473 1850 2502 et
1879 2469 1996 2502 melius
2014 2481 2039 2502 ts

338 2520 447 2550 iuvet²
470 2522 580 2550 contra
607 2522 732 2550 nostros
759 2520 919 2559 inimicos,
949 2520 1131 2563 ubicunque
1160 2521 1252 2553 nobis
1279 2516 1377 2554 fuerit
1400 2525 1609 2566 oportunum,
1638 2522 1843 2565 promisimus
1867 2525 1901 2553 et
1922 2531 1997 2567 pro-

228 2578 322 2604 Septs
336 2570 492 2601 mittimus
517 2570 622 2602 eidem
647 2571 724 2602 dare
749 2575 782 2602 et
804 2573 990 2613 persolvere
1014 2573 1049 2604 in‘
1069 2574 1198 2605 instanti
1222 2574 1306 2606 festo
1329 2574 1507 2606 nativitatis
1529 2574 1627 2606 beate
1650 2573 1753 2606 Maria
1777 2571 1909 2616 virginis
1932 2573 1997 2607 duo

441 2664 488 2690 39.
516 2664 535 2696 f)
555 2674 607 2698 per
626 2675 680 2691 vos
699 2670 730 2691 et
748 2667 809 2692 add.
829 2666 854 2692 2.
943 2666 968 2700 8)
986 2676 1032 2701 per
1050 2669 1152 2694 eosdem
1170 2669 1287 2702 requisiti
1305 2668 1330 2695 2.
1419 2668 1444 2701 h)
1462 2666 1639 2695 Frankensfirt
1656 2668 1681 2696 2.

443 2732 490 2760 40.
519 2734 543 2764 ⁸)
563 2735 595 2758 ob
614 2735 662 2759 hoc
681 2739 705 2759 et
723 2735 750 2759 in
769 2736 823 2760 loco
842 2744 903 2760 raso
922 2737 949 2760 in
961 2738 1017 2769 fine
1037 2737 1120 2762 lineae
1139 2746 1176 2763 or.

443 2800 489 2828 41.
518 2801 542 2834 ἃ)
561 2803 635 2828 iuvat
653 2812 674 2828 c.
1544 2820 1546 2822 v
1878 2820 1881 2821 ν
2013 2809 2044 2828 ⁴0
