2184 3126
274 149 338 182 446
510 147 606 175 ACTA
626 147 739 175 REGNI
758 147 942 174 LUDEWICI
962 146 1008 173 IV.
1028 146 1075 173 ΕΤ
1093 145 1280 174 FRIDERICI
1298 146 1347 173 111.
1384 146 1459 173 1320.
1496 145 1544 173 Nr.
1557 145 1616 173 556.
1633 145 1693 174 557.

274 235 467 267 sufficientia
490 239 524 267 et
538 235 602 267 fide
618 235 782 266 laudabile
799 233 1016 266 testimonium
1040 233 1196 264 serenitas
1218 236 1328 264 nostra
1342 242 1402 274 per
1418 232 1652 275 experientiam
1670 229 1802 274 recepit,
1825 233 1930 274 ipsum

273 290 418 318 nostrum
447 297 485 318 ac
512 287 640 328 imperii
668 286 888 318 constituimus
916 288 949 316 et
975 285 1111 316 facimus
1138 285 1331 316 auctoritate
1355 285 1557 326 presencium
1580 286 1822 325 procuratorem
1847 284 1932 325 legi-

274 339 396 371 timum.
443 338 568 370 Dantes
595 338 702 369 eidem
725 338 856 379 plenam
885 339 919 368 et
939 336 1075 368 liberam
1098 339 1294 378 potestatem
1323 346 1395 368 cum
1417 336 1518 367 nobili
1541 336 1608 367 viro
1631 335 1720 367 Cane
1744 334 1866 367 Grandi
1890 336 1931 368 de

274 390 306 421 la
330 390 425 421 Scala
448 390 567 421 vicario
582 389 712 420 Verone
737 391 770 420 et
782 388 954 420 Vincentie
977 391 1085 420 nostro
1110 388 1228 420 dilecto
1251 398 1288 420 ac
1312 388 1383 419 aliis
1406 387 1566 419 nobilibus
1590 391 1623 419 et
1638 388 1783 429 personis
1799 387 1930 429 quibus-

275 451 412 483 cumque
435 452 560 473 necnon
583 440 766 472 civitatibus
789 443 822 471 et
845 439 1107 480 comunitatibus,
1132 439 1286 479 castellis,
1313 438 1543 470 munitionibus
1566 442 1599 471 et
1622 439 1734 470 castris
1756 439 1810 470 inb
1833 439 1931 470 Lom-

274 492 405 524 bardie⁰
421 492 567 533 partibus
590 492 659 523 sitis
682 494 715 524 et
731 491 911 523 constitutis
927 491 1095 531 tractandi,
1118 491 1294 532 placitandi
1317 493 1350 522 et
1365 490 1582 522 concordandi
1596 491 1748 532 ipsosque
1764 489 1807 522 ad
1821 493 1932 522 nostra

275 547 308 575 et
330 544 458 585 imperii
481 543 637 585 obsequia
661 542 845 575 attrahendi
868 545 902 575 et
923 546 1031 574 nostro
1056 543 1184 574 nomine
1207 542 1400 584 recipiendi,
1430 545 1526 584 prout
1549 553 1622 574 cum
1644 543 1715 584 ipso
1739 545 1931 574 conventum

275 599 308 626 et
325 595 506 626 ordinatum
523 594 628 626 fuerit.
667 594 710 626 Et
726 595 833 626 omnia
857 597 890 626 et
913 594 1039 636 singula
1054 594 1204 635 faciendi,
1229 605 1290 636 que
1314 597 1502 636 procurator
1524 594 1731 636 negociorum
1756 597 1789 625 et
1811 597 1930 626 tracta-

275 650 364 677 tuum
388 646 495 678 facere
519 649 628 687 potest
652 649 685 677 et
708 645 817 686 debet,
842 647 902 678 etsi
925 646 1112 677 mandatum
1136 646 1271 687 exigant
1294 645 1467 687 specialed.

409 794 495 830 557.
538 794 779 830 Iuramwentam
806 792 929 830 vicarii
954 805 1058 840 super
1086 793 1204 838 officio
1231 794 1428 830 escercendo.
1535 794 1644 829 1320.
1670 794 1749 830 Ian.
1764 795 1800 829 5.

386 877 485 916 Copia
509 876 565 919 (c.)
595 877 710 909 ibidem
735 877 795 919 fol.
817 878 881 908 156
914 877 950 918 (l.
975 877 1058 909 XII.
1084 887 1151 917 cap.
1170 878 1216 917 7).
1253 894 1290 899 —
1326 876 1390 909 Ed.
1412 875 1432 908 l.
1449 887 1474 908 c.
1491 887 1528 916 10-
1546 878 1587 908 66
1609 887 1648 908 ex
1670 887 1696 908 c.
1750 876 1931 908 Editionem

274 929 453 968 repetimus,
477 930 612 962 editione
629 930 736 969 priori
759 930 833 961 item
854 930 1007 969 inspecta.

383 1024 478 1055 Anno
502 1023 633 1055 Domini
656 1024 858 1064 MOOOXX,
892 1023 1066 1055 indictione
1090 1023 1156 1063 ΙΙΙ,
1190 1022 1242 1054 die
1278 1021 1390 1054 Sabati
1412 1022 1452 1054 V.
1480 1023 1600 1053 mensis
1627 1022 1784 1064 Ianuarii,
1818 1023 1938 1056 Padus

274 1076 306 1106 in
330 1074 488 1118 [maiori]¹³
511 1075 580 1106 sala
602 1076 733 1107 maioris
755 1076 872 1118 palacii
895 1075 1039 1107 comunis
1061 1074 1185 1114 Padue.
1220 1073 1431 1105 Presentibus
1453 1073 1624 1114 magnifico
1648 1073 1777 1106 domino
1801 1074 1932 1107 domino

274 1126 394 1158 Iacobo
419 1126 459 1158 de
484 1126 616 1158 Cararia
640 1128 777 1159 civitatis
799 1127 913 1159 Padue
942 1131 974 1158 et
997 1126 1160 1158 districtus
1183 1126 1353 1167 capitaneo
1377 1125 1539 1166 generali,
1571 1125 1772 1158 Pantaleone
1795 1126 1933 1159 condam

275 1178 394 1209 domini
411 1177 560 1210 Falconis
584 1178 624 1210 de
640 1179 897 1220 Buzzacharinis,
920 1179 1019 1210 Petro
1043 1178 1180 1210 condam
1197 1177 1317 1209 domini
1333 1177 1464 1208 Iohanis
1480 1175 1586 1208 Rubei
1610 1176 1651 1208 de
1666 1176 1787 1218 Murfis,
1809 1177 1934 1209 Iohane

1930 817 1974 841 ,ιο

1951 1135 1976 1155 15

275 1229 412 1261 condam
436 1229 557 1261 domini
573 1229 711 1262 'rebaldi
735 1230 776 1262 de
792 1231 953 1272 Viguncia
976 1229 1142 1270 militibus,
1165 1229 1336 1261 Manfredo
1360 1228 1497 1260 condam
1520 1228 1642 1260 domini
1664 1229 1756 1261 Petri
1778 1230 1820 1262 de
1841 1230 1933 1263 Man-
1974 1259 1979 1272 ÷

275 1280 374 1312 fredis
403 1281 513 1322 legum
541 1281 689 1323 doctore,
719 1282 824 1313 Paulo
854 1282 992 1314 condam
1025 1281 1145 1313 domini
1168 1280 1370 1312 Bartolomei
1400 1280 1439 1312 de
1463 1272 1587 1321 Timo,
1617 1281 1768 1313 Schinela
1796 1282 1934 1314 condam

276 1333 395 1364 domini
418 1332 514 1364 Pauli
537 1332 578 1364 de
601 1333 687 1365 Doto
711 1333 847 1365 testibus
876 1334 998 1375 rogatis
1028 1337 1061 1364 et
1090 1332 1132 1364 ad
1154 1332 1216 1364 hec
1239 1332 1425 1374 specialiter
1447 1333 1630 1364 convocatis
1662 1336 1696 1366 et
1724 1333 1832 1366 multis
1862 1334 1934 1366 aliis

274 1383 430 1415 militibus
447 1384 654 1416 Theotonicis
678 1388 711 1416 et
733 1385 814 1416 aliis.
855 1385 893 1416 In
916 1384 1012 1426 pleno
1037 1388 1069 1416 et
1092 1384 1238 1425 generali
1262 1383 1385 1426 aringio
1410 1386 1444 1415 et
1466 1385 1620 1416 concione
1643 1384 1686 1416 ad
1709 1395 1822 1417 sonum
1846 1396 1935 1418 cam-

275 1446 431 1477 panarum
455 1439 488 1467 et
504 1436 636 1467 vocibus
651 1437 811 1478 preconiis
834 1447 907 1468 cum
930 1436 1050 1468 tubetis
1073 1446 1164 1467 more
1187 1435 1281 1467 solito
1302 1436 1506 1478 congregatis
1528 1436 1560 1467 in
1582 1436 1698 1468 maiori
1720 1437 1788 1468 sala
1803 1438 1935 1469 maioris

275 1487 392 1528 palacii
420 1489 563 1519 comunis
586 1488 717 1529 Padue,
748 1488 804 1520 ubi
832 1498 954 1530 arenga
977 1488 1076 1530 ipsius
1103 1487 1248 1519 comunis
1270 1487 1341 1519 fieri
1364 1491 1612 1529 consueverant,
1645 1489 1678 1520 in
1709 1500 1772 1531 quo
1804 1489 1934 1531 quidem
1976 1528 1978 1530 μ

275 1549 396 1581 arengo
412 1539 557 1571 interfuit
572 1541 683 1582 populi
700 1543 733 1571 et
748 1540 913 1571 hominum
930 1540 1067 1571 civitatis
1078 1539 1193 1571 Padue
1209 1539 1351 1571 maxima
1367 1539 1550 1580 multitudo,
1566 1540 1700 1572 sedente
1716 1541 1758 1572 ad
1773 1541 1934 1573 banchum

274 1590 408 1631 pavonis
431 1591 538 1622 nobile
563 1592 630 1623 viro
646 1591 800 1624 Uldricob
817 1592 858 1623 de
875 1591 988 1623 Walse
1012 1591 1108 1623 Stirie
1132 1591 1312 1632 capitaneo,
1336 1589 1575 1634 infrascriptum
1598 1596 1834 1624 sacramentum
1858 1603 1933 1625 con-

276 1642 380 1673 tinens
403 1642 485 1674 hanc
508 1643 646 1675 formam
669 1644 789 1675 lectum
813 1647 846 1675 et
868 1643 1068 1685 publicatum
1091 1643 1151 1675 fuit
1174 1653 1232 1684 per
1254 1653 1307 1674 me
1331 1643 1491 1674 notarium
1514 1643 1766 1686 infrascriptum:

427 1724 492 1755 ‘Ad
519 1724 675 1756 honorem
709 1727 743 1756 et
775 1726 992 1756 reverentiam
1028 1724 1148 1756 domini
1183 1724 1281 1755 nostri
1311 1724 1409 1755 Ihesu
1437 1723 1556 1756 Christi
1591 1727 1624 1756 et
1653 1725 1792 1766 gloriose
1822 1727 1934 1758 matris
1962 1714 1967 1720 ⁸

320 1775 387 1806 eius
411 1785 540 1817 semper
562 1777 693 1817 virginis
715 1776 819 1808 Marie
849 1780 882 1808 et
905 1776 1074 1808 beatorum
1098 1775 1304 1819 san[c]torum
1326 1775 1548 1807 Prosdocimi⁰
1581 1780 1613 1808 et
1642 1777 1764 1809 Iustine
1791 1778 1933 1820 virginis,

321 1827 452 1858 Antonii
476 1830 509 1858 et
523 1827 668 1859 Danielis
684 1829 823 1859 martiris
846 1831 879 1860 et
895 1829 996 1860 tocius
1013 1829 1142 1860 celestis
1165 1829 1251 1859 curie
1275 1831 1309 1859 et
1324 1827 1366 1859 ad
1382 1828 1536 1860 honorem
1561 1832 1595 1860 et
1609 1832 1728 1861 statum
1743 1830 1934 1862 sanctissimi

320 1878 442 1909 domini
468 1878 621 1910 Iohannis
648 1890 732 1921 pape
755 1879 904 1921 vigesimi
933 1880 1065 1912 secundi
1098 1883 1131 1911 et
1161 1883 1270 1912 sancte
1292 1880 1440 1911 Romane
1471 1879 1608 1912 ecclesie
1637 1885 1670 1913 et
1698 1881 1740 1913 ad
1767 1881 1933 1923 honorem,

321 1930 553 1962 exaltationem
587 1934 620 1962 et
654 1935 772 1963 statum
807 1932 1005 1963 invictissimi
1042 1935 1075 1963 et
1108 1931 1303 1963 serenissimi
1338 1931 1459 1963 domini
1493 1932 1592 1963 nostri
1627 1932 1747 1964 domini
1777 1932 1934 1965 Friderici

319 1981 540 2014 Romanorum
555 1984 642 2025 regis
658 1993 787 2024 semper
802 1984 931 2026 augusti
949 1987 982 2015 et
997 1984 1080 2015 sacri
1094 1983 1235 2015 Romani
1249 1984 1386 2025 imperii,
1411 1984 1509 2015 etiam
1525 1983 1566 2015 ad
1582 1984 1739 2016 honorem
1755 1988 1788 2016 et
1803 1985 1933 2017 laudem

321 2037 353 2065 et
376 2036 591 2066 reverentiam
614 2035 729 2067 nobilis
751 2037 811 2067 viri
835 2036 956 2068 domini
979 2036 1102 2068 Uldrici
1125 2036 1165 2068 de
1182 2036 1296 2067 Walse
1320 2035 1415 2067 Stirie
1438 2035 1614 2077 capitanei,
1637 2047 1696 2077 pro
1719 2037 1808 2077 regia
1831 2036 1933 2068 maie-

320 2088 403 2117 state
434 2087 466 2117 in
496 2087 625 2119 civitate
649 2087 763 2119 Padue
788 2092 822 2119 et
845 2089 913 2119 eius
937 2088 1083 2120 districtu
1105 2089 1191 2119 vices
1214 2089 1368 2130 gerentis,
1400 2091 1433 2119 et
1461 2087 1504 2119 ad
1527 2089 1809 2119 conservacionem
1832 2091 1934 2119 status

320 2138 446 2178 pacifici
463 2139 599 2170 civitatis
615 2139 728 2171 Padue
757 2143 790 2171 et
806 2139 977 2172 districtus.
1065 2140 1140 2171 Iuro
1165 2149 1227 2181 ego
1243 2139 1393 2172 Uldricus
1416 2139 1457 2171 de
1473 2139 1606 2171 Walsed
1624 2139 1719 2171 Stirie
1736 2141 1934 2181 capitaneus,

320 2189 406 2221 vices
422 2199 539 2231 gerens
563 2191 594 2221 in
611 2191 742 2223 civitate
758 2191 873 2223 Padue
891 2194 923 2222 et
939 2191 1094 2232 districtu,
1118 2201 1233 2233 regere
1258 2194 1290 2222 et
1310 2191 1545 2223 rationabiliter
1565 2190 1746 2232 gubernare
1771 2194 1804 2222 et
1819 2202 1931 2233 quem-

321 2240 401 2272 libet
423 2242 668 2274 intrinsecorum
693 2243 734 2274 de
758 2244 888 2275 civitate
912 2242 1026 2274 Padue
1057 2246 1091 2274 et
1113 2243 1259 2274 districtu
1281 2243 1311 2274 in
1336 2253 1393 2274 suo
1415 2244 1485 2274 iure
1510 2245 1543 2274 et
1565 2243 1691 2274 iusticia
1713 2252 1879 2274 asservare
1904 2246 1938 2275 et

321 2293 369 2324 ius
392 2292 485 2324 reddi
508 2293 616 2325 facere
640 2305 699 2335 per
721 2297 917 2336 potestatem
944 2298 978 2326 et
1001 2294 1070 2326 eius
1092 2294 1215 2326 iudices
1238 2295 1271 2325 in
1294 2294 1424 2326 civitate
1447 2293 1561 2326 Padue
1590 2297 1624 2325 et
1646 2293 1792 2325 districtu
1814 2297 1882 2325 tam
1904 2294 1937 2325 in

321 2343 467 2375 civilibus
490 2355 587 2386 quam
610 2346 642 2376 in
666 2345 884 2377 criminalibus
907 2346 1022 2386 causis,
1042 2345 1099 2377 ubi
1122 2345 1164 2377 ad
1187 2355 1260 2377 eum
1277 2345 1330 2377 vel
1353 2356 1427 2377 suos
1442 2345 1565 2377 iudices
1581 2346 1690 2377 civiles
1706 2355 1802 2377 cause
1818 2345 1938 2377 fuerint

322 2394 488 2436 devolute‚
519 2396 694 2428 secundum
719 2397 855 2429 formam
879 2400 1087 2437 statutorum,
1114 2397 1394 2438 reformationum,
1426 2397 1722 2429 ordinamentorum
1746 2399 1780 2428 et
1801 2407 1935 2429 consue-

322 2446 468 2478 tudinum
499 2447 582 2479 dicte
614 2449 766 2490 civitatis,
796 2459 858 2491 que
882 2449 980 2481 hodie
1009 2452 1083 2481 sunt
1109 2452 1143 2481 et
1165 2459 1227 2491 que
1251 2451 1284 2480 et
1307 2459 1386 2491 quas
1409 2449 1478 2481 fieri
1501 2449 1703 2490 contingeret
1727 2449 1759 2479 in
1783 2447 1935 2489 futurum,

322 2498 411 2529 salva
433 2509 562 2540 semper
577 2500 743 2532 voluntate
767 2504 800 2533 et
815 2501 1019 2543 beneplacito
1043 2511 1116 2533 meo
1133 2504 1298 2542 tamquam
1314 2501 1402 2532 vices
1416 2501 1559 2542 gerentis
1580 2511 1639 2542 pro
1658 2500 1749 2541 regia
1764 2500 1935 2531 maiestate

323 2552 356 2580 et
371 2550 507 2591 imperii,
531 2550 813 2584 reformationibus
837 2556 871 2584 et
886 2554 1013 2585 statutis
1029 2553 1185 2585 faciendis
1206 2554 1240 2584 in
1255 2556 1421 2594 posterum
1444 2556 1478 2584 et
1492 2552 1668 2584 secundum
1690 2553 1761 2583 iura
1776 2551 1936 2593 comunia,

321 2601 376 2632 ubi
394 2601 568 2633 deficerent
584 2603 816 2645 ordinamenta,
841 2605 1088 2636 reformationes
1103 2605 1170 2636 sive
1186 2607 1316 2636 statuta.
1403 2603 1447 2635 Et
1462 2604 1609 2636 satisfieri
1625 2603 1743 2635 faciam
1759 2613 1856 2645 quam
1873 2603 1937 2634 cito

383 2694 449 2722 556.
477 2695 502 2728 b)
521 2697 588 2722 deest
607 2706 627 2722 c.
715 2699 737 2730 c)
756 2700 919 2732 Longbardie
938 2708 958 2725 c.
1047 2698 1072 2731 d)
1091 2699 1193 2732 reliqua
1211 2699 1395 2725 desiderantur
1413 2708 1433 2724 c.

382 2758 447 2785 557.
476 2760 499 2792 ιἱ)
518 2762 609 2787 excidit
627 2771 647 2787 c.
736 2762 762 2795 b)
780 2764 894 2789 vvldrico
913 2773 934 2789 c.
1023 2764 1045 2796 c)
1064 2765 1253 2798 prosdocimum
1271 2773 1291 2790 c.
1380 2762 1404 2794 d)
1424 2764 1543 2790 vberalse
1561 2773 1582 2790 c.

1952 1943 1978 1963 3⁰

1950 2201 1976 2222 85

1953 2457 1980 2477 40

1948 2771 1976 2791 45
