2184 3126
422 227 520 256 ACTA
540 224 653 256 REGNI
672 225 856 255 LUDEWICI
875 225 921 254 IV.
940 225 987 253 ΕΤ
1004 224 1190 254 ΕΒΙΒΕΒΙΟΙ
1210 225 1260 252 111.
1297 225 1373 252 1324.
1410 225 1458 252 Nr.
1470 225 1530 253 883.
1548 225 1608 252 884.
1786 228 1843 257 7⁰1

1043 312 1170 345 dientes
1207 312 1347 352 fueritis,
1390 312 1554 344 incurrere
1592 311 1739 343 volumus
1777 311 1847 353 ipso

1043 364 1146 403 facto,
1185 363 1358 396 districtius
1398 363 1608 406 precipiendo
1647 362 1848 395 mandamus.

1044 417 1194 459 quatinus

190 480 249 513 per
271 481 328 502 vos
343 469 394 502 vel
410 480 469 512 per
490 470 589 502 alium
606 479 663 501 seu
678 469 760 501 alios
776 471 841 500 tam
858 468 1027 510 religiosos
1043 478 1140 510 quam
1155 467 1328 509 seculares,
1352 470 1522 509 exemptos
1538 469 1572 499 et
1587 477 1650 498 non
1666 470 1848 508 exemptos,

157 536 169 556 s
190 532 270 564 quos
295 521 337 554 ad
360 521 421 554 hoc
444 531 504 564 per
526 531 694 553 censuram
719 520 972 553 ecclesiasticam
997 520 1023 551 si
1046 529 1179 551 necesse
1203 519 1301 551 fuerit
1323 518 1536 561 compellatis,
1564 529 1626 550 non
1650 517 1800 550 obstante
1823 518 1848 548 si

190 574 237 606 eis
260 574 310 606 vel
335 583 448 606 eorum
470 572 630 615 aliquibus
653 572 866 604 communiter
888 571 939 603 vel
963 570 1101 612 divisim,
1125 570 1212 613 quod
1235 570 1393 612 interdici,
1416 570 1570 613 suspendi
1592 570 1645 602 vel
1661 580 1848 602 excommu-

188 625 288 657 nicari
317 635 382 657 non
404 625 536 667 possint,
567 634 626 666 per
657 624 782 656 litteras
808 623 1004 665 apostolicas
1032 633 1095 655 non
1124 622 1281 655 facientes
1308 623 1438 665 plenam
1467 626 1501 655 et
1528 631 1717 664 expressam
1746 632 1783 653 ac
1808 620 1849 653 de

188 676 288 709 verbo
315 675 358 709 ad
384 675 519 708 verbum
542 675 612 708 de¹¹¹
635 675 759 707 indulto
787 674 971 707 huiusmodi
998 675 1196 707 mentionem
1225 685 1285 707 seu
1311 675 1337 706 si
1366 674 1527 716 religiosis
1556 674 1635 716 ipsis
1658 673 1709 705 vel
1737 683 1848 705 eorum

188 727 362 769 ordinibus,
387 727 473 770 quod
491 727 532 759 de
547 727 696 770 negotiis,
721 737 784 769 que
808 726 1000 759 auctoritate
1024 726 1203 759 litterarum
1220 726 1305 758 dicte
1321 725 1408 758 sedis
1423 725 1702 759 committerentur
1716 724 1850 763 eisdem,

146 791 171 812 ιο
190 789 225 812 se
245 789 309 812 non
324 782 496 811 teneantur
511 779 735 820 intromittere,
759 779 801 811 ab
818 778 934 811 eadem
950 777 1028 810 sede
1044 777 1204 810 indultum
1228 778 1357 818 existat,
1381 777 1495 820 quod-¹·
1512 777 1693 820 predictum
1709 777 1849 809 electum

190 831 506 863 excommunicatum
529 830 758 873 predictosque
782 830 925 872 prelatos
948 833 981 862 ct
997 840 1150 872 personas
1167 829 1413 870 ecclesiasticas,
1438 839 1501 871 que
1517 829 1662 871 parendo
1678 829 1729 861 vel
1746 828 1850 860 inten-

190 882 298 915 dendo
327 882 388 914 sibi
417 884 572 924 tanquam
602 883 670 925 regi
701 892 758 914 seu
785 882 818 914 in
842 880 1092 924 Roman(crum)
1128 885 1260 923 regem¹²
1289 881 1393 913 electo
1421 881 1632 913 monitionum
1666 884 1699 912 et
1733 879 1850 912 inhibi-

190 934 314 967 tionum
339 937 520 966 nostrarum
545 933 761 976 predictarum
791 933 976 966 extiterint⁰
999 933 1162 965 temerarii
1186 935 1454 975 transgressores,
1483 932 1603 964 dictam
1633 932 1852 974 suspensionis

192 996 311 1028 penam
334 989 368 1018 et
390 986 584 1018 sententiam
608 986 778 1018 incurrisse
802 989 854 1018 etv
877 984 940 1017 alia
963 985 1072 1017 omnia
1095 988 1247 1017 contenta
1269 985 1301 1016 in
1325 983 1447 1016 eisdem
1472 983 1675 1026 processibus

146 1049 172 1071 u
1042 1037 1075 1068 in
1099 1036 1243 1068 ecclesiis
1260 1038 1294 1068 et
1308 1035 1387 1068 locis
1403 1035 1474 1068 aliis
1490 1039 1670 1068 vestrarum
1686 1035 1850 1067 civitatum

1042 1091 1076 1120 et
1099 1087 1317 1130 dyoc(esium)

189 1139 305 1172 diebus
336 1140 504 1173 dominicis
533 1144 567 1173 et
595 1140 732 1181 festivis,
768 1139 809 1172 de
844 1140 960 1182 quibus
988 1139 1080 1172 vobis
1106 1139 1284 1180 videbitur,
1317 1143 1444 1171 astante
1477 1138 1566 1171 fideli
1589 1139 1721 1181 populo,
1756 1144 1850 1170 eum‘¹

190 1193 379 1224 convenerit
401 1192 442 1224 ad
464 1191 582 1233 divina,
607 1192 802 1224 denunciare
825 1195 859 1223 et
881 1191 1045 1234 publicare
1062 1191 1267 1223 solemniter¹
1286 1192 1475 1233 procuretis,
1499 1191 1657 1222 facientes
1680 1190 1721 1222 de
1744 1189 1848 1232 publi-

191 1244 318 1276 catione
342 1243 526 1276 huiusmodi
552 1244 623 1276 fieri
651 1243 782 1286 publica
811 1244 1041 1275 instrumenta·
1070 1242 1163 1275 nobis
1190 1242 1330 1275 fideliter
1357 1242 1621 1275 transmittenda‘
1647 1252 1707 1284 per
1728 1245 1852 1274 vestras

147 1305 175 1327 so
192 1295 317 1327 litteras
341 1295 541 1328 continentes
568 1296 759 1338 principium
790 1298 824 1327 et
845 1295 942 1328 finem
965 1295 1175 1337 presentium.
1220 1294 1455 1327 Nichilominus
1478 1294 1675 1337 rescripturi,
1699 1293 1851 1336 quicquid

191 1346 224 1378 in
247 1346 400 1388 predictis
424 1346 580 1379 duxeritis
603 1346 797 1380 faciendum.

1111 1397 1232 1430 Datum
1267 1397 1466 1440 Avinion(e),
1505 1397 1545 1430 V.
1567 1397 1683 1430 Kalen.
1720 1398 1851 1439 Aprilis,

1046 1450 1251 1492 pontificatus
1273 1450 1373 1482 nostri
1397 1460 1480 1482 anno
1505 1453 1651 1482 octavo¹².

258 1500 301 1532 In
317 1500 482 1533 eundem
498 1500 648 1533 modum
664 1500 774 1543 legato
787 1500 995 1541 Lombardie,

147 1563 174 1584 οι
192 1552 352 1584 mutatis
391 1552 588 1584 mutandis
639 1556 679 1584 et
722 1552 854 1585 multis
906 1552 996 1585 aliis

192 1603 356 1646 prelatis
379 1614 448 1646 per
470 1604 702 1636 universum
727 1603 870 1636 orbem.

384 1815 623 1878 884—887.
660 1830 991 1878 LUDEWICI
1018 1829 1311 1878 SCRIPTA
1340 1830 1656 1878 DIVER-SA.

741 1907 853 1945 1324.
888 1907 997 1945 Mart.
1018 1907 1231 1954 ρει-ΑΨ.
1257 1908 1315 1944 17.

580 2002 668 2039 884.
707 2002 932 2047 Confirmatio
957 2003 1172 2039 venditionis.
1278 2001 1389 2038 Mart.
1405 2004 1466 2038 29.

152 2091 180 2114 ω
309 2076 470 2118 Oriqinale
482 2075 556 2119 (or.)
568 2076 604 2108 in
620 2075 778 2109 tabulario
790 2076 1001 2118 Rudinqensi.
1028 2077 1148 2110 Pendet
1163 2076 1302 2118 siyillum
1313 2080 1465 2109 secretum
1480 2077 1546 2110 loro
1556 2078 1799 2111 membranaceo.
1814 2098 1853 2102 —

198 2129 263 2162 Ed.
280 2128 408 2162 Reimer
431 2127 624 2160 ‘Hessisches
652 2127 920 2161 Urkundenbuch'
945 2129 995 2170 II,
1011 2130 1034 2161 2
1049 2139 1085 2170 p.
1100 2129 1166 2160 247
1187 2139 1237 2160 nr.
1253 2129 1318 2160 264
1340 2139 1379 2161 ex
1401 2139 1446 2161 or.
1470 2129 1652 2161 Editionem
1674 2131 1853 2171 repetimus.

302 2214 372 2247 Nos
387 2213 581 2247 Ludowicus
596 2214 660 2247 Dei
683 2216 793 2258 gracia
809 2215 1030 2248 Romanorum
1046 2225 1104 2248 rex
1120 2225 1249 2258 semper
1264 2219 1420 2257 augustus
1436 2215 1640 2257 presentibus
1655 2216 1854 2257 confitemur,

197 2276 256 2298 nos
284 2268 388 2298 ratam
423 2269 457 2299 et
489 2269 658 2309 acceptam
686 2267 807 2300 habere
840 2277 878 2300 ac
907 2268 1106 2300 auctorizare
1134 2267 1357 2299 vendicionem
1384 2271 1418 2299 et
1446 2268 1648 2310 empcionem
1675 2267 1794 2300 factam
1822 2273 1855 2301 et

199 2317 365 2351 habitam²
398 2319 482 2350 inter
514 2318 639 2351 nobiles
672 2320 757 2352 viros
794 2319 980 2352 Gotfridum
1016 2319 1057 2354 de
1088 2319 1261 2358 Brunekk,
1301 2319 1480 2351 Lutherum
1518 2319 1560 2352 de
1594 2318 1783 2353 Isembfirch
1822 2325 1855 2353 et

153 2382 181 2403 a
200 2368 386 2402 Oumadum
409 2369 450 2402 de
473 2369 664 2413 Trimperch
691 2370 732 2404 de
760 2371 883 2403 iuribus
905 2371 984 2404 dicti
1008 2370 1149 2403 Gotfridi
1177 2370 1219 2403 de
1241 2370 1408 2411 Brunekk,
1437 2381 1499 2413 que
1529 2371 1561 2403 in
1588 2371 1795 2414 burgraviatu
1823 2373 1854 2404 in

199 2423 305 2453 castro
327 2419 558 2462 Geylenhfisen
581 2425 614 2454 et
636 2423 668 2454 in
691 2423 772 2455 silva
795 2423 882 2455 dicta
905 2422 1149 2465 Bfidingerwalt
1172 2421 1350 2464 obtinebat,
1372 2422 1511 2455 venditis
1533 2433 1592 2465 per
1614 2433 1687 2456 eum
1711 2423 1855 2456 Luthcro

200 2474 233 2503 et
255 2471 407 2504 Cum-ado
429 2471 591 2505 nobilibus
613 2473 793 2506 antedictis.
838 2475 1043 2507 Auctoritate
1067 2478 1100 2507 et
1123 2475 1307 2507 testimonio
1329 2475 1533 2516 presencium
1556 2474 1746 2517 litterarum,
1776 2487 1856 2519 quas

198 2533 297 2566 super
319 2533 358 2555 eo
382 2523 538 2579 conscripi
561 2527 595 2557 et
617 2528 726 2557 nostro
749 2526 855 2568 sigillo
878 2526 1028 2558 iussimus
1052 2527 1250 2558 communiri.

306 2582 382 2615 Dat.
399 2584 432 2615 in
453 2582 700 2626 Franehen'ffirt,
723 2585 804 2620 1111.
824 2586 991 2618 Kalendas
1013 2586 1148 2628 Aprilis,
1172 2597 1256 2618 anno
1278 2586 1409 2619 Domini
1432 2586 1604 2620 millesimo
1628 2590 1854 2621 trecentesimo

154 2643 183 2664 ω
200 2635 354 2668 vicesimo
377 2638 502 2678 quarto,
526 2637 618 2679 regni
640 2647 718 2670 vero
740 2639 841 2671 nostri
863 2648 948 2670 anno
972 2637 1108 2670 decimo.

302 2737 371 2766 888.
398 2739 431 2771 ¹¹¹)
450 2739 519 2766 &m
536 2738 560 2765 2.
650 2741 676 2773 ¹¹)
695 2749 781 2775 rogem
801 2742 873 2768 Rom.
892 2741 917 2768 2.
1005 2740 1030 2775 ⁰)
1049 2742 1191 2768 extiterunt
1208 2741 1233 2768 2.
1321 2742 1347 2776 Ρ)
1365 2751 1397 2768 ac
1415 2745 1439 2768 2.
1527 2743 1553 2774 ⁴1)
1571 2743 1638 2769 dum
1656 2743 1680 2769 2.
1770 2745 1791 2774 ¹)
1810 2744 1856 2769 sol.

197 2782 272 2815 publ.
290 2781 316 2808 2.
402 2781 424 2814 Ι)
443 2790 503 2816 qus
521 2782 584 2809 add.
602 2781 626 2808 2.
714 2783 734 2814 θ)
752 2785 949 2810 transmittatis
967 2783 991 2810 2.
1080 2785 1108 2815 ΙΙ>
1126 2785 1195 2811 linea
1212 2785 1264 2810 dati
1283 2785 1352 2811 clem
1371 2785 1394 2812 1.

302 2850 328 2884 1)
349 2848 391 2883 Cf.
410 2848 517 2877 Reium·
534 2850 552 2877 1.
565 2858 587 2877 c.
596 2857 624 2884 p.
639 2853 688 2878 244
706 2858 749 2879 nr.
762 2855 817 2878 262.
