2184 3126
382 196 445 225 504
619 191 717 219 ACTA
736 190 850 218 REGNI
869 188 1053 216 LUDEWICI
1072 187 1118 215 IV.
1138 187 1184 214 ΕΤ
1203 184 1391 213 FRIDERICI
1409 185 1459 212 111.
1496 185 1570 212 1321.
1607 184 1656 211 Nr.
1670 183 1728 212 636.
1747 184 1806 212 637.

674 315 760 350 636.
803 313 1014 348 Mandatum
1042 310 1268 346 castrensibus
1297 310 1474 345 directum.
1578 307 1671 353 Sept.
1690 310 1748 344 17.

493 388 653 430 Oriyinale
673 388 746 430 (or.)
768 388 890 419 ibidem.
929 385 1107 425 Descripsit
1121 384 1163 416 R.
1175 384 1324 416 Hedicke.
1365 382 1472 423 Siyilli
1489 382 1675 424 fraymenta
1693 382 1832 422 pendent
1853 382 1919 415 loro
1941 393 2036 432 men—o-

382 442 543 473 branaceo.
578 441 621 472 In
635 450 720 471 verso
736 439 864 479 legitur:
888 439 928 475 R,
951 438 1103 476 itemque:
1120 435 1215 471 Quod
1230 434 1369 467 heredes
1385 434 1427 466 de
1438 433 1620 476 Wiltperch
1635 436 1803 476 receptent
1817 434 1856 466 B.
1869 434 2035 477 archiepm

383 492 555 524 Treveren.
580 494 690 523 contra
713 490 858 521 inimicos
881 489 1008 530 imperii
1072 486 1155 518 Lud.
1222 486 1316 518 Bald.
1340 505 1382 510 -—
1405 486 1578 518 Ineditum.

489 551 634 589 Biihmer,
657 551 732 590 Rey.
748 550 860 581 Ludw.
877 559 912 588 p.
929 548 995 580 272
1015 558 1064 579 nr.
1080 547 1167 578 2646
1190 546 1318 589 (Addit.
1335 546 1381 588 I).
2068 558 2081 578 ι

466 645 534 676 Nos
556 644 749 676 Ludowicus
771 643 834 674 Dei
856 643 961 684 gratia
977 641 1198 673 Romanorum
1222 651 1282 672 rex
1304 651 1434 682 semper
1456 643 1611 683 augustus
1633 640 1724 672 vobis
1741 665 1748 672 .
1765 665 1772 672 .
1789 640 1863 672 filiis
1886 642 1919 672 et
1940 639 2036 672 here-

382 697 476 727 dibus
499 695 660 737 quondam
684 694 833 736 Hugonis
857 694 897 725 de
922 692 1116 734 Smidebfirg
1146 703 1184 724 ac
1207 692 1278 724 aliis
1301 691 1448 723 omnibus
1477 695 1511 724 et
1538 692 1671 734 singulis
1697 694 1837 724 castrum
1861 691 2036 734 Wiltperg,

382 747 467 789 quod
479 757 499 778 a
510 746 603 778 nobis
620 749 653 777 et
668 746 803 787 imperio
821 748 956 786 tenetur,
974 755 1031 776 seu
1047 745 1115 776 eius
1130 746 1255 785 partem
1273 743 1456 775 tenentibus
1471 743 1662 775 mandamus
1677 753 1715 775 ac
1733 743 1792 775 sub
1806 746 1916 775 nostre
1932 743 2037 785 gratie

381 799 513 830 obtentu
536 809 592 829 vos
617 801 649 828 et
672 797 850 839 quemlibet
872 800 1012 828 vestrum
1036 796 1237 837 requirimus,
1261 796 1410 836 quatinus
1432 795 1652 827 venerabilem
1674 794 1900 828 Baldewinum
1914 794 2036 827 Treve-

381 860 507 881 rensem
531 849 808 891 archiepiscopum
831 848 1010 890 principem
1026 851 1169 879 nostrum
1184 847 1390 878 karissimum
1414 850 1448 878 et
1464 847 1532 878 eius
1547 839 1737 878 mandatum
1761 857 1833 878 cum
1857 847 1922 879 suis
1944 846 2036 879 adiu·
2056 859 2080 878 ιο

380 901 502 933 toribus
515 901 547 932 in
564 901 682 932 dictum
700 903 847 940 castrum,
872 900 975 941 quivis
990 901 1131 930 vestrum
1155 908 1213 939 pro
1236 900 1329 939 parte
1351 908 1386 930 se
1403 898 1620 940 contingente,
1641 898 1688 930 ita
1710 898 1815 940 quod·
1829 899 1863 930 in
1877 897 1939 930 hiis
1954 898 2038 930 alter

381 953 518 984 alterum
541 963 603 984 non
628 954 792 994 expectet,
817 950 945 993 quando
970 953 1003 981 et
1025 953 1120 991 prout
1142 949 1288 991 requisiti
1311 949 1448 991 fueritis,
1470 952 1580 982 nostro
1607 950 1736 982 nomine
1759 950 1981 982 intromittatis
2003 951 2038 982 ot

382 1004 422 1035 de
445 1005 515 1046 ipso
539 1007 642 1035 castro
666 1006 777 1034 contra
799 1006 925 1034 nostros
948 1005 981 1034 et
1003 1002 1130 1043 imperii
1153 1001 1300 1033 inimicos
1327 1001 1434 1043 ipsum
1461 1001 1755 1043 archiepiscopum,
1779 1011 1876 1044 quem
1904 1001 1946 1034 ad
1974 1001 2037 1034 hoo

382 1056 592 1095 destinamus,
621 1065 656 1086 se
680 1055 804 1095 iuvare,
834 1056 930 1095 prout
951 1052 1109 1094 expedire
1132 1052 1262 1093 viderit,
1290 1053 1495 1094 permittatis.
1541 1053 1648 1095 Super
1674 1063 1738 1095 qua
1759 1053 1975 1095 requisicione
2004 1055 2038 1086 et

382 1107 452 1138 aliis
476 1106 623 1138 omnibus
652 1106 809 1147 premissa
838 1105 1045 1146 tangentibus
1073 1104 1201 1146 prefato
1232 1104 1477 1146 archiepiscopo
1507 1114 1565 1136 seu
1596 1106 1664 1136 eius
1692 1104 1846 1136 mandato
1875 1115 1917 1137 ex
1943 1107 2037 1147 parte
2056 1117 2081 1138 ιι

382 1159 482 1190 nostri
506 1158 644 1189 credatis
666 1158 801 1188 firmiter
823 1157 856 1188 in
880 1156 1036 1189 dicendis.

488 1218 562 1250 Dat.
586 1218 775 1258 Bacheraci,
798 1218 871 1249 XV.
896 1217 1012 1248 Kalen.
1038 1216 1200 1254 Octobris,
1223 1217 1315 1257 regni
1337 1217 1438 1248 nostri
1461 1227 1544 1248 anno
1568 1217 1718 1258 septimo.

442 1445 526 1491 637
535 1445 690 1490 —639.
734 1444 1025 1490 SCRIPTA
1053 1444 1146 1489 AD
1174 1443 1606 1490 VICARIATUM
1639 1442 1978 1492 CIVITATIS

787 1508 1160 1554 PADUANAE
1196 1507 1630 1555 SPECTANTIA.

1006 1590 1115 1626 1321.
1153 1590 1255 1636 Sept.
1277 1590 1415 1627 5.—-6.
2056 1603 2084 1624 πο

493 1681 541 1720 C'f.
565 1691 664 1721 supra
686 1692 735 1713 nr.
754 1681 933 1712 566—569
955 1684 984 1713 et
1008 1682 1071 1713 629
1094 1684 1124 1713 et
1145 1681 1239 1723 infra
1260 1691 1311 1713 nr.
1329 1682 1401 1712 648.

859 1804 946 1840 637.
987 1803 1144 1840 Litterae
1169 1804 1304 1840 vicarii.
1409 1803 1500 1850 Sept.
1523 1804 1557 1839 5.

492 1876 651 1917 Oriqimle
674 1876 748 1919 (or.)
771 1877 808 1909 in
830 1877 988 1909 tabulario
1010 1887 1155 1910 caesareo
1174 1877 1415 1910 Vindobonensi.
1453 1877 1654 1910 Contulimus
1675 1878 1719 1910 ad
1740 1878 1908 1919 imaqinem
1927 1879 2038 1922 photo-

378 1928 563 1969 graphieam
585 1939 607 1959 a
629 1929 711 1960 socio
733 1931 839 1960 nostro
854 1928 897 1960 H.
909 1929 1029 1961 Hirsch
1051 1929 1259 1962 benivolenter
1273 1930 1456 1968 confectam.
1492 1929 1615 1962 Pendet
1635 1929 1776 1971 sigillum
1797 1932 1950 1963 secretum
1972 1930 2038 1964 loro

380 1980 621 2012 membranaceo.
653 1999 694 2004 —
725 1980 788 2012 Ed.
805 1981 900 2021 Kopp
923 1980 1119 2013 ‘Geschichte
1140 1981 1197 2013 der
1218 1981 1486 2022 eidyentssischen
1506 1981 1637 2013 Bande’
1659 1981 1722 2020 IV,
1745 1981 1768 2012 2
1789 1992 1826 2022 p.
1842 1982 1907 2014 487
1928 1992 1980 2015 nr.
1996 1983 2038 2015 54
2056 1992 2083 2014 us

381 2042 419 2063 eac
446 2042 491 2063 or.

489 2091 563 2131 Rey.
580 2091 787 2133 Liaehnowsky
809 2092 930 2124 ‘Gcsch
954 2083 1009 2125 des
1031 2092 1158 2125 Hauses
1180 2092 1363 2133 Habsbury’
1386 2092 1453 2125 III
1464 2103 1499 2132 p.
1519 2091 1781 2125 CCCLXXXII
1797 2103 1849 2125 nr.
1865 2093 1938 2126 575.

490 2185 563 2216 Wir
585 2185 741 2218 Heinrich
764 2197 826 2218 von
849 2187 950 2219 Gotes
972 2187 1122 2228 genaden
1151 2187 1272 2219 chunik
1301 2198 1338 2219 ze
1362 2187 1500 2219 Behaim
1530 2187 1596 2219 und
1625 2197 1661 2219 ze
1684 2187 1804 2230 Polan,
1840 2188 1974 2231 hertzog
1999 2199 2037 2221 ze

384 2235 554 2267 Chernden
576 2237 641 2268 und
664 2248 761 2279 grave
784 2249 820 2270 ze
844 2239 943 2280 Tyrol
965 2239 1030 2270 und
1052 2250 1088 2271 ze
1113 2238 1222 2280 Gertz,
1246 2242 1323 2281 vogt
1346 2238 1404 2271 der
1425 2238 1618 2281 gotshauser
1639 2249 1676 2271 ze
1698 2239 1816 2282 Aglay,
1839 2251 1876 2272 ze
1897 2239 2037 2281 Triende

385 2286 450 2318 und
473 2297 509 2318 ze
526 2288 645 2319 Brixen
660 2289 814 2328 verjehen
838 2301 878 2321 an
902 2290 1004 2322 disem
1028 2291 1122 2332 prief,
1146 2290 1205 2322 daz
1221 2291 1278 2322 wir
1300 2301 1430 2322 unserm
1453 2290 1573 2323 liebem
1596 2291 1697 2322 heren
1713 2290 1789 2322 dem
1806 2291 1902 2323 edlen
1918 2292 2039 2324 chunik
2055 2303 2083 2323 ω

386 2338 593 2370 Fridreichen
615 2350 677 2373 von
699 2340 802 2373 Rome
825 2341 938 2383 gelobt
961 2342 1026 2374 und
1057 2343 1215 2384 gehaizen
1242 2342 1350 2375 haben
1375 2353 1412 2374 ze
1442 2341 1559 2374 dienen
1581 2352 1644 2374 von
1672 2342 1731 2374 der
1759 2342 1943 2386 pflegnfisse
1971 2344 2038 2376 und

387 2400 448 2421 von
472 2390 529 2421 der
551 2392 697 2433 vicareye
723 2392 780 2424 der
802 2396 865 2424 stat
887 2404 923 2425 ze
947 2394 1085 2436 Padaxb,
1113 2394 1165 2426 die
1189 2405 1225 2426 er
1247 2405 1306 2425 uns
1330 2393 1514 2436 enpholhen
1536 2393 1608 2435 hat,
1632 2403 1746 2426 auzzer
1768 2393 1882 2426 landes
1904 2394 1972 2427 also
1996 2395 2038 2436 ob

386 2441 444 2472 wir
470 2441 501 2472 in
536 2441 607 2473 dem
637 2443 732 2475 lande
761 2455 800 2475 an
835 2445 946 2477 chriek
972 2445 1039 2477 und
1066 2456 1107 2478 an
1136 2445 1251 2488 urlfige
1283 2446 1353 2477 sein
1379 2445 1444 2478 und
1472 2445 1521 2477 sol
1549 2445 1607 2477 der
1636 2445 1741 2477 dienst
1768 2456 1810 2477 an
1837 2457 1896 2478 uns
1925 2446 2039 2485 selben

387 2495 467 2524 sten.
554 2493 628 2524 Und
651 2494 756 2535 geben
785 2497 828 2527 im
858 2496 915 2528 des
943 2497 1055 2529 diesen
1081 2497 1170 2539 prief
1192 2507 1229 2529 ze
1257 2497 1363 2529 ainem
1391 2496 1556 2529 urchfinde
1587 2496 1728 2528 darfiber
1753 2497 1952 2540 versigelten
1979 2498 2039 2532 mit

387 2554 513 2575 unserm
537 2544 739 2586 hangendem
762 2548 884 2589 insigel.
2055 2559 2081 2580 ⁸³

493 2604 560 2635 Der
589 2605 630 2635 ist
651 2605 755 2646 geben
780 2617 815 2638 ze
840 2607 1068 2648 Judenburch,
1098 2609 1140 2640 do
1167 2619 1240 2641 man
1269 2609 1334 2640 zalt
1359 2608 1443 2640 nach
1468 2607 1611 2641 Christes
1641 2609 1759 2651 geburt
1789 2611 1919 2641 tausent
1942 2608 2038 2641 dren-

387 2654 526 2737 ssigungert
545 2656 604 2738 jar(
618 2657 683 2687 und
707 2657 847 2690 darnach
876 2660 907 2690 in
938 2660 1012 2692 dem
1041 2661 1409 2702 ainundzwainzigistem
1433 2661 1502 2702 jar,
1534 2660 1592 2692 des
1616 2660 1819 2703 Samtztages
1847 2660 1931 2692 nach
1958 2660 2039 2693 sand

417 2707 449 2747 gi
474 2706 525 2738 ien
548 2709 581 2738 ta
608 2732 614 2738 .

491 2799 557 2826 636.
586 2800 610 2834 ⁵)
628 2802 735 2834 itaque?
754 2813 790 2828 or.
