2124 3132
320 225 355 254 16
728 218 946 246 TRACTATUS
964 218 1011 244 DE
1029 217 1242 245 ELECTIONE.
1281 218 1355 244 1314.
1390 217 1440 244 Nr.
1455 217 1494 243 18.
1516 217 1555 243 19.

315 319 424 340 comes
453 307 494 339 de
518 307 627 339 Monte
656 307 784 338 racione
813 305 924 336 auxilii
952 304 1044 336 nobis
1070 305 1195 346 prestiti
1220 304 1271 336 vel
1300 303 1465 345 prestandi
1488 302 1622 334 forsitan
1650 304 1838 342 sustineret,
1866 303 1970 343 ipsum

315 360 531 401 promittimus
560 369 618 400 pro
642 358 761 389 viribus
790 358 961 389 defensare
988 359 1021 388 et
1048 357 1073 387 si
1102 366 1182 397 quos
1211 356 1357 386 inimicos
1385 364 1459 387 eum
1488 365 1547 396 pro
1575 354 1695 386 auxilio
1719 354 1812 385 nobis
1835 354 1970 395 prestito

315 411 366 442 vel
389 410 563 452 prestando
585 410 706 441 habere
730 410 940 450 contingeret,
964 418 1036 439 cum
1059 407 1122 438 illis
1146 407 1269 438 nonnisi
1293 406 1334 438 de
1357 417 1415 438 suo
1440 406 1573 438 consilio
1593 406 1741 437 volumus
1764 405 1969 438 concordare.

313 463 426 494 Feoda
450 463 552 494 eciam
576 465 609 493 et
631 461 726 500 bona,
751 471 813 502 que
836 460 923 491 idem
948 469 1057 490 comes
1073 469 1092 490 a
1109 458 1264 490 Romanis
1280 458 1411 499 regibus
1427 461 1527 498 tenet,
1551 458 1611 489 sibi
1627 458 1719 489 iuxta
1736 458 1971 489 continenciam

313 515 491 545 litterarum
519 513 676 544 dictorum
703 522 816 553 regum
839 511 1055 552 promittimus
1079 510 1279 541 confirmare.
1326 509 1479 541 Ceterum
1503 513 1675 551 postquam
1699 510 1803 551 Aquis
1827 509 1971 541 coronati

314 566 482 603 fuerimus,
513 565 627 605 pignus
657 562 743 604 quod
770 563 840 603 ipse
868 561 967 593 habet
990 571 1087 602 super
1110 560 1207 602 opido
1230 560 1401 592 Dusburch
1426 564 1459 592 et
1481 561 1546 591 suis
1569 561 1751 592 attinenciis
1772 560 1847 599 sibi,
1875 564 1972 602 prout

299 617 579 658 *predecessorum
606 617 786 645 nostrorum
809 623 922 654 regum
945 612 1166 643 Romanorum
1189 612 1288 643 habet
1306 612 1430 643 litteras
1454 622 1551 653 super
1573 622 1628 653 eo,
1657 613 1872 654 promittimus
1895 621 1971 646 eon-

216 827 265 847 Oct.
278 830 286 847 1
295 843 298 846 .

315 669 452 699 firmare.
493 666 545 697 Ad
575 666 729 696 maiorem
754 666 857 695 eciam
880 664 984 705 gratie
1009 668 1042 695 et
1065 664 1183 695 favoris
1207 664 1370 695 cumulum
1394 663 1458 694 duo
1482 663 1634 695 thelonea
1658 664 1798 695 forensia
1824 663 1971 705 predicto

316 718 412 760 opido
436 717 649 759 pertinencia,
681 727 743 757 que
768 716 832 746 suis
856 715 1053 756 temporibus
1076 726 1159 746 anno
1184 715 1331 757 quolibet
1354 715 1454 756 recipi
1478 718 1511 746 et
1533 726 1591 757 per
1614 718 1752 757 quatuor
1774 716 1972 757 septimanas

316 771 430 801 durare
447 771 690 808 consueverunt,
713 768 882 808 iungemus
898 768 930 798 in
945 778 1043 798 unum
1061 770 1094 799 et
1109 767 1267 799 addemus
1283 770 1420 809 quatuor
1435 768 1632 812 septimanas
1649 767 1689 798 de
1706 767 1811 809 gratia
1827 767 1970 808 speciali,

314 823 359 853 ita
387 820 473 862 quod
501 819 659 850 dictorum
687 819 912 850 theloneorum
939 820 1087 860 recepcio
1120 820 1152 850 in
1182 819 1265 850 festo
1295 819 1384 850 beati
1407 818 1548 860 Remigii
1572 819 1662 850 annis
1685 818 1818 860 singulis
1834 819 1972 861 'incipiat

1991 777 2016 796 10

315 877 347 904 ct
378 882 436 913 per
467 870 637 902 duodecim
670 871 867 911 septimanas
897 870 1064 902 continuas
1098 873 1295 912 perseveret.
1341 870 1519 911 Postquam
1549 880 1626 901 vero
1657 870 1810 911 pecunia,
1845 871 1877 902 in
1907 863 1999 912 qua³

314 924 435 955 dictum
459 922 590 964 opidum
614 921 792 963 obligatum
818 932 888 953 esse
913 921 1097 963 dinoscitur,
1121 922 1267 964 predicto
1292 922 1400 953 comiti
1417 922 1468 953 vel
1490 922 1554 952 suis
1569 921 1744 953 heredibus
1759 921 1971 963 persolvetur,

314 977 417 1017 ipsum
434 974 563 1016 opidum
582 983 654 1004 cum
670 973 829 1004 theloneis
846 976 879 1004 et
894 973 966 1004 aliis
981 974 1046 1005 suis
1062 974 1268 1015 pertinenciis
1284 973 1326 1004 ad
1342 974 1513 1014 imperium
1528 972 1632 1004 libere
1649 976 1860 1005 revertentur.
1933 973 1971 1005 In

314 1037 448 1068 quorum
473 1026 614 1056 omnium
638 1024 734 1056 robur
758 1026 790 1055 et
813 1024 1031 1055 testimonium
1055 1025 1161 1066 sigilla
1184 1028 1293 1056 nostra
1317 1024 1520 1066 presentibus
1543 1027 1616 1056 sunt
1638 1035 1792 1066 appensa.

421 1078 541 1108 Datum
564 1075 722 1117 Wytlich,
747 1075 820 1107 Kal.
842 1075 952 1114 Febr„
984 1086 1066 1107 anno
1094 1076 1226 1107 Domini
1257 1076 1428 1108 millesimo
1458 1076 1686 1107 trecentesimo
1718 1075 1972 1117 quartodecimo,

313 1140 484 1171 regnorum
508 1138 585 1159 vero
609 1131 788 1159 nostrorum
813 1138 895 1158 anno
920 1128 1029 1159 tercio.

570 1259 625 1295 19.
666 1258 842 1304 Scriptum
863 1270 932 1304 pro
961 1258 1219 1303 archiepiscopo
1251 1257 1461 1294 Trevirensi.
1570 1259 1668 1295 Febr.
1691 1261 1731 1294 2.

428 1324 588 1366 Originale
616 1325 688 1366 (or.)
723 1324 758 1356 in
787 1323 946 1356 tabulario
974 1323 1057 1363 regio
1087 1323 1317 1362 Confluentt'no.
1377 1323 1577 1355 Contulimus
1603 1333 1670 1356 nos.
1726 1324 1846 1356 Pendet
1875 1323 1974 1365 sigilli

317 1379 529 1418 fragmentum
560 1376 624 1408 loro
656 1376 897 1407 membranaceo.
927 1393 971 1397 —
1004 1374 1066 1406 Ed.
1090 1374 1228 1406 Bb'hmer
1259 1375 1351 1407 ‘Acta
1374 1375 1512 1415 impem'i'
1532 1386 1570 1415 p.
1587 1377 1651 1406 714
1678 1386 1727 1407 nr.
1752 1375 1838 1406 1019
1865 1376 1974 1408 minus

318 1432 474 1461 accurate.

426 1489 573 1526 Bahmer,
597 1487 675 1527 Rcy.
692 1486 806 1518 Imdw.
823 1497 859 1526 p.
875 1486 939 1516 294
962 1485 1089 1517 Iohann
1111 1496 1160 1519 nr.
1177 1487 1242 1517 363
1264 1486 1391 1526 (Addit.
1408 1486 1451 1527 Ι).

1992 1034 2016 1054 u·

424 1575 491 1607 Nos
507 1574 667 1607 Iohannes
683 1574 745 1605 Dei
768 1574 878 1615 gracia
893 1573 1029 1603 Boemie
1046 1574 1079 1603 et
1093 1571 1229 1603 Polonie
1252 1582 1320 1613 rex,
1345 1573 1426 1603 sacri
1450 1573 1576 1614 imperii
1600 1573 1679 1604 citra
1695 1576 1821 1605 montes
1837 1574 1974 1606 vicarius
1998 1579 2000 1581 ’

317 1628 476 1670 generalis
499 1638 537 1658 ac
552 1626 846 1668 Lucemburgensis
870 1635 978 1657 comes
1000 1625 1155 1656 universis
1171 1627 1337 1666 presentes
1353 1624 1479 1656 litteras
1494 1625 1684 1666 inspecturis
1700 1628 1810 1656 notum
1828 1625 1973 1666 facimus,

317 1681 402 1723 quod
437 1679 670 1712 deliberatione
703 1678 827 1709 sollerti
855 1676 1027 1719 prehabita
1058 1675 1326 1718 consideratoque
1357 1679 1466 1707 nostro
1501 1676 1572 1708 utili
1602 1676 1757 1716 evidenti,
1799 1687 1894 1708 omne
1924 1677 1974 1708 ius

317 1742 510 1773 omnemque
540 1740 670 1762 causam
700 1733 733 1760 et
761 1729 936 1769 actionem,
968 1727 1055 1770 quod
1085 1731 1118 1759 et
1142 1738 1204 1769 que
1229 1727 1320 1759 nobis
1343 1728 1471 1760 racione
1499 1728 1670 1760 comitatus
1693 1729 1794 1759 nost-ri
1816 1728 1973 1760 Luccem-

318 1784 484 1826 burgensis
508 1783 558 1813 vel
586 1792 626 1812 ex
654 1781 856 1812 successione
887 1779 1152 1822 predecessorum
1180 1782 1362 1811 nostrorum
1389 1780 1422 1810 in
1449 1780 1519 1821 ipso
1548 1781 1704 1811 comitatu
1727 1783 1783 1811 aut
1805 1779 1870 1811 alia
1893 1791 1973 1822 qua-

317 1846 454 1877 cumque
478 1833 642 1875 competit,
667 1836 853 1874 competere
878 1834 984 1873 potest
1007 1834 1064 1862 aut
1086 1835 1197 1874 posset
1220 1834 1331 1863 contra
1355 1830 1593 1873 Guill(elmu)m
1616 1832 1767 1863 comitem
1790 1831 1974 1873 Hannonie,

318 1889 386 1919 eius
409 1886 545 1918 heredes
569 1886 601 1916 in
625 1885 710 1915 dicto
733 1884 887 1915 comitatu
910 1884 1015 1925 ipsum
1040 1883 1226 1914 comitatum
1253 1886 1285 1915 et
1301 1893 1509 1924 quoscunque
1526 1883 1607 1915 alios
1623 1883 1782 1915 dictorum
1799 1884 1925 1915 comitis
1941 1887 1975 1916 et

317 1939 487 1970 comitatus
510 1938 555 1968 sui
573 1936 712 1968 vasallos
737 1939 769 1967 et
791 1935 937 1967 homines
961 1938 1027 1966 tam
1050 1945 1147 1976 super
1170 1935 1262 1966 bonis
1284 1934 1457 1966 mobilibus
1481 1938 1514 1966 et
1536 1935 1764 1975 immobilibus,
1789 1946 1851 1977 que
1871 1935 1975 1968 dictus

318 2001 425 2022 comes
453 1993 509 2021 aut
536 1989 605 2020 eius
634 1988 804 2019 comitatus
832 1990 944 2018 tenent
973 1990 1006 2018 et
1033 1991 1192 2028 occupant
1220 1990 1253 2018 et
1282 1997 1344 2028 que
1372 1997 1431 2028 per
1458 1986 1604 2018 eiusdem
1631 1987 1757 2018 comitis
1779 1987 1919 2028 vasallos
1942 1991 1976 2020 et

316 2042 462 2074 homines
485 2044 634 2072 tenentur
656 2042 690 2071 et
713 2042 920 2080 occupantur,
944 2039 976 2069 in
1000 2038 1241 2081 quibuscunque
1264 2039 1361 2070 rebus
1385 2042 1418 2070 et
1441 2038 1519 2070 locis
1542 2039 1718 2070 consistant
1734 2041 1767 2070 et
1782 2049 1974 2081 quocunque

317 2095 444 2125 nomine
469 2095 669 2131 censeantur,-
694 2101 789 2132 quam
812 2101 909 2132 super
933 2090 1091 2131 dampnis,
1114 2089 1354 2132 gravaminibus
1378 2093 1411 2121 et
1434 2090 1601 2130 interesse,
1625 2101 1688 2132 que
1712 2090 1919 2122 sustinuimus
1941 2094 1976 2122 et

317 2145 544 2177 sustinebimus
567 2149 600 2175 et
623 2153 684 2184 que
709 2143 956 2184 predecessores
979 2143 1079 2173 nostri
1102 2143 1321 2174 sustinuerunt
1344 2143 1512 2173 occasione
1529 2141 1607 2173 dicti
1623 2142 1749 2173 comitis
1765 2145 1799 2173 et
1813 2151 1873 2183 per
1889 2147 1974 2182 eum,

318 2207 440 2229 necnon
464 2196 729 2237 predecessorum
753 2205 882 2225 suorum
907 2198 940 2226 et
962 2205 1020 2235 per
1044 2205 1111 2234 eos,
1136 2205 1176 2226 ex
1200 2198 1290 2225 certa
1313 2204 1410 2225 causa
1434 2197 1468 2225 et
1483 2194 1622 2225 sciencia
1638 2193 1797 2233 dedimus,
1821 2193 1976 2225 cessimus

319 2252 351 2280 et
379 2247 570 2279 contulimus
597 2257 719 2278 necnon
749 2246 876 2286 damus,
908 2245 1051 2277 cedimus
1081 2249 1114 2277 et
1145 2245 1340 2277 conferimus
1368 2255 1406 2277 ac
1435 2244 1675 2279 transferimus·
1698 2246 1731 2276 in
1758 2245 1820 2276 hiis
1849 2245 1976 2287 scriptis

318 2299 476 2342 perfecta,
506 2302 662 2340 perpetua
690 2301 724 2329 et
750 2297 954 2329 irrevocabili
982 2298 1176 2338 donacione,
1205 2297 1363 2338 cessione,
1393 2297 1570 2329 collacione
1597 2300 1631 2329 et
1656 2296 1870 2329 translacione
1892 2297 1977 2329 inter

318 2353 407 2383 vivos
435 2350 609 2381 venerabili
641 2350 726 2391 patri
756 2349 886 2380 domino
916 2349 1087 2391 Balduyno
1116 2349 1179 2381 Dei
1210 2349 1341 2391 graciab
1369 2349 1614 2390 archiepiscopo
1645 2348 1828 2380 Trevirensi
1861 2351 1975 2390 patruo

319 2407 426 2434 nostro
457 2403 625 2433 karissimo
657 2405 690 2432 et
718 2402 750 2432 in
777 2402 882 2443 ipsum
907 2426 938 2433 ..
963 2402 1257 2443 archiepiscopum,
1288 2404 1441 2443 quantum
1470 2398 1600 2440 melius,
1631 2400 1752 2431 firmius
1779 2403 1813 2432 et
1839 2399 1976 2442 legalius

318 2455 388 2486 fieri
410 2457 518 2495 potest
541 2458 573 2484 et
597 2453 703 2493 debet,
726 2453 831 2494 ipsum
854 2454 886 2484 in
909 2464 976 2485 rem
1001 2464 1092 2485 suam
1115 2456 1358 2495 procuratorem
1382 2452 1605 2484 constituendo
1630 2454 1663 2483 et
1677 2451 1775 2483 nichil
1790 2452 1876 2492 iuris,
1899 2461 1976 2493 pro-

319 2506 465 2547 prietatis
493 2508 548 2535 aut
575 2505 708 2536 actionis
735 2505 828 2536 nobis
850 2506 882 2536 in
906 2506 1070 2546 premissis
1092 2505 1144 2537 vel
1172 2515 1283 2536 eorum
1307 2505 1416 2547 aliquo
1441 2505 1569 2546 penitus
1591 2502 1796 2535 reservando.
1841 2502 1975 2544 Dautes,

320 2557 523 2588 conferentes
547 2560 579 2587 et
602 2556 815 2588 concedentes
835 2557 940 2588 eidem
959 2557 1088 2588 domino
1107 2581 1133 2588 ..
1151 2557 1395 2599 archiepiscopo
1412 2559 1609 2598 potestatem
1625 2555 1760 2586 liberam
1778 2554 1975 2596 generalem,

320 2608 493 2650 specialem
517 2611 549 2638 et
572 2608 749 2649 plenariam
773 2608 951 2649 ordinandi,
975 2609 1168 2650 disponendi
1185 2612 1218 2640 et
1238 2608 1377 2640 faciendi
1394 2608 1435 2639 de
1452 2608 1615 2649 premissis
1632 2607 1780 2638 omnibus
1796 2609 1829 2638 et
1844 2606 1976 2648 singulis

321 2664 353 2691 et
377 2660 521 2701 quolibet
544 2670 670 2699 eorum,
694 2663 790 2701 prout
814 2664 846 2692 et
870 2661 1021 2702 quicquid
1046 2661 1114 2692 eius
1137 2660 1238 2692 libere
1262 2660 1421 2702 placuerit
1444 2659 1599 2691 voluntati
1623 2662 1656 2690 et
1679 2658 1830 2700 quicquid
1853 2669 1912 2689 nos
1935 2657 1976 2691 de

321 2712 483 2753 premissis
500 2711 550 2742 vel
574 2721 684 2742 eorum
708 2712 853 2753 quolibet
875 2713 983 2744 facere
1007 2714 1168 2754 potuimus
1191 2715 1224 2744 et
1240 2713 1416 2754 poterimus
1431 2714 1506 2742 ante
1523 2710 1756 2742 confectionem
1774 2710 1977 2751 presencium

320 2763 508 2794 litterarum.
558 2762 677 2793 Ratum
713 2768 745 2794 et
782 2764 906 2795 firmum
946 2764 1104 2796 habentes
1137 2764 1262 2805 plenius
1297 2767 1330 2795 et
1363 2763 1519 2802 habituri,
1558 2761 1711 2804 quicquid
1744 2771 1804 2803 per
1836 2761 1976 2793 eundem

426 2848 470 2875 19.
499 2849 521 2880 ²²)
540 2850 567 2873 in
587 2850 641 2874 loco
661 2859 721 2875 raso
740 2859 776 2874 or.
867 2850 890 2882 ¹³)
912 2870 936 2875 ..
957 2850 1018 2875 add.
1039 2859 1076 2874 or.

1994 2720 2020 2741 4⁵
