2184 3126
349 221 447 250 ACTA
466 220 580 249 lucem
598 219 781 248 LUDEWICI
801 218 848 247 lv.
867 218 913 246 ΕΤ
932 217 1118 246 FRIDERICI
1136 217 1185 245 111.
1222 216 1298 244 1822.
1334 215 1384 243 Nr.
1397 214 1455 243 706.
1474 215 1533 244 ⁷07.
1553 216 1611 245 708.
1630 216 1689 244 709.
1781 220 1843 250 555

293 308 406 342 Feoda
439 311 546 340 vestra
573 310 662 340 recta
689 310 722 339 et
747 306 881 349 legalia,
917 315 980 348 que
1008 306 1040 337 in
1067 304 1189 337 diocesi
1216 303 1377 346 Adryensi
1407 307 1441 336 et
1468 303 1615 335 districtu
1642 303 1774 336 abbatie
1803 304 1843 337 de

184 360 387 403 Vangadicia
410 359 536 392 habetis
559 362 594 391 et
614 359 732 391 tenetis
761 361 795 390 et
817 358 939 400 antiqui
967 357 1191 400 progenitores
1219 355 1318 387 vestri
1347 355 1469 388 habere
1499 358 1534 388 et
1560 359 1671 388 tenere
1700 366 1843 388 conswe-

184 415 299 444 verunt
329 411 370 444 ab
398 412 535 454 imperio
566 413 600 443 et
625 421 645 443 s
673 410 860 452 Rom(auis)
889 408 1138 451 imperatoribus
1166 410 1199 440 et
1228 407 1359 450 regibus
1386 408 1555 440 retroactis
1582 411 1649 439 tam
1677 408 1710 439 in
1739 408 1843 449 terris,

184 464 291 506 aquis,
314 461 600 502 iurisdictionibus,
629 462 756 502 castris,
785 460 964 502 fortaliciis,
986 460 1070 492 villis
1097 469 1194 503 quam
1217 459 1288 491 aliis
1311 458 1570 501 quibuscunque,
1598 469 1671 491 cum
1695 459 1844 492 omnibus

154 524 166 543 ο
184 514 429 557 dingnitatibus‚
456 513 631 546 honoribus
659 517 692 545 et
718 512 840 544 iuribus
867 513 932 544 suis
956 511 1048 544 vobis
1071 514 1104 543 et
1126 510 1258 543 cuilibet
1280 514 1422 542 vestrum
1445 510 1649 542 confferimus
1671 520 1710 542 ac
1733 510 1774 543 de
1798 513 1845 543 eis

183 577 241 598 vos
264 565 467 608 presentibus
482 566 597 598 litteris
616 565 813 606 investimus,
837 564 934 596 salvis
949 564 1065 596 nostris
1081 565 1115 595 et
1129 562 1256 604 imperii
1271 562 1392 594 iuribus
1412 565 1446 594 et
1465 562 1598 594 alterius
1613 562 1842 605 cuiuscunque.

185 617 454 649 Transmittentes
485 626 525 649 ea
553 616 646 648 vobis
674 616 707 647 in
739 625 877 658 persona
910 614 1008 658 legali
1039 617 1072 646 et
1101 613 1268 656 prudentis
1297 614 1355 646 viri
1384 614 1467 656 Pyni
1497 613 1538 646 de
1562 613 1770 656 Parganariis
1802 614 1844 648 de

183 668 309 700 Mutina
344 669 560 710 procuratoris
593 670 626 700 et
659 667 767 699 nuncii
800 666 898 699 vestri
931 666 1115 709 recipientis
1148 676 1207 707 pro
1246 665 1356 706 vobis,
1395 675 1415 698 a
1447 676 1512 707 quo
1545 675 1588 697 ex
1618 670 1711 708 parte
1744 667 1844 698 vestri

183 719 349 752 fidelitatis
372 722 405 752 et
427 720 547 762 omagii
570 718 782 762 corporaliter
803 718 973 761 prestitum
997 717 1178 760 recepimus
1203 718 1428 749 iuramentum.
1479 716 1516 748 In
1541 717 1630 749 cuius
1652 718 1699 750 rei
1723 721 1757 750 et
1779 722 1841 750 cet.

141 783 167 803 ιο
291 770 367 803 Dat.
390 771 549 813 Auguste,
573 770 634 802 ΙΙΙ.
659 769 708 802 Id.
732 769 916 810 Decembr.‚
939 779 1023 802 anno
1045 768 1176 801 Domini
1203 768 1374 800 millesimo
1400 767 1600 811 CCCXXII,
1628 770 1719 811 regni
1742 771 1843 802 nostri

184 831 268 854 anno
291 832 385 854 nono.

647 893 732 928 707.
774 892 969 928 Libertatio
995 895 1124 930 sturae.
1231 892 1312 928 Dec.
1332 892 1389 927 13.

294 966 456 1008 Oriyinale
479 967 551 1008 (or.)
574 967 611 998 in
634 966 794 999 tabulario
815 967 1016 1008 Anqustano.
1061 966 1240 1008 Descripsit
1263 966 1355 1006 Iaffe.
1402 965 1551 1007 Siyilbum
1574 966 1783 999 desideratur.

290 1026 439 1069 Bc'hmer,
463 1026 539 1067 Ray.
556 1027 668 1059 Ludw.
687 1037 723 1067 p.
741 1027 804 1058 354
826 1037 876 1059 m.
893 1027 979 1059 3200
1001 1027 1130 1068 (Addit.
1153 1027 1240 1069 111).

141 1118 166 1139 ιι
294 1104 364 1136 Wir
392 1103 569 1137 Ludowich
596 1114 658 1136 von
687 1103 769 1136 Gots
795 1104 925 1147 gnsden
946 1104 1139 1137 Romischer
1168 1103 1304 1137 chunich
1332 1114 1368 1136 ze
1399 1103 1486 1136 allen
1515 1104 1619 1136 zeiten
1650 1114 1757 1137 merer
1785 1104 1843 1137 des

183 1156 290 1188 riohes
312 1156 466 1197 verjehen
497 1155 648 1188 offenlich
675 1166 716 1188 an
747 1155 850 1188 disem
879 1156 992 1197 briefe,
1025 1156 1084 1188 daz
1111 1166 1208 1188 unser
1237 1155 1322 1188 liebe
1352 1156 1509 1198 getriwen
1540 1154 1593 1188 die
1627 1154 1748 1198 pili-ger
1780 1167 1843 1189 von

183 1206 355 1250 Auspflrch
378 1218 437 1239 uns
452 1202 628 1239 verrichtet
649 1206 772 1239 habent
794 1217 890 1240 unser
910 1211 1028 1240 stewer
1049 1207 1101 1239 biz
1123 1208 1182 1240 auf
1200 1207 1301 1240 sande
1316 1207 1452 1240 Martius
1474 1207 1547 1240 tach
1570 1206 1628 1239 der
1647 1206 1691 1239 nli
1707 1206 1843 1240 schir-est
1857 1229 1877 1252 Ν

184 1258 303 1291 chdmt.
349 1258 424 1290 Und
447 1258 524 1290 umb
546 1259 575 1290 ir
596 1258 752 1300 getriwen
775 1258 890 1301 diense,
914 1259 966 1292 die
990 1259 1016 1291 si
1039 1269 1098 1291 uns
1120 1262 1218 1301 getan
1241 1258 1372 1300 habent,
1395 1258 1503 1291 haben
1526 1259 1583 1290 wir
1604 1259 1636 1290 in
1660 1258 1713 1290 die
1735 1259 1843 1301 gnade

183 1312 297 1352 getan,
333 1309 392 1342 daz
420 1310 477 1342 wir
506 1310 532 1341 si
561 1309 668 1342 ledich
691 1319 792 1352 sagen
821 1309 902 1342 aller
929 1313 1046 1343 stewer
1078 1309 1128 1342 biz
1162 1309 1222 1342 auf
1252 1309 1314 1343 den
1347 1313 1569 1352 vorgenanten
1603 1310 1682 1342 saud
1710 1310 1846 1343 Martins

139 1371 166 1392 πο
184 1361 258 1394 tach
282 1361 340 1393 der
362 1360 406 1393 nfi
422 1361 558 1394 schirest
573 1361 684 1393 ohdmt
705 1361 771 1393 und
787 1372 848 1394 von
868 1361 942 1395 dem
963 1361 1054 1394 selbn
1075 1361 1154 1394 saud
1170 1361 1304 1394 Martius
1320 1359 1441 1405 [tach]·
1456 1361 1537 1393 uber
1555 1361 1608 1393 ein
1624 1361 1687 1402 jar,
1711 1361 1771 1394 daz
1787 1364 1845 1395 wir

184 1412 267 1444 noch
283 1413 391 1444 niman
408 1423 471 1444 von
490 1423 608 1444 unsern
626 1422 719 1455 wegn
738 1412 771 1444 in
791 1412 848 1445 der
864 1413 955 1446 selbn
968 1414 1047 1445 vrist
1062 1412 1160 1445 dhain
1175 1415 1293 1445 stewer
1312 1423 1353 1445 an
1373 1413 1400 1445 si
1415 1412 1554 1444 vordern
1569 1412 1682 1445 sullen.
1759 1414 1843 1446 Dar-

183 1463 264 1496 uber
286 1462 325 1495 zfi
347 1463 492 1495 urchund
515 1463 622 1505 geben
644 1464 702 1495 wir
723 1464 756 1495 in
779 1463 870 1496 disen
892 1464 979 1497 brief
997 1465 1056 1497 mit
1078 1475 1206 1496 unserm
1228 1464 1344 1506 insigel
1367 1463 1574 1506 versigelten.

291 1514 361 1546 Der
383 1514 490 1557 geben
516 1515 558 1546 ist
585 1514 623 1546 zfi
645 1514 831 1557 Auspfirch,
854 1526 896 1548 an
919 1516 998 1548 saud
1020 1516 1144 1548 Lucien
1167 1518 1239 1558 tag,
1267 1515 1309 1548 do
1331 1526 1407 1548 man
1429 1515 1495 1547 zalt
1516 1525 1579 1547 von
1602 1515 1703 1548 Grists
1725 1515 1843 1558 gebdrt

184 1565 521 1599 dreutzehenhundert
533 1567 586 1607 jar
602 1565 744 1598 darnach
759 1567 791 1599 in
808 1566 882 1600 dem
899 1566 1343 1610 czweiundczweintzigistem
1362 1568 1444 1608 jare,
1468 1567 1500 1598 in
1517 1566 1592 1599 dem
1607 1566 1758 1599 neunden
1769 1568 1842 1609 jare

141 1629 166 1650 ns
185 1627 297 1650 unsers
320 1617 435 1650 riches.

403 1723 489 1761 708.
521 1723 606 1760 709.
648 1723 827 1770 Scriptum
848 1737 916 1770 pro
944 1724 1141 1761 marchione
1167 1725 1209 1760 cie
1235 1723 1360 1760 Badera
1386 1727 1417 1760 et
1442 1724 1629 1761 reversales

770 1785 995 1821 marchionis.
1102 1784 1187 1821 Dec.
1207 1786 1265 1820 19.

295 1849 456 1891 On'qinale
481 1850 564 1891 reyis
589 1849 618 1882 A
649 1850 685 1882 in
714 1850 873 1883 tabulario
900 1849 1041 1891 generali
1061 1849 1288 1882 Kar-lentham
1317 1848 1426 1881 ‘Select
1455 1849 1512 1881 der
1542 1848 1841 1887 Kaiserurkunden’

182 1912 232 1934 nr.
249 1901 323 1934 203.
367 1900 605 1942 Descripsimus
625 1911 692 1934 nos.
738 1901 886 1943 Siyillum
908 1901 1001 1940 deest,
1024 1900 1089 1934 loro
1110 1901 1344 1933 membranaceo
1365 1900 1482 1933 relicto.

139 1971 166 1991 ω
291 1961 439 2000 ΒόῘιΜεν,
462 1961 538 2002 Rey.
555 1961 670 1994 Ludw.
689 1972 722 2002 p.
739 1962 782 1993 31
803 1972 853 1994 nr.
868 1962 940 1994 517.

290 2038 473 2072 Reversazes
503 2038 696 2071 marchionis
727 2039 942 2080 autoyraphae
968 2039 996 2071 Β
1026 2039 1062 2071 in
1091 2038 1251 2071 tabulario
1275 2037 1416 2079 yenerali
1444 2037 1533 2078 reqm‘
1559 2037 1722 2069 Bawan‘ci
1754 2037 1847 2071 KLS

181 2100 232 2124 nr.
248 2091 344 2133 2343.
382 2089 619 2130 Desmpsimus
634 2101 700 2124 nos.
739 2090 886 2132 Sigillum
901 2091 967 2130 fere
982 2089 1129 2123 illaesum
1138 2090 1254 2131 pendet
1270 2089 1335 2122 lero
1350 2089 1592 2122 membranaceo.
1611 2107 1652 2112 —
1669 2089 1840 2122 lneditum.

291 2150 367 2192 Roy.
384 2150 488 2183 Boica
518 2150 574 2190 VI,
593 2152 643 2183 78.

369 2238 441 2270 708.
473 2235 635 2277 Scriptum
656 2236 747 2277 reqis.
1192 2237 1263 2268 709.
1297 2234 1479 2268 Reversales
1499 2234 1701 2269 nurchiom‘s.

141 2308 166 2328 ιι
569 2297 610 2328 Α.
1420 2294 1464 2327 Β.

269 2351 338 2384 Nos
351 2351 546 2384 Ludowious
560 2352 624 2384 Dei
646 2353 751 2394 gratia
765 2351 984 2384 Romanorum
1124 2350 1192 2382 Nos
1228 2349 1412 2382 Fridericus
1452 2350 1596 2383 marchio
1633 2350 1675 2382 de
1712 2349 1839 2383 Bsdem

183 2412 243 2435 rex
265 2412 395 2445 semper
416 2406 570 2446 augustus
593 2403 635 2436 ad
657 2404 878 2436 universorum
901 2404 984 2435 noti·
1038 2406 1148 2435 notum
1194 2402 1329 2434 facimus
1372 2401 1569 2443 presentium
1605 2402 1841 2444 inspectoribus

184 2454 266 2486 ciam
290 2454 435 2496 cupimus
457 2455 641 2496 pervenire,
665 2454 752 2497 quod
775 2465 833 2486 nos
855 2458 983 2496 specta·
1036 2454 1202 2494 universis,
1225 2452 1311 2495 quod
1327 2453 1548 2485 serenissimus
1569 2453 1717 2486 dominus
1731 2458 1842 2487 noster

184 2504 241 2536 bili
274 2505 342 2536 viro
375 2504 540 2537 Friderico
574 2506 751 2538 marchioni
787 2506 827 2538 de
862 2505 986 2538 Badem
1038 2505 1186 2537 dominus
1197 2504 1390 2536 Ludowicus
1402 2503 1622 2536 Romanorum
1638 2515 1697 2537 rex
1712 2516 1842 2549 semper

141 2566 168 2586 ω
185 2556 274 2588 fideli
295 2559 404 2588 nostro
434 2556 553 2589 dilecto
581 2558 710 2600 suisque
737 2557 912 2589 heredibus
944 2557 986 2589 de
1038 2559 1192 2599 augustus
1203 2555 1296 2588 nobis
1312 2559 1345 2588 et
1360 2555 1533 2588 heredibus
1543 2557 1660 2588 nostris
1676 2557 1718 2589 de
1730 2562 1840 2590 nostro

185 2618 243 2639 suo
273 2617 408 2649 corpore
435 2607 579 2650 legitime
611 2608 881 2641 descendentibus
910 2618 985 2640 con·
1036 2617 1171 2649 corpore
1187 2606 1331 2649 legitime
1348 2605 1618 2639 descendentibus
1639 2609 1839 2651 contempla-

184 2658 400 2701 templacione
427 2658 503 2691 fidei
531 2663 564 2692 et
593 2659 820 2702 obsequiorum
843 2670 984 2700 suorum,
1037 2659 1129 2691 sione
1151 2657 1228 2690 fidei
1249 2661 1283 2690 et
1306 2657 1535 2701 obsequiorum
1558 2663 1753 2701 nostrorum,
1777 2671 1839 2702 que

185 2720 248 2752 que
277 2709 369 2742 nobis
399 2713 433 2742 et
464 2710 638 2743 heredibus
670 2712 787 2743 nostris
820 2721 858 2743 ec
892 2720 984 2742 sacro
1038 2709 1098 2741 sibi
1114 2713 1148 2741 et
1163 2709 1336 2742 heredibus
1351 2710 1416 2741 suis
1432 2719 1469 2741 ac
1481 2719 1572 2742 sacro
1588 2711 1724 2753 imperio
1740 2712 1839 2743 inter-

184 2761 319 2803 imperio
330 2761 576 2803 interposicione
593 2762 764 2794 iuramenti
776 2762 986 2804 corporaliter
1038 2761 1202 2804 posicione
1243 2761 1413 2793 iuramenti
1459 2761 1671 2803 corporaliter
1715 2763 1840 2804 prestiti

142 2843 168 2863 «a
293 2836 357 2864 702.
384 2837 408 2870 ⁸)
426 2838 518 2864 excidit
536 2848 574 2865 or.
1586 2872 1634 2899 70·

1878 1206 1938 1227 1³²³.

1877 1236 1915 1252 ov.
1925 1233 1948 1253 u
1953 1246 1959 1251 .
