2124 3132
301 244 342 273 24
749 240 967 267 TRACTATUS
986 240 1032 266 DE
1051 239 1264 266 ELECTIONE.
1303 239 1377 266 1314.
1414 239 1462 265 Nr.
1476 239 1516 266 25.

300 328 427 359 Littera
451 327 491 359 de
514 328 680 369 promissis
703 327 796 358 factis
820 326 950 358 domino
966 326 1079 358 Heinr.
1096 325 1339 368 archiepiscopo
1357 325 1470 357 colon.
1491 335 1534 357 ex
1553 328 1646 366 parte
1663 324 1784 356 domini
1799 324 1958 356 Friderici

300 379 522 411 Romanorum
539 380 624 421 regis
640 379 778 410 instante
795 381 942 419 tempore
960 378 1126 410 electionis
1150 377 1190 409 de
1207 378 1277 419 ipso
1294 377 1391 409 facte.
1416 395 1458 399 —
1480 377 1542 408 Ed.
1560 374 1739 408 Lacomblet
1755 375 1958 408 ‘Urkunden—

301 431 388 462 buch’
412 431 480 469 HI,
505 431 547 461 93
568 440 617 461 nr.
634 431 698 461 128
720 440 758 461 ex
780 440 826 460 or.

407 490 555 528 Bb'hmer,
579 489 653 529 Req.
681 489 894 520 1246—1313
912 498 986 528 paq.
1003 488 1068 518 512
1090 487 1216 528 (Addit.
1234 488 1298 528 ID.

413 550 460 589 Cf.
488 550 532 581 ad
562 549 690 588 Scripta
711 559 760 579 nr.
781 547 911 579 25—27
933 547 976 578 H.
998 547 1132 579 Schrohe
1156 547 1234 579 ‘Der
1261 547 1392 587 Kamps
1409 548 1464 579 der
1494 547 1709 588 Geqenko'niye
1730 546 1866 587 Ludwig]
1891 547 1960 579 und
1993 558 2005 578 s

300 601 470 633 Friedrich
493 611 547 632 um
569 601 628 631 das
650 599 760 631 Reich'
779 609 812 638 p.
829 600 893 630 251
905 608 969 638 sqq.

407 687 572 718 Universis
603 688 769 726 presentes
796 684 920 716 litteras
948 684 1139 724 inspecturis
1167 694 1224 714 nos
1252 683 1418 725 Lupoldus
1446 683 1510 716 Dei
1537 685 1642 726 gratia
1670 684 1737 716 dux
1766 684 1896 716 Austrie
1927 686 1961 716 et

301 738 416 779 Styrie,
441 738 588 768 dominus
605 736 766 775 Carniole,
789 736 932 767 Marchie
950 746 988 767 ac
1004 735 1245 776 Portusnaonis,
1269 745 1378 767 comes
1395 735 1435 766 de
1452 735 1628 777 Habsburg
1645 738 1678 767 et
1693 736 1820 778 Kiburg
1835 745 1961 767 necnon

299 789 496 831 lantgravius
520 789 650 820 Alsacie
674 788 848 829 superioris
872 791 983 819 notum
1006 787 1151 827 facimus,
1181 786 1268 828 quod
1289 797 1347 828 pro
1371 787 1484 818 illustri
1510 788 1654 828 principe
1677 786 1853 819 Froderico
1878 786 1960 818 duce

299 841 430 872 Austrie
454 840 553 872 fratre
576 842 685 871 nostro
710 850 783 871 cum
806 839 984 871 venerabili
1008 839 1040 869 in
1064 838 1190 869 Christo
1214 841 1307 879 patre
1332 838 1461 870 domino
1485 838 1629 870 Henrico
1647 837 1830 870 Coloniensi
1854 838 1958 870 archi-
1978 846 2002 866 ιο

300 892 453 934 episcopo
477 903 535 934 pro
559 902 594 922 se
618 894 651 923 et
674 891 812 922 ecclesia
836 901 894 922 sua
918 890 958 921 de
982 890 1193 931 infrascriptis
1215 890 1358 921 articulis
1381 889 1646 922 concordavimus
1663 891 1696 921 in
1712 890 1797 922 hunc
1812 890 1959 922 modum:

411 946 437 974 1.
472 943 635 975 Videlicet
658 943 744 984 quod
768 943 793 973 si
818 942 925 973 divina
948 942 1077 973 favente
1101 942 1274 973 clementia
1296 942 1328 972 in
1351 941 1412 973 hac
1435 942 1608 973 vacacione
1632 942 1724 983 regni
1739 941 1961 973 Romanorum

299 1005 358 1036 per
386 999 524 1026 mortem
553 995 625 1026 dive
653 995 810 1025 memorie
838 994 960 1025 domini
982 993 1115 1025 Heni-ici
1140 992 1361 1024 Romanorum
1389 993 1594 1034 imperatoris
1620 993 1707 1024 idem
1730 992 1831 1025 frater
1852 995 1963 1025 noster

299 1046 341 1077 ab
371 1046 442 1087 ipso
470 1046 600 1077 domino
628 1045 872 1086 archiepiscopo
898 1045 1020 1076 electus
1045 1048 1078 1076 et
1101 1048 1272 1076 coronatus
1295 1044 1393 1076 fuerit
1415 1045 1447 1075 in
1470 1044 1691 1076 Romanorum
1714 1054 1842 1086 regem,
1875 1043 1962 1086 quod

299 1099 332 1129 in
354 1098 465 1139 primis
487 1098 519 1128 in
535 1097 740 1138 Andernaco,
763 1097 878 1127 Bunna
895 1099 928 1128 et
943 1096 1061 1128 Nussia
1084 1096 1237 1128 thelonea
1256 1106 1315 1127 sua
1331 1097 1464 1138 antiqua
1481 1099 1514 1128 et
1531 1095 1667 1128 ecclesie
1684 1105 1741 1127 sue
1759 1095 1961 1128 Ooloniensis
1980 1103 2005 1123 ¹⁵

299 1159 424 1181 necnon
441 1148 611 1190 privilegia
628 1148 772 1189 ducatus,
796 1148 903 1186 feoda,
927 1147 1022 1189 bona,
1047 1147 1253 1188 donaciones,
1277 1148 1501 1179 concessiones
1518 1157 1748 1189 quascumque,
1764 1148 1844 1188 iura,
1861 1147 1960 1179 liber-

299 1204 399 1239 tates,
427 1201 562 1242 gratias,
590 1200 691 1231 bonas
719 1199 967 1231 consuetudines
989 1202 1056 1231 tam
1079 1200 1111 1230 in
1134 1199 1259 1239 Iudeis,
1287 1199 1439 1240 monetis,
1467 1198 1745 1230 iurisdiccionibus
1769 1209 1865 1240 quam
1889 1199 1962 1231 aliis

301 1252 569 1294 quibuscumque,
597 1255 693 1293 prout
720 1252 789 1292 ipse
818 1254 852 1282 et
878 1251 1126 1292 predecessores
1149 1251 1198 1282 sui
1222 1261 1261 1282 ea
1284 1250 1450 1292 hucusque
1473 1253 1688 1292 perceperunt
1710 1259 1770 1281 seu
1791 1250 1961 1292 percipere

299 1306 533 1336 consueverunt
555 1313 613 1334 seu
636 1306 808 1334 tenuerunt
832 1306 865 1334 et
887 1302 1070 1334 habuerunt
1093 1303 1134 1334 ab
1157 1302 1406 1344 imperatoribus
1430 1305 1464 1333 et
1486 1302 1616 1343 regibus
1637 1301 1873 1342 Romanorum,
1900 1301 1962 1334 sibi

300 1358 333 1387 et
355 1355 491 1387 ecclesie
515 1365 571 1386 sue
594 1355 627 1386 in
650 1355 758 1396 specie
782 1358 816 1386 et
837 1355 869 1385 in
892 1364 1024 1396 genere,
1048 1358 1144 1396 prout
1158 1354 1274 1386 melius
1289 1354 1359 1385 fieri
1375 1354 1506 1395 poterit,
1529 1353 1695 1384 innovabit
1711 1356 1744 1384 et
1759 1352 1962 1386 confirmabit
1979 1359 2007 1380 20

298 1407 357 1438 sub
380 1408 480 1448 ipsius
503 1407 592 1448 regio
617 1409 651 1438 et
673 1406 853 1448 principum
877 1406 1005 1447 sigillis,
1035 1409 1067 1437 et
1093 1406 1247 1447 precipue
1271 1416 1310 1437 ea
1334 1415 1396 1447 que
1419 1405 1579 1436 habentur
1602 1404 1661 1436 sub
1685 1404 1799 1446 sigillis
1821 1405 1962 1446 impera-

299 1463 403 1490 torum
433 1462 464 1489 et
492 1468 605 1500 regum
628 1458 864 1498 Romanorum,
898 1461 931 1489 et
960 1457 1051 1489 dabit
1078 1457 1220 1499 singulas
1246 1457 1371 1488 litteras
1395 1456 1436 1488 de
1459 1457 1592 1499 singulis
1621 1456 1728 1498 factis,
1759 1460 1856 1498 prout
1878 1467 1962 1489 nunc

298 1511 368 1552 ipsa
391 1509 478 1541 facta
501 1512 574 1540 sunt
597 1509 779 1541 distincta¹.

406 1563 435 1592 2.
470 1561 555 1593 Item
583 1562 609 1592 si
637 1562 802 1602 contingat
827 1561 932 1602 ipsum
959 1561 1096 1592 transire
1119 1560 1235 1601 Alpes,
1267 1560 1437 1602 promittet
1463 1559 1549 1601 quod
1571 1559 1655 1590 infra
1677 1559 1832 1591 terminos
1855 1558 1961 1590 archi-

298 1612 490 1644 cancellarie
511 1613 606 1644 Italic
629 1613 796 1654 permittat
819 1612 940 1643 dictum
964 1612 1243 1653 archiepiscopum
1259 1611 1487 1643 Coloniensem
1510 1611 1625 1643 tollere
1648 1612 1718 1642 iura
1742 1610 1839 1642 officii
1855 1610 1960 1642 archi·
1979 1615 2006 1635 ’ὃ

299 1664 491 1696 cancellarie
517 1667 550 1696 et
572 1665 718 1696 redditus
742 1675 780 1696 ac
803 1664 888 1696 bona
911 1665 1079 1706 percipere
1105 1664 1249 1695 eiusdem
1274 1674 1348 1695 eum
1371 1664 1516 1705 insigniis
1539 1662 1637 1694 officii
1660 1662 1825 1694 antedicti.
1870 1662 1912 1694 Et
1935 1663 1962 1694 si

299 1716 408 1747 forsan
431 1716 518 1747 idem
542 1717 804 1758 archiepiscopus
826 1717 860 1747 in
882 1726 1020 1758 persona
1043 1716 1173 1757 propria
1192 1715 1253 1747 hec
1273 1726 1337 1747 non
1354 1715 1514 1757 expleret,
1537 1714 1762 1746 nichilominus
1778 1713 1962 1746 huiusmodi

298 1768 419 1809 poterit
442 1778 501 1809 per
523 1778 695 1809 personam
718 1768 942 1809 interpositam
965 1767 1007 1798 ad
1030 1767 1091 1798 hec
1114 1770 1224 1808 aptam
1248 1770 1281 1798 et
1304 1766 1475 1798 decentem
1500 1776 1653 1797 exercere
1678 1768 1711 1797 et
1733 1765 1855 1796 habere
1866 1764 1890 1796 ².

407 1821 435 1850 3.
471 1819 555 1850 Item
577 1820 745 1861 promittet
768 1819 854 1861 quod
877 1819 1138 1860 archiepiscopus
1161 1818 1327 1860 predictus
1350 1829 1409 1849 nec
1432 1818 1516 1849 ultra
1539 1820 1666 1848 montes
1688 1827 1749 1848 nec
1771 1817 1813 1848 ad
1837 1816 1962 1859 aliquas

298 1874 407 1912 partes
431 1874 542 1902 contra
564 1871 764 1903 voluntatem
788 1881 879 1902 suam
902 1871 949 1902 ire
974 1873 1108 1912 cogatur
1130 1869 1172 1902 ad
1195 1870 1432 1912 parlamentum
1455 1879 1513 1900 seu
1537 1868 1784 1910 expedicionem
1806 1863 1893 1911 regis
1907 1868 1960 1900 vel
1978 1873 2005 1894 ⁸⁰

297 1923 517 1963 imperatoris,
548 1925 597 1954 set
625 1923 656 1954 in
687 1922 806 1953 talibus
835 1922 1100 1964 expedicionibus
1123 1923 1294 1963 imperium
1318 1921 1526 1963 tangentibus
1549 1921 1657 1952 mittet
1677 1920 1791 1962 viginti
1814 1919 1962 1952 homines

299 1975 329 2005 in
354 1974 451 2005 armis
479 1975 539 2015 ipsi
563 1975 648 2016 regi,
681 1974 756 2005 dum
781 1974 903 2016 absque
928 1975 1086 2015 gravitate
1112 1973 1220 2005 facere
1243 1972 1381 2015 potest³.
1429 1972 1490 2008 Qui
1515 1971 1591 2003 dum
1615 1973 1761 2003 venerint
1783 1971 1825 2003 ad
1849 1971 1961 2014 Alpes,

298 2026 324 2056 si
348 2026 483 2057 transire
508 2025 640 2056 eosdem
664 2025 819 2067 debeant,
851 2025 968 2057 deinde
992 2035 1051 2067 per
1075 2035 1184 2067 regem
1209 2024 1479 2066 procurabuntur,
1511 2023 1538 2054 si
1561 2023 1641 2054 citra
1664 2023 1854 2063 manserint,
1884 2015 1960 2055 dixin

298 2077 339 2108 ad
367 2078 472 2118 ipsum
500 2087 611 2118 regem
636 2078 796 2118 venerint,
829 2080 923 2108 erunt
951 2088 1048 2118 quam
1076 2076 1130 2108 diu
1159 2076 1281 2108 ibidem
1310 2079 1343 2107 et
1373 2075 1460 2117 apud
1487 2085 1562 2107 eum
1590 2079 1624 2106 et
1650 2075 1682 2105 in
1709 2074 1788 2106 locis
1815 2074 1961 2106 eiusdem

300 2129 427 2169 fuerint,
450 2129 482 2160 in
507 2130 658 2170 expensis
681 2129 776 2171 regis.
857 2129 908 2160 Ad
932 2130 1134 2171 parlamenta
1159 2129 1233 2160 dum
1259 2139 1316 2170 pro
1333 2128 1459 2169 imperii
1477 2128 1671 2159 necessitate
1687 2130 1820 2158 vocatus
1836 2127 1961 2158 venerit
1978 2131 2004 2151 ⁸⁸

298 2180 385 2221 apud
409 2191 530 2221 regem,
555 2180 669 2211 stando
694 2184 727 2212 et
751 2191 847 2222 quam
871 2181 926 2212 diu
949 2181 1069 2212 ibidem
1095 2180 1202 2219 fuerit,
1228 2181 1289 2212 erit
1311 2181 1341 2211 in
1364 2180 1515 2221 expensis
1530 2181 1628 2220 regis:
1654 2178 1687 2210 Si
1704 2181 1812 2210 tamen
1828 2181 1962 2210 vocatus

298 2243 361 2264 non
389 2233 477 2270 ierit,
510 2235 643 2273 propter
669 2232 730 2263 hoc
761 2243 820 2264 nec
848 2232 990 2263 iudiciali
1013 2232 1066 2263 vel
1094 2232 1332 2264 extraiudiciali
1359 2232 1524 2263 artacione
1555 2230 1595 2262 de
1623 2231 1692 2262 iure
1714 2230 1767 2262 vel
1795 2229 1835 2261 de
1863 2230 1961 2272 facto,

299 2284 419 2315 directe
444 2283 495 2314 vel
522 2283 695 2324 indirecte,
729 2284 854 2315 occulte
878 2284 931 2315 vel
958 2284 1145 2324 manifeste,
1176 2287 1288 2315 contra
1317 2294 1391 2315 eum
1415 2283 1467 2314 vel
1494 2293 1585 2314 suam
1610 2282 1781 2314 ecclesiam
1804 2281 1962 2324 procedet

299 2336 350 2367 vel
375 2335 507 2377 procedi
531 2335 628 2366 faciet
651 2346 709 2366 seu
733 2335 774 2367 ob
797 2336 858 2367 hoc
882 2337 951 2367 eius
973 2336 1234 2378 indignacionem
1262 2336 1412 2367 incurret.

407 2389 436 2418 4.
471 2387 554 2418 Item
584 2388 751 2428 promittet
777 2388 863 2429 quod
893 2399 951 2429 pro
981 2388 1082 2419 tribus
1111 2388 1271 2419 theloneis
1300 2386 1496 2426 forensibus,
1527 2396 1590 2428 que
1621 2385 1750 2417 fuerunt
1778 2386 1811 2416 in
1839 2385 1960 2426 Berke,
1979 2394 2007 2414 ω

297 2439 385 2479 Reys
410 2441 442 2469 et
457 2438 602 2477 Xanotis,
626 2439 747 2470 habeat
770 2439 957 2471 theloneum
981 2440 1012 2470 in
1035 2439 1156 2479 Berke,
1180 2443 1317 2481 quatuor
1337 2438 1540 2469 Turonenses
1562 2448 1620 2479 pro
1645 2440 1781 2477 carrata,
1805 2437 1850 2468 sic
1873 2436 1961 2479 quod

298 2490 362 2521 alia
395 2490 457 2521 duo
490 2489 642 2521 thelonea
670 2491 758 2532 Reys
786 2494 818 2522 et
843 2491 980 2523 Xanctis
1010 2494 1136 2522 cessent
1166 2496 1340 2532 perpetuo,
1375 2490 1456 2522 sicut
1487 2489 1722 2530 archiepiscopi
1751 2487 1897 2530 Syfridus
1927 2495 1961 2520 et

298 2541 491 2573 Wicboldus
514 2541 575 2572 hoc
599 2542 788 2574 habuerunt.

408 2596 435 2624 5.
470 2593 554 2624 Item
584 2595 750 2634 promittet
778 2594 864 2636 quod
891 2594 979 2626 idem
1003 2593 1266 2635 archiepiscopus
1290 2593 1526 2635 preposituram
1549 2592 1737 2634 Aquensem
1760 2591 1802 2622 ad
1825 2602 1960 2633 presens

298 2647 467 2675 vacantem
491 2644 636 2676 conferre
661 2646 762 2686 possit
785 2649 818 2677 et
841 2645 926 2687 quod
951 2655 1024 2677 eam
1048 2645 1229 2687 deoccupet
1252 2645 1293 2676 de
1316 2644 1463 2676 manibus
1487 2644 1716 2686 oceupancium
1741 2653 1812 2674 eam
1837 2646 1871 2675 et
1883 2654 1959 2685 pre·
1978 2651 2005 2671 ⁴⁵

298 2697 458 2737 posituras
481 2696 591 2728 Sancti
614 2697 756 2728 Servacii
781 2697 1010 2738 Traiectensis,
1038 2696 1230 2728 Leodiensis
1255 2699 1287 2728 et
1304 2696 1495 2728 Werdensis
1518 2695 1684 2728 Colonien.
1709 2694 1800 2736 dyoc.
1825 2694 1868 2727 ad
1891 2695 1957 2727 col-

299 2748 454 2779 lationem
483 2749 569 2790 regis
596 2751 794 2789 spectantes,
825 2748 901 2779 dum
930 2759 985 2779 eas
1009 2758 1124 2779 vacare
1154 2748 1338 2790 contigerit,
1366 2747 1513 2779 conferre
1541 2747 1643 2789 possit
1665 2746 1779 2778 diebus
1802 2747 1867 2778 vite
1892 2757 1958 2779 sue.

404 2824 429 2857 1)
452 2824 492 2856 Cf.
513 2824 623 2851 Constit.
643 2825 688 2850 IV
704 2833 744 2850 mx
759 2828 809 2851 257
830 2833 887 2858 cap.
905 2829 926 2852 9.
1033 2825 1058 2858 2)
1081 2825 1122 2857 Cf.
1143 2824 1253 2852 Constit.
1273 2825 1320 2851 IV
1334 2828 1439 2852 1113425
1461 2827 1485 2851 et
1509 2827 1566 2851 426.
1670 2823 1699 2856 3)
1721 2823 1763 2857 Cf.
1786 2823 1896 2850 Constit.
1916 2823 1964 2850 11⁷

298 2875 341 2894 nr.
354 2870 403 2893 257
418 2875 476 2900 cap.
491 2872 528 2894 14.
