2184 3126
162 715 186 734 10

161 973 185 992 1³

442 151 540 179 ACTA
559 150 674 179 amm
693 151 879 179 LUDEWICI
898 150 944 179 IV.
964 150 1010 178 ΕΤ
1028 149 1216 178 FRIDERICI
1236 150 1284 177 111.
1323 150 1398 178 1322.
1435 150 1484 178 Nr.
1498 150 1556 178 702.
1577 150 1635 178 703.
1807 154 1870 184 553

205 238 400 272 absolvatur.
454 239 584 272 Interea
611 249 687 271 vero
721 239 783 282 ipsi
816 238 909 270 nobis
938 241 1007 270 toto

146 322 157 326 ,
206 301 300 333 posse
317 301 374 323 suo
393 290 532 323 fideliter
548 290 768 332 obsequentur
783 293 894 322 contra
911 300 1007 332 quos-

205 342 286 375 libet
319 345 446 375 nostros
479 342 680 375 adversarios
713 353 749 375 se
784 340 1008 375 constituendo

206 394 408 427 adversarios
423 394 629 436 principales,
650 397 683 426 et
698 394 882 436 specialiter
897 397 1009 425 contra

206 470 234 477 ..
259 447 394 478 comites
423 445 464 478 de
487 445 660 486 Nazzowe,
689 445 805 488 quibus
833 444 1010 477 movebunt

206 496 303 538 bella,
324 497 444 529 facient
459 497 627 529 instantias
642 496 843 529 adversando
860 497 907 529 eis
923 497 1009 528 omni

206 547 303 580 modo
338 552 504 590 tamquam
538 549 603 580 suis
637 548 830 591 capitalibus
862 548 1008 588 inimicis,

205 600 388 632 nullatenus
411 599 526 632 facturi
548 609 673 642 pacem,
696 603 826 642 treugas
843 603 898 632 aut
914 603 1010 642 pacta

205 652 285 684 citra
308 654 451 684 nostram
474 651 639 684 licentiam
673 661 745 683 cum
776 651 916 692 eisdem,
950 662 1010 684 nec

205 703 252 734 eis
264 703 403 735 exclusis
416 713 487 735 cum
501 702 594 734 dictis
606 702 776 734 comitibus
795 702 835 735 de
851 702 1009 735 Nazzowe

205 753 363 786 debemus
394 754 597 797 aliquatenus
627 754 833 786 concordare.
890 754 939 786 Ac
968 753 1009 786 de

205 808 309 838 castro
343 805 471 848 prefato
510 816 569 837 nos
603 809 636 838 et
674 810 799 838 nostros
837 806 1010 848 respicient

204 858 366 900 recepturi
383 868 449 899 eos,
473 858 499 889 si
522 868 602 900 opus
626 856 724 889 fuerit
739 860 772 889 et
787 867 930 889 necesse.
976 856 1010 889 si

204 919 281 941 vero
304 920 364 951 per
380 920 437 942 nos
453 910 504 941 vel
521 919 723 942 successores
747 912 871 941 nostros
894 909 926 941 in
948 909 1009 940 im-

203 961 305 1002 perio,
314 964 349 993 ut
357 961 537 1003 predictum
548 963 606 1002 cst,
618 960 659 993 ad
667 960 906 992 absolucionem
915 961 1010 992 castri

204 1012 340 1055 predicti
359 1012 548 1045 deveniatur
572 1023 630 1055 per
646 1013 816 1055 pecuniam
838 1022 1010 1044 numeran-

205 1063 291 1105 dam,
307 1067 425 1096 extunc
439 1064 502 1096 duo
515 1064 604 1096 milia
612 1064 795 1106 libr(arum)
806 1063 1009 1096 Hallensium

205 1117 456 1158 prescriptorum
472 1116 638 1158 sepedicto
653 1115 802 1148 Gotfrido
819 1126 877 1158 pro
895 1117 1010 1148 erectis

206 1171 279 1200 sunt
302 1167 435 1200 edificiis
451 1167 654 1209 assignande.
700 1167 784 1199 Item
808 1167 896 1200 mille
912 1167 1010 1199 libras

205 1219 343 1261 recipiet
358 1220 389 1251 in
406 1219 568 1262 peculium
585 1222 747 1252 castrense
764 1222 798 1251 et
814 1219 855 1251 de
871 1220 1009 1262 propriis

205 1271 271 1303 suis
305 1270 484 1303 redditibus
519 1274 646 1303 centum
678 1271 777 1303 libras
805 1270 1008 1304 Hallensium

204 1322 298 1354 nobis
326 1322 377 1355 vel
407 1323 583 1354 successori
616 1322 793 1365 resignabit
820 1325 854 1354 et
876 1322 1008 1354 easdem

205 1374 246 1406 ab
270 1374 406 1415 imperio
437 1374 469 1405 in
498 1372 628 1405 feodum
658 1374 795 1415 recipiet
823 1377 856 1406 et
879 1384 921 1406 ex
948 1374 1009 1406 hiis

203 1427 273 1468 ipse
297 1436 353 1457 seu
376 1424 515 1457 heredes
531 1425 580 1456 sui
603 1428 782 1458 castrenses
797 1425 892 1457 liberi
915 1428 1009 1457 erunt

203 1477 235 1509 in
263 1480 368 1509 castro
391 1479 550 1518 perpetuo
581 1476 747 1518 sepedicto
783 1487 842 1509 nec
875 1476 916 1508 ab
947 1477 1008 1509 hiis

203 1532 343 1561 castrum
366 1531 567 1569 sepetactum
589 1538 648 1570 per
663 1528 786 1560 nullum
802 1527 934 1560 modum
950 1539 1008 1560 seu

203 1581 347 1613 colorem
364 1589 600 1622 quemcumque
617 1579 741 1611 absolvi
765 1579 873 1620 debet,
898 1580 957 1612 nisi
973 1583 1008 1611 ut

202 1631 313 1664 usibus
336 1631 434 1673 regiis
457 1634 491 1665 et
513 1631 627 1662 honori
657 1631 784 1673 imperii
813 1635 1004 1664 reservetur.

202 1683 437 1716 Nichilominus
461 1686 583 1722 tamen,
612 1685 648 1714 ut
677 1682 857 1725 predictum
881 1686 943 1723 est,
973 1684 1006 1715 in

205 1734 350 1778 predicto
375 1737 479 1767 castro
509 1737 675 1776 tamquam
706 1738 884 1767 castrenses
913 1734 1005 1767 liberi

203 1789 361 1829 perpetuo
406 1785 652 1828 permanebunt.
731 1785 874 1818 Residue
928 1797 1005 1818 vero

203 1839 378 1880 quingente
401 1837 483 1870 libre
507 1837 548 1869 de
572 1847 697 1869 summa
713 1839 890 1880 prescripta
913 1838 1005 1870 nobi-

202 1889 286 1921 libus
307 1890 383 1921 viris
399 1888 550 1922 Gotfrido
575 1888 615 1921 de
632 1888 718 1931 Seyn
734 1889 799 1921 filio
815 1889 1006 1932 Engelberti

203 1940 244 1973 de
268 1940 353 1983 Seyn
382 1943 416 1972 et
439 1940 573 1983 Dytrico
601 1940 642 1973 de
665 1939 828 1981 Rfinchel,
856 1941 1005 1973 fidelibus

203 1992 319 2024 nostris
346 1991 471 2024 dilectis
493 1992 545 2024 vel
572 1992 746 2025 heredibus
770 2002 882 2024 eorum
905 2002 1004 2035 equa-

202 2043 277 2075 liter
292 2042 474 2076 dividentur
490 2047 524 2075 et
539 2044 675 2086 quisque
693 2043 851 2075 dictorum
868 2038 1004 2076 duorum

202 2094 458 2137 vigintiquinque
477 2094 575 2127 libras
590 2095 796 2127 Hallensium
812 2095 853 2127 de
868 2096 1005 2138 propriis

203 2146 268 2178 suis
280 2146 459 2179 redditibus
474 2146 507 2178 in
522 2147 669 2179 manibus
686 2147 811 2189 imperii
828 2147 1006 2189 resignabit

203 2200 236 2230 et
259 2197 390 2230 easdem
414 2209 434 2230 a
457 2208 535 2241 rege
559 2199 611 2231 vel
639 2199 836 2241 imperatore
864 2199 920 2241 qui
947 2210 1004 2240 pro

202 2251 350 2291 tempore
367 2249 504 2282 fueritin
522 2250 653 2283 feodum
669 2254 832 2283 castrense
848 2250 1006 2292 recipient

204 2303 238 2332 et
274 2303 439 2343 tamquam
483 2305 662 2334 castrenses
699 2302 792 2334 liberi
829 2303 861 2334 in
900 2306 1004 2334 castro

204 2351 387 2384 deservient
402 2356 576 2395 sepetacto.
612 2353 706 2386 Circa
721 2364 797 2385 vero
814 2354 1005 2395 principium

204 2405 360 2446 structure
390 2403 536 2446 predicte
570 2404 661 2446 ipsis,
694 2405 720 2436 si
749 2414 881 2437 necesse
909 2405 1006 2436 fuerit

205 2458 239 2486 et
271 2454 304 2486 id
333 2455 438 2497 ipsum
472 2455 691 2498 requisierint,
725 2456 868 2488 nobilem
901 2457 1005 2487 virum

206 2504 389 2545 Gotfridum
417 2506 459 2538 de
482 2506 683 2549 Eppenstein
709 2507 902 2539 advocatum
929 2518 1003 2549 pro-

203 2556 373 2589 vincialem
403 2567 461 2599 per
484 2557 695 2591 Wedrebiam
723 2569 795 2591 cum
823 2558 1005 2590 civitatibus

203 2607 382 2640 Wedrebie
416 2609 448 2640 in
482 2609 638 2641 auxilium
676 2609 862 2652 dirigemus.
966 2609 1004 2641 In

203 2659 292 2691 cuius
329 2660 376 2692 rei
414 2660 633 2692 testimonium
674 2664 842 2703 presentes
879 2661 1003 2693 litteras

309 2761 372 2788 708.
402 2763 427 2795 Ι·)
444 2771 496 2789 ium
515 2771 584 2789 corr.
602 2772 633 2790 ex
652 2773 696 2790 um
715 2764 747 2790 Β.

307 2830 346 2849 u..
365 2830 590 2849 communem
602 2831 628 2850 V.

1062 236 1258 269 absolvatur.
1296 237 1427 269 Interea
1442 246 1519 269 vero
1535 247 1594 268 nos
1610 237 1670 268 sibi
1688 240 1755 269 toto
1774 249 1870 280 posse

1061 291 1170 321 nostro
1193 288 1333 321 fideliter
1348 288 1565 331 obsequemur
1581 292 1692 320 contra
1708 289 1870 331 quoslibet

1061 351 1137 372 suos
1149 340 1352 373 adversarios
1360 351 1420 372 nos
1432 340 1656 372 constituendo
1667 340 1870 373 adversarios

1062 392 1265 435 principales,
1289 395 1322 425 et
1344 392 1528 434 specialiter
1551 395 1686 424 contra.
1706 417 1712 424 .
1737 394 1871 424 comites

1062 443 1104 476 de
1119 443 1289 485 Nazzowe,
1313 443 1428 486 quibus
1450 443 1653 476 movebimus
1677 444 1773 485 bella,
1795 444 1870 476 fati—

1063 506 1154 527 emus
1176 496 1343 528 instantias
1366 495 1568 528 adversando
1592 496 1639 528 eis
1663 496 1749 528 omni
1772 495 1870 527 modo

1062 550 1227 590 tamquam
1244 547 1359 579 nostris
1380 547 1572 589 capitalibus
1595 547 1741 586 inimicis,
1766 548 1870 580 nulla-

1062 602 1156 630 tenus
1179 599 1294 631 facturi
1310 609 1436 641 pacem,
1461 602 1592 641 treugas
1607 602 1664 631 aut
1679 603 1773 642 pacta
1790 600 1871 632 citra

1062 651 1163 693 ipsius
1190 650 1311 682 domini
1345 651 1445 682 nostri
1479 651 1565 692 regis
1599 651 1762 683 licentiam
1797 662 1870 684 cum

1063 702 1204 743 eisdem,
1235 712 1295 734 nec
1325 702 1416 735 nobis
1446 703 1585 735 exclusis
1614 713 1687 735 cum
1715 703 1809 735 dictis
1838 727 1845 734 .
1862 729 1869 735 .

1063 753 1234 786 comitibus
1267 753 1308 786 de
1340 753 1498 786 Nazzowe
1534 754 1634 787 debet
1667 755 1870 797 aliquatenus

1063 805 1268 838 concordare.
1323 806 1370 838 Ac
1399 805 1440 838 de
1469 809 1574 838 castro
1602 806 1729 849 prefato
1764 808 1870 849 ipsum

1063 860 1097 890 et
1119 867 1194 889 suos
1216 857 1426 899 respiciemus
1450 859 1612 900 recepturi
1636 869 1706 898 eos,
1738 859 1764 890 si
1788 869 1870 900 opus

1063 909 1160 941 fuerit
1189 912 1223 941 et
1252 919 1397 941 necesse.
1450 909 1483 941 Si
1516 920 1592 942 vero
1626 921 1684 952 per
1712 921 1787 942 eum
1818 911 1870 942 vel

1063 970 1264 992 successores
1291 971 1366 992 suos
1398 961 1431 992 in
1454 962 1606 1003 imperio,
1629 965 1666 993 ut
1688 961 1869 1003 predictum

1063 1015 1127 1054 est,
1160 1011 1202 1044 ad
1225 1012 1467 1045 absolucionem
1491 1014 1586 1045 castri
1610 1013 1746 1056 predicti
1771 1013 1869 1046 deve-

1062 1065 1168 1096 niatur
1196 1074 1255 1106 per
1278 1065 1449 1106 pecuniam
1472 1065 1723 1106 numerandam,
1751 1069 1870 1097 extunc

1063 1115 1127 1148 duo
1155 1116 1244 1148 milia
1267 1115 1449 1158 libr(arum)
1472 1115 1678 1148 Hallensium
1709 1118 1869 1159 prescrip-

1063 1171 1168 1200 torum
1190 1167 1283 1199 nobis
1306 1178 1364 1210 pro
1388 1169 1504 1200 erectis
1527 1171 1601 1200 sunt
1616 1168 1751 1200 edificiis
1766 1170 1869 1211 assig-

1062 1219 1177 1251 nande.
1235 1219 1319 1251 Item
1353 1219 1443 1251 mille
1479 1219 1578 1251 libras
1610 1221 1804 1262 recipiemus
1839 1221 1871 1252 in

1063 1271 1222 1313 peculium
1256 1274 1419 1303 castrense
1451 1275 1485 1303 et
1516 1271 1556 1303 de
1586 1273 1725 1314 propriis
1753 1273 1870 1304 nostris

1062 1322 1241 1355 redditibus
1257 1326 1387 1355 centum
1402 1322 1502 1355 libras
1518 1323 1722 1356 Hallensium
1740 1323 1800 1355 sibi
1816 1324 1870 1356 vel

1061 1375 1238 1406 successori
1266 1374 1501 1417 resignabimus
1533 1378 1565 1407 et
1589 1375 1720 1408 easdem
1744 1375 1786 1407 ab
1809 1376 1869 1407 im-

1062 1426 1152 1468 perio
1175 1427 1206 1458 in
1229 1426 1360 1458 feodum
1386 1427 1579 1468 recipiemus
1603 1430 1636 1459 et
1659 1437 1701 1459 ex
1724 1427 1786 1459 hiis
1809 1438 1868 1459 nos

1061 1488 1118 1510 seu
1140 1477 1279 1510 heredes
1301 1479 1402 1510 nostri
1425 1482 1606 1510 castrenses
1630 1478 1723 1511 liberi
1747 1480 1868 1511 erimus

1060 1529 1093 1561 in
1121 1533 1226 1561 castro
1255 1532 1415 1571 perpetuo
1444 1529 1612 1572 sepedicto
1642 1541 1701 1563 nec
1729 1541 1749 1562 a
1777 1531 1870 1563 nobis

1061 1583 1200 1612 castrum
1224 1583 1426 1623 sepetactum
1449 1591 1508 1623 per
1523 1581 1646 1613 nullum
1662 1581 1794 1614 modum
1811 1593 1868 1615 seu

1059 1632 1199 1664 colorem
1218 1643 1443 1675 quemcunque
1467 1632 1592 1665 absolvi
1616 1633 1726 1675 debet,
1749 1635 1811 1666 nisi
1833 1638 1869 1666 ut

1058 1684 1169 1716 usibus
1198 1685 1296 1726 regiis
1319 1687 1351 1716 et
1375 1684 1488 1716 honori
1518 1685 1647 1727 imperii
1674 1690 1866 1718 reservetur.

1058 1735 1292 1768 Nichilominus
1308 1738 1426 1776 tamen,
1450 1739 1486 1767 ut
1501 1736 1682 1778 predictum
1700 1741 1759 1778 est,
1783 1741 1866 1769 tam-

1059 1798 1155 1829 quam
1178 1790 1359 1819 castrenses
1389 1787 1483 1819 liberi
1511 1791 1669 1830 perpetuo
1698 1789 1730 1820 in
1759 1792 1866 1820 castro

1057 1839 1319 1880 permanebimus
1353 1838 1523 1880 prelibato.
1610 1838 1754 1872 Residue
1787 1851 1866 1873 vero

1058 1891 1232 1932 quingente
1249 1889 1330 1922 libre
1351 1890 1392 1922 de
1408 1900 1534 1922 summa
1550 1891 1730 1933 prescripta
1747 1891 1863 1923 nobili-

1057 1941 1117 1974 bus
1128 1942 1204 1973 viris
1211 1941 1361 1973 Gotfrido
1375 1941 1416 1974 de
1429 1940 1515 1983 Seyn
1532 1942 1598 1974 filio
1615 1942 1807 1984 Engelberti
1823 1943 1865 1975 de

1058 1991 1145 2035 Seyn
1168 1996 1201 2024 et
1223 1992 1357 2034 Dytrico
1381 1993 1421 2025 de
1442 1993 1591 2025 Rflnchel
1615 1993 1666 2025 vel
1689 1994 1865 2027 heredibus

1058 2053 1170 2076 eorum
1187 2043 1346 2086 equaliter
1361 2044 1544 2077 dividentur
1559 2048 1592 2077 et
1608 2045 1744 2087 quisque
1761 2046 1864 2079 dicto-

1057 2106 1126 2127 rum
1141 2095 1277 2127 duorum
1286 2096 1541 2139 vigintiquinque
1552 2096 1650 2129 libras
1660 2096 1865 2130 Hallensium

1059 2146 1099 2178 de
1123 2147 1261 2188 propriis
1283 2148 1348 2180 suis
1371 2147 1551 2180 redditibus
1574 2149 1605 2180 in
1630 2149 1779 2181 manibus
1801 2150 1862 2182 im-

1058 2199 1139 2240 perii
1169 2198 1346 2240 resignabit
1369 2202 1402 2230 et
1425 2199 1558 2232 easdem
1582 2211 1602 2232 a
1624 2211 1702 2243 rege
1726 2201 1778 2233 vel
1802 2202 1862 2233 im-

1058 2253 1208 2291 peratore
1233 2250 1287 2292 qui
1304 2260 1362 2292 pro
1386 2254 1533 2293 tempore
1557 2252 1655 2284 fuerit
1677 2253 1710 2284 in
1731 2252 1863 2285 feodum

1058 2305 1219 2333 castrense
1244 2301 1401 2343 recipient
1429 2305 1463 2334 et
1490 2306 1655 2345 tamquam
1683 2308 1864 2336 castrenses

1058 2352 1151 2384 liberi
1167 2353 1199 2384 in
1215 2357 1320 2384 castro
1335 2352 1518 2386 deservient
1534 2358 1724 2387 memorato.
1768 2355 1863 2388 Circa

1058 2413 1136 2435 vero
1165 2404 1376 2445 principium·
1398 2408 1556 2438 structure
1584 2407 1730 2449 predicte
1758 2407 1862 2449 nobis,

1056 2456 1082 2487 si
1104 2465 1237 2488 necesse
1260 2455 1357 2487 fuerit
1379 2460 1413 2488 et
1435 2457 1467 2489 id
1484 2457 1588 2499 ipsum
1612 2459 1863 2501 requisierimus,

1055 2506 1197 2538 nobilem
1231 2507 1334 2539 virum
1365 2507 1551 2541 Goth-idum
1586 2509 1628 2542 de
1661 2509 1863 2552 Eppenstein

1058 2558 1248 2590 advocatum
1285 2560 1515 2601 provincialem
1554 2571 1614 2603 per
1647 2561 1861 2594 Wedrebiam

1058 2620 1130 2642 cum
1142 2610 1325 2642 civitatibus
1335 2610 1514 2644 Wedrebie
1526 2613 1558 2644 in
1575 2613 1731 2645 auxilium
1744 2613 1863 2655 diriget

1057 2664 1090 2694 et
1105 2662 1310 2694 transmittet.
1398 2662 1436 2694 In
1460 2664 1550 2696 cuius
1573 2665 1620 2696 rei
1643 2665 1862 2697 testimonium

1620 2826 1654 2852 70
