2190 3172
316 275 379 305 274
555 270 653 298 ACTA
670 269 783 297 REGNI
802 267 985 295 LUDEWICI
1004 266 1052 293 IV.
1070 265 1117 292 ET
1137 263 1322 292 FRIDERICI
1339 263 1389 290 ΙΙΙ.
1426 262 1501 290 1315.
1537 261 1586 289 Nr.
1598 262 1657 290 320.
1676 261 1735 290 321.

317 359 471 391 dilectum
495 357 682 398 reciperetis
705 356 737 387 in
761 355 947 387 canonicum
976 357 1007 385 et
1039 352 1170 384 fratrem
1202 351 1244 383 ob
1272 360 1404 392 precum
1426 353 1607 382 nostrarum
1630 349 1802 391 primitiae,
1825 352 1967 381 nostram

319 414 353 443 et
376 411 458 442 sacri
481 409 606 451 imperii
630 407 858 446 reverentiam,
889 406 937 437 ius
960 404 1002 436 ad
1025 414 1083 435 nos
1106 402 1250 435 delatum
1273 413 1292 434 a
1316 401 1397 433 divis
1420 401 1670 443 imperatoribus
1693 404 1726 433 et
1747 401 1968 434 Romanorum

319 461 450 503 regibus
484 460 654 499 servaturi,
690 458 772 490 sicut
805 468 824 489 a
856 456 972 488 ceteris
1004 455 1131 497 imperii
1160 453 1300 486 Romani
1335 452 1467 494 prelatis
1499 456 1533 484 et
1566 453 1711 494 personis
1743 452 1968 485 ecclesiasticis

318 513 522 551 observatur,
551 521 607 542 vos
636 513 743 541 autem
772 518 861 540 more
889 507 984 539 surde
1012 505 1131 548 aspidis
1158 515 1272 547 preces
1300 507 1425 536 nostras
1453 503 1636 536 huiusmodi
1662 515 1726 536 non
1753 505 1887 536 curastis
1910 504 1968 536 ad-

318 565 446 597 mittere
478 564 510 594 in
540 562 717 594 elusionem
752 564 784 592 et
813 562 1032 600 contemptum
1062 557 1262 599 imperatorii
1290 556 1436 588 culminis
1465 559 1639 598 nostreque
1672 557 1762 599 regie
1794 555 1968 599 dignitatis.

318 616 524 657 Quapropter
545 614 613 645 sine
637 613 713 643 iuris
736 611 851 642 iniuria
873 611 906 641 in
922 608 1209 641 condescendentis
1229 607 1486 640 comminationis
1509 608 1647 650 strepitu
1668 607 1700 639 in
1723 618 1780 639 vos
1802 618 1970 650 possemus

318 666 532 699 exardescere
562 665 657 706 vique
688 673 746 705 per
775 663 838 693 vim
866 661 994 703 repulsa
1023 671 1094 692 cum
1118 660 1280 702 inculpate
1310 657 1412 691 tutele
1440 658 1662 691 moderamine
1684 660 1749 700 ius,
1777 659 1865 702 quod
1887 659 1969 692 anti-

319 729 383 761 qua
411 721 443 750 et
466 716 647 759 approbata
670 713 867 746 consuetudo
897 713 937 744 ad
965 723 1023 744 nos
1053 712 1183 751 detulit,
1214 710 1373 743 illibatum
1396 710 1525 752 penitus
1548 721 1748 743 conservare.
1790 711 1913 744 Verum
1935 714 1971 743 ut

318 769 514 811 simplicitati
530 771 636 799 vestre
658 776 790 808 parcere
806 765 984 803 videamur,
1008 764 1103 795 tertio
1119 763 1210 795 vobis
1226 762 1455 795 conscribimus
1478 763 1668 805 scriptisque
1685 763 1849 795 devotioni
1865 767 1970 795 vestre

318 821 513 863 precipimus
547 822 654 851 nostre
689 818 793 860 gratie
832 816 891 848 sub
927 816 1074 856 obtentu,
1109 816 1259 858 quatinus
1292 814 1439 857 relegato
1473 815 1690 847 excusationis
1723 815 1883 847 velamine
1912 825 1972 857 per

319 872 492 904 discretum
505 871 607 903 virum
621 871 860 902 Parmexanum
877 871 1018 900 vestrum
1035 868 1286 900 concanonicum
1302 877 1406 909 nuper
1420 869 1528 898 nostro
1544 866 1711 909 proposito
1728 866 1867 908 culmini,
1885 866 1972 909 quod

318 924 435 956 nullius
458 923 526 955 fore
549 922 714 961 momenti,
739 922 836 952 immo
860 921 966 952 verius
988 920 1113 951 irritum
1137 919 1340 951 decernimus
1363 922 1397 951 et
1418 919 1524 960 inane,
1547 921 1763 950 memoratum
1783 918 1972 960 magistrum

320 975 515 1015 Iohannem,
549 974 637 1005 cuius
661 972 811 1015 legalitas
839 982 902 1003 non
925 971 1087 1003 modicum
1117 970 1178 1002 sibi
1206 970 1312 1003 locum
1340 971 1372 1002 in
1395 974 1504 1002 nostra
1527 970 1615 1002 curia
1638 970 1844 1013 conquisivit,
1868 969 1973 1002 adhuc

320 1027 483 1069 recipiatis
499 1026 677 1058 voluntarie
693 1025 726 1056 in
742 1024 930 1056 canonicum
947 1027 980 1055 et
994 1024 1027 1055 in
1043 1023 1187 1063 fratrem,
1210 1022 1250 1054 de
1266 1021 1424 1054 beneficio
1444 1032 1502 1055 seu
1517 1023 1614 1065 plena
1629 1021 1795 1064 prebenda
1810 1022 1843 1054 in
1858 1021 1974 1054 eadem

319 1082 428 1111 vestra
452 1078 589 1110 ecclesia
613 1076 719 1109 eidem
743 1075 826 1108 adeo
850 1074 1028 1107 liberaliter
1043 1075 1211 1117 provisuri,
1236 1073 1322 1116 quod
1338 1073 1517 1106 devotionis
1541 1075 1574 1105 et
1595 1073 1672 1105 fidei
1687 1077 1792 1106 vestre
1815 1074 1973 1116 prompti-

320 1130 465 1163 tudinem
488 1130 603 1161 merito
628 1127 890 1160 commendantes
914 1138 969 1158 vos
998 1130 1031 1159 et
1055 1126 1226 1159 ecclesiam
1249 1129 1389 1158 vestram
1419 1125 1553 1168 gratiosi
1581 1135 1710 1168 semper
1736 1125 1854 1158 favoris
1881 1124 1973 1158 beni-

321 1182 463 1214 volentia
487 1180 664 1213 debeamus
688 1179 847 1212 extollere
870 1190 908 1212 ac
925 1179 1093 1222 condignis
1116 1178 1292 1211 honoribus
1309 1178 1476 1220 ampliare.
1513 1176 1579 1210 Pro
1603 1180 1690 1209 certo
1715 1177 1845 1219 quidem
1869 1176 1974 1210 credi·

322 1244 393 1266 mus
425 1236 458 1265 et
486 1236 649 1272 tenemus,
686 1231 772 1274 quod
801 1232 833 1263 in
864 1232 912 1263 sui
942 1232 1127 1273 receptione
1157 1230 1261 1272 magis
1288 1229 1512 1272 providebitur
1541 1228 1678 1261 ecclesie
1706 1238 1802 1271 quam
1826 1238 1974 1271 persone.

322 1285 361 1317 In
388 1285 551 1326 premissis
581 1284 689 1315 taliter
716 1283 887 1325 facientes,
924 1283 1011 1326 quod
1041 1294 1098 1314 vos
1133 1282 1176 1315 ad
1208 1283 1270 1314 hoc
1304 1281 1490 1314 faciendum
1523 1291 1583 1324 per
1614 1280 1770 1313 bonorum
1797 1283 1975 1314 vestrorum

321 1336 567 1369 arrestationem
590 1346 628 1367 ac
652 1345 711 1377 per
733 1335 806 1375 alia,
831 1346 893 1378 que
917 1336 1001 1368 circa
1024 1334 1171 1378 predicta
1188 1333 1344 1377 expedire
1360 1332 1564 1373 videbuntur,
1588 1335 1695 1365 artare
1718 1343 1756 1365 ac
1778 1332 1975 1375 compellere

322 1399 385 1421 non
413 1397 575 1430 cogamur.
621 1386 725 1428 Super
753 1396 792 1419 eo
819 1387 911 1419 nobis
934 1390 1075 1420 vestram
1098 1386 1229 1419 rescribi
1253 1386 1401 1418 nolumus
1424 1385 1666 1418 excusationem
1689 1385 1819 1417 inantea
1841 1384 1893 1418 vel
1916 1384 1975 1418 ali-

323 1439 461 1482 qualiter
481 1437 679 1471 demandari.

429 1491 505 1523 Dat.
528 1491 560 1522 in
584 1490 695 1522 castris
711 1500 811 1533 prope
828 1490 1042 1532 Mindelberg‚
1067 1490 1124 1523 VI.
1141 1490 1239 1522 Nune
1256 1488 1450 1532 Septembr„
1473 1488 1688 1531 regni'nostri
1711 1499 1794 1522 anno
1818 1488 1931 1530 primo.

655 1708 729 1744 321.
764 1708 917 1744 LITTE
924 1707 1029 1744 RAE
1058 1708 1088 1744 Ε
1095 1707 1148 1744 LI
1155 1707 1257 1743 ZAB
1264 1707 1370 1743 ETH
1398 1707 1469 1743 RE
1478 1706 1513 1744 G
1520 1707 1650 1744 INAE

803 1764 878 1800 AD
903 1763 1079 1801 ALFON
1085 1763 1191 1801 SUM
1220 1763 1359 1800 FRAT
1366 1762 1500 1800 REM.

995 1832 1140 1875 (1315.)
1174 1831 1254 1868 Oct.
1279 1832 1309 1868 1.

436 1931 596 1972 Oriyinale
619 1933 691 1972 (or.)
720 1932 754 1963 in
785 1931 944 1964 tabulario
972 1932 1057 1972 reqio
1086 1931 1324 1964 Barcinonensi
1349 1931 1440 1965 GRD
1463 1932 1579 1963 12750.
1628 1931 1735 1972 Siyilli
1765 1931 1896 1971 vestiyia
1922 1929 1980 1962 ad-

325 1987 409 2018 sunt,
433 2003 472 2007 -
496 1983 559 2015 Ed.
576 1983 680 2015 Fini-e
702 1984 794 2015 ‘Acta
810 1984 1044 2024 Arayonensia'
1066 1984 1094 2023 1,
1111 1986 1175 2015 370
1196 1995 1247 2016 nr.
1262 1984 1327 2015 249
1349 1995 1388 2016 ex
1411 1995 1456 2016 or.
1476 1984 1520 2016 ad
1541 1994 1663 2016 annum
1679 1984 1779 2022 1320,·
1800 1982 1855 2016 sed
1868 1982 1980 2023 potius

325 2046 410 2068 anno
434 2036 528 2069 1315.
552 2035 788 2067 adiudicandas
811 2046 888 2074 esse,
915 2046 954 2067 ex
981 2036 1097 2076 scripto
1126 2046 1227 2077 supra
1251 2045 1302 2067 nr.
1322 2035 1387 2067 242
1408 2038 1554 2076 apparet,
1581 2035 1638 2068 ubi
1663 2034 1769 2067 eadem
1795 2034 1860 2075 fere
1887 2033 1980 2067 verba

326 2087 527 2120 adhibentur.
572 2087 753 2119 Editionem
775 2089 953 2127 repetimus.

438 2143 486 2181 Cf.
510 2153 560 2175 nr.
575 2143 638 2174 254
662 2145 690 2174 et
712 2143 786 2175 291.

436 2229 604 2260 Elizabeth
621 2229 684 2262 Dei
701 2230 810 2271 gracia
825 2229 1045 2262 Romanorum
1070 2231 1182 2272 regina
1240 2230 1412 2272 magnifico
1428 2229 1564 2272 principi
1581 2229 1715 2262 Alfonso
1731 2229 1841 2262 comiti
1856 2227 1982 2271 Urgelli

329 2280 419 2312 fratri
443 2291 499 2312 suo
524 2280 643 2312 dilecto
710 2281 847 2313 salutem
871 2285 904 2313 et
928 2281 1081 2324 quicquid
1104 2284 1212 2324 potest
1235 2282 1380 2314 amicicie
1404 2286 1438 2314 et
1460 2282 1588 2314 amoris.

436 2332 481 2363 Ut
516 2332 556 2364 de
586 2333 676 2364 novis
710 2332 894 2364 letabundis
929 2344 991 2376 que
1026 2333 1114 2375 apud
1152 2344 1210 2365 nos
1244 2337 1318 2365 sunt
1350 2344 1469 2366 novum
1492 2333 1556 2365 tuis
1587 2332 1766 2375 precordiis
1798 2332 1982 2365 innascatur

330 2383 493 2425 gaudium,
517 2384 575 2416 tibi
599 2384 802 2426 presentibus
826 2384 1037 2426 declaramus,
1062 2385 1148 2428 quod
1165 2385 1371 2417 ordinacione
1388 2384 1504 2417 deifica
1523 2384 1702 2426 subiugatis
1718 2383 1811 2416 nobis
1825 2383 1982 2416 universis

330 2435 521 2476 civitatibus,
545 2435 788 2476 municionibus,
811 2435 973 2468 nobilibus
996 2440 1029 2469 et
1051 2437 1164 2469 incolis
1186 2437 1343 2469 universis
1365 2440 1525 2469 terrarum
1539 2436 1669 2469 Alsacie
1693 2439 1727 2468 et
1742 2435 1878 2478 Swevie,
1902 2445 1983 2478 quas

330 2489 484 2528 tanquam
515 2491 639 2529 partem
672 2489 858 2530 precipuam
893 2492 925 2521 et
959 2499 1014 2521 cor
1047 2489 1176 2532 imperii
1207 2492 1408 2531 reputamus,
1441 2489 1664 2521 serenissimus
1694 2487 1841 2520 dominus
1873 2490 1984 2519 noster

332 2537 478 2569 dominus
500 2538 710 2580 Frid(ericus)
734 2539 955 2572 Romanorum
983 2551 1043 2572 rex
1071 2540 1266 2573 conthoralis
1296 2543 1406 2573 noster
1428 2540 1564 2573 dilectus
1588 2539 1630 2572 ad
1652 2539 1874 2582 reprimendas
1896 2539 1982 2572 inso—

331 2589 451 2621 lencias
486 2591 628 2631 perversi
658 2592 833 2623 conaminis
859 2592 1045 2633 Lud(ovici)
1081 2592 1171 2625 ducis
1193 2593 1332 2625 Bavarie
1366 2593 1456 2635 pacis
1490 2591 1664 2624 turbatoris
1697 2591 1730 2623 in
1758 2591 1881 2633 campis
1909 2601 1982 2624 cum

334 2642 477 2673 exercitu
511 2642 640 2683 copioso
671 2643 754 2674 circa
784 2644 948 2675 civitatem
974 2644 1105 2677 Ulmam
1140 2647 1188 2677 est
1217 2645 1408 2677 constitutus
1437 2643 1479 2676 ad
1508 2642 1712 2686 preparanda
1735 2642 1872 2675 comoda
1895 2645 1982 2674 tran-

333 2692 499 2733 quillitatis
522 2693 647 2734 imperii
670 2693 817 2725 fidelibus
841 2694 966 2737 sibique
994 2695 1135 2737 dilectis,
1164 2699 1197 2728 et
1229 2696 1316 2738 quod
1343 2696 1431 2728 idem
1462 2695 1673 2737 Lud(ovicus)
1696 2695 1835 2727 vicinum
1859 2693 1982 2726 domini

332 2744 432 2775 nostri
454 2744 627 2777 adventum
650 2746 824 2778 abhorrens
848 2750 1013 2789 tamquam
1036 2749 1103 2780 avis
1133 2749 1244 2780 territa
1269 2748 1458 2781 diverticula
1482 2748 1560 2790 fuge
1584 2757 1721 2789 querens
1745 2757 1779 2778 se
1802 2745 1983 2788 presentari

334 2796 557 2838 conspectibus
597 2797 718 2829 domini
749 2799 847 2830 nostri
886 2800 1093 2840 pertimescit.
1151 2799 1303 2833 Ceterum
1343 2811 1416 2833 cum
1457 2809 1613 2843 corporea
1648 2798 1792 2831 fruamur
1827 2798 1982 2841 sospitate

437 2889 503 2917 3⁸20.
531 2892 554 2923 εΒ)
574 2892 609 2918 sic
622 2901 674 2925 pro
693 2892 754 2918 1d.‡2
773 2902 809 2918 or.

1989 829 2016 850 10

1993 1087 2017 1107 1⁵

1995 1770 2020 1791 25

2000 2397 2026 2418 ³5

1999 2656 2027 2676 40
