2190 3172
477 205 573 234 ACTA
592 203 705 232 amm
724 203 907 233 LUDEWICI
926 203 973 232 lv.
992 203 1039 231 ΕΤ
1058 202 1240 231 anmuci
1258 203 1307 231 111.
1345 202 1420 230 1318.
1456 202 1505 230 Nr.
1517 202 1577 230 480.
1595 202 1655 230 481.
1828 204 1892 236 393

240 296 412 326 veneratur
424 293 603 335 imperium,
619 303 744 325 necnon
759 290 934 336 [propter]b
947 291 1117 335 probitatis
1131 301 1188 324 sue
1204 291 1329 332 merita,
1346 289 1462 333 quibus
1477 289 1721 322 commendatus
1736 289 1892 332 multipli-

241 346 322 377 citer
336 348 508 386 meruerat,
525 344 611 387 quod
627 345 691 377 suis
706 343 843 377 ubilibet
857 353 1032 386 precavere
1048 342 1224 385 dispendiis
1241 346 1275 375 et
1289 341 1459 385 providere
1474 341 1757 374 commoditatibus
1772 341 1891 373 sollici-

241 395 352 428 tudine
364 396 455 438 regia
466 394 638 438 plurimum
650 394 848 436 affeetumur,
865 397 898 427 et
908 397 944 426 ut
955 394 1026 436 ipse
1039 393 1080 426 de
1093 396 1186 436 grato
1197 392 1356 426 habeatur
1367 394 1488 435 gratior
1501 396 1534 426 et
1545 393 1688 425 favorem
1701 393 1763 425 sibi
1775 393 1895 425 sentiat

241 447 365 489 regium
378 447 576 488 vendicasse,
592 447 707 489 ipsum,
723 446 868 478 homines
884 450 918 479 et
934 446 1019 478 bona
1033 456 1091 478 sua
1102 445 1252 478 universa
1266 446 1297 477 in
1310 449 1451 478 nostram
1469 448 1502 478 et
1517 446 1598 478 sacri
1610 445 1748 477 Romani
1764 445 1893 487 imperii

208 510 220 529 ι
239 500 472 541 protectionem
497 502 530 531 et
545 498 765 531 defensionem
788 499 970 540 recepimus
985 498 1171 540 specialem,
1194 497 1416 530 desiderantes
1431 498 1534 540 ipsum
1552 496 1812 529 desiderabiliter
1833 496 1893 528 sub

240 550 364 583 alarum
395 554 575 582 nostrarum
598 550 794 582 defensionis
820 550 1007 582 umbraculo
1035 550 1205 592 respirare.
1251 549 1458 592 Quapropter
1488 549 1728 581 universitatem
1752 552 1892 581 vestram

239 602 272 634 in
294 612 415 645 genere
439 606 472 634 et
494 603 525 634 in
548 602 657 644 specie
680 602 857 634 affectuose
880 602 1072 645 requirimus
1094 604 1128 634 et
1149 611 1300 644 rogamus
1322 602 1514 633 auctoritate
1537 602 1627 644 regia
1642 600 1734 633 vobis
1756 600 1891 632 nichilo-

239 654 344 686 minus
366 654 579 695 iniungentes,
604 654 753 696 quatinus
768 653 948 696 predictum
963 653 1192 692 Rambaldum,
1215 656 1357 685 nostrum
1382 657 1416 685 et
1437 653 1563 696 imperii
1579 652 1709 685 fidelem
1726 652 1892 693 dilectum,

239 705 272 737 in
294 715 447 748 persona,
478 705 658 737 hominibus
685 708 718 737 et
741 705 833 737 bonis
862 706 927 737 suis
949 704 1114 737 offendere
1136 705 1319 738 nullatenus
1341 705 1535 747 presumatis
1564 715 1624 736 nec
1646 703 1826 747 perturbari
1849 703 1891 736 ab

197 764 222 784 ¹⁰
240 756 348 798 aliquo
378 757 585 798 permittatis,
619 757 701 788 sicut
729 757 867 799 gratiam
894 756 986 789 vobis
1015 766 1204 799 comparare
1235 757 1357 799 regiam
1389 759 1423 789 et
1450 756 1702 799 indignationem
1728 756 1894 788 volueritis

238 808 372 840 evitare.
460 807 498 840 In
522 809 611 840 cuius
628 809 835 850 protectionis
857 811 966 841 nostre
982 809 1199 841 testimonium
1215 811 1382 850 presentes
1397 809 1522 840 litteras
1544 808 1639 840 scribi
1662 811 1696 840 et
1715 808 1893 840 maiestatis

239 863 348 891 nostre
371 859 476 902 sigillo
499 860 648 891 iussimus
672 860 870 892 communiri.

349 910 467 943 Datum
499 911 586 953 apud
609 911 748 953 Grechz,
777 912 887 954 quinto
910 911 983 944 Kal.
999 911 1122 952 Martii,
1151 922 1234 943 auno
1261 911 1392 944 Domini
1415 911 1665 952 MCCCXVIII,
1694 912 1784 954 regni
1815 921 1891 943 vero

241 963 341 995 nostri
363 973 446 995 anno
470 967 594 1005 quarto.

199 1138 223 1158 ι»
241 1130 315 1167 481.
344 1129 461 1166 MAN
468 1129 660 1168 DATUM
682 1115 964 1168 LUDEWICI'
980 1130 1056 1168 AD
1081 1128 1382 1168 CIVITATEM
1404 1129 1891 1168 WETZLARIENSEM.

902 1200 1010 1237 1318.
1046 1199 1154 1236 Febr.
1175 1199 1236 1236 26.

353 1298 513 1340 Oriyinale
541 1299 615 1341 (or.)
644 1299 679 1331 in
708 1299 867 1331 tabulario
889 1299 1028 1331 civitatis
1051 1298 1295 1332 Wetzlariensis.
1340 1298 1462 1331 Pendet
1483 1298 1622 1340 siyiuum
1648 1302 1799 1332 secretum
1825 1299 1891 1343 loro

241 1351 483 1384 membranaceo.
513 1370 554 1374 —
585 1350 648 1383 Ed.
674 1350 801 1383 Reimer
823 1350 1014 1383 ‘Hessisches
1042 1350 1308 1384 Urkundenbuch’
1331 1350 1387 1390 ΙΙ,
1409 1350 1432 1382 2
1457 1361 1493 1391 p.
1510 1351 1574 1382 184
1603 1361 1653 1383 nr.
1678 1351 1742 1382 190
1775 1362 1814 1384 ex
1845 1362 1890 1384 or.

241 1402 425 1435 Editionem
446 1403 626 1443 repetimus.

198 1473 225 1494 so
349 1463 497 1501 Biihmem
521 1462 596 1503 Req.
612 1462 725 1495 Ludw.
746 1473 779 1503 p.
796 1464 838 1494 18
860 1473 908 1495 nr.
928 1463 1000 1495 301.

355 1522 403 1562 Cf.
426 1533 525 1563 supra
546 1533 597 1555 nr.
612 1523 685 1555 462.

349 1609 570 1650 Lud(owi)cus
593 1607 656 1640 Dei
679 1608 788 1651 gracia
811 1607 1029 1640 Romanorum
1061 1618 1120 1640 rex
1149 1619 1278 1652 semper
1307 1612 1460 1652 augustus
1525 1608 1736 1651 prudentibus
1759 1609 1834 1641 viris
1858 1634 1891 1643 ..

241 1661 389 1702 sculteto,
413 1685 421 1693 .
438 1685 444 1693 .
462 1661 662 1693 consulibus·
678 1664 711 1692 et
729 1660 928 1692 universitati
951 1661 1066 1692 civium
1079 1660 1363 1703 Wetflariensium,
1386 1661 1535 1693 fidelibus
1558 1661 1622 1693 suis
1638 1660 1763 1693 dilectis
1817 1671 1891 1704 gra-

242 1714 323 1746 ciam
347 1724 437 1746 suam
461 1716 495 1745 et
517 1723 612 1745 omne
635 1712 763 1744 bonum.

198 1776 223 1796 25
349 1764 556 1797 Fidelitatem
572 1768 712 1796 vestram
729 1764 790 1806 piis
806 1764 1089 1796 exhortacionibus
1105 1765 1295 1807 requirimus
1319 1767 1352 1796 et
1367 1774 1544 1803 monemus,
1567 1765 1716 1806 quatinus
1731 1764 1892 1797 nobilibus

241 1818 317 1849 viris
332 1817 485 1859 Philippo
509 1820 542 1848 et
557 1816 709 1858 Philippo
734 1815 774 1847 de
791 1816 1031 1856 Valckenstein,
1056 1815 1204 1848 Gotfrido
1227 1816 1268 1848 de
1284 1815 1483 1858 Eppenstein
1507 1819 1540 1847 et
1554 1815 1663 1848 Ulrico
1687 1815 1727 1848 de
1744 1815 1890 1849 Hanowe

241 1869 391 1901 fidelibus
413 1869 528 1901 nostris
545 1868 670 1900 dilectis
692 1878 850 1899 summam
866 1868 1002 1910 pecunie
1025 1867 1110 1910 apud
1128 1878 1184 1899 vos
1207 1868 1399 1900 auctoritate
1422 1868 1511 1910 regia
1528 1867 1715 1910 deputatam
1737 1868 1891 1910 expedite

242 1920 346 1953 velitis
361 1921 486 1952 solvere
510 1923 543 1952 et
558 1919 649 1951 iuxta
671 1918 765 1950 solite
781 1918 953 1950 solucionis
967 1919 1122 1950 terminos
1144 1918 1222 1960 ipsis
1241 1918 1490 1961 cooperabiliter
1505 1919 1691 1951 satisfacere
1707 1919 1748 1951 de
1765 1919 1889 1952 eadem.

241 1972 306 2004 Pro
334 1975 423 2004 certo
451 1971 574 2009 scituri,
602 1970 688 2013 quod
711 1980 770 2012 por
792 1970 1049 2002 satisfaccionem
1076 1981 1133 2002 seu
1156 1970 1353 2003 solucionem
1375 1970 1509 2012 prefatis
1531 1970 1692 2003 nobilibus
1715 1970 1833 2003 factam
1857 1975 1892 2004 et

197 2034 223 2055 so
242 2024 420 2056 exhibitam
447 2023 539 2055 nobis
567 2026 600 2055 et
626 2021 775 2054 officiatis
801 2023 917 2054 nostris
944 2021 1141 2063 quibuslibet
1167 2021 1384 2054 satisfactumb
1407 2022 1535 2064 publice
1563 2022 1758 2064 profitemur.
1851 2022 1889 2054 In

241 2077 331 2108 cuius
353 2076 400 2108 rei
424 2075 640 2107 testimonium
665 2078 832 2116 presentes
855 2074 978 2106 litteras
1000 2075 1150 2106 iussimus
1172 2074 1277 2116 sigillo
1300 2078 1409 2106 nostro
1433 2075 1632 2108 communiri.

348 2127 423 2159 Dat.
440 2126 627 2169 Ratispone,
644 2126 722 2158 IIII.
736 2125 873 2158 Kalend.
886 2126 1009 2167 Marcii,
1033 2136 1115 2157 anno
1136 2125 1265 2157 Domini
1286 2125 1456 2158 millesimo
1472 2125 1681 2167 CCCXVIII,
1705 2127 1794 2169 regni
1812 2137 1889 2159 vero

240 2179 340 2211 nostri
364 2189 446 2210 anno
470 2181 584 2221 quarto
596 2179 618 2209 ¹.

344 2306 411 2335 480.
438 2307 463 2341 b)
482 2309 574 2334 excidit
592 2317 613 2334 c.

199 2373 223 2394 ss
347 2362 412 2390 481.
442 2364 466 2396 ⁸)
485 2383 491 2391 .
505 2383 511 2390 .
530 2364 592 2390 add.
611 2373 649 2389 or.
737 2363 761 2395 b)
780 2364 937 2390 satisfactum
955 2372 994 2390 or.

343 2433 371 2465 1)
402 2431 438 2458 In
459 2431 636 2458 adnotatione
655 2431 782 2465 ponimus
802 2431 975 2465 quitationem
997 2431 1083 2458 ΠΜ
1105 2431 1138 2458 de
1155 2430 1277 2458 Hanowe
1297 2440 1323 2458 a.
1341 2434 1410 2459 1318.
1435 2431 1504 2459 Mai.
1521 2431 1556 2459 2?
1576 2431 1681 2465 ἀαέωκ,
1712 2440 1793 2466 quan·
1815 2431 1887 2459 dedet

242 2474 350 2503 Reimer
366 2474 384 2502 1.
397 2482 419 2502 c.
434 2483 464 2509 p.
478 2478 528 2502 1⁸7
544 2482 587 2502 nr.
600 2478 647 2502 194
665 2482 698 2501 cst:
715 2474 842 2509 ori-qimi*
859 2474 974 2502 eiusdem
991 2474 1126 2502 tabularii.
1162 2474 1316 2501 bilitionem
1333 2474 1481 2508 repetimus.

346 2526 403 2554 Nos
422 2525 532 2554 Ulrieus
557 2525 684 2554 dominus
706 2526 734 2553 in
756 2526 880 2554 Hanowe
899 2526 971 2554 viros
995 2526 1130 2554 discretos
1148 2546 1155 2553 .
1169 2547 1175 2554 .
1194 2526 1350 2561 oppidanos
1362 2526 1571 2554 Wetflarienses
1591 2526 1627 2554 de
1652 2528 1763 2554 centum
1786 2527 1888 2555 marcis

241 2569 416 2597 denariorum
429 2568 636 2596 Coloniensium
651 2569 732 2596 nobis
744 2569 858 2596 traditis
875 2570 904 2597 et
922 2569 1029 2601 solutis.
1048 2578 1117 2603 quas
1136 2569 1216 2596 nobis
1234 2578 1267 2597 ex
1286 2571 1367 2604 parte
1379 2569 1547 2598 serenissimi
1561 2569 1666 2597 domini
1679 2570 1766 2597 nostri
1780 2570 1886 2598 domini

198 2621 224 2640 co
242 2612 405 2647 Lud(ow)ioi
427 2611 501 2647 regis
526 2611 712 2639 Romanorum
737 2611 766 2639 iu
788 2612 860 2640 festo
883 2612 959 2640 beati
983 2612 1098 2640 Martini
1123 2621 1194 2639 nunc
1218 2611 1344 2647 proxime
1367 2612 1463 2647 elapso
1485 2612 1601 2640 solvisse
1623 2613 1797 2646 debuissent,
1824 2622 1886 2648 pro-

240 2655 407 2683 nunciamus
429 2655 523 2690 quitos
547 2657 576 2683 et
598 2655 711 2682 solutos.
747 2654 948 2683 Promittentes
970 2655 1061 2683 dictos
1085 2655 1220 2690 opidanos
1246 2655 1283 2683 ab
1310 2655 1386 2683 omni
1408 2655 1588 2691 impeticione
1615 2658 1644 2684 et
1669 2655 1790 2692 dampno
1817 2657 1886 2692 ipsis

241 2698 387 2727 occasione
405 2697 563 2725 huiusmodi
586 2697 704 2733 pecunie
729 2706 779 2732 per
797 2698 937 2732 prefatum
956 2698 1098 2726 dominum
1122 2701 1245 2726 nostrum
1268 2706 1361 2733 regem
1383 2698 1530 2733 ingruente
1549 2707 1711 2726 conservare
1734 2699 1837 2727 liberos
1856 2702 1885 2727 et

241 2741 412 2776 indempnes.
448 2741 484 2769 Et
502 2741 600 2768 damus
619 2741 669 2767 has
687 2740 796 2768 litteras
814 2741 949 2775 predictis
966 2741 1116 2776 oppidanis
1138 2741 1225 2768 nostri
1248 2741 1337 2776 sigilli
1358 2741 1529 2776 appensione
1552 2741 1736 2769 communitas
1758 2742 1786 2769 in
1807 2742 1885 2770 testi—

242 2784 364 2812 monium
382 2792 465 2819 super
483 2792 523 2811 eo.

197 2835 224 2855 ιε,
346 2829 424 2855 Anno
443 2826 554 2854 Domini
574 2827 771 2861 mcccxvm,
792 2828 850 2856 Vll.
870 2830 919 2863 (an
937 2828 1072 2863 leqmdum
1091 2827 1174 2862 V1.?)
1191 2827 1286 2854 Nonas
1306 2827 1381 2854 Maii.

344 2887 385 2907 u..
397 2886 622 2906 cosme-m
634 2887 659 2906 V.
1642 2881 1676 2908 50
