2190 3172
486 186 582 215 ACTA
600 185 714 215 REGNI
732 186 916 215 LUDEWICI
934 186 982 214 lv.
999 185 1046 214 ΕΤ
1065 184 1249 214 ῈΒΙΒΕΒΙΟΙ
1268 185 1317 213 111.
1354 184 1428 213 1316.
1465 185 1513 212 Nr.
1525 185 1584 213 356.
1603 185 1663 212 367.
1832 187 1894 218 299

545 311 630 349 356.
672 311 873 348 Constitutio
900 310 1051 348 iudicmn
1071 310 1354 357 provincialium.
1458 310 1548 357 Apr.
1568 311 1604 346 8.

362 385 522 427 Oriyinale
544 385 618 430 (or.)
652 387 689 419 in
716 385 874 418 tabulario
900 385 1104 419 Schleiziwno.
1160 384 1306 427 Siqmum
1333 385 1430 424 deas-t,
1455 384 1676 427 foraminibus
1697 384 1824 417 relictis.
1853 402 1896 407 —

250 436 311 469 Ed.
328 437 596 471 ‘Urkwndenbuch
609 437 666 470 der
688 436 778 479 1⁷59ae
796 448 855 470 von
874 437 986 470 Weida
1000 437 1065 470 etc!
1087 437 1117 477 Ι,
1136 436 1201 469 220
1222 447 1273 470 nr.
1290 437 1354 469 467
1375 447 1414 470 ex
1437 448 1482 470 or.
1519 437 1702 470 Editionem
1717 437 1894 478 repetimus.

360 497 506 537 Bo'hmer,
529 497 604 539 Rey.
620 497 732 531 Ludw.
751 509 784 539 p.
803 498 844 530 13
864 508 914 531 nr.
930 498 1003 531 199.

219 598 231 618 s
357 583 550 617 Ludowicus
571 583 635 617 Dei
657 585 762 627 gratia
784 584 1003 617 Romanorum
1027 594 1085 617 rex
1101 594 1230 627 semper
1251 586 1407 627 augustus
1466 583 1626 616 nobilibus
1649 584 1725 616 viris
1741 583 1895 616 Heinrico

250 636 367 669 seniori
402 639 435 668 et
456 635 609 669 Heinrico
643 636 759 668 iuniori
792 635 832 668 de
855 635 990 669 Plawen
1023 639 1058 669 et
1085 635 1239 668 Heinrico
1270 635 1312 668 de
1340 634 1428 668 Gera
1457 635 1623 668 advocatis
1653 635 1802 668 fidelibus
1830 635 1899 667 suis

251 687 378 721 dilectis
442 687 580 730 gratiam
604 697 695 720 suam
718 691 752 721 et
774 698 868 720 omne
891 687 1020 720 bonum.

356 738 523 772 Effrenata
546 739 732 782 cupiditate,
756 750 819 782 que
843 743 893 772 est
915 740 1004 782 pacis
1026 740 1134 772 emula
1157 742 1191 771 et
1211 742 1316 771 mater
1337 739 1452 779 litium,
1475 738 1596 782 oppido
1618 738 1758 771 faciente
1780 742 1898 771 natura

249 801 349 823 novas
371 801 498 834 semper
514 790 733 834 deproperans
756 790 854 824 edere
878 791 1006 833 formas,
1029 791 1132 834 litigia
1155 790 1287 823 cottidie
1309 790 1452 823 invenire
1475 794 1618 831 conatur,
1640 794 1677 822 ut
1698 791 1759 823 nisi
1774 790 1899 822 iustitia

207 854 232 875 ιο
250 845 383 875 conatus
406 842 474 875 eius
488 842 689 885 reprimeret,
712 853 778 885 pax
800 846 834 875 et
849 843 940 885 quies
955 842 1166 882 subditorum,
1190 852 1286 885 quam
1309 852 1439 884 semper
1453 841 1653 884 affectamus,
1677 846 1770 875 extra
1784 841 1894 874 mundi

250 895 402 927 terminos
431 894 588 927 exularet.
638 894 784 937 Ideoque
810 895 882 926 iura
913 897 947 927 et
979 898 1170 927 executores
1203 893 1380 926 eorundem
1414 894 1547 936 provide
1579 897 1774 935 statuuntur,
1809 893 1897 936 quod

249 946 412 988 appetitus
436 945 552 978 noxius
574 945 633 978 sub
656 947 732 978 iuris
748 946 867 988 regulis
883 946 1047 979 limitetur.
1086 945 1293 988 Quapropter
1314 946 1486 988 prehabita
1503 945 1738 978 deliberatione
1761 945 1896 988 provida

250 1001 283 1030 et
304 1000 430 1030 matura
453 1007 510 1030 vos
532 1000 566 1030 et
588 998 766 1040 quemlibet
788 1001 931 1030 vestrum
952 999 985 1031 in
1007 997 1160 1040 solidum,
1187 998 1220 1030 in
1243 1007 1324 1040 quos
1346 1000 1477 1030 actuum
1501 1000 1679 1030 vestrorum
1703 998 1898 1030 strennuitas

250 1052 284 1082 et
305 1049 520 1092 experientia,
551 1049 668 1082 efficax
690 1060 797 1082 rerum
819 1050 986 1092 magistra,
1017 1049 1133 1093 quibus
1162 1059 1240 1092 erga
1268 1060 1326 1082 nos
1354 1053 1387 1082 et
1414 1050 1584 1092 imperium
1607 1052 1739 1082 actenus
1762 1049 1895 1082 mirifice

206 1113 230 1134 ιι
249 1100 417 1143 obruistis,
439 1104 547 1133 nostre
570 1102 751 1134 serenitatis
766 1104 872 1133 artant
894 1102 997 1134 aciem
1013 1101 1186 1142 declinare,
1209 1101 1392 1133 civitatibus
1414 1101 1531 1134 nostris
1553 1104 1587 1134 et
1601 1101 1729 1144 imperii
1744 1100 1898 1133 videlicet

249 1153 446 1194 Zwickowe,
479 1152 698 1186 Aldemburch
725 1157 758 1186 et
780 1153 930 1186 Kemnitz
961 1163 1086 1186 necnon
1115 1153 1175 1186 toti
1202 1156 1288 1185 terre
1310 1152 1490 1185 Plisenensi
1520 1153 1635 1186 iudicis
1657 1163 1695 1185 ao
1717 1153 1794 1185 iuris
1817 1163 1895 1185 exe—

248 1205 376 1237 cutione
409 1205 506 1247 longo
533 1207 680 1246 tempore
709 1204 848 1237 viduatis
881 1205 913 1237 in
944 1204 1066 1237 iudices
1099 1205 1314 1247 provinciales
1349 1204 1499 1237 duximus
1535 1204 1733 1237 statuendos.
1786 1203 1895 1237 Etiam

175 1271 178 1273 Α
247 1255 406 1289 habentes
429 1255 668 1298 confidentiam,
698 1256 785 1299 quod
810 1267 870 1299 per
891 1259 1032 1289 vestram
1061 1256 1251 1299 pervigilem
1278 1256 1516 1299 providentiam
1539 1256 1634 1289 dictis
1656 1255 1839 1288 civitatibus
1862 1259 1899 1288 et

249 1318 359 1340 earum
388 1307 500 1340 incolis
527 1307 698 1340 salubriter
725 1309 766 1340 sit
797 1308 968 1350 provisum.
1018 1307 1210 1340 Mandamus
1244 1308 1342 1350 igitur
1368 1307 1522 1351 predictis
1549 1307 1749 1348 civitatibus,
1783 1317 1895 1340 earum

206 1370 232 1391 so
249 1359 362 1392 incolis
383 1370 422 1392 ac
443 1360 503 1392 toti
526 1362 611 1392 terre
634 1359 828 1401 Plisenensi,
857 1363 892 1392 ut
914 1360 1005 1392 vobis
1032 1363 1065 1393 et
1092 1359 1225 1392 cuilibet
1246 1363 1388 1392 vesu-um
1415 1361 1447 1392 in
1475 1359 1613 1393 solidum
1636 1360 1669 1392 in
1693 1359 1840 1391 omnibus
1863 1362 1896 1391 et

251 1411 400 1454 singulis,
431 1415 526 1454 prout
548 1414 712 1453 tenentur,
741 1411 895 1444 obediant
916 1412 1080 1445 humiliter
1108 1415 1142 1445 et
1163 1411 1340 1445 intendant.
1385 1411 1661 1454 Recognoscimus
1683 1412 1815 1453 insuper
1836 1421 1895 1453 per

250 1466 427 1506 presentes,
450 1463 536 1506 quod
558 1463 784 1506 indempnitati
800 1467 906 1496 vestre
929 1463 1100 1506 providere
1123 1465 1299 1506 cupientes,
1322 1473 1420 1506 super
1442 1465 1530 1496 omni
1553 1463 1703 1506 dampno,
1728 1462 1814 1505 qnod
1836 1473 1894 1495 vos

250 1525 308 1557 pro
338 1514 563 1558 conquirendis
596 1515 692 1548 rebus
725 1515 818 1548 nobis
849 1518 883 1548 et
915 1516 1051 1558 imperio
1079 1516 1131 1548 vel
1159 1516 1238 1548 alias
1271 1516 1303 1548 in
1330 1516 1468 1548 servitiis
1500 1515 1616 1547 nostris
1645 1525 1703 1547 vos
1733 1515 1895 1547 incurrere

250 1567 435 1609 contigerit,
466 1567 656 1610 indempnes
683 1568 810 1609 penitus
837 1567 984 1600 volumus
1014 1577 1214 1600 conservare.
1260 1566 1384 1600 Dantes
1412 1566 1503 1599 vobis
1537 1566 1596 1599 has
1630 1567 1755 1598 litteras
1786 1569 1894 1598 nostre

207 1631 233 1653 ss
251 1619 428 1652 maiestatis
451 1618 556 1662 sigillo
579 1619 717 1651 munitas
739 1619 772 1651 in
795 1619 1011 1651 testimonium
1034 1620 1272 1661 premissorum.

357 1670 478 1703 Datum
505 1671 537 1703 in
565 1671 677 1703 castris
703 1674 779 1703 ante
802 1670 1011 1713 Wartperch,
1041 1675 1134 1703 sexto
1162 1670 1240 1703 Idus
1261 1670 1395 1713 Aprilis,
1425 1681 1508 1703 anno
1530 1670 1661 1703 Domini
1683 1669 1896 1711 MCCOXVI,

250 1722 342 1765 regni
363 1732 440 1755 vero
456 1722 563 1755 nostri
585 1733 668 1755 anno
692 1721 844 1755 secundo.

273 1932 348 1970 357.
382 1932 677 1972 PROMISSIO
700 1931 931 1971 RUDOLFI
953 1932 1024 1970 DE
1047 1932 1250 1969 HEWEN
1274 1930 1378 1969 PRO
1401 1930 1698 1970 FRIDERICO
1721 1930 1874 1969 REGE.

852 2001 961 2038 1316.
1002 2001 1092 2047 Apr.
1116 2000 1299 2038 11.-—17.

210 2111 236 2133 no
362 2101 523 2143 Oriyinale
556 2102 592 2134 in
622 2101 779 2134 tabulario
812 2110 955 2134 caesareo
987 2099 1225 2133 Vindobonensi.
1281 2099 1460 2141 Dese-rma
1492 2099 1534 2133 R.
1562 2099 1720 2133 Salomon.
1777 2099 1897 2132 Pendet

252 2152 390 2195 sigillum
412 2153 531 2187 laesum
553 2153 618 2186 loro
639 2153 881 2186 membranaceo.

359 2212 435 2255 Req-
451 2213 660 2255 Lichnowsloy
681 2213 806 2248 ¹Gesch.
829 2214 882 2247 des
904 2213 1033 2246 Hauees
1054 2213 1234 2255 Habebury’
1257 2212 1370 2254 11112.
1393 2212 1585 2247 CCCLXII
1601 2223 1650 2245 nr.
1666 2213 1739 2244 381.

359 2299 417 2332 Iob
438 2299 564 2333 Rudolf
581 2311 643 2333 von
666 2300 762 2333 Heon
784 2300 915 2343 vergich
938 2300 1003 2332 und
1033 2299 1089 2332 tfin
1114 2299 1213 2332 chunt
1240 2299 1326 2332 allen
1348 2299 1439 2332 luten
1461 2298 1494 2331 di
1518 2298 1609 2331 disen
1631 2298 1720 2331 brief
1738 2298 1896 2332 ansehent

254 2350 333 2384 oder
354 2350 469 2385 herent
482 2352 582 2394 lesen,
606 2351 665 2384 daz
687 2352 739 2384 ich
755 2352 813 2384 mit
828 2352 987 2395 gesworin
1003 2351 1086 2394 ayde
1108 2351 1228 2384 minem
1250 2350 1412 2394 gnedigen
1428 2350 1545 2383 herren
1560 2350 1661 2392 kunig
1676 2349 1893 2392 Frid(richen)

210 2415 235 2436 aa
253 2412 316 2435 von
330 2401 416 2436 Rom
436 2402 502 2436 und
524 2403 609 2436 allen
631 2404 722 2436 sinen
744 2403 884 2437 brudern
903 2402 1220 2436 unverscheidenlich
1243 2402 1334 2435 disen
1356 2402 1478 2446 chrisg,
1501 2401 1560 2434 der
1582 2401 1642 2434 ouf
1660 2402 1831 2435 erstanden
1853 2403 1895 2434 ist

253 2453 330 2487 umb
353 2453 412 2487 daz
426 2454 514 2488 riche
529 2465 593 2498 gen
607 2455 728 2498 herzog
742 2455 966 2498 Lud(ewigen)
983 2466 1045 2487 von
1060 2455 1179 2497 Beyrn,
1203 2465 1299 2487 ouzze
1314 2453 1379 2486 und
1395 2464 1492 2486 ouzze
1508 2463 1588 2486 unoz
1611 2452 1670 2485 our
1688 2453 1740 2486 ein
1762 2458 1894 2496 gantzes

255 2506 337 2540 ende
359 2505 471 2549 gelobt
497 2506 560 2539 han
589 2516 625 2539 ze
655 2506 772 2540 dienen
798 2508 857 2539 mit
879 2507 980 2539 zehen
1007 2516 1145 2539 mannen
1173 2505 1237 2538 und
1260 2505 1432 2548 gebunden
1455 2516 1495 2538 an
1518 2505 1600 2537 alles
1622 2504 1774 2547 geverde.
1818 2505 1893 2538 Und

254 2557 313 2590 daz
341 2557 392 2590 ich
415 2557 474 2590 daz
496 2561 560 2590 stet
580 2557 646 2590 und
667 2558 889 2591 unzebrochen
911 2558 1036 2599 behalt,
1063 2558 1127 2590 han
1153 2558 1204 2590 ich
1227 2568 1264 2590 ze
1287 2557 1392 2590 einem
1415 2556 1580 2589 urchunde
1603 2556 1694 2589 disen
1716 2556 1804 2589 brief
1822 2567 1893 2589 ver-

253 2610 349 2652 sigelt
366 2610 427 2641 mit
448 2610 567 2642 minem
590 2609 703 2652 insigel
725 2610 840 2653 geben.

209 2673 236 2693 ω
360 2661 428 2693 Der
443 2659 530 2693 brief
549 2661 591 2693 ist
605 2661 753 2704 gegeben
775 2671 811 2694 ze
827 2661 957 2703 Wienn,
981 2660 1022 2693 do
1045 2671 1107 2693 von
1123 2660 1265 2693 Christes
1288 2659 1413 2702 geburd
1436 2660 1499 2692 sint
1523 2670 1687 2703 ergangen
1704 2659 1893 2692 driuzehen-

255 2712 393 2745 hundert
412 2713 464 2754 jar
486 2711 551 2745 und
573 2711 714 2745 dai-nach
736 2713 768 2745 in
792 2712 866 2746 dem
889 2712 1130 2745 sehtzehentem
1150 2712 1212 2753 jar,
1235 2712 1267 2743 in
1289 2711 1347 2744 der
1370 2711 1612 2744 Osterwochen.
