2190 3172
328 178 391 209 240
524 176 621 204 ACTA
640 176 755 204 REGNI
774 175 959 203 LUDEWICI
978 176 1026 204 1v.
1044 176 1091 203 ET
1108 176 1295 205 FRIDERICI
1314 176 1363 205 111.
1400 177 1475 206 1815.
1511 177 1560 205 Nr.
1573 177 1632 205 278.
1650 178 1710 205 279.
1727 177 1788 206 280.

539 299 625 338 9278.
665 301 820 336 Litterae
846 301 893 335 ad
916 303 1173 346 procuratorem
1201 300 1377 337 Frideriei
1403 301 1503 346 reyis.
1607 301 1700 337 Mai.
1720 303 1778 338 13.

439 374 538 413 Copia
561 373 616 416 (o.)
638 373 753 405 ibidem
775 373 794 405 Z.
811 383 836 405 c.
859 373 913 413 sol.
929 374 959 405 8.
987 391 1031 396 -
1059 373 1122 406 Ed.
1142 373 1304 414 Zeissberq
1325 373 1344 406 l.
1361 385 1387 406 e.
1405 385 1441 415 p.
1458 374 1502 406 28
1523 385 1572 408 nr.
1592 374 1636 406 20
1657 385 1697 407 ex
1719 385 1746 408 c.
1801 375 1984 409 Editionem

325 425 505 464 repetimus.

435 502 574 534 Iacobus
597 505 657 536 etc.
746 502 898 544 prudenti
920 503 988 534 viro
1018 502 1136 535 dilecto
1167 502 1285 534 devoto
1309 513 1368 534 suo
1391 502 1568 535 Frederico
1592 503 1632 536 de
1656 502 1836 546 Scherding
1859 504 1984 536 doctori

331 553 548 594 decretorum,
585 553 775 586 excellentis
805 554 958 596 principis
984 554 1152 586 Frederici
1173 553 1395 586 Romanorum
1429 555 1516 597 regis
1549 554 1711 587 karissimi
1739 554 1798 587 filii
1824 556 1925 588 nostri
1951 556 1984 588 in
2013 569 2025 588 ³

327 605 416 636 curia
438 606 640 647 procuratori
728 605 864 637 salutem
889 608 922 637 et
945 605 1186 638 dileccionem2.

433 656 592 689 Litteram
615 660 756 688 vestram
778 658 905 689 noviter
926 658 1108 699 recepimus
1116 658 1138 699 ¹,
1173 667 1231 699 per
1266 667 1363 699 quam
1397 656 1600 698 significastis
1628 657 1722 690 nobis
1755 658 1798 690 ad
1829 658 1984 700 gaudium

325 711 541 740 memoratum
575 719 688 750 regem
719 708 940 740 Romanorum
973 712 1118 740 nostrum
1150 709 1357 741 karissimum
1391 708 1491 740 filium
1526 708 1720 751 quibusdam
1755 711 1917 751 expressis
1950 710 1984 743 in

325 759 434 791 littera
461 763 568 792 vestra
597 760 744 801 predicta
770 761 861 792 novis
891 760 1091 792 successibus
1125 760 1210 792 circa
1242 760 1414 802 negocium
1448 761 1497 791 sui
1531 761 1698 802 regiminis
1733 761 1872 794 feliciter
1906 773 1982 804 pro-

326 811 458 852 sperari.
505 811 603 843 Cuius
629 811 736 843 littere
764 813 848 844 serie
877 812 1022 853 plenarie
1052 812 1219 844 intellecta
1242 816 1382 844 vestram
1413 811 1548 853 proinde
1580 812 1786 854 diligenciam
1817 823 1981 846 commen·
2001 826 2028 846 ιο

327 863 441 894 dantes
469 862 671 904 providentie
695 866 802 895 vestre
830 863 1049 905 rescribimus,
1083 863 1189 906 quodb
1212 863 1274 895 hiis
1303 863 1452 895 felicibus
1482 863 1600 895 auditis
1628 864 1811 896 rumoribus
1839 865 1982 897 leticiam

326 914 424 946 corde
453 918 562 946 nostro
590 917 686 956 prout
714 918 807 956 pater
840 915 873 946 in
902 915 1121 957 prosperitate·
1149 915 1207 947 filii
1236 916 1468 958 assumpsimus
1496 916 1699 958 affluentem,
1733 920 1887 958 rogantes
1915 927 1983 958 vos,

326 969 485 1008 quatenus
507 967 643 998 ulterius
665 977 748 998 nova
770 967 899 1008 negocii
921 967 1068 1009 predicti,
1093 968 1246 1010 quociens
1269 967 1435 1008 sciveritis,
1459 967 1552 999 nobis
1576 968 1670 1000 avide
1693 969 1775 1002 scire
1799 969 1983 1001 volentibus

324 1018 488 1049 intimetis.

432 1069 554 1101 Datum
578 1072 614 1101 ut
636 1079 742 1111 supra.
1835 1072 1938 1105 Idem.
2001 1083 2025 1103 ιο

636 1192 683 1228 27
688 1193 721 1228 9.
761 1192 918 1228 Litterae
946 1194 994 1228 ad
1013 1196 1279 1238 procuratorem
1303 1205 1412 1229 saum.
1518 1193 1610 1230 Mai.
1629 1195 1686 1230 13,

437 1265 535 1305 Copia
559 1266 615 1308 (c.)
638 1266 752 1298 ibidem
774 1265 794 1297 l.
811 1277 835 1298 e.
859 1266 914 1305 fol.
931 1267 960 1297 8.
989 1285 1027 1290 -
1062 1266 1125 1299 Ed.
1143 1267 1304 1307 Zeissbery
1327 1267 1346 1299 l.
1363 1278 1390 1300 c.
1413 1277 1447 1307 p.
1464 1267 1507 1299 28
1528 1278 1578 1299 nr.
1595 1267 1637 1298 21
1661 1278 1699 1300 ex
1722 1278 1749 1300 c.
1800 1267 1981 1302 Editionem

323 1317 502 1356 repetimus.

431 1393 571 1425 Iacobus
600 1397 661 1425 etc.
754 1394 874 1426 dilecto
903 1406 962 1426 suo
989 1394 1127 1426 Iohanni
1155 1395 1240 1437 Lupi
1274 1395 1502 1428 archidiacono
1536 1396 1578 1428 de
1609 1395 1741 1439 Guarga
1775 1397 1808 1428 in
1844 1397 1982 1431 ecclesia

323 1445 478 1486 Iaccensi,
503 1446 702 1486 procuratori
725 1448 834 1477 nostro
857 1446 890 1477 in
912 1446 1062 1478 Romana
1085 1447 1172 1479 curia
1259 1447 1398 1480 salutem
1421 1450 1456 1479 et
1477 1447 1701 1480 dileccionem.
2000 1459 2028 1480 ιο

433 1496 522 1528 Scire
545 1508 603 1528 vos
625 1497 773 1529 volumus
795 1509 853 1530 nos
876 1499 1003 1530 noviter
1025 1498 1066 1530 ab
1090 1498 1264 1531 excellenti
1287 1503 1321 1531 et
1342 1500 1516 1542 magnifico
1541 1500 1687 1542 principe
1711 1500 1842 1532 domino
1857 1501 1982 1534 Frede-

322 1548 390 1580 rico
413 1548 634 1580 Romanorum
657 1559 735 1591 rege
759 1549 928 1581 karissimo
955 1550 1021 1582 filio
1052 1554 1160 1582 nostro
1183 1551 1309 1583 litteras
1331 1551 1533 1593 recepisse²‚
1566 1552 1600 1583 in
1624 1551 1740 1594 quibus
1764 1553 1848 1585 inter
1871 1556 1982 1586 cetera

322 1611 382 1631 nos
404 1600 544 1642 rogavit,
580 1600 666 1642 quod
696 1611 769 1632 cum
798 1602 868 1643 ipse
892 1602 1088 1644 sollempnes
1119 1603 1252 1634 nuncios
1281 1613 1355 1634 suos
1386 1604 1511 1635 miserit
1540 1613 1599 1645 pro
1628 1604 1772 1646 negociis
1800 1605 1866 1636 suis
1893 1604 1981 1646 apud

323 1652 470 1684 dominos
499 1652 679 1684 cardinales
711 1656 821 1685 sancte
850 1653 999 1686 Romane
1028 1654 1165 1687 ecclesie
1190 1654 1432 1696 promovendis,
1462 1655 1608 1696 placeret
1637 1655 1731 1687 nobis
1761 1655 1904 1698 aliquem
1927 1656 1980 1688 vel

323 1704 449 1746 aliquos
477 1698 518 1735 de
541 1704 658 1735 nostris
681 1705 863 1736 secretariis
890 1705 933 1737 ad
962 1706 1096 1738 eosdem
1123 1707 1267 1747 mittere,
1303 1707 1358 1748 qui
1392 1717 1464 1738 cum
1495 1707 1559 1738 suis
1589 1707 1676 1749 apud
1703 1710 1830 1739 nostros
1858 1708 1980 1740 amicos
1998 1717 2024 1737 ²5

323 1755 461 1795 eficiant,
486 1765 548 1796 que
573 1755 634 1786 sibi
657 1755 776 1787 fuerint
798 1756 920 1788 utiliter
935 1756 1112 1798 profutura.
1150 1758 1296 1800 Cumque
1316 1769 1373 1790 nos
1388 1758 1489 1800 ipsius
1504 1759 1591 1800 regis
1608 1758 1821 1800 beneplacitis
1836 1769 1980 1791 annuen-

323 1810 372 1838 tes
395 1806 600 1838 intendamus
623 1808 773 1839 nuncium
801 1811 858 1840 aut
880 1809 1013 1840 nuncios
1035 1812 1161 1840 nostros
1184 1809 1227 1842 ad
1250 1809 1372 1842 curiam
1395 1813 1569 1851 propterea
1592 1809 1770 1851 destinare,
1794 1821 1893 1852 quam
1916 1805 1991 1843 cito'

322 1859 509 1890 sciverimus
531 1859 664 1890 nuncios
687 1859 823 1891 antefati
846 1861 943 1901 regis,
968 1871 1048 1902 quos
1071 1861 1149 1892 dicit
1171 1861 1236 1892 iam
1259 1865 1295 1892 ut
1317 1861 1513 1903 premittitur
1535 1872 1571 1893 se
1594 1862 1731 1903 misisse,
1754 1862 1925 1894 advenisse
1947 1864 1980 1895 in

323 1910 444 1941 curiam
462 1910 513 1941 vel
530 1912 709 1943 constiterit
731 1912 763 1943 in
783 1913 931 1953 proximo
949 1912 1156 1953 adventuros,
1179 1913 1254 1945 ideo
1271 1913 1362 1944 vobis
1383 1913 1518 1944 dicimus
1541 1916 1575 1944 et
1597 1913 1797 1954 mandamus,
1822 1917 1980 1955 quatenus

322 1971 394 1992 cum
418 1961 575 1993 sciveritis
597 1963 769 1994 memorati
792 1964 878 2004 regis
893 1963 1115 1995 Romanorum
1131 1965 1264 1996 nuncios
1286 1965 1319 1995 in
1340 1965 1461 1996 curiam
1478 1964 1647 1996 advenisse
1663 1964 1716 1996 vel
1732 1965 1824 1997 vobis
1847 1976 1866 1997 e
1889 1969 1978 1998 certo
1996 1975 2023 1995 ao

322 2013 496 2044 innotuerit
525 2013 566 2044 de
590 2014 770 2046 indubitato
802 2019 835 2046 et
862 2016 1011 2056 proximo
1037 2015 1165 2047 illorum
1194 2016 1350 2057 adventu,
1385 2027 1444 2047 nos
1472 2016 1547 2048 inde
1576 2017 1727 2048 continuo
1755 2027 1816 2058 per
1837 2021 1979 2050 vestram

321 2063 463 2095 litteram
486 2075 576 2096 more
600 2065 771 2098 cuiuslibet
790 2066 919 2098 sublato
936 2066 1105 2108 dispendio
1122 2067 1312 2107 informetis,
1335 2071 1371 2099 ut
1394 2078 1436 2099 ex
1458 2070 1534 2099 tunc
1550 2068 1721 2100 confestim
1745 2068 1787 2100 ad
1803 2068 1979 2101 mittendos

321 2118 465 2146 nostrum
488 2116 541 2146 vol
563 2120 690 2148 nostros
712 2119 846 2150 nuncios
869 2119 1048 2160 procedere
1071 2119 1247 2151 valeamus.
1293 2118 1337 2150 Et
1358 2119 1392 2151 in
1414 2119 1476 2151 hoc
1499 2120 1568 2151 sitis
1591 2119 1748 2151 sollicitus
1772 2123 1806 2151 et
1826 2120 1979 2152 intentus.

429 2167 551 2199 Datum
573 2171 610 2199 ut
633 2179 738 2211 supra.
1830 2171 1933 2204 Idem.

631 2290 717 2327 280.
758 2291 913 2327 Litterae
941 2293 990 2327 ad
1015 2292 1197 2329 Elizabeth
1223 2293 1389 2338 reyinam.
1501 2293 1592 2330 Mai.
1613 2295 1672 2329 13.
1994 2308 2022 2328 aa

412 2363 510 2403 Copia
526 2363 581 2406 (c.)
604 2364 718 2396 ibidem
740 2364 759 2396 l.
776 2375 801 2396 c.
823 2364 878 2404 fol.
895 2365 916 2396 8
933 2366 1057 2406 partim
1073 2366 1216 2399 evanida.
1241 2385 1282 2390 —-
1306 2366 1366 2399 Ed.
1384 2368 1545 2409 Zeissberq
1567 2367 1586 2400 l.
1604 2378 1627 2400 c.
1646 2378 1682 2408 p.
1698 2367 1741 2398 29
1760 2377 1811 2399 nr.
1826 2367 1870 2398 22
1893 2379 1932 2400 ex
1948 2379 1976 2401 c.

321 2414 504 2447 Editionem
527 2416 704 2455 repetimus.

428 2492 567 2524 Iacobus
591 2496 651 2525 etc.
741 2493 914 2525 excellenti
947 2504 1004 2526 sue
1032 2495 1203 2528 karissime
1231 2496 1296 2529 filie
1319 2496 1468 2529 Elizabet
1495 2508 1556 2539 per
1582 2497 1732 2530 eamdem
1756 2497 1976 2530 Romanorum

321 2544 433 2585 regine
511 2544 648 2576 salutem
672 2548 705 2577 et
727 2555 800 2576 cum
821 2545 1059 2578 benediccionis
1082 2550 1216 2589 paterne
1233 2548 1433 2590 plenitudine
1450 2549 1556 2581 votive
1573 2549 1738 2581 felicitatis
1754 2552 1975 2591 augmentum.

430 2595 483 2626 Ad
506 2596 658 2627 noticiam
681 2600 821 2628 vestram
845 2596 1086 2641 [pres]enci[um
1109 2598 1257 2643 t]enor[e]
1281 2600 1477 2642 defferimus,
1500 2612 1558 2632 nos
1581 2602 1708 2632 noviter
1730 2611 1749 2633 a
1772 2601 1975 2633 serenissimo
1993 2609 2024 2628 4⁴>

321 2646 466 2688 principe
483 2646 612 2679 domino
629 2647 803 2680 Frederico
820 2649 1044 2681 Romanorum
1067 2661 1145 2692 rege
1165 2651 1281 2683 marito
1299 2655 1404 2684 vestro
1422 2652 1591 2684 karissimo
1608 2655 1717 2684 nostro
1740 2652 1806 2684 filio
1829 2651 1976 2684 litteras²

426 2731 490 2758 278.
519 2732 543 2765 ⁸)
561 2734 587 2758 in
607 2735 660 2759 loco
679 2744 739 2760 raso
758 2736 814 2760 alia
832 2744 913 2761 manu,
929 2737 1052 2769 scriptum
1069 2746 1090 2763 c.
1178 2737 1204 2770 b)
1223 2746 1268 2771 pro
1289 2747 1310 2764 c.

426 2793 451 2825 1)
470 2791 581 2819 Servata
598 2802 655 2819 mm
673 2797 717 2820 est.
804 2795 830 2828 2)
851 2795 892 2830 Of.
903 2804 929 2829 p.
946 2799 997 2823 238
1014 2799 1070 2823 not.
1084 2802 1103 2823 1.
