<?xml version="1.0" encoding="UTF-8"?>
<!DOCTYPE html PUBLIC "-//W3C//DTD XHTML 1.0 Transitional//EN"
    "http://www.w3.org/TR/xhtml1/DTD/xhtml1-transitional.dtd">
<html xmlns="http://www.w3.org/1999/xhtml" xml:lang="en" lang="en">
 <head>
  <title>
</title>
<meta http-equiv="Content-Type" content="text/html;charset=utf-8" />
  <meta name='ocr-system' content='tesseract 3.04.00' />
  <meta name='ocr-capabilities' content='ocr_page ocr_carea ocr_par ocr_line ocrx_word'/>
</head>
<body>
  <div class='ocr_page' id='page_1' title='image "./monumentagerma05geseuoft_0821.png"; bbox 0 0 2184 3126; ppageno 0'>
   <div class='ocr_carea' id='block_1_1' title="bbox 437 212 1812 249">
    <p class='ocr_par' dir='ltr' id='par_1_1' title="bbox 437 212 1812 249">
     <span class='ocr_line' id='line_1_1' title="bbox 437 212 1812 249; baseline 0.001 -8"><span class='ocrx_word' id='word_1_1' title='bbox 437 213 533 243; x_wconf 78' lang='lat' dir='ltr'>ACTA</span> <span class='ocrx_word' id='word_1_2' title='bbox 553 212 667 241; x_wconf 76' lang='lat' dir='ltr'><strong>amm</strong></span> <span class='ocrx_word' id='word_1_3' title='bbox 686 212 870 241; x_wconf 82' lang='lat' dir='ltr'>LUDEWICI</span> <span class='ocrx_word' id='word_1_4' title='bbox 889 213 937 242; x_wconf 89' lang='lat' dir='ltr'><strong>IV.</strong></span> <span class='ocrx_word' id='word_1_5' title='bbox 955 212 1002 241; x_wconf 72' lang='lat' dir='ltr'><strong>ET</strong></span> <span class='ocrx_word' id='word_1_6' title='bbox 1020 212 1205 242; x_wconf 67' lang='lat' dir='ltr'><strong>mmmmm</strong></span> <span class='ocrx_word' id='word_1_7' title='bbox 1225 213 1274 242; x_wconf 86' lang='lat'>111.</span> <span class='ocrx_word' id='word_1_8' title='bbox 1310 213 1386 242; x_wconf 70' lang='lat'>1824„</span> <span class='ocrx_word' id='word_1_9' title='bbox 1423 213 1471 242; x_wconf 87' lang='lat' dir='ltr'><strong>Nr.</strong></span> <span class='ocrx_word' id='word_1_10' title='bbox 1484 214 1544 243; x_wconf 77' lang='lat'><strong>⁹44.</strong></span> <span class='ocrx_word' id='word_1_11' title='bbox 1754 217 1812 249; x_wconf 73' lang='grc'><strong>781</strong></span> 
     </span>
    </p>
   </div>
   <div class='ocr_carea' id='block_1_2' title="bbox 159 298 1818 492">
    <p class='ocr_par' dir='ltr' id='par_1_2' title="bbox 159 298 1818 492">
     <span class='ocr_line' id='line_1_2' title="bbox 162 298 1818 337; baseline -0.001 -8"><span class='ocrx_word' id='word_1_12' title='bbox 162 301 279 337; x_wconf 87' lang='lat' dir='ltr'><strong>imperio</strong></span> <span class='ocrx_word' id='word_1_13' title='bbox 297 300 510 336; x_wconf 76' lang='lat' dir='ltr'><strong>quomodolibet</strong></span> <span class='ocrx_word' id='word_1_14' title='bbox 528 299 700 332; x_wconf 72' lang='lat' dir='ltr'>obtinerent,</span> <span class='ocrx_word' id='word_1_15' title='bbox 724 299 881 328; x_wconf 86' lang='lat' dir='ltr'><strong>districtius</strong></span> <span class='ocrx_word' id='word_1_16' title='bbox 899 299 1028 327; x_wconf 85' lang='lat' dir='ltr'><strong>duximus</strong></span> <span class='ocrx_word' id='word_1_17' title='bbox 1048 298 1243 331; x_wconf 82' lang='lat' dir='ltr'><strong>inhibendum,</strong></span> <span class='ocrx_word' id='word_1_18' title='bbox 1267 307 1301 327; x_wconf 87' lang='lat' dir='ltr'><strong>ne</strong></span> <span class='ocrx_word' id='word_1_19' title='bbox 1319 299 1449 334; x_wconf 75' lang='lat' dir='ltr'><strong>prefato·</strong></span> <span class='ocrx_word' id='word_1_20' title='bbox 1467 299 1608 327; x_wconf 82' lang='lat' dir='ltr'><strong>Ludovicc</strong></span> <span class='ocrx_word' id='word_1_21' title='bbox 1627 299 1656 327; x_wconf 87' lang='lat' dir='ltr'><strong>iu</strong></span> <span class='ocrx_word' id='word_1_22' title='bbox 1675 299 1818 335; x_wconf 85' lang='lat' dir='ltr'><strong>premissis</strong></span> 
     </span>
     <span class='ocr_line' id='line_1_3' title="bbox 162 350 1815 388; baseline -0.001 -9"><span class='ocrx_word' id='word_1_23' title='bbox 162 353 205 381; x_wconf 89' lang='lat' dir='ltr'><strong>vel</strong></span> <span class='ocrx_word' id='word_1_24' title='bbox 225 352 291 380; x_wconf 84' lang='lat' dir='ltr'><strong>aliis</strong></span> <span class='ocrx_word' id='word_1_25' title='bbox 308 351 389 388; x_wconf 81' lang='lat' dir='ltr'><strong>regni</strong></span> <span class='ocrx_word' id='word_1_26' title='bbox 408 359 457 380; x_wconf 89' lang='lat' dir='ltr'><strong>seu</strong></span> <span class='ocrx_word' id='word_1_27' title='bbox 476 351 588 387; x_wconf 88' lang='lat' dir='ltr'><strong>imperii</strong></span> <span class='ocrx_word' id='word_1_28' title='bbox 606 351 790 386; x_wconf 67' lang='lat' dir='ltr'><strong>tangentibus</strong></span> <span class='ocrx_word' id='word_1_29' title='bbox 807 351 932 386; x_wconf 84' lang='lat' dir='ltr'><strong>regimen</strong></span> <span class='ocrx_word' id='word_1_30' title='bbox 952 353 1087 385; x_wconf 83' lang='lat' dir='ltr'><strong>tanquam</strong></span> <span class='ocrx_word' id='word_1_31' title='bbox 1106 350 1167 386; x_wconf 85' lang='lat' dir='ltr'><strong>regi</strong></span> <span class='ocrx_word' id='word_1_32' title='bbox 1185 359 1233 378; x_wconf 87' lang='lat' dir='ltr'><strong>seu</strong></span> <span class='ocrx_word' id='word_1_33' title='bbox 1252 351 1279 378; x_wconf 92' lang='lat' dir='ltr'><strong>iu</strong></span> <span class='ocrx_word' id='word_1_34' title='bbox 1298 359 1392 386; x_wconf 85' lang='lat' dir='ltr'><strong>regem</strong></span> <span class='ocrx_word' id='word_1_35' title='bbox 1412 351 1622 385; x_wconf 79' lang='lat' dir='ltr'><strong>Roman(orum)</strong></span> <span class='ocrx_word' id='word_1_36' title='bbox 1640 350 1743 382; x_wconf 82' lang='lat' dir='ltr'><strong>electo.</strong></span> <span class='ocrx_word' id='word_1_37' title='bbox 1763 351 1815 378; x_wconf 82' lang='lat' dir='ltr'><strong>nisi</strong></span> 
     </span>
     <span class='ocr_line' id='line_1_4' title="bbox 159 401 1816 438; baseline -0.002 -7"><span class='ocrx_word' id='word_1_38' title='bbox 159 405 189 432; x_wconf 88' lang='lat' dir='ltr'><strong>et</strong></span> <span class='ocrx_word' id='word_1_39' title='bbox 207 411 352 438; x_wconf 85' lang='lat' dir='ltr'><strong>quousque</strong></span> <span class='ocrx_word' id='word_1_40' title='bbox 370 402 476 430; x_wconf 83' lang='lat' dir='ltr'><strong>dictam</strong></span> <span class='ocrx_word' id='word_1_41' title='bbox 495 402 661 430; x_wconf 75' lang='lat' dir='ltr'><strong>electionem</strong></span> <span class='ocrx_word' id='word_1_42' title='bbox 675 404 704 430; x_wconf 91' lang='lat' dir='ltr'><strong>et</strong></span> <span class='ocrx_word' id='word_1_43' title='bbox 720 410 867 437; x_wconf 85' lang='lat' dir='ltr'><strong>personam</strong></span> <span class='ocrx_word' id='word_1_44' title='bbox 880 401 968 437; x_wconf 84' lang='lat' dir='ltr'><strong>ipsius</strong></span> <span class='ocrx_word' id='word_1_45' title='bbox 980 410 1031 437; x_wconf 83' lang='lat' dir='ltr'><strong>per</strong></span> <span class='ocrx_word' id='word_1_46' title='bbox 1042 401 1136 430; x_wconf 85' lang='lat' dir='ltr'><strong>sedem</strong></span> <span class='ocrx_word' id='word_1_47' title='bbox 1149 401 1284 430; x_wconf 77' lang='lat' dir='ltr'><strong>eandem·</strong></span> <span class='ocrx_word' id='word_1_48' title='bbox 1295 402 1446 437; x_wconf 77' lang='lat' dir='ltr'><strong>approbari</strong></span> <span class='ocrx_word' id='word_1_49' title='bbox 1460 402 1638 438; x_wconf 84' lang='lat' dir='ltr'><strong>contingeret</strong></span> <span class='ocrx_word' id='word_1_50' title='bbox 1650 403 1680 430; x_wconf 82' lang='lat' dir='ltr'><strong>et</strong></span> <span class='ocrx_word' id='word_1_51' title='bbox 1690 401 1816 432; x_wconf 76' lang='lat' dir='ltr'><strong>admitti,</strong></span> 
     </span>
     <span class='ocr_line' id='line_1_5' title="bbox 159 450 1814 492; baseline -0.002 -8"><span class='ocrx_word' id='word_1_52' title='bbox 159 457 295 492; x_wconf 81' lang='lat' dir='ltr'><strong>parerent</strong></span> <span class='ocrx_word' id='word_1_53' title='bbox 316 455 346 484; x_wconf 83' lang='lat' dir='ltr'><strong>in</strong></span> <span class='ocrx_word' id='word_1_54' title='bbox 369 455 466 491; x_wconf 81' lang='lat' dir='ltr'><strong>aliquo</strong></span> <span class='ocrx_word' id='word_1_55' title='bbox 489 463 539 483; x_wconf 89' lang='lat' dir='ltr'><strong>seu</strong></span> <span class='ocrx_word' id='word_1_56' title='bbox 562 454 750 483; x_wconf 80' lang='lat' dir='ltr'><strong>intenderent</strong></span> <span class='ocrx_word' id='word_1_57' title='bbox 772 454 873 489; x_wconf 88' lang='lat' dir='ltr'><strong>quovis</strong></span> <span class='ocrx_word' id='word_1_58' title='bbox 896 454 982 482; x_wconf 88' lang='lat' dir='ltr'><strong>modo</strong></span> <span class='ocrx_word' id='word_1_59' title='bbox 1004 462 1076 482; x_wconf 85' lang='lat' dir='ltr'><strong>neve</strong></span> <span class='ocrx_word' id='word_1_60' title='bbox 1099 453 1190 482; x_wconf 80' lang='lat' dir='ltr'><strong>eidem</strong></span> <span class='ocrx_word' id='word_1_61' title='bbox 1213 450 1298 482; x_wconf 86' lang='lat' dir='ltr'><strong>circa</strong></span> <span class='ocrx_word' id='word_1_62' title='bbox 1320 450 1477 492; x_wconf 79' lang='lat' dir='ltr'><strong>premissa</strong></span> <span class='ocrx_word' id='word_1_63' title='bbox 1500 454 1651 490; x_wconf 82' lang='lat' dir='ltr'><strong>preberent</strong></span> <span class='ocrx_word' id='word_1_64' title='bbox 1667 454 1814 486; x_wconf 84' lang='lat' dir='ltr'><strong>auxilium,</strong></span> 
     </span>
    </p>
   </div>
   <div class='ocr_carea' id='block_1_3' title="bbox 125 507 536 535">
    <p class='ocr_par' dir='ltr' id='par_1_3' title="bbox 125 507 536 535">
     <span class='ocr_line' id='line_1_6' title="bbox 125 507 536 535; baseline 0.002 -2"><span class='ocrx_word' id='word_1_65' title='bbox 125 513 137 533; x_wconf 80' lang='lat' dir='ltr'><strong>s</strong></span> <span class='ocrx_word' id='word_1_66' title='bbox 159 507 308 535; x_wconf 89' lang='lat' dir='ltr'><strong>consilium</strong></span> <span class='ocrx_word' id='word_1_67' title='bbox 332 507 377 535; x_wconf 85' lang='lat' dir='ltr'><strong>vel</strong></span> <span class='ocrx_word' id='word_1_68' title='bbox 400 507 536 534; x_wconf 83' lang='lat' dir='ltr'><strong>favorem.</strong></span> 
     </span>
    </p>
   </div>
   <div class='ocr_carea' id='block_1_4' title="bbox 269 550 1907 603">
    <p class='ocr_par' dir='ltr' id='par_1_4' title="bbox 269 550 1907 603">
     <span class='ocr_line' id='line_1_7' title="bbox 269 550 1907 603; baseline -0.001 -17"><span class='ocrx_word' id='word_1_69' title='bbox 269 556 298 587; x_wconf 87' lang='lat'><strong>3.</strong></span> <span class='ocrx_word' id='word_1_70' title='bbox 323 554 396 591; x_wconf 83' lang='lat' dir='ltr'><strong>Qua</strong></span> <span class='ocrx_word' id='word_1_71' title='bbox 419 553 573 586; x_wconf 80' lang='lat' dir='ltr'><strong>dilatione</strong></span> <span class='ocrx_word' id='word_1_72' title='bbox 598 552 761 595; x_wconf 81' lang='lat' dir='ltr'><strong>pendente</strong></span> <span class='ocrx_word' id='word_1_73' title='bbox 784 557 882 585; x_wconf 86' lang='lat' dir='ltr'><strong>dilecti</strong></span> <span class='ocrx_word' id='word_1_74' title='bbox 898 556 949 584; x_wconf 81' lang='lat' dir='ltr'><strong>filii</strong></span> <span class='ocrx_word' id='word_1_75' title='bbox 964 556 1098 585; x_wconf 79' lang='lat' dir='ltr'><strong>Albertus</strong></span> <span class='ocrx_word' id='word_1_76' title='bbox 1113 557 1148 584; x_wconf 91' lang='lat' dir='ltr'><strong>de</strong></span> <span class='ocrx_word' id='word_1_77' title='bbox 1164 552 1379 585; x_wconf 61' lang='lat' dir='ltr'><strong>swartzburchb</strong></span> <span class='ocrx_word' id='word_1_78' title='bbox 1395 565 1514 592; x_wconf 80' lang='lat' dir='ltr'><strong>magnus</strong></span> <span class='ocrx_word' id='word_1_79' title='bbox 1536 559 1686 593; x_wconf 83' lang='lat' dir='ltr'><strong>preceptor</strong></span> <span class='ocrx_word' id='word_1_80' title='bbox 1708 557 1815 585; x_wconf 88' lang='lat' dir='ltr'><strong>ordinis</strong></span> <span class='ocrx_word' id='word_1_81' title='bbox 1829 550 1907 603; x_wconf 34' lang='lat'><strong>³223.</strong></span> 
     </span>
    </p>
   </div>
   <div class='ocr_carea' id='block_1_5' title="bbox 99 606 1930 2598">
    <p class='ocr_par' dir='ltr' id='par_1_5' title="bbox 110 606 1922 1524">
     <span class='ocr_line' id='line_1_8' title="bbox 162 606 1816 644; baseline -0.001 -8"><span class='ocrx_word' id='word_1_82' title='bbox 162 608 322 644; x_wconf 69' lang='lat' dir='ltr'><strong>Hospitalis</strong></span> <span class='ocrx_word' id='word_1_83' title='bbox 340 608 437 636; x_wconf 77' lang='lat' dir='ltr'><strong>Sancti</strong></span> <span class='ocrx_word' id='word_1_84' title='bbox 457 606 590 636; x_wconf 82' lang='lat' dir='ltr'><strong>Iohannis</strong></span> <span class='ocrx_word' id='word_1_85' title='bbox 607 607 824 635; x_wconf 84' lang='lat' dir='ltr'><strong>lerosolimitani</strong></span> <span class='ocrx_word' id='word_1_86' title='bbox 843 615 894 642; x_wconf 90' lang='lat' dir='ltr'><strong>per</strong></span> <span class='ocrx_word' id='word_1_87' title='bbox 907 607 1083 635; x_wconf 79' lang='lat' dir='ltr'><strong>Alamaniam</strong></span> <span class='ocrx_word' id='word_1_88' title='bbox 1102 615 1208 634; x_wconf 82' lang='lat' dir='ltr'><strong>necnon</strong></span> <span class='ocrx_word' id='word_1_89' title='bbox 1227 606 1370 643; x_wconf 78' lang='lat' dir='ltr'><strong>magister</strong></span> <span class='ocrx_word' id='word_1_90' title='bbox 1388 607 1536 635; x_wconf 66' lang='lat' dir='ltr'><strong>Ernestuse</strong></span> <span class='ocrx_word' id='word_1_91' title='bbox 1554 607 1589 635; x_wconf 90' lang='lat' dir='ltr'><strong>de</strong></span> <span class='ocrx_word' id='word_1_92' title='bbox 1601 606 1709 635; x_wconf 77' lang='lat' dir='ltr'><strong>sobech</strong></span> <span class='ocrx_word' id='word_1_93' title='bbox 1727 607 1816 635; x_wconf 81' lang='lat' dir='ltr'><strong>archi-</strong></span> 
     </span>
     <span class='ocr_line' id='line_1_9' title="bbox 157 657 1817 694; baseline -0.001 -7"><span class='ocrx_word' id='word_1_94' title='bbox 157 660 291 688; x_wconf 85' lang='lat' dir='ltr'><strong>diaconus</strong></span> <span class='ocrx_word' id='word_1_95' title='bbox 303 658 515 694; x_wconf 83' lang='lat' dir='ltr'><strong>Herbipolensis</strong></span> <span class='ocrx_word' id='word_1_96' title='bbox 532 661 563 687; x_wconf 87' lang='lat' dir='ltr'><strong>et</strong></span> <span class='ocrx_word' id='word_1_97' title='bbox 577 658 713 686; x_wconf 85' lang='lat' dir='ltr'><strong>Henricus</strong></span> <span class='ocrx_word' id='word_1_98' title='bbox 731 658 766 687; x_wconf 87' lang='lat' dir='ltr'><strong>de</strong></span> <span class='ocrx_word' id='word_1_99' title='bbox 779 658 910 686; x_wconf 69' lang='grc' dir='ltr'><strong>ἸἿιι-οιιωι</strong></span> <span class='ocrx_word' id='word_1_100' title='bbox 929 657 1078 686; x_wconf 84' lang='lat' dir='ltr'><strong>canonicus</strong></span> <span class='ocrx_word' id='word_1_101' title='bbox 1095 657 1244 692; x_wconf 73' lang='lat' dir='ltr'><strong>pragensis</strong></span> <span class='ocrx_word' id='word_1_102' title='bbox 1261 658 1298 686; x_wconf 81' lang='lat' dir='ltr'><strong>ad</strong></span> <span class='ocrx_word' id='word_1_103' title='bbox 1316 658 1410 686; x_wconf 87' lang='lat' dir='ltr'><strong>sedem</strong></span> <span class='ocrx_word' id='word_1_104' title='bbox 1426 658 1611 694; x_wconf 75' lang='lat' dir='ltr'><strong>apostolicam</strong></span> <span class='ocrx_word' id='word_1_105' title='bbox 1630 658 1817 693; x_wconf 76' lang='lat' dir='ltr'><strong>personaliter</strong></span> 
     </span>
     <span class='ocr_line' id='line_1_10' title="bbox 158 706 1907 752; baseline -0.001 -12"><span class='ocrx_word' id='word_1_106' title='bbox 158 712 325 740; x_wconf 74' lang='lat' dir='ltr'><strong>venientes·</strong></span> <span class='ocrx_word' id='word_1_107' title='bbox 341 719 435 740; x_wconf 86' lang='lat' dir='ltr'><strong>coram</strong></span> <span class='ocrx_word' id='word_1_108' title='bbox 459 711 541 739; x_wconf 89' lang='lat' dir='ltr'><strong>nobis</strong></span> <span class='ocrx_word' id='word_1_109' title='bbox 564 713 595 739; x_wconf 88' lang='lat' dir='ltr'><strong>et</strong></span> <span class='ocrx_word' id='word_1_110' title='bbox 611 711 747 739; x_wconf 66' lang='lat' dir='ltr'><strong>fratribus</strong></span> <span class='ocrx_word' id='word_1_111' title='bbox 762 710 890 739; x_wconf 67' lang='lat' dir='ltr'><strong>nostris*</strong></span> <span class='ocrx_word' id='word_1_112' title='bbox 906 709 1039 738; x_wconf 81' lang='lat' dir='ltr'><strong>videlicet</strong></span> <span class='ocrx_word' id='word_1_113' title='bbox 1061 710 1124 738; x_wconf 83' lang='lat'>1111.</span> <span class='ocrx_word' id='word_1_114' title='bbox 1140 709 1236 738; x_wconf 82' lang='lat' dir='ltr'><strong>Nonas</strong></span> <span class='ocrx_word' id='word_1_115' title='bbox 1259 710 1364 738; x_wconf 86' lang='lat' dir='ltr'><strong>mensis</strong></span> <span class='ocrx_word' id='word_1_116' title='bbox 1381 711 1506 738; x_wconf 83' lang='lat' dir='ltr'><strong>Ianuarii</strong></span> <span class='ocrx_word' id='word_1_117' title='bbox 1526 710 1662 746; x_wconf 83' lang='lat' dir='ltr'><strong>proxime</strong></span> <span class='ocrx_word' id='word_1_118' title='bbox 1684 710 1817 746; x_wconf 85' lang='lat' dir='ltr'><strong>preteriti</strong></span> <span class='ocrx_word' id='word_1_119' title='bbox 1832 706 1907 752; x_wconf 32' lang='lat'><strong>&#39;22⁴3‘</strong></span> 
     </span>
     <span class='ocr_line' id='line_1_11' title="bbox 114 756 1816 800; baseline 0 -10"><span class='ocrx_word' id='word_1_120' title='bbox 114 769 141 790; x_wconf 84' lang='grc' dir='ltr'><strong>ιο</strong></span> <span class='ocrx_word' id='word_1_121' title='bbox 161 763 286 792; x_wconf 87' lang='lat' dir='ltr'><strong>eiusdem</strong></span> <span class='ocrx_word' id='word_1_122' title='bbox 313 762 448 791; x_wconf 88' lang='lat' dir='ltr'><strong>Ludovici</strong></span> <span class='ocrx_word' id='word_1_123' title='bbox 475 762 671 798; x_wconf 85' lang='lat' dir='ltr'><strong>procuratorio</strong></span> <span class='ocrx_word' id='word_1_124' title='bbox 701 762 816 790; x_wconf 86' lang='lat' dir='ltr'><strong>nomine</strong></span> <span class='ocrx_word' id='word_1_125' title='bbox 846 770 1024 797; x_wconf 82' lang='lat' dir='ltr'><strong>comparere</strong></span> <span class='ocrx_word' id='word_1_126' title='bbox 1056 760 1208 790; x_wconf 84' lang='lat' dir='ltr'><strong>curarunt</strong></span> <span class='ocrx_word' id='word_1_127' title='bbox 1233 756 1418 800; x_wconf 79' lang='lat' dir='ltr'><strong>fidemque⁸</strong></span> <span class='ocrx_word' id='word_1_128' title='bbox 1441 757 1482 790; x_wconf 87' lang='lat' dir='ltr'><strong>de</strong></span> <span class='ocrx_word' id='word_1_129' title='bbox 1509 767 1568 790; x_wconf 83' lang='lat' dir='ltr'><strong>suo</strong></span> <span class='ocrx_word' id='word_1_130' title='bbox 1594 758 1816 799; x_wconf 79' lang='lat' dir='ltr'><strong>procuratorio</strong></span> 
     </span>
     <span class='ocr_line' id='line_1_12' title="bbox 156 808 1815 852; baseline -0.001 -10"><span class='ocrx_word' id='word_1_131' title='bbox 156 809 314 843; x_wconf 77' lang='lat' dir='ltr'><strong>facientes</strong></span> <span class='ocrx_word' id='word_1_132' title='bbox 332 819 391 852; x_wconf 81' lang='lat' dir='ltr'><strong>pel·</strong></span> <span class='ocrx_word' id='word_1_133' title='bbox 407 822 490 848; x_wconf 80' lang='lat' dir='ltr'><strong>quas</strong></span> <span class='ocrx_word' id='word_1_134' title='bbox 501 814 566 842; x_wconf 84' lang='lat' dir='ltr'><strong>dam</strong></span> <span class='ocrx_word' id='word_1_135' title='bbox 582 815 723 849; x_wconf 84' lang='lat' dir='ltr'><strong>patentes</strong></span> <span class='ocrx_word' id='word_1_136' title='bbox 739 813 860 842; x_wconf 67' lang='lat' dir='ltr'><strong>litteras</strong></span> <span class='ocrx_word' id='word_1_137' title='bbox 883 809 983 851; x_wconf 75' lang='lat' dir='ltr'><strong>ipsius</strong></span> <span class='ocrx_word' id='word_1_138' title='bbox 999 808 1106 848; x_wconf 81' lang='lat' dir='ltr'><strong>electi,</strong></span> <span class='ocrx_word' id='word_1_139' title='bbox 1130 814 1162 841; x_wconf 89' lang='lat' dir='ltr'><strong>ut</strong></span> <span class='ocrx_word' id='word_1_140' title='bbox 1177 813 1344 841; x_wconf 81' lang='lat' dir='ltr'><strong>asserebant</strong></span> <span class='ocrx_word' id='word_1_141' title='bbox 1360 811 1394 841; x_wconf 91' lang='lat' dir='ltr'><strong>et</strong></span> <span class='ocrx_word' id='word_1_142' title='bbox 1408 809 1512 851; x_wconf 81' lang='lat' dir='ltr'><strong>prima</strong></span> <span class='ocrx_word' id='word_1_143' title='bbox 1527 809 1611 840; x_wconf 78' lang='lat' dir='ltr'><strong>facie</strong></span> <span class='ocrx_word' id='word_1_144' title='bbox 1626 808 1815 851; x_wconf 72' lang='lat' dir='ltr'><strong>apparebat,</strong></span> 
     </span>
     <span class='ocr_line' id='line_1_13' title="bbox 157 859 1816 904; baseline -0.001 -11"><span class='ocrx_word' id='word_1_145' title='bbox 157 860 370 893; x_wconf 78' lang='lat' dir='ltr'><strong>communitas</strong></span> <span class='ocrx_word' id='word_1_146' title='bbox 392 865 516 901; x_wconf 76' lang='lat' dir='ltr'><strong>sigillo*,</strong></span> <span class='ocrx_word' id='word_1_147' title='bbox 547 865 577 893; x_wconf 90' lang='lat' dir='ltr'><strong>in</strong></span> <span class='ocrx_word' id='word_1_148' title='bbox 605 865 684 893; x_wconf 90' lang='lat' dir='ltr'><strong>cuius</strong></span> <span class='ocrx_word' id='word_1_149' title='bbox 716 860 846 904; x_wconf 87' lang='lat' dir='ltr'><strong>quidem</strong></span> <span class='ocrx_word' id='word_1_150' title='bbox 873 864 962 900; x_wconf 85' lang='lat' dir='ltr'><strong>sigilli</strong></span> <span class='ocrx_word' id='word_1_151' title='bbox 991 864 1227 892; x_wconf 72' lang='lat' dir='ltr'><strong>circumferentiis</strong></span> <span class='ocrx_word' id='word_1_152' title='bbox 1259 859 1431 902; x_wconf 78' lang='lat' dir='ltr'><strong>legebatur</strong></span> <span class='ocrx_word' id='word_1_153' title='bbox 1450 859 1621 892; x_wconf 81' lang='lat' dir='ltr'><strong>&#39;Ludovicus</strong></span> <span class='ocrx_word' id='word_1_154' title='bbox 1644 865 1696 892; x_wconf 89' lang='lat' dir='ltr'><strong>Dei</strong></span> <span class='ocrx_word' id='word_1_155' title='bbox 1721 865 1816 900; x_wconf 79' lang='lat' dir='ltr'><strong>gratia</strong></span> 
     </span>
     <span class='ocr_line' id='line_1_14' title="bbox 159 911 1816 955; baseline -0.001 -11"><span class='ocrx_word' id='word_1_156' title='bbox 159 916 350 945; x_wconf 82' lang='lat' dir='ltr'><strong>Romanorum</strong></span> <span class='ocrx_word' id='word_1_157' title='bbox 373 925 422 945; x_wconf 89' lang='lat' dir='ltr'><strong>rex</strong></span> <span class='ocrx_word' id='word_1_158' title='bbox 445 925 556 952; x_wconf 88' lang='lat' dir='ltr'><strong>semper</strong></span> <span class='ocrx_word' id='word_1_159' title='bbox 579 911 733 952; x_wconf 84' lang='lat' dir='ltr'><strong>augustus’</strong></span> <span class='ocrx_word' id='word_1_160' title='bbox 752 911 904 955; x_wconf 75' lang='lat' dir='ltr'><strong>ipseque¹</strong></span> <span class='ocrx_word' id='word_1_161' title='bbox 922 911 1030 944; x_wconf 80' lang='lat' dir='ltr'><strong>littere</strong></span> <span class='ocrx_word' id='word_1_162' title='bbox 1054 911 1251 954; x_wconf 71' lang='lat' dir='ltr'><strong>incipiebant</strong></span> <span class='ocrx_word' id='word_1_163' title='bbox 1265 911 1434 944; x_wconf 85' lang='lat' dir='ltr'><strong>&#39;Ludovicus</strong></span> <span class='ocrx_word' id='word_1_164' title='bbox 1449 916 1502 944; x_wconf 90' lang='lat' dir='ltr'><strong>Dei</strong></span> <span class='ocrx_word' id='word_1_165' title='bbox 1516 916 1612 952; x_wconf 84' lang='lat' dir='ltr'><strong>gratia</strong></span> <span class='ocrx_word' id='word_1_166' title='bbox 1627 916 1816 944; x_wconf 84' lang='lat' dir='ltr'><strong>Romanorum</strong></span> 
     </span>
     <span class='ocr_line' id='line_1_15' title="bbox 157 962 1904 1004; baseline 0 -8"><span class='ocrx_word' id='word_1_167' title='bbox 157 976 207 996; x_wconf 86' lang='lat' dir='ltr'><strong>rex</strong></span> <span class='ocrx_word' id='word_1_168' title='bbox 230 977 342 1004; x_wconf 93' lang='lat' dir='ltr'><strong>semper</strong></span> <span class='ocrx_word' id='word_1_169' title='bbox 364 963 526 1004; x_wconf 75' lang='lat' dir='ltr'><strong>augustus‘.</strong></span> <span class='ocrx_word' id='word_1_170' title='bbox 576 968 619 995; x_wconf 82' lang='lat' dir='ltr'><strong>Ad</strong></span> <span class='ocrx_word' id='word_1_171' title='bbox 642 968 858 996; x_wconf 75' lang='lat' dir='ltr'><strong>universorum*</strong></span> <span class='ocrx_word' id='word_1_172' title='bbox 881 962 955 995; x_wconf 64' lang='lat' dir='ltr'><strong>etc.²</strong></span> <span class='ocrx_word' id='word_1_173' title='bbox 998 962 1041 995; x_wconf 83' lang='lat' dir='ltr'><strong>Et</strong></span> <span class='ocrx_word' id='word_1_174' title='bbox 1063 967 1289 1002; x_wconf 72' lang='lat' dir='ltr'><strong>subsequenter*</strong></span> <span class='ocrx_word' id='word_1_175' title='bbox 1304 962 1447 995; x_wconf 78' lang='lat' dir='ltr'><strong>II.⁸Non.</strong></span> <span class='ocrx_word' id='word_1_176' title='bbox 1464 968 1569 996; x_wconf 88' lang='lat' dir='ltr'><strong>mensis</strong></span> <span class='ocrx_word' id='word_1_177' title='bbox 1591 967 1736 995; x_wconf 71' lang='lat' dir='ltr'><strong>eiusdem·</strong></span> <span class='ocrx_word' id='word_1_178' title='bbox 1752 977 1814 1003; x_wconf 91' lang='lat' dir='ltr'><strong>pro·</strong></span> <span class='ocrx_word' id='word_1_179' title='bbox 1830 976 1904 998; x_wconf 66' lang='lat' dir='ltr'><strong>imo.</strong></span> 
     </span>
     <span class='ocr_line' id='line_1_16' title="bbox 112 1014 1814 1058; baseline 0 -12"><span class='ocrx_word' id='word_1_180' title='bbox 112 1025 138 1046; x_wconf 75' lang='lat' dir='ltr'><strong>ss</strong></span> <span class='ocrx_word' id='word_1_181' title='bbox 157 1021 304 1048; x_wconf 80' lang='lat' dir='ltr'><strong>curatores</strong></span> <span class='ocrx_word' id='word_1_182' title='bbox 327 1016 410 1058; x_wconf 79' lang='lat' dir='ltr'><strong>ipsi*</strong></span> <span class='ocrx_word' id='word_1_183' title='bbox 433 1020 462 1047; x_wconf 90' lang='lat' dir='ltr'><strong>in</strong></span> <span class='ocrx_word' id='word_1_184' title='bbox 486 1019 655 1048; x_wconf 89' lang='lat' dir='ltr'><strong>consistorio</strong></span> <span class='ocrx_word' id='word_1_185' title='bbox 685 1019 926 1055; x_wconf 78' lang='lat' dir='ltr'><strong>supplicarunt*</strong></span> <span class='ocrx_word' id='word_1_186' title='bbox 948 1027 999 1054; x_wconf 89' lang='lat' dir='ltr'><strong>per</strong></span> <span class='ocrx_word' id='word_1_187' title='bbox 1021 1027 1073 1047; x_wconf 91' lang='lat' dir='ltr'><strong>nos</strong></span> <span class='ocrx_word' id='word_1_188' title='bbox 1101 1014 1187 1046; x_wconf 84' lang='lat' dir='ltr'><strong>dicto</strong></span> <span class='ocrx_word' id='word_1_189' title='bbox 1215 1027 1312 1047; x_wconf 88' lang='lat' dir='ltr'><strong>eorum</strong></span> <span class='ocrx_word' id='word_1_190' title='bbox 1335 1018 1450 1047; x_wconf 89' lang='lat' dir='ltr'><strong>domino</strong></span> <span class='ocrx_word' id='word_1_191' title='bbox 1473 1018 1598 1053; x_wconf 82' lang='lat' dir='ltr'><strong>aliquem</strong></span> <span class='ocrx_word' id='word_1_192' title='bbox 1620 1024 1718 1056; x_wconf 76' lang='lat' dir='ltr'><strong>super</strong></span> <span class='ocrx_word' id='word_1_193' title='bbox 1741 1024 1814 1056; x_wconf 86' lang='lat' dir='ltr'><strong>pre-</strong></span> 
     </span>
     <span class='ocr_line' id='line_1_17' title="bbox 156 1065 1922 1108; baseline -0.001 -9"><span class='ocrx_word' id='word_1_194' title='bbox 156 1067 282 1099; x_wconf 73' lang='lat' dir='ltr'><strong>missis*</strong></span> <span class='ocrx_word' id='word_1_195' title='bbox 305 1071 472 1100; x_wconf 67' lang='lat' dir='ltr'><strong>‹lecentsm&#39;³</strong></span> <span class='ocrx_word' id='word_1_196' title='bbox 488 1071 640 1099; x_wconf 81' lang='lat' dir='ltr'><strong>terminum</strong></span> <span class='ocrx_word' id='word_1_197' title='bbox 663 1070 812 1106; x_wconf 76' lang='lat' dir='ltr'><strong>indulgeri.</strong></span> <span class='ocrx_word' id='word_1_198' title='bbox 856 1065 925 1098; x_wconf 84' lang='lat' dir='ltr'><strong>Nos</strong></span> <span class='ocrx_word' id='word_1_199' title='bbox 946 1075 1024 1098; x_wconf 85' lang='lat' dir='ltr'><strong>vero</strong></span> <span class='ocrx_word' id='word_1_200' title='bbox 1047 1075 1145 1108; x_wconf 87' lang='lat' dir='ltr'><strong>super</strong></span> <span class='ocrx_word' id='word_1_201' title='bbox 1167 1065 1228 1098; x_wconf 88' lang='lat' dir='ltr'><strong>hoc</strong></span> <span class='ocrx_word' id='word_1_202' title='bbox 1251 1076 1323 1098; x_wconf 91' lang='lat' dir='ltr'><strong>cum</strong></span> <span class='ocrx_word' id='word_1_203' title='bbox 1347 1065 1470 1098; x_wconf 88' lang='lat' dir='ltr'><strong>eisdem</strong></span> <span class='ocrx_word' id='word_1_204' title='bbox 1494 1065 1646 1098; x_wconf 80' lang='lat' dir='ltr'><strong>fratribus</strong></span> <span class='ocrx_word' id='word_1_205' title='bbox 1668 1065 1816 1108; x_wconf 80' lang='lat' dir='ltr'><strong>diligenti</strong></span> <span class='ocrx_word' id='word_1_206' title='bbox 1829 1073 1922 1095; x_wconf 60' lang='lat' dir='ltr'><strong>enisu.</strong></span> 
     </span>
     <span class='ocr_line' id='line_1_18' title="bbox 157 1116 1815 1161; baseline -0.001 -11"><span class='ocrx_word' id='word_1_207' title='bbox 157 1117 391 1151; x_wconf 83' lang='lat' dir='ltr'><strong>deliberatione</strong></span> <span class='ocrx_word' id='word_1_208' title='bbox 414 1117 586 1161; x_wconf 87' lang='lat' dir='ltr'><strong>prehabita</strong></span> <span class='ocrx_word' id='word_1_209' title='bbox 608 1121 641 1150; x_wconf 89' lang='lat' dir='ltr'><strong>et</strong></span> <span class='ocrx_word' id='word_1_210' title='bbox 665 1117 706 1150; x_wconf 88' lang='lat' dir='ltr'><strong>de</strong></span> <span class='ocrx_word' id='word_1_211' title='bbox 729 1117 892 1160; x_wconf 58' lang='lat' dir='ltr'><strong>ipsorum*</strong></span> <span class='ocrx_word' id='word_1_212' title='bbox 916 1117 1049 1149; x_wconf 90' lang='lat' dir='ltr'><strong>consilio</strong></span> <span class='ocrx_word' id='word_1_213' title='bbox 1077 1116 1199 1150; x_wconf 88' lang='lat' dir='ltr'><strong>eisdem</strong></span> <span class='ocrx_word' id='word_1_214' title='bbox 1223 1116 1485 1159; x_wconf 77' lang='lat' dir='ltr'><strong>procuratoribus</strong></span> <span class='ocrx_word' id='word_1_215' title='bbox 1508 1116 1659 1149; x_wconf 86' lang='lat' dir='ltr'><strong>duximus</strong></span> <span class='ocrx_word' id='word_1_216' title='bbox 1681 1127 1815 1160; x_wconf 89' lang='lat' dir='ltr'><strong>respon-</strong></span> 
     </span>
     <span class='ocr_line' id='line_1_19' title="bbox 160 1168 1814 1212; baseline -0.001 -11"><span class='ocrx_word' id='word_1_217' title='bbox 160 1168 318 1210; x_wconf 86' lang='lat' dir='ltr'><strong>dendum,</strong></span> <span class='ocrx_word' id='word_1_218' title='bbox 342 1169 428 1212; x_wconf 86' lang='lat' dir='ltr'><strong>quod</strong></span> <span class='ocrx_word' id='word_1_219' title='bbox 453 1170 530 1212; x_wconf 80' lang='lat' dir='ltr'><strong>quia</strong></span> <span class='ocrx_word' id='word_1_220' title='bbox 552 1169 657 1202; x_wconf 87' lang='lat' dir='ltr'><strong>dictus</strong></span> <span class='ocrx_word' id='word_1_221' title='bbox 679 1172 789 1202; x_wconf 84' lang='lat' dir='ltr'><strong>noster</strong></span> <span class='ocrx_word' id='word_1_222' title='bbox 810 1179 979 1211; x_wconf 75' lang='lat' dir='ltr'><strong>processus</strong></span> <span class='ocrx_word' id='word_1_223' title='bbox 1002 1168 1043 1201; x_wconf 86' lang='lat' dir='ltr'><strong>ad</strong></span> <span class='ocrx_word' id='word_1_224' title='bbox 1067 1169 1174 1201; x_wconf 86' lang='lat' dir='ltr'><strong>omnis.</strong></span> <span class='ocrx_word' id='word_1_225' title='bbox 1196 1172 1231 1201; x_wconf 89' lang='lat' dir='ltr'><strong>et</strong></span> <span class='ocrx_word' id='word_1_226' title='bbox 1252 1169 1378 1211; x_wconf 83' lang='lat' dir='ltr'><strong>singula</strong></span> <span class='ocrx_word' id='word_1_227' title='bbox 1403 1168 1436 1201; x_wconf 91' lang='lat' dir='ltr'><strong>in</strong></span> <span class='ocrx_word' id='word_1_228' title='bbox 1459 1169 1529 1210; x_wconf 89' lang='lat' dir='ltr'><strong>ipsc</strong></span> <span class='ocrx_word' id='word_1_229' title='bbox 1552 1171 1704 1200; x_wconf 88' lang='lat' dir='ltr'><strong>contenta</strong></span> <span class='ocrx_word' id='word_1_230' title='bbox 1726 1168 1814 1201; x_wconf 82' lang='lat' dir='ltr'><strong>suffi-</strong></span> 
     </span>
     <span class='ocr_line' id='line_1_20' title="bbox 158 1219 1817 1263; baseline -0.001 -11"><span class='ocrx_word' id='word_1_231' title='bbox 158 1221 297 1254; x_wconf 86' lang='lat' dir='ltr'><strong>cientem</strong></span> <span class='ocrx_word' id='word_1_232' title='bbox 323 1221 494 1254; x_wconf 81' lang='lat' dir='ltr'><strong>terminum</strong></span> <span class='ocrx_word' id='word_1_233' title='bbox 517 1220 719 1262; x_wconf 80' lang='lat' dir='ltr'><strong>continebat,</strong></span> <span class='ocrx_word' id='word_1_234' title='bbox 751 1221 856 1263; x_wconf 87' lang='lat' dir='ltr'><strong>ipsum</strong></span> <span class='ocrx_word' id='word_1_235' title='bbox 886 1221 918 1252; x_wconf 91' lang='lat' dir='ltr'><strong>in</strong></span> <span class='ocrx_word' id='word_1_236' title='bbox 948 1220 1059 1263; x_wconf 87' lang='lat' dir='ltr'><strong>aliquo</strong></span> <span class='ocrx_word' id='word_1_237' title='bbox 1082 1220 1198 1252; x_wconf 89' lang='lat' dir='ltr'><strong>tollere</strong></span> <span class='ocrx_word' id='word_1_238' title='bbox 1221 1220 1273 1253; x_wconf 86' lang='lat' dir='ltr'><strong>vel</strong></span> <span class='ocrx_word' id='word_1_239' title='bbox 1296 1219 1495 1262; x_wconf 85' lang='lat' dir='ltr'><strong>suspendere</strong></span> <span class='ocrx_word' id='word_1_240' title='bbox 1518 1219 1723 1260; x_wconf 77' lang='lat' dir='ltr'><strong>nolebamus,</strong></span> <span class='ocrx_word' id='word_1_241' title='bbox 1746 1219 1817 1252; x_wconf 83' lang='lat' dir='ltr'><strong>sed¹</strong></span> 
     </span>
     <span class='ocr_line' id='line_1_21' title="bbox 110 1270 1814 1314; baseline 0 -11"><span class='ocrx_word' id='word_1_242' title='bbox 110 1271 210 1304; x_wconf 76' lang='lat' dir='ltr'><strong>suillo</strong></span> <span class='ocrx_word' id='word_1_243' title='bbox 237 1272 270 1304; x_wconf 91' lang='lat' dir='ltr'><strong>in</strong></span> <span class='ocrx_word' id='word_1_244' title='bbox 298 1282 356 1304; x_wconf 91' lang='lat' dir='ltr'><strong>suo</strong></span> <span class='ocrx_word' id='word_1_245' title='bbox 383 1272 476 1305; x_wconf 88' lang='lat' dir='ltr'><strong>totali</strong></span> <span class='ocrx_word' id='word_1_246' title='bbox 498 1271 617 1305; x_wconf 83' lang='lat' dir='ltr'><strong>effectu</strong></span> <span class='ocrx_word' id='word_1_247' title='bbox 639 1271 759 1314; x_wconf 74' lang='lat' dir='ltr'><strong>atque¹¹</strong></span> <span class='ocrx_word' id='word_1_248' title='bbox 783 1271 898 1304; x_wconf 88' lang='lat' dir='ltr'><strong>robore</strong></span> <span class='ocrx_word' id='word_1_249' title='bbox 926 1274 1138 1314; x_wconf 85' lang='lat' dir='ltr'><strong>permanente</strong></span> <span class='ocrx_word' id='word_1_250' title='bbox 1166 1282 1229 1304; x_wconf 90' lang='lat' dir='ltr'><strong>non</strong></span> <span class='ocrx_word' id='word_1_251' title='bbox 1260 1271 1508 1304; x_wconf 88' lang='lat' dir='ltr'><strong>intendebamus</strong></span> <span class='ocrx_word' id='word_1_252' title='bbox 1533 1281 1636 1314; x_wconf 89' lang='lat' dir='ltr'><strong>usque</strong></span> <span class='ocrx_word' id='word_1_253' title='bbox 1663 1271 1706 1304; x_wconf 89' lang='lat' dir='ltr'><strong>ad</strong></span> <span class='ocrx_word' id='word_1_254' title='bbox 1733 1270 1814 1303; x_wconf 90' lang='lat' dir='ltr'><strong>duos</strong></span> 
     </span>
     <span class='ocr_line' id='line_1_22' title="bbox 153 1322 1813 1366; baseline -0.001 -10"><span class='ocrx_word' id='word_1_255' title='bbox 153 1331 282 1356; x_wconf 88' lang='lat' dir='ltr'><strong>menses</strong></span> <span class='ocrx_word' id='word_1_256' title='bbox 304 1326 379 1356; x_wconf 88' lang='lat' dir='ltr'><strong>tuuc</strong></span> <span class='ocrx_word' id='word_1_257' title='bbox 395 1323 597 1356; x_wconf 86' lang='lat' dir='ltr'><strong>immediate¹</strong></span> <span class='ocrx_word' id='word_1_258' title='bbox 613 1326 788 1366; x_wconf 86' lang='lat' dir='ltr'><strong>sequentes</strong></span> <span class='ocrx_word' id='word_1_259' title='bbox 802 1323 844 1355; x_wconf 88' lang='lat' dir='ltr'><strong>ad</strong></span> <span class='ocrx_word' id='word_1_260' title='bbox 861 1322 1112 1366; x_wconf 82' lang='lat' dir='ltr'><strong>publicationem</strong></span> <span class='ocrx_word' id='word_1_261' title='bbox 1128 1333 1295 1365; x_wconf 88' lang='lat' dir='ltr'><strong>penarum,</strong></span> <span class='ocrx_word' id='word_1_262' title='bbox 1319 1333 1399 1365; x_wconf 89' lang='lat' dir='ltr'><strong>quas</strong></span> <span class='ocrx_word' id='word_1_263' title='bbox 1414 1322 1502 1355; x_wconf 88' lang='lat' dir='ltr'><strong>idem</strong></span> <span class='ocrx_word' id='word_1_264' title='bbox 1518 1323 1640 1355; x_wconf 77' lang='lat' dir='ltr'><strong>elect-us</strong></span> <span class='ocrx_word' id='word_1_265' title='bbox 1655 1326 1813 1365; x_wconf 77' lang='lat' dir='ltr'><strong>propter·-</strong></span> 
     </span>
     <span class='ocr_line' id='line_1_23' title="bbox 154 1373 1813 1418; baseline -0.001 -11"><span class='ocrx_word' id='word_1_266' title='bbox 154 1384 308 1407; x_wconf 83' lang='lat' dir='ltr'><strong>excessus</strong></span> <span class='ocrx_word' id='word_1_267' title='bbox 330 1374 494 1418; x_wconf 84' lang='lat' dir='ltr'><strong>predictos</strong></span> <span class='ocrx_word' id='word_1_268' title='bbox 517 1375 704 1415; x_wconf 87' lang='lat' dir='ltr'><strong>incurrerat,</strong></span> <span class='ocrx_word' id='word_1_269' title='bbox 726 1374 905 1416; x_wconf 84' lang='lat' dir='ltr'><strong>procedere</strong></span> <span class='ocrx_word' id='word_1_270' title='bbox 928 1384 985 1406; x_wconf 90' lang='lat' dir='ltr'><strong>seu</strong></span> <span class='ocrx_word' id='word_1_271' title='bbox 1007 1377 1150 1406; x_wconf 88' lang='lat' dir='ltr'><strong>nostrum</strong></span> <span class='ocrx_word' id='word_1_272' title='bbox 1167 1377 1295 1406; x_wconf 81' lang='lat' dir='ltr'><strong>contra¹¹</strong></span> <span class='ocrx_word' id='word_1_273' title='bbox 1310 1374 1416 1416; x_wconf 87' lang='lat' dir='ltr'><strong>ipsum</strong></span> <span class='ocrx_word' id='word_1_274' title='bbox 1432 1384 1615 1416; x_wconf 84' lang='lat' dir='ltr'><strong>processum</strong></span> <span class='ocrx_word' id='word_1_275' title='bbox 1633 1373 1813 1416; x_wconf 87' lang='lat' dir='ltr'><strong>quomodo-</strong></span> 
     </span>
     <span class='ocr_line' id='line_1_24' title="bbox 154 1425 1907 1471; baseline -0.002 -12"><span class='ocrx_word' id='word_1_276' title='bbox 154 1425 234 1459; x_wconf 90' lang='lat' dir='ltr'><strong>libet</strong></span> <span class='ocrx_word' id='word_1_277' title='bbox 249 1436 447 1471; x_wconf 74' lang='lat' dir='ltr'><strong>aggravare,</strong></span> <span class='ocrx_word' id='word_1_278' title='bbox 470 1429 566 1468; x_wconf 86' lang='lat' dir='ltr'><strong>prout</strong></span> <span class='ocrx_word' id='word_1_279' title='bbox 587 1425 648 1459; x_wconf 87' lang='lat' dir='ltr'><strong>hec</strong></span> <span class='ocrx_word' id='word_1_280' title='bbox 671 1426 724 1458; x_wconf 87' lang='lat' dir='ltr'><strong>in⁰</strong></span> <span class='ocrx_word' id='word_1_281' title='bbox 746 1425 860 1458; x_wconf 82' lang='lat' dir='ltr'><strong>litteris</strong></span> <span class='ocrx_word' id='word_1_282' title='bbox 883 1426 1001 1458; x_wconf 88' lang='lat' dir='ltr'><strong>nostris</strong></span> <span class='ocrx_word' id='word_1_283' title='bbox 1025 1425 1100 1458; x_wconf 87' lang='lat' dir='ltr'><strong>inde</strong></span> <span class='ocrx_word' id='word_1_284' title='bbox 1124 1425 1280 1458; x_wconf 81' lang='lat' dir='ltr'><strong>confectis</strong></span> <span class='ocrx_word' id='word_1_285' title='bbox 1302 1425 1429 1468; x_wconf 88' lang='lat' dir='ltr'><strong>plenius</strong></span> <span class='ocrx_word' id='word_1_286' title='bbox 1451 1425 1688 1466; x_wconf 70' lang='lat' dir='ltr'><strong>eontinentur-¹²,</strong></span> <span class='ocrx_word' id='word_1_287' title='bbox 1723 1428 1813 1462; x_wconf 73' lang='lat' dir='ltr'><strong>Quam</strong></span> <span class='ocrx_word' id='word_1_288' title='bbox 1827 1440 1874 1462; x_wconf 67' lang='lat' dir='ltr'><strong>up.</strong></span> <span class='ocrx_word' id='word_1_289' title='bbox 1885 1437 1907 1456; x_wconf 71' lang='grc' dir='ltr'><strong>ι.</strong></span> 
     </span>
     <span class='ocr_line' id='line_1_25' title="bbox 153 1475 1812 1524; baseline -0.001 -15"><span class='ocrx_word' id='word_1_290' title='bbox 153 1482 268 1517; x_wconf 83' lang='lat' dir='ltr'><strong>quidem</strong></span> <span class='ocrx_word' id='word_1_291' title='bbox 290 1482 458 1511; x_wconf 84' lang='lat' dir='ltr'><strong>dilationem</strong></span> <span class='ocrx_word' id='word_1_292' title='bbox 481 1482 552 1510; x_wconf 87' lang='lat' dir='ltr'><strong>dicti</strong></span> <span class='ocrx_word' id='word_1_293' title='bbox 576 1483 774 1518; x_wconf 85' lang='lat' dir='ltr'><strong>procuratores</strong></span> <span class='ocrx_word' id='word_1_294' title='bbox 797 1491 860 1510; x_wconf 91' lang='lat' dir='ltr'><strong>cum</strong></span> <span class='ocrx_word' id='word_1_295' title='bbox 882 1482 1041 1518; x_wconf 84' lang='lat' dir='ltr'><strong>gratiarum</strong></span> <span class='ocrx_word' id='word_1_296' title='bbox 1064 1482 1227 1510; x_wconf 81' lang='lat' dir='ltr'><strong>actionibus</strong></span> <span class='ocrx_word' id='word_1_297' title='bbox 1249 1483 1449 1517; x_wconf 82' lang='lat' dir='ltr'><strong>acceptarunt,</strong></span> <span class='ocrx_word' id='word_1_298' title='bbox 1471 1477 1555 1524; x_wconf 59' lang='lat' dir='ltr'><strong>iufra</strong></span> <span class='ocrx_word' id='word_1_299' title='bbox 1577 1486 1658 1519; x_wconf 73' lang='lat' dir='ltr'><strong>quos</strong></span> <span class='ocrx_word' id='word_1_300' title='bbox 1681 1475 1812 1519; x_wconf 85' lang='lat' dir='ltr'><strong>quidem</strong></span> 
     </span>
    </p>

    <p class='ocr_par' dir='ltr' id='par_1_6' title="bbox 108 1527 1813 1622">
     <span class='ocr_line' id='line_1_26' title="bbox 108 1527 1813 1572; baseline 0 -13"><span class='ocrx_word' id='word_1_301' title='bbox 108 1539 134 1559; x_wconf 72' lang='lat' dir='ltr'><strong>ss</strong></span> <span class='ocrx_word' id='word_1_302' title='bbox 154 1528 235 1561; x_wconf 87' lang='lat' dir='ltr'><strong>duos</strong></span> <span class='ocrx_word' id='word_1_303' title='bbox 263 1539 392 1562; x_wconf 89' lang='lat' dir='ltr'><strong>meuses</strong></span> <span class='ocrx_word' id='word_1_304' title='bbox 426 1529 572 1572; x_wconf 82' lang='lat' dir='ltr'><strong>prefatus</strong></span> <span class='ocrx_word' id='word_1_305' title='bbox 606 1529 728 1562; x_wconf 82' lang='lat' dir='ltr'><strong>electus</strong></span> <span class='ocrx_word' id='word_1_306' title='bbox 762 1538 822 1561; x_wconf 91' lang='lat' dir='ltr'><strong>nec</strong></span> <span class='ocrx_word' id='word_1_307' title='bbox 853 1539 912 1571; x_wconf 90' lang='lat' dir='ltr'><strong>per</strong></span> <span class='ocrx_word' id='word_1_308' title='bbox 941 1538 976 1561; x_wconf 91' lang='lat' dir='ltr'><strong>se</strong></span> <span class='ocrx_word' id='word_1_309' title='bbox 1011 1538 1119 1561; x_wconf 84' lang='lat' dir='ltr'><strong>coram</strong></span> <span class='ocrx_word' id='word_1_310' title='bbox 1153 1528 1246 1561; x_wconf 90' lang='lat' dir='ltr'><strong>nobis</strong></span> <span class='ocrx_word' id='word_1_311' title='bbox 1279 1530 1458 1571; x_wconf 87' lang='lat' dir='ltr'><strong>comparuit</strong></span> <span class='ocrx_word' id='word_1_312' title='bbox 1487 1538 1547 1560; x_wconf 89' lang='lat' dir='ltr'><strong>nec</strong></span> <span class='ocrx_word' id='word_1_313' title='bbox 1580 1527 1696 1570; x_wconf 83' lang='lat' dir='ltr'><strong>aliquis</strong></span> <span class='ocrx_word' id='word_1_314' title='bbox 1730 1528 1813 1559; x_wconf 86' lang='lat' dir='ltr'><strong>alius</strong></span> 
     </span>
     <span class='ocr_line' id='line_1_27' title="bbox 153 1570 1527 1622; baseline 0.001 -10"><span class='ocrx_word' id='word_1_315' title='bbox 153 1590 211 1622; x_wconf 89' lang='lat' dir='ltr'><strong>pro</strong></span> <span class='ocrx_word' id='word_1_316' title='bbox 235 1579 364 1614; x_wconf 81' lang='lat' dir='ltr'><strong>eodem.</strong></span> <span class='ocrx_word' id='word_1_317' title='bbox 1518 1570 1527 1576; x_wconf 63' lang='grc'><strong><em>’</em></strong></span> 
     </span>
    </p>

    <p class='ocr_par' dir='ltr' id='par_1_7' title="bbox 154 1631 1899 1774">
     <span class='ocr_line' id='line_1_28' title="bbox 237 1631 1899 1671; baseline -0.002 -7"><span class='ocrx_word' id='word_1_318' title='bbox 237 1635 239 1637; x_wconf 68' lang='grc'><strong><em>’</em></strong></span> <span class='ocrx_word' id='word_1_319' title='bbox 262 1634 291 1663; x_wconf 86' lang='grc'><strong>4.</strong></span> <span class='ocrx_word' id='word_1_320' title='bbox 328 1635 463 1670; x_wconf 83' lang='lat' dir='ltr'><strong>Quamvis</strong></span> <span class='ocrx_word' id='word_1_321' title='bbox 493 1634 603 1664; x_wconf 80' lang='lat' dir='ltr'><strong>autem</strong></span> <span class='ocrx_word' id='word_1_322' title='bbox 633 1631 778 1664; x_wconf 84' lang='lat' dir='ltr'><strong>eiusdem</strong></span> <span class='ocrx_word' id='word_1_323' title='bbox 806 1636 891 1664; x_wconf 88' lang='lat' dir='ltr'><strong>electi</strong></span> <span class='ocrx_word' id='word_1_324' title='bbox 920 1636 950 1663; x_wconf 90' lang='lat' dir='ltr'><strong>in</strong></span> <span class='ocrx_word' id='word_1_325' title='bbox 979 1644 1036 1664; x_wconf 88' lang='lat' dir='ltr'><strong>non</strong></span> <span class='ocrx_word' id='word_1_326' title='bbox 1061 1636 1211 1671; x_wconf 73' lang='lat' dir='ltr'><strong>parendo*</strong></span> <span class='ocrx_word' id='word_1_327' title='bbox 1239 1635 1345 1664; x_wconf 87' lang='lat' dir='ltr'><strong>nostris</strong></span> <span class='ocrx_word' id='word_1_328' title='bbox 1372 1635 1580 1663; x_wconf 83' lang='lat' dir='ltr'><strong>monicionibus</strong></span> <span class='ocrx_word' id='word_1_329' title='bbox 1609 1638 1639 1663; x_wconf 93' lang='lat' dir='ltr'><strong>et</strong></span> <span class='ocrx_word' id='word_1_330' title='bbox 1667 1635 1809 1663; x_wconf 79' lang='lat' dir='ltr'><strong>mandatis</strong></span> <span class='ocrx_word' id='word_1_331' title='bbox 1821 1643 1899 1667; x_wconf 59' lang='grc' dir='ltr'>ειμι.</span> 
     </span>
     <span class='ocr_line' id='line_1_29' title="bbox 154 1681 1811 1725; baseline -0.001 -11"><span class='ocrx_word' id='word_1_332' title='bbox 154 1686 353 1715; x_wconf 87' lang='lat' dir='ltr'><strong>inobediencia</strong></span> <span class='ocrx_word' id='word_1_333' title='bbox 375 1687 508 1723; x_wconf 85' lang='lat' dir='ltr'><strong>pertinax</strong></span> <span class='ocrx_word' id='word_1_334' title='bbox 531 1685 566 1715; x_wconf 86' lang='lat' dir='ltr'><strong>et</strong></span> <span class='ocrx_word' id='word_1_335' title='bbox 587 1683 688 1725; x_wconf 82' lang='lat' dir='ltr'><strong>ipsius</strong></span> <span class='ocrx_word' id='word_1_336' title='bbox 715 1687 809 1714; x_wconf 72' lang='lat' dir='ltr'><strong>infra*¹</strong></span> <span class='ocrx_word' id='word_1_337' title='bbox 832 1681 1012 1725; x_wconf 83' lang='lat' dir='ltr'><strong>predictum</strong></span> <span class='ocrx_word' id='word_1_338' title='bbox 1036 1687 1190 1714; x_wconf 89' lang='lat' dir='ltr'><strong>secundum</strong></span> <span class='ocrx_word' id='word_1_339' title='bbox 1217 1687 1369 1714; x_wconf 85' lang='lat' dir='ltr'><strong>terminum</strong></span> <span class='ocrx_word' id='word_1_340' title='bbox 1392 1685 1427 1715; x_wconf 80' lang='lat' dir='ltr'><strong>et</strong></span> <span class='ocrx_word' id='word_1_341' title='bbox 1452 1688 1553 1722; x_wconf 65' lang='lat' dir='ltr'><strong>postea</strong></span> <span class='ocrx_word' id='word_1_342' title='bbox 1582 1687 1689 1715; x_wconf 73' lang='lat' dir='ltr'><strong>etiam‘</strong></span> <span class='ocrx_word' id='word_1_343' title='bbox 1711 1686 1811 1715; x_wconf 88' lang='lat' dir='ltr'><strong>diebus</strong></span> 
     </span>
     <span class='ocr_line' id='line_1_30' title="bbox 154 1738 1810 1774; baseline 0 -8"><span class='ocrx_word' id='word_1_344' title='bbox 154 1738 282 1774; x_wconf 89' lang='lat' dir='ltr'><strong>pluribus</strong></span> <span class='ocrx_word' id='word_1_345' title='bbox 313 1738 457 1774; x_wconf 84' lang='lat' dir='ltr'><strong>expectati</strong></span> <span class='ocrx_word' id='word_1_346' title='bbox 487 1747 581 1767; x_wconf 84' lang='lat' dir='ltr'><strong>coram</strong></span> <span class='ocrx_word' id='word_1_347' title='bbox 611 1738 693 1766; x_wconf 88' lang='lat' dir='ltr'><strong>nobis</strong></span> <span class='ocrx_word' id='word_1_348' title='bbox 721 1747 772 1774; x_wconf 87' lang='lat' dir='ltr'><strong>per</strong></span> <span class='ocrx_word' id='word_1_349' title='bbox 799 1747 829 1766; x_wconf 91' lang='lat' dir='ltr'><strong>se</strong></span> <span class='ocrx_word' id='word_1_350' title='bbox 857 1738 903 1766; x_wconf 84' lang='lat' dir='ltr'><strong>vel</strong></span> <span class='ocrx_word' id='word_1_351' title='bbox 928 1739 1142 1774; x_wconf 85' lang='lat' dir='ltr'><strong>procuratorem</strong></span> <span class='ocrx_word' id='word_1_352' title='bbox 1168 1738 1346 1774; x_wconf 77' lang='lat' dir='ltr'><strong>legitimumr</strong></span> <span class='ocrx_word' id='word_1_353' title='bbox 1368 1738 1484 1766; x_wconf 90' lang='lat' dir='ltr'><strong>minime</strong></span> <span class='ocrx_word' id='word_1_354' title='bbox 1516 1739 1723 1774; x_wconf 84' lang='lat' dir='ltr'><strong>comparentis</strong></span> <span class='ocrx_word' id='word_1_355' title='bbox 1746 1747 1810 1766; x_wconf 87' lang='lat' dir='ltr'><strong>con-</strong></span> 
     </span>
    </p>

    <p class='ocr_par' dir='ltr' id='par_1_8' title="bbox 111 1789 1918 2034">
     <span class='ocr_line' id='line_1_31' title="bbox 111 1789 1812 1826; baseline -0.001 -8"><span class='ocrx_word' id='word_1_356' title='bbox 111 1795 138 1815; x_wconf 73' lang='lat'><strong>80</strong></span> <span class='ocrx_word' id='word_1_357' title='bbox 156 1791 283 1825; x_wconf 81' lang='lat' dir='ltr'><strong>temptus</strong></span> <span class='ocrx_word' id='word_1_358' title='bbox 305 1790 485 1818; x_wconf 83' lang='lat' dir='ltr'><strong>evidens-ac</strong></span> <span class='ocrx_word' id='word_1_359' title='bbox 507 1790 693 1818; x_wconf 75' lang='lat' dir='ltr'><strong>scandalum*</strong></span> <span class='ocrx_word' id='word_1_360' title='bbox 715 1792 751 1818; x_wconf 87' lang='lat' dir='ltr'><strong>et</strong></span> <span class='ocrx_word' id='word_1_361' title='bbox 772 1789 899 1825; x_wconf 84' lang='lat' dir='ltr'><strong>pericula</strong></span> <span class='ocrx_word' id='word_1_362' title='bbox 921 1789 1052 1825; x_wconf 86' lang='lat' dir='ltr'><strong>plurima,</strong></span> <span class='ocrx_word' id='word_1_363' title='bbox 1076 1790 1151 1825; x_wconf 79' lang='lat' dir='ltr'><strong>que‘</strong></span> <span class='ocrx_word' id='word_1_364' title='bbox 1166 1790 1367 1825; x_wconf 82' lang='lat' dir='ltr'><strong>premissorum</strong></span> <span class='ocrx_word' id='word_1_365' title='bbox 1390 1789 1582 1818; x_wconf 88' lang='lat' dir='ltr'><strong>dissimulatio</strong></span> <span class='ocrx_word' id='word_1_366' title='bbox 1605 1792 1635 1818; x_wconf 91' lang='lat' dir='ltr'><strong>et</strong></span> <span class='ocrx_word' id='word_1_367' title='bbox 1657 1789 1812 1826; x_wconf 82' lang='lat' dir='ltr'><strong>impunitas</strong></span> 
     </span>
     <span class='ocr_line' id='line_1_32' title="bbox 152 1836 1813 1879; baseline 0.001 -11"><span class='ocrx_word' id='word_1_368' title='bbox 152 1841 219 1869; x_wconf 76' lang='lat' dir='ltr'><strong>vel·</strong></span> <span class='ocrx_word' id='word_1_369' title='bbox 241 1842 332 1870; x_wconf 84' lang='lat' dir='ltr'><strong>dilata</strong></span> <span class='ocrx_word' id='word_1_370' title='bbox 354 1842 467 1870; x_wconf 85' lang='lat' dir='ltr'><strong>iustitia</strong></span> <span class='ocrx_word' id='word_1_371' title='bbox 489 1841 677 1877; x_wconf 80' lang='lat' dir='ltr'><strong>probabiliter</strong></span> <span class='ocrx_word' id='word_1_372' title='bbox 699 1836 913 1877; x_wconf 80' lang='lat' dir='ltr'><strong>minabantur,</strong></span> <span class='ocrx_word' id='word_1_373' title='bbox 937 1837 1067 1869; x_wconf 87' lang='lat' dir='ltr'><strong>omnino</strong></span> <span class='ocrx_word' id='word_1_374' title='bbox 1085 1837 1255 1879; x_wconf 79' lang='lat' dir='ltr'><strong>exigerent</strong></span> <span class='ocrx_word' id='word_1_375' title='bbox 1277 1850 1362 1877; x_wconf 86' lang='lat' dir='ltr'><strong>super</strong></span> <span class='ocrx_word' id='word_1_376' title='bbox 1384 1841 1528 1877; x_wconf 86' lang='lat' dir='ltr'><strong>premissis</strong></span> <span class='ocrx_word' id='word_1_377' title='bbox 1551 1843 1651 1869; x_wconf 87' lang='lat' dir='ltr'><strong>contra</strong></span> <span class='ocrx_word' id='word_1_378' title='bbox 1673 1837 1813 1869; x_wconf 85' lang='lat' dir='ltr'><strong>eundem</strong></span> 
     </span>
     <span class='ocr_line' id='line_1_33' title="bbox 156 1888 1813 1931; baseline 0 -11"><span class='ocrx_word' id='word_1_379' title='bbox 156 1893 278 1920; x_wconf 89' lang='lat' dir='ltr'><strong>electum</strong></span> <span class='ocrx_word' id='word_1_380' title='bbox 301 1893 335 1920; x_wconf 90' lang='lat' dir='ltr'><strong>de</strong></span> <span class='ocrx_word' id='word_1_381' title='bbox 359 1893 483 1921; x_wconf 87' lang='lat' dir='ltr'><strong>remedio</strong></span> <span class='ocrx_word' id='word_1_382' title='bbox 506 1893 591 1921; x_wconf 85' lang='lat' dir='ltr'><strong>celeri</strong></span> <span class='ocrx_word' id='word_1_383' title='bbox 613 1888 777 1921; x_wconf 76' lang='lat' dir='ltr'><strong>mediante</strong></span> <span class='ocrx_word' id='word_1_384' title='bbox 800 1888 921 1920; x_wconf 79' lang='lat' dir='ltr'><strong>iustitia</strong></span> <span class='ocrx_word' id='word_1_385' title='bbox 944 1893 1095 1928; x_wconf 86' lang='lat' dir='ltr'><strong>provideri.</strong></span> <span class='ocrx_word' id='word_1_386' title='bbox 1117 1901 1170 1920; x_wconf 90' lang='lat' dir='ltr'><strong>nos</strong></span> <span class='ocrx_word' id='word_1_387' title='bbox 1191 1895 1289 1921; x_wconf 88' lang='lat' dir='ltr'><strong>tamen</strong></span> <span class='ocrx_word' id='word_1_388' title='bbox 1311 1889 1453 1930; x_wconf 86' lang='lat' dir='ltr'><strong>experiri</strong></span> <span class='ocrx_word' id='word_1_389' title='bbox 1476 1893 1613 1927; x_wconf 84' lang='lat' dir='ltr'><strong>volentes,</strong></span> <span class='ocrx_word' id='word_1_390' title='bbox 1636 1895 1731 1920; x_wconf 89' lang='lat' dir='ltr'><strong>utrum</strong></span> <span class='ocrx_word' id='word_1_391' title='bbox 1754 1899 1813 1931; x_wconf 87' lang='lat' dir='ltr'><strong>per</strong></span> 
     </span>
     <span class='ocr_line' id='line_1_34' title="bbox 153 1939 1918 1982; baseline -0.002 -10"><span class='ocrx_word' id='word_1_392' title='bbox 153 1940 239 1972; x_wconf 80' lang='lat' dir='ltr'><strong>viam</strong></span> <span class='ocrx_word' id='word_1_393' title='bbox 267 1944 492 1972; x_wconf 78' lang='lat' dir='ltr'><strong>mansuetudinis</strong></span> <span class='ocrx_word' id='word_1_394' title='bbox 524 1950 598 1972; x_wconf 89' lang='lat' dir='ltr'><strong>eum</strong></span> <span class='ocrx_word' id='word_1_395' title='bbox 629 1949 797 1982; x_wconf 89' lang='lat' dir='ltr'><strong>possemus</strong></span> <span class='ocrx_word' id='word_1_396' title='bbox 826 1953 844 1971; x_wconf 84' lang='lat' dir='ltr'><strong>a</strong></span> <span class='ocrx_word' id='word_1_397' title='bbox 877 1946 936 1971; x_wconf 79' lang='lat' dir='ltr'><strong>tam</strong></span> <span class='ocrx_word' id='word_1_398' title='bbox 968 1944 1127 1979; x_wconf 80' lang='lat' dir='ltr'><strong>periculoso</strong></span> <span class='ocrx_word' id='word_1_399' title='bbox 1157 1944 1240 1972; x_wconf 83' lang='lat' dir='ltr'><strong>devio</strong></span> <span class='ocrx_word' id='word_1_400' title='bbox 1271 1953 1417 1977; x_wconf 78' lang='lat' dir='ltr'><strong>revocare,</strong></span> <span class='ocrx_word' id='word_1_401' title='bbox 1454 1950 1475 1972; x_wconf 87' lang='lat' dir='ltr'><strong>a</strong></span> <span class='ocrx_word' id='word_1_402' title='bbox 1504 1939 1723 1982; x_wconf 86' lang='lat' dir='ltr'><strong>publicatione</strong></span> <span class='ocrx_word' id='word_1_403' title='bbox 1755 1950 1813 1972; x_wconf 87' lang='lat' dir='ltr'><strong>seu</strong></span> <span class='ocrx_word' id='word_1_404' title='bbox 1826 1947 1918 1969; x_wconf 67' lang='lat' dir='ltr'><strong>cnibid.</strong></span> 
     </span>
     <span class='ocr_line' id='line_1_35' title="bbox 150 1990 1813 2034; baseline 0 -12"><span class='ocrx_word' id='word_1_405' title='bbox 150 1991 356 2033; x_wconf 88' lang='lat' dir='ltr'><strong>impositione</strong></span> <span class='ocrx_word' id='word_1_406' title='bbox 372 2001 540 2033; x_wconf 88' lang='lat' dir='ltr'><strong>penarum,</strong></span> <span class='ocrx_word' id='word_1_407' title='bbox 563 1991 679 2034; x_wconf 85' lang='lat' dir='ltr'><strong>quibus</strong></span> <span class='ocrx_word' id='word_1_408' title='bbox 699 2001 734 2023; x_wconf 91' lang='lat' dir='ltr'><strong>se</strong></span> <span class='ocrx_word' id='word_1_409' title='bbox 750 1994 923 2034; x_wconf 85' lang='lat' dir='ltr'><strong>propterea</strong></span> <span class='ocrx_word' id='word_1_410' title='bbox 939 1990 1114 2023; x_wconf 87' lang='lat' dir='ltr'><strong>obnoxium</strong></span> <span class='ocrx_word' id='word_1_411' title='bbox 1130 1991 1325 2033; x_wconf 86' lang='lat' dir='ltr'><strong>reddiderat,</strong></span> <span class='ocrx_word' id='word_1_412' title='bbox 1349 1995 1459 2033; x_wconf 85' lang='lat' dir='ltr'><strong>preter</strong></span> <span class='ocrx_word' id='word_1_413' title='bbox 1473 1991 1813 2024; x_wconf 82' lang='lat' dir='ltr'><strong>excommunicationis</strong></span> 
     </span>
    </p>

    <p class='ocr_par' dir='ltr' id='par_1_9' title="bbox 105 2042 1812 2085">
     <span class='ocr_line' id='line_1_36' title="bbox 105 2042 1812 2085; baseline 0.001 -11"><span class='ocrx_word' id='word_1_414' title='bbox 105 2051 132 2073; x_wconf 74' lang='lat' dir='ltr'><strong>ss</strong></span> <span class='ocrx_word' id='word_1_415' title='bbox 151 2043 343 2075; x_wconf 86' lang='lat' dir='ltr'><strong>sententiam</strong></span> <span class='ocrx_word' id='word_1_416' title='bbox 372 2053 432 2085; x_wconf 87' lang='lat' dir='ltr'><strong>per</strong></span> <span class='ocrx_word' id='word_1_417' title='bbox 458 2053 517 2075; x_wconf 92' lang='lat' dir='ltr'><strong>nos</strong></span> <span class='ocrx_word' id='word_1_418' title='bbox 542 2043 575 2074; x_wconf 90' lang='lat' dir='ltr'><strong>in</strong></span> <span class='ocrx_word' id='word_1_419' title='bbox 598 2053 687 2082; x_wconf 82' lang='lat' dir='ltr'><strong>eum,</strong></span> <span class='ocrx_word' id='word_1_420' title='bbox 717 2043 778 2074; x_wconf 89' lang='lat' dir='ltr'><strong>nisi</strong></span> <span class='ocrx_word' id='word_1_421' title='bbox 807 2043 924 2074; x_wconf 89' lang='lat' dir='ltr'><strong>nostris</strong></span> <span class='ocrx_word' id='word_1_422' title='bbox 951 2046 1082 2085; x_wconf 86' lang='lat' dir='ltr'><strong>pareret</strong></span> <span class='ocrx_word' id='word_1_423' title='bbox 1109 2043 1352 2083; x_wconf 81' lang='lat' dir='ltr'><strong>monitionibus,</strong></span> <span class='ocrx_word' id='word_1_424' title='bbox 1381 2046 1418 2074; x_wconf 86' lang='lat' dir='ltr'><strong>nt</strong></span> <span class='ocrx_word' id='word_1_425' title='bbox 1444 2043 1642 2085; x_wconf 83' lang='lat' dir='ltr'><strong>premittitur</strong></span> <span class='ocrx_word' id='word_1_426' title='bbox 1668 2042 1812 2085; x_wconf 88' lang='lat' dir='ltr'><strong>promul-</strong></span> 
     </span>
    </p>

    <p class='ocr_par' dir='ltr' id='par_1_10' title="bbox 99 2091 1930 2291">
     <span class='ocr_line' id='line_1_37' title="bbox 99 2091 1930 2137; baseline 0 -11"><span class='ocrx_word' id='word_1_427' title='bbox 99 2091 103 2095; x_wconf 82' lang='grc'><strong>’</strong></span> <span class='ocrx_word' id='word_1_428' title='bbox 150 2096 276 2136; x_wconf 81' lang='lat' dir='ltr'><strong>gatam,</strong></span> <span class='ocrx_word' id='word_1_429' title='bbox 304 2095 417 2136; x_wconf 62' lang='lat' dir='ltr'><strong>quam2</strong></span> <span class='ocrx_word' id='word_1_430' title='bbox 440 2094 544 2136; x_wconf 89' lang='lat' dir='ltr'><strong>ipsum</strong></span> <span class='ocrx_word' id='word_1_431' title='bbox 575 2094 615 2126; x_wconf 90' lang='lat' dir='ltr'><strong>de</strong></span> <span class='ocrx_word' id='word_1_432' title='bbox 644 2093 833 2127; x_wconf 88' lang='lat' dir='ltr'><strong>eorumdem</strong></span> <span class='ocrx_word' id='word_1_433' title='bbox 863 2094 996 2126; x_wconf 84' lang='lat' dir='ltr'><strong>fratrum</strong></span> <span class='ocrx_word' id='word_1_434' title='bbox 1025 2094 1158 2126; x_wconf 87' lang='lat' dir='ltr'><strong>consilio</strong></span> <span class='ocrx_word' id='word_1_435' title='bbox 1180 2094 1223 2126; x_wconf 90' lang='lat' dir='ltr'><strong>X.</strong></span> <span class='ocrx_word' id='word_1_436' title='bbox 1243 2095 1316 2127; x_wconf 86' lang='lat' dir='ltr'><strong>Kal.</strong></span> <span class='ocrx_word' id='word_1_437' title='bbox 1340 2095 1462 2137; x_wconf 88' lang='lat' dir='ltr'><strong>Aprilis</strong></span> <span class='ocrx_word' id='word_1_438' title='bbox 1488 2095 1637 2137; x_wconf 80' lang='lat' dir='ltr'><strong>proximo</strong></span> <span class='ocrx_word' id='word_1_439' title='bbox 1663 2094 1810 2136; x_wconf 84' lang='lat' dir='ltr'><strong>preteriti</strong></span> <span class='ocrx_word' id='word_1_440' title='bbox 1824 2101 1930 2123; x_wconf 67' lang='lat' dir='ltr'><strong>›lm-¹³-</strong></span> 
     </span>
     <span class='ocr_line' id='line_1_38' title="bbox 153 2145 1811 2188; baseline -0.001 -10"><span class='ocrx_word' id='word_1_441' title='bbox 153 2148 279 2178; x_wconf 87' lang='lat' dir='ltr'><strong>astante</strong></span> <span class='ocrx_word' id='word_1_442' title='bbox 302 2146 508 2178; x_wconf 88' lang='lat' dir='ltr'><strong>multitudiue</strong></span> <span class='ocrx_word' id='word_1_443' title='bbox 531 2147 662 2188; x_wconf 88' lang='lat' dir='ltr'><strong>copiosa</strong></span> <span class='ocrx_word' id='word_1_444' title='bbox 685 2145 827 2178; x_wconf 76' lang='lat' dir='ltr'><strong>fidelium</strong></span> <span class='ocrx_word' id='word_1_445' title='bbox 852 2145 1086 2178; x_wconf 82' lang='lat' dir='ltr'><strong>declaravimus</strong></span> <span class='ocrx_word' id='word_1_446' title='bbox 1108 2146 1273 2186; x_wconf 86' lang='lat' dir='ltr'><strong>incurisse,</strong></span> <span class='ocrx_word' id='word_1_447' title='bbox 1296 2148 1450 2188; x_wconf 60' lang='lat' dir='ltr'><strong>protunc*</strong></span> <span class='ocrx_word' id='word_1_448' title='bbox 1474 2145 1625 2178; x_wconf 82' lang='lat' dir='ltr'><strong>duximus</strong></span> <span class='ocrx_word' id='word_1_449' title='bbox 1647 2146 1811 2178; x_wconf 85' lang='lat' dir='ltr'><strong>abstinen-</strong></span> 
     </span>
     <span class='ocr_line' id='line_1_39' title="bbox 153 2195 1812 2240; baseline 0 -12"><span class='ocrx_word' id='word_1_450' title='bbox 153 2195 240 2230; x_wconf 89' lang='lat' dir='ltr'><strong>dum.</strong></span> <span class='ocrx_word' id='word_1_451' title='bbox 285 2196 370 2230; x_wconf 85' lang='lat' dir='ltr'><strong>Sane</strong></span> <span class='ocrx_word' id='word_1_452' title='bbox 393 2197 499 2230; x_wconf 86' lang='lat' dir='ltr'><strong>adhuc</strong></span> <span class='ocrx_word' id='word_1_453' title='bbox 515 2208 575 2240; x_wconf 89' lang='lat' dir='ltr'><strong>per</strong></span> <span class='ocrx_word' id='word_1_454' title='bbox 596 2197 812 2230; x_wconf 84' lang='lat' dir='ltr'><strong>adiectionem</strong></span> <span class='ocrx_word' id='word_1_455' title='bbox 830 2207 986 2239; x_wconf 69' lang='lat' dir='ltr'><strong>penarum</strong></span> <span class='ocrx_word' id='word_1_456' title='bbox 1002 2197 1149 2234; x_wconf 80' lang='lat' dir='ltr'><strong>aliarum,</strong></span> <span class='ocrx_word' id='word_1_457' title='bbox 1173 2207 1245 2229; x_wconf 90' lang='lat' dir='ltr'><strong>cum</strong></span> <span class='ocrx_word' id='word_1_458' title='bbox 1269 2197 1447 2239; x_wconf 86' lang='lat' dir='ltr'><strong>predictam</strong></span> <span class='ocrx_word' id='word_1_459' title='bbox 1471 2197 1812 2230; x_wconf 84' lang='lat' dir='ltr'><strong>excommunicationis</strong></span> 
     </span>
     <span class='ocr_line' id='line_1_40' title="bbox 152 2248 1809 2291; baseline 0.001 -12"><span class='ocrx_word' id='word_1_460' title='bbox 152 2257 270 2288; x_wconf 84' lang='lat' dir='ltr'><strong>penam</strong></span> <span class='ocrx_word' id='word_1_461' title='bbox 291 2258 355 2281; x_wconf 93' lang='lat' dir='ltr'><strong>non</strong></span> <span class='ocrx_word' id='word_1_462' title='bbox 378 2248 526 2282; x_wconf 84' lang='lat' dir='ltr'><strong>sufficere</strong></span> <span class='ocrx_word' id='word_1_463' title='bbox 550 2248 745 2287; x_wconf 86' lang='lat' dir='ltr'><strong>videremus,</strong></span> <span class='ocrx_word' id='word_1_464' title='bbox 768 2249 873 2291; x_wconf 81' lang='lat' dir='ltr'><strong>ipsum</strong></span> <span class='ocrx_word' id='word_1_465' title='bbox 896 2259 916 2281; x_wconf 85' lang='lat' dir='ltr'><strong>a</strong></span> <span class='ocrx_word' id='word_1_466' title='bbox 939 2251 1005 2280; x_wconf 87' lang='lat' dir='ltr'><strong>tam</strong></span> <span class='ocrx_word' id='word_1_467' title='bbox 1029 2249 1233 2291; x_wconf 79' lang='lat' dir='ltr'><strong>pernicioso⁰</strong></span> <span class='ocrx_word' id='word_1_468' title='bbox 1249 2248 1344 2282; x_wconf 86' lang='lat' dir='ltr'><strong>devio</strong></span> <span class='ocrx_word' id='word_1_469' title='bbox 1367 2259 1520 2282; x_wconf 83' lang='lat' dir='ltr'><strong>revocare</strong></span> <span class='ocrx_word' id='word_1_470' title='bbox 1542 2249 1698 2290; x_wconf 83' lang='lat' dir='ltr'><strong>volentes,</strong></span> <span class='ocrx_word' id='word_1_471' title='bbox 1721 2248 1809 2281; x_wconf 88' lang='lat' dir='ltr'><strong>dicta</strong></span> 
     </span>
    </p>

    <p class='ocr_par' dir='ltr' id='par_1_11' title="bbox 106 2296 1904 2546">
     <span class='ocr_line' id='line_1_41' title="bbox 106 2296 1904 2342; baseline 0 -12"><span class='ocrx_word' id='word_1_472' title='bbox 106 2307 136 2327; x_wconf 73' lang='lat'><strong>⁴⁰</strong></span> <span class='ocrx_word' id='word_1_473' title='bbox 155 2296 208 2330; x_wconf 74' lang='lat' dir='ltr'><strong>die</strong></span> <span class='ocrx_word' id='word_1_474' title='bbox 232 2298 272 2331; x_wconf 82' lang='lat' dir='ltr'><strong>de</strong></span> <span class='ocrx_word' id='word_1_475' title='bbox 295 2298 430 2332; x_wconf 68' lang='lat' dir='ltr'><strong>fratrum</strong></span> <span class='ocrx_word' id='word_1_476' title='bbox 447 2299 636 2332; x_wconf 81' lang='lat' dir='ltr'><strong>eorumdem</strong></span> <span class='ocrx_word' id='word_1_477' title='bbox 652 2300 785 2332; x_wconf 83' lang='lat' dir='ltr'><strong>consilio</strong></span> <span class='ocrx_word' id='word_1_478' title='bbox 801 2301 905 2342; x_wconf 79' lang='lat' dir='ltr'><strong>ipsum</strong></span> <span class='ocrx_word' id='word_1_479' title='bbox 929 2313 980 2340; x_wconf 86' lang='lat' dir='ltr'><strong>per</strong></span> <span class='ocrx_word' id='word_1_480' title='bbox 1001 2303 1145 2332; x_wconf 86' lang='lat' dir='ltr'><strong>nostrum</strong></span> <span class='ocrx_word' id='word_1_481' title='bbox 1170 2305 1293 2332; x_wconf 87' lang='lat' dir='ltr'><strong>edictum</strong></span> <span class='ocrx_word' id='word_1_482' title='bbox 1309 2305 1452 2340; x_wconf 85' lang='lat' dir='ltr'><strong>publicum</strong></span> <span class='ocrx_word' id='word_1_483' title='bbox 1468 2305 1625 2333; x_wconf 84' lang='lat' dir='ltr'><strong>solenniter</strong></span> <span class='ocrx_word' id='word_1_484' title='bbox 1638 2304 1811 2333; x_wconf 75' lang='lat' dir='ltr'><strong>auctoritate</strong></span> <span class='ocrx_word' id='word_1_485' title='bbox 1825 2315 1873 2337; x_wconf 70' lang='lat' dir='ltr'><strong>esp.</strong></span> <span class='ocrx_word' id='word_1_486' title='bbox 1883 2313 1904 2331; x_wconf 74' lang='grc' dir='ltr'><strong>ι.</strong></span> 
     </span>
     <span class='ocr_line' id='line_1_42' title="bbox 152 2353 1811 2395; baseline 0.002 -14"><span class='ocrx_word' id='word_1_487' title='bbox 152 2353 280 2388; x_wconf 85' lang='lat' dir='ltr'><strong>predicta</strong></span> <span class='ocrx_word' id='word_1_488' title='bbox 301 2355 482 2383; x_wconf 87' lang='lat' dir='ltr'><strong>monuimus</strong></span> <span class='ocrx_word' id='word_1_489' title='bbox 505 2356 647 2395; x_wconf 71' lang='lat' dir='ltr'><strong>sibique·¹</strong></span> <span class='ocrx_word' id='word_1_490' title='bbox 664 2356 716 2384; x_wconf 87' lang='lat' dir='ltr'><strong>sub</strong></span> <span class='ocrx_word' id='word_1_491' title='bbox 738 2365 813 2391; x_wconf 85' lang='lat' dir='ltr'><strong>pena</strong></span> <span class='ocrx_word' id='word_1_492' title='bbox 835 2356 1004 2392; x_wconf 82' lang='lat' dir='ltr'><strong>privationis</strong></span> <span class='ocrx_word' id='word_1_493' title='bbox 1028 2356 1139 2384; x_wconf 73' lang='lat' dir='ltr'><strong>omnisv</strong></span> <span class='ocrx_word' id='word_1_494' title='bbox 1158 2356 1236 2390; x_wconf 90' lang='lat' dir='ltr'><strong>iuris,</strong></span> <span class='ocrx_word' id='word_1_495' title='bbox 1259 2357 1284 2384; x_wconf 90' lang='lat' dir='ltr'><strong>si</strong></span> <span class='ocrx_word' id='word_1_496' title='bbox 1306 2357 1381 2391; x_wconf 88' lang='lat' dir='ltr'><strong>quod</strong></span> <span class='ocrx_word' id='word_1_497' title='bbox 1405 2353 1435 2384; x_wconf 88' lang='lat' dir='ltr'><strong>ei</strong></span> <span class='ocrx_word' id='word_1_498' title='bbox 1458 2365 1492 2384; x_wconf 87' lang='lat' dir='ltr'><strong>ex</strong></span> <span class='ocrx_word' id='word_1_499' title='bbox 1515 2365 1566 2384; x_wconf 81' lang='lat' dir='ltr'><strong>sua</strong></span> <span class='ocrx_word' id='word_1_500' title='bbox 1587 2356 1727 2384; x_wconf 86' lang='lat' dir='ltr'><strong>electione</strong></span> <span class='ocrx_word' id='word_1_501' title='bbox 1749 2365 1811 2391; x_wconf 89' lang='lat' dir='ltr'><strong>pre-</strong></span> 
     </span>
     <span class='ocr_line' id='line_1_43' title="bbox 151 2401 1810 2444; baseline 0.002 -12"><span class='ocrx_word' id='word_1_502' title='bbox 151 2404 251 2432; x_wconf 71' lang='lat' dir='ltr'><strong>dicta*</strong></span> <span class='ocrx_word' id='word_1_503' title='bbox 279 2405 316 2433; x_wconf 72' lang='lat' dir='ltr'><strong>ad</strong></span> <span class='ocrx_word' id='word_1_504' title='bbox 344 2401 431 2435; x_wconf 80' lang='lat' dir='ltr'><strong>dicta</strong></span> <span class='ocrx_word' id='word_1_505' title='bbox 460 2415 579 2444; x_wconf 82' lang='lat' dir='ltr'><strong>regnum</strong></span> <span class='ocrx_word' id='word_1_506' title='bbox 605 2409 636 2436; x_wconf 90' lang='lat' dir='ltr'><strong>et</strong></span> <span class='ocrx_word' id='word_1_507' title='bbox 663 2408 813 2443; x_wconf 84' lang='lat' dir='ltr'><strong>imperium</strong></span> <span class='ocrx_word' id='word_1_508' title='bbox 842 2408 1058 2443; x_wconf 81' lang='lat' dir='ltr'><strong>competebat,</strong></span> <span class='ocrx_word' id='word_1_509' title='bbox 1086 2416 1171 2442; x_wconf 86' lang='lat' dir='ltr'><strong>quam</strong></span> <span class='ocrx_word' id='word_1_510' title='bbox 1199 2408 1223 2435; x_wconf 89' lang='lat' dir='ltr'><strong>si</strong></span> <span class='ocrx_word' id='word_1_511' title='bbox 1250 2408 1402 2436; x_wconf 86' lang='lat' dir='ltr'><strong>monitioni</strong></span> <span class='ocrx_word' id='word_1_512' title='bbox 1429 2410 1459 2437; x_wconf 90' lang='lat' dir='ltr'><strong>et</strong></span> <span class='ocrx_word' id='word_1_513' title='bbox 1486 2408 1622 2436; x_wconf 77' lang='lat' dir='ltr'><strong>mandato</strong></span> <span class='ocrx_word' id='word_1_514' title='bbox 1649 2408 1810 2436; x_wconf 87' lang='lat' dir='ltr'><strong>huiusmodi</strong></span> 
     </span>
     <span class='ocr_line' id='line_1_44' title="bbox 153 2455 1812 2495; baseline 0.003 -12"><span class='ocrx_word' id='word_1_515' title='bbox 153 2455 306 2485; x_wconf 84' lang='lat' dir='ltr'><strong>efficaciter</strong></span> <span class='ocrx_word' id='word_1_516' title='bbox 335 2466 392 2485; x_wconf 85' lang='lat' dir='ltr'><strong>non</strong></span> <span class='ocrx_word' id='word_1_517' title='bbox 414 2460 569 2493; x_wconf 85' lang='lat' dir='ltr'><strong>pareret,</strong></span> <span class='ocrx_word' id='word_1_518' title='bbox 602 2467 666 2487; x_wconf 88' lang='lat' dir='ltr'><strong>eum</strong></span> <span class='ocrx_word' id='word_1_519' title='bbox 689 2460 832 2487; x_wconf 84' lang='lat' dir='ltr'><strong>incurrere</strong></span> <span class='ocrx_word' id='word_1_520' title='bbox 856 2459 984 2487; x_wconf 86' lang='lat' dir='ltr'><strong>volumus</strong></span> <span class='ocrx_word' id='word_1_521' title='bbox 1007 2459 1070 2494; x_wconf 92' lang='lat' dir='ltr'><strong>ipso</strong></span> <span class='ocrx_word' id='word_1_522' title='bbox 1097 2460 1187 2492; x_wconf 79' lang='lat' dir='ltr'><strong>facto,</strong></span> <span class='ocrx_word' id='word_1_523' title='bbox 1214 2459 1396 2487; x_wconf 72' lang='lat' dir='ltr'><strong>districtiusW</strong></span> <span class='ocrx_word' id='word_1_524' title='bbox 1419 2455 1569 2488; x_wconf 83' lang='lat' dir='ltr'><strong>duximus</strong></span> <span class='ocrx_word' id='word_1_525' title='bbox 1591 2459 1812 2495; x_wconf 87' lang='lat' dir='ltr'><strong>iniungendum.</strong></span> 
     </span>
     <span class='ocr_line' id='line_1_45' title="bbox 154 2506 1809 2546; baseline 0.002 -12"><span class='ocrx_word' id='word_1_526' title='bbox 154 2508 187 2534; x_wconf 89' lang='lat' dir='ltr'><strong>ut</strong></span> <span class='ocrx_word' id='word_1_527' title='bbox 210 2507 286 2535; x_wconf 68' lang='lat' dir='ltr'><strong>infra</strong></span> <span class='ocrx_word' id='word_1_528' title='bbox 307 2508 394 2536; x_wconf 88' lang='lat' dir='ltr'><strong>trium</strong></span> <span class='ocrx_word' id='word_1_529' title='bbox 416 2509 556 2537; x_wconf 87' lang='lat' dir='ltr'><strong>mensium</strong></span> <span class='ocrx_word' id='word_1_530' title='bbox 578 2510 702 2545; x_wconf 84' lang='lat' dir='ltr'><strong>spatium</strong></span> <span class='ocrx_word' id='word_1_531' title='bbox 725 2519 743 2538; x_wconf 86' lang='lat' dir='ltr'><strong>a</strong></span> <span class='ocrx_word' id='word_1_532' title='bbox 758 2506 845 2539; x_wconf 82' lang='lat' dir='ltr'><strong>dicta</strong></span> <span class='ocrx_word' id='word_1_533' title='bbox 868 2506 921 2538; x_wconf 87' lang='lat' dir='ltr'><strong>die</strong></span> <span class='ocrx_word' id='word_1_534' title='bbox 944 2511 1062 2538; x_wconf 83' lang='lat' dir='ltr'><strong>inantea</strong></span> <span class='ocrx_word' id='word_1_535' title='bbox 1084 2511 1392 2546; x_wconf 64' lang='lat' dir='ltr'><strong>computandum-⁸211</strong></span> <span class='ocrx_word' id='word_1_536' title='bbox 1414 2511 1611 2540; x_wconf 84' lang='lat' dir='ltr'><strong>intitulatione</strong></span> <span class='ocrx_word' id='word_1_537' title='bbox 1634 2512 1664 2539; x_wconf 83' lang='lat' dir='ltr'><strong>et</strong></span> <span class='ocrx_word' id='word_1_538' title='bbox 1685 2511 1809 2539; x_wconf 87' lang='lat' dir='ltr'><strong>denomi-</strong></span> 
     </span>
    </p>

    <p class='ocr_par' dir='ltr' id='par_1_12' title="bbox 106 2558 1809 2598">
     <span class='ocr_line' id='line_1_46' title="bbox 106 2558 1809 2598; baseline 0.001 -11"><span class='ocrx_word' id='word_1_539' title='bbox 106 2568 134 2587; x_wconf 72' lang='lat' dir='ltr'><strong>⁴s</strong></span> <span class='ocrx_word' id='word_1_540' title='bbox 153 2558 271 2587; x_wconf 82' lang='lat' dir='ltr'><strong>natione</strong></span> <span class='ocrx_word' id='word_1_541' title='bbox 294 2559 383 2595; x_wconf 79' lang='lat' dir='ltr'><strong>regali</strong></span> <span class='ocrx_word' id='word_1_542' title='bbox 405 2560 568 2589; x_wconf 85' lang='lat' dir='ltr'><strong>huiusmodi</strong></span> <span class='ocrx_word' id='word_1_543' title='bbox 591 2570 642 2596; x_wconf 86' lang='lat' dir='ltr'><strong>per</strong></span> <span class='ocrx_word' id='word_1_544' title='bbox 664 2570 727 2590; x_wconf 89' lang='lat' dir='ltr'><strong>eum</strong></span> <span class='ocrx_word' id='word_1_545' title='bbox 751 2562 878 2590; x_wconf 88' lang='lat' dir='ltr'><strong>indebite</strong></span> <span class='ocrx_word' id='word_1_546' title='bbox 901 2562 1054 2597; x_wconf 83' lang='lat' dir='ltr'><strong>usurpatis</strong></span> <span class='ocrx_word' id='word_1_547' title='bbox 1077 2564 1111 2590; x_wconf 87' lang='lat' dir='ltr'><strong>et</strong></span> <span class='ocrx_word' id='word_1_548' title='bbox 1133 2562 1380 2591; x_wconf 81' lang='lat' dir='ltr'><strong>administratione</strong></span> <span class='ocrx_word' id='word_1_549' title='bbox 1404 2563 1484 2598; x_wconf 83' lang='lat' dir='ltr'><strong>regni</strong></span> <span class='ocrx_word' id='word_1_550' title='bbox 1512 2564 1542 2591; x_wconf 92' lang='lat' dir='ltr'><strong>et</strong></span> <span class='ocrx_word' id='word_1_551' title='bbox 1567 2562 1680 2598; x_wconf 87' lang='lat' dir='ltr'><strong>imperii</strong></span> <span class='ocrx_word' id='word_1_552' title='bbox 1703 2563 1809 2598; x_wconf 87' lang='lat' dir='ltr'><strong>predic-</strong></span> 
     </span>
    </p>
   </div>
   <div class='ocr_carea' id='block_1_6' title="bbox 107 2648 1810 2859">
    <p class='ocr_par' dir='ltr' id='par_1_13' title="bbox 254 2648 1809 2687">
     <span class='ocr_line' id='line_1_47' title="bbox 254 2648 1809 2687; baseline 0 -10"><span class='ocrx_word' id='word_1_553' title='bbox 254 2648 324 2685; x_wconf 66' lang='lat'><strong>⁹44,</strong></span> <span class='ocrx_word' id='word_1_554' title='bbox 349 2651 371 2683; x_wconf 83' lang='lat'><strong>¹)</strong></span> <span class='ocrx_word' id='word_1_555' title='bbox 390 2652 504 2685; x_wconf 79' lang='lat' dir='ltr'><strong>predicto</strong></span> <span class='ocrx_word' id='word_1_556' title='bbox 521 2651 547 2679; x_wconf 75' lang='lat'><strong>2.</strong></span> <span class='ocrx_word' id='word_1_557' title='bbox 558 2651 584 2679; x_wconf 81' lang='lat'><strong>3.</strong></span> <span class='ocrx_word' id='word_1_558' title='bbox 662 2653 687 2685; x_wconf 77' lang='lat'><strong>⁸)</strong></span> <span class='ocrx_word' id='word_1_559' title='bbox 705 2653 871 2687; x_wconf 76' lang='lat' dir='ltr'><strong>apostolicam</strong></span> <span class='ocrx_word' id='word_1_560' title='bbox 889 2653 915 2680; x_wconf 83' lang='lat'><strong>8.</strong></span> <span class='ocrx_word' id='word_1_561' title='bbox 994 2653 1020 2686; x_wconf 76' lang='lat' dir='ltr'><strong>b)</strong></span> <span class='ocrx_word' id='word_1_562' title='bbox 1038 2654 1203 2681; x_wconf 76' lang='lat' dir='ltr'><strong>Siratsburch</strong></span> <span class='ocrx_word' id='word_1_563' title='bbox 1224 2654 1248 2680; x_wconf 90' lang='lat'><strong>1.</strong></span> <span class='ocrx_word' id='word_1_564' title='bbox 1262 2652 1289 2684; x_wconf 81' lang='lat'><strong>8;</strong></span> <span class='ocrx_word' id='word_1_565' title='bbox 1308 2654 1409 2687; x_wconf 75' lang='lat' dir='ltr'><strong>Syratb.</strong></span> <span class='ocrx_word' id='word_1_566' title='bbox 1428 2653 1454 2680; x_wconf 77' lang='lat'><strong>2.</strong></span> <span class='ocrx_word' id='word_1_567' title='bbox 1531 2654 1555 2685; x_wconf 62' lang='grc' dir='ltr'><strong>ο)</strong></span> <span class='ocrx_word' id='word_1_568' title='bbox 1574 2654 1715 2686; x_wconf 81' lang='lat' dir='ltr'><strong>Ernesturp</strong></span> <span class='ocrx_word' id='word_1_569' title='bbox 1735 2652 1809 2678; x_wconf 88' lang='lat'>1—3.</span> 
     </span>
    </p>

    <p class='ocr_par' dir='ltr' id='par_1_14' title="bbox 154 2691 1810 2731">
     <span class='ocr_line' id='line_1_48' title="bbox 154 2691 1810 2731; baseline 0.006 -13"><span class='ocrx_word' id='word_1_570' title='bbox 154 2691 180 2724; x_wconf 59' lang='grc' dir='ltr'><strong>ἃ)</strong></span> <span class='ocrx_word' id='word_1_571' title='bbox 201 2693 305 2719; x_wconf 72' lang='lat' dir='ltr'><strong>Thr-ano</strong></span> <span class='ocrx_word' id='word_1_572' title='bbox 318 2694 344 2724; x_wconf 86' lang='lat'><strong>1;</strong></span> <span class='ocrx_word' id='word_1_573' title='bbox 363 2694 484 2721; x_wconf 76' lang='lat' dir='ltr'><strong>Therone</strong></span> <span class='ocrx_word' id='word_1_574' title='bbox 496 2694 521 2721; x_wconf 70' lang='grc'><strong>2.</strong></span> <span class='ocrx_word' id='word_1_575' title='bbox 591 2696 614 2728; x_wconf 80' lang='lat'><strong>⁰)</strong></span> <span class='ocrx_word' id='word_1_576' title='bbox 632 2696 708 2722; x_wconf 80' lang='lat' dir='ltr'><strong>fldem</strong></span> <span class='ocrx_word' id='word_1_577' title='bbox 727 2696 751 2722; x_wconf 87' lang='lat'><strong>1.</strong></span> <span class='ocrx_word' id='word_1_578' title='bbox 825 2694 844 2728; x_wconf 71' lang='lat' dir='ltr'><strong>r)</strong></span> <span class='ocrx_word' id='word_1_579' title='bbox 862 2697 968 2730; x_wconf 83' lang='lat' dir='ltr'><strong>ipseque</strong></span> <span class='ocrx_word' id='word_1_580' title='bbox 978 2710 1010 2715; x_wconf 91' lang='lat'>—</span> <span class='ocrx_word' id='word_1_581' title='bbox 1020 2702 1149 2731; x_wconf 78' lang='lat' dir='ltr'><strong>augustus</strong></span> <span class='ocrx_word' id='word_1_582' title='bbox 1162 2706 1213 2731; x_wconf 76' lang='lat' dir='ltr'><strong>per</strong></span> <span class='ocrx_word' id='word_1_583' title='bbox 1223 2697 1424 2731; x_wconf 67' lang='lat' dir='ltr'><strong>dioeoyraplsiam</strong></span> <span class='ocrx_word' id='word_1_584' title='bbox 1435 2696 1584 2722; x_wconf 58' lang='lat' dir='ltr'><strong>addetum</strong></span> <span class='ocrx_word' id='word_1_585' title='bbox 1596 2695 1620 2722; x_wconf 82' lang='grc'><strong>3.</strong></span> <span class='ocrx_word' id='word_1_586' title='bbox 1698 2696 1723 2727; x_wconf 72' lang='grc' dir='ltr'><strong>σ)</strong></span> <span class='ocrx_word' id='word_1_587' title='bbox 1743 2704 1810 2721; x_wconf 68' lang='lat'><strong>‘&#39;³⁰¹¹‘&#39;</strong></span> 
     </span>
    </p>

    <p class='ocr_par' dir='ltr' id='par_1_15' title="bbox 155 2735 1810 2772">
     <span class='ocr_line' id='line_1_49' title="bbox 155 2735 1810 2772; baseline 0.002 -11"><span class='ocrx_word' id='word_1_588' title='bbox 155 2739 285 2768; x_wconf 78' lang='lat' dir='ltr'><strong>petentem</strong></span> <span class='ocrx_word' id='word_1_589' title='bbox 303 2735 334 2767; x_wconf 80' lang='lat'><strong>8;</strong></span> <span class='ocrx_word' id='word_1_590' title='bbox 353 2737 388 2770; x_wconf 80' lang='lat' dir='ltr'><strong>cs.</strong></span> <span class='ocrx_word' id='word_1_591' title='bbox 406 2746 448 2764; x_wconf 78' lang='lat' dir='ltr'><strong>nr.</strong></span> <span class='ocrx_word' id='word_1_592' title='bbox 460 2740 518 2764; x_wconf 78' lang='lat'><em>881.</em></span> <span class='ocrx_word' id='word_1_593' title='bbox 606 2737 632 2770; x_wconf 78' lang='lat'><strong>¹¹)</strong></span> <span class='ocrx_word' id='word_1_594' title='bbox 650 2746 719 2771; x_wconf 73' lang='lat' dir='ltr'><strong>sequ.</strong></span> <span class='ocrx_word' id='word_1_595' title='bbox 736 2746 835 2764; x_wconf 67' lang='lat' dir='ltr'><strong>maara</strong></span> <span class='ocrx_word' id='word_1_596' title='bbox 852 2739 880 2764; x_wconf 74' lang='lat' dir='ltr'><strong>in</strong></span> <span class='ocrx_word' id='word_1_597' title='bbox 898 2739 922 2765; x_wconf 86' lang='grc'><strong>1.</strong></span> <span class='ocrx_word' id='word_1_598' title='bbox 1010 2738 1030 2771; x_wconf 84' lang='lat'><strong>¹)</strong></span> <span class='ocrx_word' id='word_1_599' title='bbox 1047 2743 1086 2766; x_wconf 81' lang='lat' dir='ltr'><strong>set</strong></span> <span class='ocrx_word' id='word_1_600' title='bbox 1103 2739 1128 2766; x_wconf 78' lang='lat'><strong>3.</strong></span> <span class='ocrx_word' id='word_1_601' title='bbox 1223 2739 1250 2772; x_wconf 70' lang='lat'><strong>¹⁵)</strong></span> <span class='ocrx_word' id='word_1_602' title='bbox 1268 2748 1300 2767; x_wconf 82' lang='lat' dir='ltr'><strong>ac</strong></span> <span class='ocrx_word' id='word_1_603' title='bbox 1317 2739 1343 2766; x_wconf 83' lang='lat'><strong>2.</strong></span> <span class='ocrx_word' id='word_1_604' title='bbox 1438 2738 1458 2770; x_wconf 92' lang='lat'><strong>¹)</strong></span> <span class='ocrx_word' id='word_1_605' title='bbox 1476 2740 1538 2765; x_wconf 87' lang='lat' dir='ltr'><strong>inm.</strong></span> <span class='ocrx_word' id='word_1_606' title='bbox 1555 2738 1581 2765; x_wconf 80' lang='lat'><strong>2.</strong></span> <span class='ocrx_word' id='word_1_607' title='bbox 1670 2738 1703 2770; x_wconf 81' lang='lat'><em>¹¹¹)</em></span> <span class='ocrx_word' id='word_1_608' title='bbox 1723 2747 1767 2772; x_wconf 84' lang='lat' dir='ltr'><strong>per</strong></span> <span class='ocrx_word' id='word_1_609' title='bbox 1786 2739 1810 2763; x_wconf 85' lang='grc'><strong>3.</strong></span> 
     </span>
    </p>

    <p class='ocr_par' dir='ltr' id='par_1_16' title="bbox 107 2777 1809 2859">
     <span class='ocr_line' id='line_1_50' title="bbox 152 2777 1809 2815; baseline 0.002 -11"><span class='ocrx_word' id='word_1_610' title='bbox 152 2777 178 2810; x_wconf 82' lang='lat' dir='ltr'><strong>u)</strong></span> <span class='ocrx_word' id='word_1_611' title='bbox 199 2786 245 2804; x_wconf 82' lang='lat' dir='ltr'><strong>ssu</strong></span> <span class='ocrx_word' id='word_1_612' title='bbox 261 2792 293 2798; x_wconf 91' lang='lat'><strong>-—</strong></span> <span class='ocrx_word' id='word_1_613' title='bbox 309 2784 399 2806; x_wconf 83' lang='lat' dir='ltr'><strong>contra</strong></span> <span class='ocrx_word' id='word_1_614' title='bbox 417 2781 445 2806; x_wconf 77' lang='lat' dir='ltr'><strong>in</strong></span> <span class='ocrx_word' id='word_1_615' title='bbox 463 2781 519 2807; x_wconf 81' lang='lat' dir='ltr'><strong>loco</strong></span> <span class='ocrx_word' id='word_1_616' title='bbox 536 2789 598 2807; x_wconf 74' lang='lat' dir='ltr'><strong>raso</strong></span> <span class='ocrx_word' id='word_1_617' title='bbox 619 2781 641 2808; x_wconf 83' lang='lat'><strong>1.</strong></span> <span class='ocrx_word' id='word_1_618' title='bbox 737 2781 762 2813; x_wconf 86' lang='lat'><strong>⁰)</strong></span> <span class='ocrx_word' id='word_1_619' title='bbox 780 2781 828 2807; x_wconf 83' lang='lat' dir='ltr'><strong>hec</strong></span> <span class='ocrx_word' id='word_1_620' title='bbox 846 2782 872 2807; x_wconf 88' lang='lat' dir='ltr'><strong>in</strong></span> <span class='ocrx_word' id='word_1_621' title='bbox 890 2782 918 2807; x_wconf 75' lang='lat' dir='ltr'><strong>in</strong></span> <span class='ocrx_word' id='word_1_622' title='bbox 937 2782 992 2808; x_wconf 79' lang='lat' dir='ltr'><strong>loco</strong></span> <span class='ocrx_word' id='word_1_623' title='bbox 1009 2791 1072 2809; x_wconf 77' lang='lat' dir='ltr'><strong>meo</strong></span> <span class='ocrx_word' id='word_1_624' title='bbox 1092 2782 1113 2808; x_wconf 80' lang='lat'><strong>1.</strong></span> <span class='ocrx_word' id='word_1_625' title='bbox 1210 2782 1236 2815; x_wconf 71' lang='grc' dir='ltr'><strong>Ρ)</strong></span> <span class='ocrx_word' id='word_1_626' title='bbox 1255 2783 1402 2809; x_wconf 77' lang='lat' dir='ltr'><strong>continemi-</strong></span> <span class='ocrx_word' id='word_1_627' title='bbox 1419 2782 1444 2809; x_wconf 81' lang='lat'><strong>2.</strong></span> <span class='ocrx_word' id='word_1_628' title='bbox 1540 2782 1566 2814; x_wconf 65' lang='grc' dir='ltr'><strong>α)</strong></span> <span class='ocrx_word' id='word_1_629' title='bbox 1585 2783 1611 2807; x_wconf 78' lang='lat' dir='ltr'><strong>in</strong></span> <span class='ocrx_word' id='word_1_630' title='bbox 1630 2782 1685 2807; x_wconf 78' lang='lat' dir='ltr'><strong>Ioco</strong></span> <span class='ocrx_word' id='word_1_631' title='bbox 1703 2790 1764 2807; x_wconf 73' lang='lat' dir='ltr'><strong>roso</strong></span> <span class='ocrx_word' id='word_1_632' title='bbox 1787 2782 1809 2806; x_wconf 94' lang='grc'><strong>1.</strong></span> 
     </span>
     <span class='ocr_line' id='line_1_51' title="bbox 107 2821 1644 2859; baseline 0.004 -12"><span class='ocrx_word' id='word_1_633' title='bbox 107 2827 135 2847; x_wconf 75' lang='grc' dir='ltr'>ω</span> <span class='ocrx_word' id='word_1_634' title='bbox 153 2822 174 2852; x_wconf 78' lang='lat'><strong>¹²)</strong></span> <span class='ocrx_word' id='word_1_635' title='bbox 194 2821 277 2854; x_wconf 77' lang='lat' dir='ltr'><strong>legitt-</strong></span> <span class='ocrx_word' id='word_1_636' title='bbox 294 2821 319 2848; x_wconf 86' lang='lat'><strong>3.</strong></span> <span class='ocrx_word' id='word_1_637' title='bbox 408 2823 430 2855; x_wconf 80' lang='lat'><strong>¹)</strong></span> <span class='ocrx_word' id='word_1_638' title='bbox 450 2832 497 2850; x_wconf 84' lang='lat' dir='ltr'><strong>nec</strong></span> <span class='ocrx_word' id='word_1_639' title='bbox 515 2823 540 2850; x_wconf 84' lang='lat'><strong>3.</strong></span> <span class='ocrx_word' id='word_1_640' title='bbox 627 2823 648 2856; x_wconf 68' lang='lat' dir='ltr'><strong>t)</strong></span> <span class='ocrx_word' id='word_1_641' title='bbox 666 2829 755 2851; x_wconf 73' lang='lat' dir='ltr'><strong>contra</strong></span> <span class='ocrx_word' id='word_1_642' title='bbox 772 2823 798 2851; x_wconf 87' lang='grc'><strong>3.</strong></span> <span class='ocrx_word' id='word_1_643' title='bbox 884 2825 910 2857; x_wconf 82' lang='grc'><strong>“)</strong></span> <span class='ocrx_word' id='word_1_644' title='bbox 930 2825 1074 2859; x_wconf 74' lang='lat' dir='ltr'><strong>periculoso</strong></span> <span class='ocrx_word' id='word_1_645' title='bbox 1091 2825 1117 2852; x_wconf 83' lang='grc'><strong>3.</strong></span> <span class='ocrx_word' id='word_1_646' title='bbox 1205 2826 1231 2859; x_wconf 73' lang='lat' dir='ltr'><strong>v)</strong></span> <span class='ocrx_word' id='word_1_647' title='bbox 1249 2827 1317 2853; x_wconf 71' lang='lat' dir='ltr'><strong>deest</strong></span> <span class='ocrx_word' id='word_1_648' title='bbox 1334 2826 1359 2853; x_wconf 84' lang='lat'><strong>2.</strong></span> <span class='ocrx_word' id='word_1_649' title='bbox 1447 2827 1477 2857; x_wconf 69' lang='lat' dir='ltr'><strong>w)</strong></span> <span class='ocrx_word' id='word_1_650' title='bbox 1495 2827 1519 2853; x_wconf 87' lang='lat' dir='ltr'><strong>ei</strong></span> <span class='ocrx_word' id='word_1_651' title='bbox 1538 2825 1601 2851; x_wconf 75' lang='lat' dir='ltr'><strong>add·</strong></span> <span class='ocrx_word' id='word_1_652' title='bbox 1619 2825 1644 2850; x_wconf 88' lang='grc'><strong>3-</strong></span> 
     </span>
    </p>
   </div>
  </div>
 </body>
</html>
