2190 3172
433 203 530 232 ACTA
546 203 662 231 amm
679 203 863 232 LUDEwlcl
882 204 929 232 lv.
947 203 996 232 ΕΤ
1015 203 1198 232 FBIDERICI
1216 204 1265 232 111.
1302 204 1378 232 1816.
1413 204 1462 232 Nr.
1474 205 1533 234 366.
1551 205 1610 234 367.
1629 206 1687 234 368.
1821 209 1883 240 307

233 300 305 324 eam
328 294 401 324 acta
423 294 497 323 sunt
517 291 570 323 vel
593 291 663 323 fieri
686 294 817 334 possent
838 292 978 333 inantea,
1000 292 1090 324 nulla
1112 291 1212 324 fuisse
1235 302 1273 324 ac
1296 302 1367 324 esse
1391 292 1499 324 inania
1523 296 1557 324 et
1578 293 1668 325 irrita
1691 293 1761 335 ipso
1786 293 1883 326 facto.

232 342 270 375 In
294 343 382 375 cuius
404 343 452 375 rei
474 343 693 375 testimonium
717 347 885 385 presentes
906 343 1062 376 conscribi
1092 347 1126 376 et
1151 346 1260 376 nostre
1282 344 1482 376 maiestatisb
1505 344 1611 386 sigillo
1635 345 1783 377 iussimus
1806 355 1882 377 con·

232 405 358 427 muniri.

339 446 414 478 Dat.
429 444 618 488 Ratispone‚
642 446 733 479 XVI.
749 446 866 478 Kalen.
882 446 1032 489 Augusti,
1055 456 1138 479 anno
1154 446 1285 479 Domini
1300 447 1418 480 Mccc
1435 447 1668 489 sextodecimo,
1691 449 1781 490 regni
1805 458 1884 481 vero

200 507 211 526 ε
231 498 332 530 nostri
354 507 437 530 anno
460 497 610 530 seeundo.

685 617 771 654 367.
812 617 944 653 Forma
968 619 1179 664 yermanica.
1283 618 1354 654 Iul.
1374 620 1431 654 19.

340 690 518 733 Oriyinalia
546 691 609 724 duo
640 694 654 723 1
684 694 713 724 et
740 693 759 724 2
788 692 901 724 ibidem
929 691 1021 725 KLS
1049 702 1099 725 nr.
1122 694 1194 724 107.
1253 692 1490 733 Βεεονίρείηωε
1521 692 1568 725 vel
1594 693 1786 726 caemtulimus
1814 704 1882 726 noa.

229 742 372 776 Pendent
397 742 535 784 siyillum
561 743 738 776 maiestatis
763 743 954 784 aueoyraphi
979 747 992 776 1
1024 744 1097 786 fere
1124 743 1282 783 illaesum,
1314 744 1452 786 sigillum
1480 747 1633 777 secretum
1655 745 1847 787 autoqraphi
1862 747 1881 778 2

229 794 348 828 laesum
370 794 446 828 loris
468 795 719 827 membranaceis.
744 814 785 820 —
808 796 981 829 Ineditum.

184 866 210 886 ιο
335 855 482 894 Bo'hmer,
505 855 582 896 Req.
597 854 708 888 Ludw.
727 867 762 898 p.
779 856 821 887 13
842 867 892 888 nr.
908 856 980 888 214.

335 942 408 974 Wir
429 941 606 974 Ludowioh
633 952 695 974 von
723 941 824 974 Getes
851 942 979 985 gnaden
1005 942 1198 975 Romischer
1225 942 1347 985 kunig·
1373 954 1410 975 ze
1441 942 1528 975 allen
1555 944 1660 975 zeiten
1688 955 1794 977 merer
1822 945 1880 977 des

228 994 332 1026 riches
355 993 430 1026 ti'inb
454 992 572 1026 chfinto
595 993 680 1026 allen
704 994 767 1026 den
791 994 843 1026 die
859 994 949 1027 disen
964 993 1053 1026 brief
1064 994 1222 1026 ansehent
1242 994 1323 1026 oder
1337 994 1474 1026 horent‘¹
1491 995 1592 1037 lesen,
1616 995 1674 1028 daz
1691 997 1748 1028 wir
1764 997 1879 1029 wellen

226 1056 288 1078 von
311 1046 438 1078 reehter
452 1046 557 1086 wisse,
581 1045 640 1078 daz
663 1045 721 1078 der
744 1045 836 1086 brief,
861 1046 923 1078 den
947 1045 999 1078 die
1022 1045 1222 1078 bescheiden
1245 1045 1340 1078 laeute
1364 1045 1418 1078 die
1442 1046 1563 1089 burger
1578 1058 1640 1079 von
1657 1047 1880 1091 Nurembe1·g·¹⁵

225 1097 302 1130 amb
332 1096 515 1140 phantfing'
542 1108 605 1140 gen
633 1097 698 1130 den
726 1097 921 1130 bescheiden
953 1098 1074 1130 weisen
1104 1097 1242 1130 laeutene
1271 1097 1334 1130 den
1364 1097 1527 1141 pfirgern¹¹
1554 1109 1616 1131 von
1644 1099 1878 1142 Regenspfirch

183 1162 208 1182 ιο
226 1159 289 1182 von
310 1160 447 1182 unseren
464 1159 577 1191 wegen
598 1149 729 1190 habent,
753 1149 870 1182 dehain
892 1149 992 1182 krafft
1013 1149 1096 1182 noch
1119 1148 1229 1181 macht
1251 1149 1347 1189 habe,
1371 1160 1464 1182 wann
1488 1161 1524 1183 er
1546 1150 1663 1183 andere
1685 1151 1878 1194 geschriben

225 1201 282 1242 ist,
313 1201 397 1233 dann
420 1202 478 1233 wir
506 1201 538 1233 in
561 1201 731 1233 schreiben
757 1201 898 1233 hiezzen.
943 1201 1017 1232 Wir
1042 1200 1156 1233 wellen
1187 1200 1269 1233 auch
1297 1200 1356 1232 daz
1390 1201 1471 1233 allez
1502 1201 1561 1234 daz
1583 1213 1646 1234 von
1669 1203 1728 1235 des
1751 1203 1878 1236 selben*

177 1268 179 1271 ⁴
223 1252 323 1285 briefs
346 1263 438 1295 wegn
462 1263 503 1285 an
525 1251 692 1295 phantiing
715 1252 794 1285 oder
816 1263 858 1284 an
881 1251 1024 1284 anderen
1046 1252 1165 1285 sachen
1189 1252 1252 1284 den
1275 1257 1457 1295 egenanten
1474 1252 1635 1296 piirgern*¹
1651 1265 1713 1287 von
1728 1254 1877 1297 Regens-

222 1303 323 1347 pfirch
347 1304 530 1347 geschehen
554 1305 608 1344 ist,
641 1303 741 1337 sider‘
757 1315 792 1336 er
819 1304 926 1347 geben
949 1308 1042 1346 wart,
1073 1303 1153 1336 oder
1180 1304 1263 1336 noch
1291 1305 1471 1347 gesehehe,
1507 1305 1646 1341 dehain*
1668 1306 1767 1338 krafft
1793 1307 1877 1339 noch

223 1357 332 1389 macht
354 1356 476 1399 gehabt
498 1356 582 1389 habe
606 1356 688 1389 noch
710 1356 822 1388 ffirbaz
846 1355 952 1388 haben
975 1355 1068 1389 salle,
1156 1355 1224 1388 Des
1247 1357 1353 1398 geben
1369 1357 1426 1389 wir
1443 1357 1534 1389 disen
1558 1357 1645 1390 brief
1663 1369 1700 1390 ze
1716 1358 1877 1391 iirchundl

181 1418 208 1439 πο
225 1409 284 1440 mit
306 1418 455 1440 unserem
478 1408 593 1450 insigel
616 1408 778 1450 versigelt.

331 1459 400 1492 Der
422 1460 464 1492 ist
485 1459 592 1502 geben
615 1470 651 1492 ze
666 1458 911 1502 Regenspfirch,
935 1458 993 1491 des
1008 1458 1160 1501 Montags
1174 1459 1257 1491 nach
1273 1459 1393 1501 Alexii‚
1418 1459 1460 1492 do
1484 1471 1558 1492 man
1575 1462 1639 1493 zalt
1654 1472 1715 1493 von
1732 1462 1876 1494 Christes

223 1511 341 1555 gebstrt
363 1511 686 1545 dreuzehenhundert
705 1512 786 1553 jai-¹¹²
810 1510 951 1542 darnach
974 1511 1006 1542 in
1030 1510 1105 1543 dem
1129 1510 1387 1543 sechzehendem
1407 1513 1474 1553 jar,
1504 1512 1536 1544 in
1561 1512 1636 1544 dem
1659 1513 1801 1546 anderen
1821 1515 1875 1555 jar

223 1573 336 1596 unsers
359 1563 473 1595 riches.

234 1751 308 1788 368.
343 1736 641 1788 PROMISSIO
664 1750 934 1788 LUDEWICI
965 1750 1068 1788 PRO
1092 1750 1285 1789 PRINCI
1293 1751 1451 1789 PIBUS
1482 1752 1862 1791 ELECTORIBUS.

179 1839 205 1859 αι
901 1819 1010 1856 1316.
1051 1819 1118 1856 Iul.
1141 1819 1200 1856 25.
1278 1821 1280 1823 ’

333 1919 493 1961 Oriyinale
515 1920 551 1952 in
574 1920 733 1953 tabulario
755 1921 839 1961 reyio
862 1919 1093 1959 Confluentino.
1132 1919 1369 1960 Descripsinms
1391 1931 1457 1953 nos.
1507 1920 1627 1954 Pendet
1648 1921 1786 1963 sigillum
1807 1924 1874 1962 sere

223 1970 367 2004 illaesum
389 1971 454 2005 loro
475 1971 717 2004 membranaceo.
742 1991 783 1996 -
806 1972 977 2004 Ineditum.

327 2031 473 2071 Biihmer,
496 2032 571 2074 Rey.
588 2033 702 2065 Ludw.
719 2043 754 2073 p.
771 2032 834 2064 351
858 2043 906 2064 nr.
923 2033 1011 2064 3160
1034 2032 1160 2073 (Addit.
1178 2031 1264 2073 III).

326 2117 394 2150 Nos
425 2118 643 2159 Lud(0wicus)
678 2117 741 2150 Dei
775 2119 880 2161 gratia
914 2117 1132 2150 Romanorum
1167 2128 1226 2150 rex
1259 2128 1389 2160 semper
1421 2123 1576 2161 augustus
1611 2122 1870 2162 recognoscimus

177 2181 203 2201 so
221 2168 380 2212 obligatos
403 2179 474 2203 esse
498 2174 531 2203 et
553 2169 756 2212 presentibus
779 2181 836 2201 nos
859 2170 994 2202 firmiter
1017 2169 1207 2212 obligamus,
1231 2169 1317 2212 quod
1333 2170 1448 2202 illustri
1466 2171 1603 2203 Iohanni
1626 2173 1694 2214 regi
1711 2172 1869 2205 Bohemie

219 2220 308 2253 affini
329 2225 438 2254 nostro
461 2225 494 2254 et
515 2221 753 2254 venerabilibus
776 2221 876 2254 Petro
900 2221 1089 2264 Moguntino
1121 2231 1158 2253 ac
1187 2221 1376 2254 Baldewino
1399 2222 1591 2255 Treverensi
1620 2223 1870 2268 archiepiscopis

219 2273 414 2314 principibus
437 2276 471 2306 et
492 2273 673 2306 secretariis
699 2274 814 2306 nostris
837 2273 1014 2305 karissimis
1041 2273 1133 2304 nobis
1163 2273 1194 2304 in
1222 2273 1399 2306 subsidium
1427 2274 1566 2306 suffultis
1596 2279 1720 2307 armata
1750 2277 1869 2309 milicia

219 2324 421 2356 venientibus
443 2328 553 2357 eontra
575 2328 701 2357 nostros
724 2327 757 2357 et
779 2325 906 2367 imperii
929 2324 1132 2356 adversarios
1154 2324 1395 2366 providebimus
1424 2329 1457 2358 et
1480 2327 1723 2368 procurabimus
1747 2328 1787 2361 de
1811 2339 1869 2361 ex-

220 2375 337 2418 pensis.
373 2374 416 2408 Et
438 2377 497 2408 hoc
519 2376 615 2408 modo
639 2376 725 2419 quod
748 2387 767 2408 a
790 2377 862 2408 loco
878 2376 1071 2409 Vahendrez
1093 2376 1171 2418 ipsis
1193 2377 1225 2408 in
1242 2377 1390 2409 omnibus
1407 2379 1568 2420 expensis,
1593 2389 1759 2422 quousque
1776 2381 1867 2422 regio

177 2436 201 2456 2*-
219 2428 399 2469 potentatui
423 2430 532 2460 contra
555 2427 694 2460 rebelles
716 2428 843 2470 imperii
867 2438 901 2460 se
925 2427 1102 2469 adiungent
1129 2431 1162 2459 et
1192 2438 1288 2470 quam
1317 2428 1373 2461 diu
1403 2429 1435 2460 in
1463 2434 1549 2462 terra
1571 2435 1681 2462 nostra
1703 2436 1867 2464 morantur

220 2481 253 2510 et
276 2477 429 2519 districtu,
452 2478 546 2521 plane
569 2483 603 2512 et
624 2479 768 2522 plenarie
792 2478 974 2511 curabimus
996 2478 1176 2521 providere.
1215 2479 1258 2511 Et
1280 2484 1398 2513 extunc
1415 2482 1546 2513 inantea
1561 2481 1727 2514 nobiscum
1751 2484 1866 2515 stando

220 2529 350 2562 eosdem
373 2530 405 2562 in
427 2531 500 2562 vino
523 2531 764 2573 procurabimus
787 2531 957 2563 dumtaxat
981 2535 1013 2563 et
1036 2532 1067 2562 in
1091 2541 1184 2573 pane.
1224 2531 1259 2563 Si
1274 2542 1350 2564 vero
1374 2532 1462 2575 quod
1485 2533 1571 2565 absit
1594 2533 1635 2564 ob
1652 2545 1865 2576 expensarum

218 2581 296 2623 ipsis
318 2581 652 2619 amministrandamm
675 2583 852 2616 carenciam
886 2587 920 2616 et
950 2583 1113 2615 defectum
1143 2583 1275 2615 eosdem
1305 2584 1466 2626 principes
1494 2589 1621 2617 nostros
1650 2596 1708 2617 sua
1731 2587 1866 2629 pignora

219 2634 420 2676 contingeret
443 2633 601 2676 obligare,
630 2634 745 2667 eadem
779 2635 913 2678 pignora
940 2646 998 2667 nos
1026 2634 1231 2667 absolvemus
1254 2635 1305 2667 vel
1332 2635 1537 2668 fideiussores
1559 2637 1754 2679 infrascripti
1777 2638 1865 2670 luent

174 2730 200 2748 ω
321 2718 386 2746 866.
413 2718 439 2752 ¹³)
458 2720 512 2746 loeo
531 2724 616 2747 nostro
633 2722 773 2748 maie-tuiis
790 2721 819 2748 2:
837 2726 946 2748 nostro
964 2727 1097 2748 secreto.

318 2787 384 2814 868.
412 2788 436 2821 ⁸)
453 2789 551 2815 kunich
569 2788 592 2816 2.
667 2789 692 2823 ¹²)
710 2795 758 2817 tun
775 2790 799 2817 2.
874 2791 898 2824 ⁰)
916 2792 996 2818 chunt
1015 2791 1039 2817 2.
1114 2790 1139 2823 ὖ)
1159 2789 1250 2817 hornut
1267 2790 1292 2817 2.
1371 2793 1394 2825 ⁰)
1413 2792 1506 2819 ·bereh
1526 2791 1550 2818 2.
1631 2791 1651 2817 sl
1676 2791 1825 2827 phantfingo
1838 2794 1862 2819 ⁸2.

216 2831 242 2864 a)
262 2852 267 2858 .
282 2852 287 2858 .
307 2832 368 2857 add.
387 2831 411 2857 2.
499 2830 525 2865 ι1)
543 2833 656 2866 bui-geru
673 2832 698 2859 2.
784 2833 803 2863 ¹)
821 2834 904 2860 solbe·
921 2834 946 2860 2.
1032 2833 1058 2866 Β)
1077 2835 1138 2860 kain
1157 2834 1181 2860 2.
1269 2834 1287 2867 ι)
1307 2834 1425 2862 ητοὴῦωί
1444 2837 1469 2862 2.
1558 2835 1590 2865 ¹¹)
1605 2836 1662 2867 jare
1680 2836 1704 2862 ’2.

1610 2885 1658 2912 39‘
