2184 3126
331 209 392 240 692
525 205 621 232 ACTA
640 203 752 231 REGNI
772 201 954 230 LUDEWICI
973 201 1020 229 IV.
1040 201 1085 228 ET
1104 199 1290 228 FRIDERICI
1308 200 1356 227 111.
1394 200 1469 227 1324.
1505 199 1554 227 Nr.
1566 200 1626 228 879.
1643 199 1703 228 880.
1721 200 1781 228 881.

330 291 491 333 premissis
521 293 554 322 et
583 290 654 322 aliis
680 290 833 321 honorem
863 291 896 320 et
924 287 1067 319 favorem
1094 287 1192 328 ipsius
1223 285 1360 318 ecclesie
1387 286 1635 327 magnanimiter
1664 286 1908 329 prosequendo,
1937 288 1979 321 de

330 345 438 374 nostro
467 341 689 373 nichilominus
718 343 826 371 actore
853 339 924 370 Deo
949 341 981 370 et
1013 338 1098 369 dicte
1127 337 1213 368 sedis
1244 336 1303 368 tibi
1337 335 1503 379 a[f]futuro
1535 337 1676 379 presidio
1706 340 1906 380 speraturus,
1943 343 1980 371 ut

329 393 545 425 retributionis
578 391 752 434 premium,
787 390 873 432 quod
903 400 923 421 a
951 389 1022 421 Deo
1054 391 1087 420 et
1119 388 1190 430 ipsa
1220 387 1297 419 sede
1328 391 1502 429 propterea
1535 388 1747 430 promittitur,
1780 389 1896 422 merito
1923 393 1979 422 tua

329 444 498 485 prudentia
520 445 740 484 consequatur.

435 503 555 535 Datum
578 502 748 542 Avinione,
772 501 816 532 II.
839 501 912 532 Kal.
936 500 1023 540 Maii,
1048 509 1131 530 anno
1155 497 1289 530 octavos
2010 516 2023 535 5

484 702 558 738 880.
592 698 863 737 LUDEWICI
888 698 1260 736 CONFIRMATIO
1283 698 1442 736 FEUDI
1466 697 1712 738 CASTREN
1717 700 1814 739 818,

986 766 1094 803 1324.
1134 766 1239 802 Mart.
1264 766 1321 802 15.

439 867 601 908 Oriyinale
623 868 659 899 in
680 866 838 899 tabulario
860 867 944 907 reyio
971 865 1191 905 Confluentino
1217 866 1286 897 sine
1312 866 1406 898 dubio
1434 866 1470 898 in
1492 866 1683 899 cancellaria
1704 868 1792 909 reyia
1814 869 1978 909 scriptum.

325 919 588 959 Exemplavimus
609 929 675 951 nos.
721 918 840 950 Pendet
863 917 1002 958 siqillum
1020 928 1140 957 parum
1163 917 1283 949 laesum
1307 917 1372 950 loro
1393 918 1636 951 membranaceo.
1658 938 1701 943 —
1723 919 1894 953 Ineditum.

438 978 487 1020 Cf.
512 981 618 1011 notam
634 978 728 1010 Libri
750 978 957 1010 cancellariae
971 978 1137 1010 Ludewici
1158 978 1248 1018 reyis,
1271 978 1309 1009 cle
1330 988 1392 1018 quo
1414 988 1442 1010 v.
1465 988 1567 1018 supra
1587 978 1633 1011 ad
1652 989 1702 1011 nr.
1719 979 1792 1018 679,
1811 979 1869 1022 fol.
1885 982 1978 1012 107‘:
1997 990 2024 1010 ιο

433 1034 516 1066 Item
541 1034 688 1066 dominus
711 1044 770 1065 rex
793 1034 959 1066 confirmat
981 1033 1081 1065 nobili
1107 1034 1176 1065 viro
1193 1032 1330 1066 Gerlaco
1354 1033 1394 1066 de
1410 1034 1595 1076 Lympurch
1618 1034 1752 1078 litteras,
1776 1046 1856 1078 quas
1878 1035 1979 1069 habet

325 1096 423 1127 super
445 1085 542 1117 feodo
567 1086 719 1117 castrensi
742 1086 773 1116 in
798 1084 998 1118 Chfflsmfint.
1967 1116 1970 1118 ,

432 1136 506 1168 Dat.
530 1137 562 1167 in
589 1136 841 1177 Franchenffut,
869 1136 917 1168 Id.
939 1136 1068 1177 Marcii,
1096 1146 1179 1168 anno
1209 1135 1341 1168 Domini
1363 1135 1633 1179 MCOOXXIIII,
1663 1138 1755 1180 regni
1776 1148 1854 1171 vero
1876 1139 1979 1172 nostri

325 1198 408 1220 anno
432 1188 566 1220 decimo.

432 1247 578 1285 Bahmer,
603 1247 677 1288 Rey.
695 1247 806 1279 Ludw.
826 1258 860 1287 p.
877 1248 918 1278 41
942 1258 991 1279 nr.
1009 1248 1081 1279 702.
1637 1275 1643 1280 .
1995 1262 2022 1282 ιε

431 1333 500 1364 Nos
522 1333 715 1364 Ludowicus
738 1333 801 1365 Dei
823 1333 933 1375 gracia
955 1333 1175 1365 Romanorum
1198 1344 1257 1365 rex
1280 1343 1409 1375 semper
1431 1337 1596 1376 augustus.

435 1383 653 1415 Consideratis
675 1385 776 1426 gratis
799 1388 832 1416 et
855 1385 1025 1416 fructuosis
1049 1385 1212 1427 obsequiis
1235 1385 1352 1417 nobilis
1374 1386 1434 1417 viri
1457 1384 1587 1417 Ger-laci
1611 1385 1652 1418 de
1674 1385 1852 1419 Lintburch
1874 1386 1979 1420 fidelis

328 1435 426 1466 nostri
450 1434 569 1475 dilecti,
594 1445 656 1477 que
678 1435 771 1467 nobis
794 1439 827 1467 et
850 1446 939 1467 sacro
963 1437 1098 1478 imperio
1121 1447 1211 1468 more
1227 1436 1492 1478 predecessorum
1509 1447 1640 1469 suorum
1655 1437 1811 1470 hactenus
1833 1438 1982 1471 exhibuit

329 1489 361 1517 et
388 1486 420 1516 in
448 1483 588 1518 futurum
618 1487 738 1528 poterit
765 1487 935 1528 exhibere,
963 1488 1087 1520 litteras
1114 1488 1381 1530 predecessorum
1414 1491 1595 1521 nostrorum
1617 1488 1839 1522 Romanorum
1865 1500 1979 1533 regum

328 1537 419 1568 datas
443 1541 475 1569 et
502 1538 658 1569 traditas1
681 1538 741 1570 sibi
771 1549 867 1580 super
897 1539 994 1571 feodo
1026 1541 1179 1571 castrensi
1208 1540 1240 1571 in
1264 1543 1369 1572 castro
1392 1539 1592 1572 Chalsmfind
1617 1541 1651 1572 in
1678 1541 1787 1582 modo,
1815 1541 1918 1574 forma
1945 1545 1980 1575 et
1997 1554 2023 1574 no

327 1591 439 1620 tenore
463 1600 519 1620 suo
543 1590 649 1621 eidem
673 1591 863 1622 auctoritate
886 1591 977 1633 regia
994 1591 1228 1623 confirmamus.
1274 1591 1397 1623 Dantes
1420 1591 1481 1624 sibi
1503 1592 1563 1624 has
1585 1595 1710 1625 nostras
1732 1593 1858 1625 litteras
1873 1593 1979 1636 sigillo

329 1640 504 1671 maiestatis
527 1645 634 1673 nostre
658 1642 813 1684 sigillatas
836 1643 868 1673 in
891 1643 1109 1674 testimonium
1132 1653 1228 1685 super
1252 1653 1300 1675 eo.

433 1699 574 1742 Scriptas
596 1702 628 1733 in
643 1702 887 1743 Franchenfurt,
910 1702 987 1734 Idus
1002 1704 1124 1745 Marcii⁷
1147 1714 1231 1735 anno
1247 1703 1379 1735 Domini
1394 1704 1565 1736 millesimo
1582 1706 1810 1738 trecentesimo
1825 1706 1978 1738 vicesimo

326 1754 449 1792 quarto,
472 1753 562 1793 regni
585 1763 661 1785 vero
684 1755 783 1785 nostri
806 1765 889 1785 anno
914 1754 1051 1786 decimo.

499 1948 572 1984 881.
608 1948 878 1987 IOHANNIS
902 1951 1028 1988 XXII.
1053 1952 1227 1989 PAPAE
1251 1952 1478 1990 TERTIUS
1501 1951 1803 1992 PROCESSUS
1999 1969 2025 1990 ss

780 2004 996 2044 CONTRA
1019 2007 1351 2045 LUDEWICUM
1378 2008 1573 2046 REGEM.

985 2076 1094 2112 1324.
1132 2077 1239 2113 Mart.
1259 2077 1320 2113 23.

442 2168 619 2209 Oriyinalia
640 2175 765 2204 servata
788 2183 852 2205 non
874 2178 959 2207 sunt.
1008 2175 1209 2208 Contulimas
1230 2177 1338 2216 copias
1360 2187 1442 2217 quae
1463 2180 1656 2218 sequuntur:

438 2230 452 2258 1
480 2228 680 2268 Reyestorum
709 2232 936 2266 Vaticanorum
963 2235 1118 2267 tabularii
1146 2235 1296 2268 Vaticani
1325 2239 1395 2268 tom.
1412 2237 1478 2269 112
1498 2237 1553 2276 fol.
1570 2238 1634 2269 110
1656 2247 1703 2278 ep.
1719 2237 1796 2277 476,
1825 2238 1882 2270 ubi
1901 2248 1980 2279 pro-

336 2288 438 2309 cessus
460 2279 598 2312 insertas
619 2284 663 2312 est
685 2282 798 2315 litteris
819 2285 912 2326 infra
933 2297 983 2317 nr.
1000 2288 1064 2318 883
1085 2287 1144 2319 sub
1163 2290 1176 2318 1
1203 2288 1340 2326 edendis,
1363 2288 1473 2321 addito
1494 2289 1591 2321 rubro
1611 2289 1649 2321 in
1670 2290 1830 2330 maryine:
1852 2289 1980 2323 Tertius
1998 2305 2024 2326 ω
2046 2319 2049 2321 ,

331 2339 499 2369 processus
522 2335 860 2367 excommunicationis
883 2341 994 2369 contra
1016 2339 1197 2378 Bavarum;

441 2386 459 2414 2
484 2386 547 2417 cod.
571 2387 766 2422 bibliothecae
788 2391 978 2425 Dresdensis
999 2394 1032 2425 Α
1055 2395 1096 2426 70
1117 2405 1197 2426 saec.
1219 2394 1315 2427 XIV.
1339 2406 1404 2434 ex„
1440 2395 1477 2428 de
1504 2406 1565 2436 quo
1593 2406 1620 2428 v.
1643 2406 1744 2437 supra
1772 2397 1817 2429 ad
1845 2407 1895 2430 nr.
1916 2397 1981 2429 792

331 2434 389 2466 sub
405 2436 433 2473 2,
453 2435 511 2476 fol.
529 2438 569 2475 9‘,
592 2439 647 2470 ubi
668 2441 815 2473 rubrum:
838 2443 971 2476 Tercius
986 2456 1156 2487 processus
1172 2447 1329 2478 sententie
1347 2448 1689 2480 excommunicationis
1711 2448 1778 2481 late
1799 2449 1833 2480 in
1856 2449 1978 2481 dictum

332 2484 446 2517 ducem
468 2487 605 2520 Bavarie
631 2490 819 2525 discorditer
842 2495 979 2528 electum
1001 2498 1033 2528 in
1055 2507 1168 2540 regem
1190 2498 1430 2538 Romanorum,-

442 2542 459 2572 3
483 2543 602 2581 copiam
624 2555 767 2579 coaevam
789 2549 824 2580 in
839 2551 1009 2590 exemplari
1030 2553 1074 2584 ad
1087 2553 1264 2592 episcopum
1281 2554 1541 2594 Arqentinensem
1563 2555 1614 2587 die
1635 2555 1688 2588 28.
1703 2566 1743 2588 m.
1759 2556 1881 2588 Martii
1902 2556 1978 2589 dato
1995 2571 2022 2591 :s

333 2591 423 2630 infra
444 2603 494 2626 nr.
510 2595 574 2624 883
595 2596 651 2627 sub
676 2599 695 2628 2
718 2598 842 2633 edendo.

444 2653 530 2692 Quae
553 2655 588 2686 in
611 2666 678 2695 cap.
694 2657 716 2686 2
742 2661 927 2693 conveniunt
949 2672 1017 2694 cum
1041 2663 1195 2696 Processu
1216 2665 1319 2706 primo
1341 2675 1442 2706 supra
1463 2677 1513 2698 nr.
1531 2667 1607 2705 792,
1637 2678 1674 2700 ea
1696 2668 1780 2709 typis
1801 2668 1979 2702 minoribus

331 2703 509 2735 excudenda
531 2707 719 2739 curavimus

435 2806 460 2838 1)
480 2805 521 2840 Of.
540 2815 623 2841 supra
642 2811 701 2836 tom.
715 2810 773 2843 III,
790 2814 838 2838 366
855 2817 957 2842 ›ni-:385
973 2818 997 2842 et
1017 2819 1066 2843 534
1085 2825 1126 2844 nr.
1140 2821 1203 2850 57o‚·
1221 2821 1282 2846 tom.
1296 2819 1348 2852 IV,
1368 2823 1398 2846 75
1416 2828 1459 2847 nr.
1474 2823 1514 2848 98.
