2184 3126
476 173 573 201 ACTA
591 172 705 200 REGNI
723 172 909 200 LUDEWICI
929 171 976 200 lV.
995 171 1041 199 ΕΤ
1059 170 1244 199 FRlDERICl
1264 170 1314 197 111.
1352 169 1427 197 1821.
1464 169 1511 197 Nr.
1525 170 1584 197 623.
1601 171 1662 198 624.
1837 174 1899 204 495

240 272 300 294 uns
322 272 364 293 an
387 260 450 293 alle
473 271 531 303 arg
554 260 638 302 liste,
662 259 720 292 dar
742 260 823 292 fiber
844 270 881 291 ze
904 258 1070 291 urchfinde
1092 259 1200 302 geben
1223 259 1280 290 wir
1307 257 1397 290 disen
1425 257 1513 289 brief
1538 258 1597 290 mit
1623 268 1739 289 unsern
1764 258 1901 300 insigeln

241 312 444 356 versigelten.
490 311 566 345 Und
588 311 640 344 die
663 312 733 345 niht
755 312 888 355 aigener
909 311 1024 354 insigel
1046 310 1177 351 habent,
1200 310 1253 342 die
1276 309 1398 342 habent
1419 309 1487 341 sich
1510 309 1614 341 under
1629 320 1745 342 unscrn
1762 310 1899 351 insigeln

241 364 427 407 verpunden
451 365 510 396 mit
532 364 600 396 iren
623 364 737 396 triwen
760 366 831 396 stset
853 373 890 396 ze
913 363 1020 396 haben
1043 363 1134 403 alles,
1157 362 1218 395 daz
1240 361 1490 404 vorgeschriben
1513 365 1586 393 stet.

349 425 417 457 Der
432 424 520 457 brief
538 425 579 457 ist
594 424 700 467 geben
722 435 758 456 ze
774 423 931 466 Amberg,
955 434 996 455 an
1020 423 1094 455 dem
1110 423 1253 465 Freytag
1275 433 1333 454 vor
1355 425 1427 454 sant
1442 421 1571 454 Urbans
1594 425 1660 464 tag,
1684 422 1726 454 do
1743 433 1817 454 man
1834 423 1899 454 zalt

206 486 221 505 ὁ
241 487 303 510 von
326 476 449 509 Christs
472 476 589 519 geburt
611 475 934 508 dreuzehenhundert
952 476 1006 517 jar
1028 475 1087 507 dar
1109 475 1192 507 nach
1214 475 1247 507 in
1270 474 1344 507 dem
1368 473 1770 516 ainenundzweintzigsten
1790 475 1853 515 jar.

337 710 412 747 624.
446 710 710 748 LITTERAE
735 710 1004 748 IOHANNIS
1027 710 1150 747 XXII.
1178 711 1238 748 IN
1260 709 1514 748 FAVOREM
1542 708 1792 748 EPISCOPI

887 765 1249 804 VOLTERRANI.

923 834 1031 871 1321.
1072 834 1156 871 Mai.
1180 835 1211 871 1.

350 935 449 975 Copia
487 935 541 978 (c.)
578 936 614 967 in
647 935 850 975 Reqestorum
887 934 1042 967 tabularii
1070 934 1220 967 Vaticani
1255 937 1327 967 tom.
1351 935 1393 966 71
1431 945 1477 977 ep.
1504 945 1555 967 nr.
1579 936 1651 967 675.
1717 934 1896 975 Descripsit

193 997 220 1018 ιο
238 986 281 1020 Η.
299 986 497 1028 Poqatscher.
520 1005 563 1010 —
584 986 647 1018 Ed.
665 986 789 1019 Riezler
811 985 977 1019 ‘Vatikam
994 986 1114 1019 Akten’
1133 997 1166 1026 p.
1184 986 1247 1018 130
1267 996 1318 1018 nr.
1334 985 1399 1017 245
1421 986 1619 1019 decurtatam
1641 997 1679 1019 ex
1702 997 1728 1019 c.

348 1046 451 1079 Leher
473 1046 537 1079 loco
559 1057 660 1087 supra
682 1047 726 1078 ad
747 1046 877 1080 ms289
899 1047 996 1079 citato
1011 1057 1048 1087 p.
1063 1047 1128 1078 244
1149 1057 1199 1079 nr.
1217 1047 1274 1086 75;
1298 1046 1591 1088 Prssqer-Rei'mkens
1610 1058 1646 1088 p.
1662 1047 1728 1078 222
1749 1058 1799 1080 nr.
1817 1049 1867 1080 68.

345 1133 480 1166 Dilectis
502 1133 574 1165 filiis
596 1133 758 1165 nobilibus
773 1133 848 1164 viris
871 1133 1052 1174 comitibus,
1075 1132 1250 1165 baronibus
1265 1143 1388 1165 necnon
1410 1133 1671 1165 universitatibus
1695 1137 1729 1165 et
1751 1145 1894 1166 commu-

236 1185 391 1218 nitatibus
415 1188 448 1217 et
470 1185 684 1227 singularibus
707 1185 854 1227 personis
885 1185 1068 1226 civitatum,
1096 1188 1274 1217 castrorum
1301 1187 1334 1217 et
1355 1184 1518 1225 villarum,
1552 1184 1594 1216 ad
1622 1196 1703 1227 quos
1725 1190 1894 1227 presentes

236 1237 452 1280 pervenerint.

191 1302 217 1322 u
345 1289 457 1321 Habet
479 1288 674 1320 venerabilis
698 1288 806 1320 fratris
835 1288 935 1320 nostri
957 1287 1116 1330 Raynucii
1139 1288 1282 1330 episcopi
1312 1290 1346 1319 et
1373 1287 1562 1321 dilectorum
1592 1288 1730 1320 filiorum
1761 1289 1894 1332 capituli

235 1340 406 1373 Vulterani
427 1340 521 1373 nobis
544 1340 654 1372 oblata
676 1341 805 1382 peticio,
829 1339 915 1382 quod
938 1339 1022 1371 bone
1046 1340 1202 1371 memorie
1218 1339 1398 1381 Raynerius
1421 1340 1592 1382 episcopus
1607 1340 1803 1373 Vulteranus
1819 1352 1893 1383 pre-

235 1392 387 1425 decessor
409 1393 508 1434 ipsius
524 1391 704 1433 attendens,
729 1391 816 1434 quod
831 1391 991 1424 Henricus
1005 1391 1255 1434 Roman(orum)
1271 1392 1448 1433 imperator
1471 1391 1594 1424 Guelfis
1618 1396 1651 1424 et
1674 1393 1745 1424 aliis
1769 1393 1894 1426 devotis

235 1443 373 1476 ecclesie
403 1444 664 1485 persecucionem
697 1443 828 1486 publice
855 1443 1038 1486 ingerebat,
1073 1453 1146 1475 cum
1174 1446 1260 1475 esset
1290 1444 1406 1475 citatus
1435 1443 1477 1475 ab
1510 1454 1550 1475 eo
1579 1444 1622 1476 ad
1645 1444 1750 1477 locum
1774 1445 1834 1477 sibi
1859 1450 1892 1478 et

236 1495 374 1527 ecclesie
398 1505 455 1527 sue
479 1498 680 1537 suspectum,
705 1494 812 1527 timuit
828 1487 943 1527 'coram
965 1495 1036 1537 ipso
1059 1494 1273 1537 personaliter
1296 1504 1503 1537 comparere,
1526 1499 1576 1528 set
1598 1506 1633 1528 se
1658 1507 1717 1538 per
1738 1507 1891 1539 procura-

187 1558 217 1580 ὀ
234 1550 340 1580 torem
363 1557 519 1580 excusare
543 1547 675 1579 curavit.
729 1546 787 1579 Set
808 1547 895 1578 idem
919 1547 1096 1589 imperator
1117 1549 1360 1589 procuratorem
1383 1546 1556 1579 admittere
1579 1558 1730 1580 recusans
1753 1548 1893 1581 eundem

235 1599 423 1642 dictumque
451 1599 638 1640 episcopum
665 1602 833 1641 reputans,
861 1609 933 1630 cum
967 1609 1032 1630 non
1055 1602 1154 1640 esset,
1183 1609 1241 1640 pro
1269 1609 1326 1630 suo
1349 1598 1441 1630 libito
1465 1602 1707 1641 contumacem,
1730 1601 1835 1642 ipsum
1859 1604 1894 1633 et

235 1651 407 1684 ecclesiam
430 1661 522 1682 suam
545 1651 631 1682 omni
654 1650 822 1693 dignitate,
845 1650 1044 1683 iuridictione
1069 1654 1103 1682 et
1124 1649 1292 1688 beneficio,
1315 1661 1378 1692 que
1400 1650 1486 1682 dicta
1508 1651 1647 1683 ecclesia
1668 1651 1710 1684 ab
1732 1652 1893 1695 imperiali

170 1692 177 1699 ⁶
234 1703 419 1736 obtinuerat
441 1702 606 1744 largitate,
634 1713 694 1744 per
716 1702 917 1734 diffinitivam
945 1702 1162 1734 sententiam¹
1185 1702 1316 1744 propria
1338 1703 1531 1734 auctoritate
1554 1703 1701 1745 privavit.
1752 1703 1894 1747 Propter

198 1754 200 1757 ’
234 1754 322 1798 quod
345 1765 364 1786 a
387 1753 546 1786 nonnullis
569 1757 689 1794 castra,
719 1754 939 1786 iuridictiones
963 1757 995 1786 et
1018 1758 1120 1795 terre,
1147 1754 1331 1786 mansiones
1359 1764 1396 1786 ac
1425 1754 1560 1796 grangis
1583 1755 1731 1797 predicte
1754 1756 1891 1789 ecclesie

186 1816 216 1838 a
235 1809 443 1849 occupantur,
467 1806 613 1848 quamvis
629 1805 783 1838 delictum
799 1806 915 1848 prelati
938 1806 970 1837 in
987 1805 1162 1848 dampnum
1179 1806 1316 1838 ecclesie
1339 1817 1403 1838 non
1420 1805 1540 1838 debeat
1553 1806 1736 1840 redundare
1746 1808 1770 1848 ²,
1787 1809 1892 1841 eciam

232 1858 290 1891 ubi
312 1857 399 1890 idem
423 1858 594 1900 episcopus
616 1857 828 1899 predecessor
850 1858 984 1889 forsitan
1014 1857 1216 1899 deliquisset,
1247 1857 1325 1890 licet
1347 1857 1390 1889 ad
1412 1857 1519 1890 locum
1542 1858 1604 1890 sibi
1619 1863 1805 1902 suspectum
1827 1871 1892 1893 non

231 1909 340 1943 eundo
362 1909 604 1942 racionabiliter
627 1909 777 1942 debuerit
799 1919 818 1941 a
842 1909 986 1952 qualibet
1009 1910 1210 1941 contumacia
1233 1910 1391 1941 excusari.
1437 1909 1595 1947 Quocirca
1618 1911 1712 1943 vobis
1735 1913 1892 1945 universis

233 1965 268 1995 et
289 1961 423 2004 singulis
446 1971 504 2003 per
519 1961 696 2004 apostolica
712 1962 831 2004 scripta
847 1961 992 1994 districte
1007 1961 1216 2004 precipiendo
1233 1961 1434 2003 mandamus,
1457 1963 1607 2004 quatinus
1630 1966 1783 2005 pretextu
1805 1964 1890 1998 dicte

233 2014 393 2047 sententie
417 2013 462 2045 sic
479 2023 675 2056 prepropere
699 2017 810 2045 contra
834 2013 997 2055 predictos
1014 2014 1201 2055 episcopum
1223 2017 1256 2045 et
1271 2013 1441 2046 ecclesiam
1457 2014 1662 2056 promulgate
1678 2019 1789 2048 contra
1805 2016 1891 2059 ipsos

188 2077 216 2099 ιο
234 2076 299 2098 non
321 2065 447 2098 faciatis
470 2065 502 2096 in
525 2066 647 2107 castris,
670 2065 935 2102 iuridictionibus,
959 2066 1062 2106 terris,
1085 2065 1304 2097 mansionibus
1327 2068 1361 2097 et
1383 2066 1525 2108 grangiis
1541 2066 1733 2108 supradictis
1748 2068 1891 2110 aliquam

233 2118 422 2159 novitatem,
445 2119 495 2148 set
517 2117 543 2148 si
567 2127 630 2159 qua
647 2117 687 2149 de
705 2118 826 2157 castris,
850 2117 1115 2158 iuridictionibus,
1138 2118 1241 2158 terris,
1261 2117 1480 2149 mansionibus
1504 2122 1537 2150 et
1551 2120 1694 2161 grangiis
1709 2120 1891 2162 occupastis

234 2169 369 2210 eisdem,
392 2169 463 2211 ipsa
485 2169 662 2201 restituatis
684 2170 837 2211 episcopo
861 2172 894 2201 et
916 2169 1053 2201 ecclesie
1070 2169 1266 2210 memoratis,
1290 2170 1459 2211 presertim
1483 2180 1556 2202 cum
1571 2181 1669 2212 super
1683 2171 1802 2203 iniusta
1817 2182 1890 2204 sen-

233 2221 336 2253 tentia
358 2230 417 2263 per
439 2219 622 2252 Romanum
645 2221 848 2263 pontificem,
879 2221 933 2263 qui
955 2221 1055 2252 habet
1082 2220 1314 2263 plenitudinem
1338 2221 1521 2263 potestatis,
1549 2222 1591 2253 sit
1613 2221 1749 2255 ecclesie
1773 2224 1890 2256 iniuste

233 2275 368 2316 gravate
385 2273 500 2304 merito
517 2273 759 2305 consulendum.
806 2272 859 2305 Sic
882 2273 913 2304 in
936 2272 997 2305 hac
1012 2276 1104 2314 parte
1120 2273 1236 2304 nostris
1252 2272 1445 2304 iussionibus
1460 2272 1674 2315 intendentes,
1699 2274 1786 2316 quod
1801 2275 1891 2309 idem

185 2335 215 2357 ιι
234 2324 406 2366 episcopus
429 2325 484 2366 qui
510 2334 593 2356 nunc
621 2328 670 2356 est
700 2328 732 2357 et
761 2334 962 2357 successores
990 2325 1038 2356 sui
1062 2325 1204 2366 episcopi
1228 2324 1397 2361 Vulterani
1421 2325 1475 2367 qui
1498 2324 1638 2357 fuerint·
1659 2337 1718 2368 pro
1741 2329 1890 2369 tempore

233 2376 267 2408 in
292 2376 420 2417 castris,
449 2375 704 2407 iuridictionibus
732 2379 766 2408 et
793 2376 884 2408 bonis
914 2375 1067 2418 predictis
1095 2375 1275 2418 aliquorum
1308 2376 1570 2418 oppressionibus
1597 2377 1650 2410 vel
1676 2378 1799 2410 iniuriis
1826 2390 1889 2411 non

232 2429 418 2469 graventur,
441 2430 491 2459 set
505 2427 567 2459 sibi
582 2431 616 2459 et
631 2427 768 2460 ecclesie
793 2439 850 2460 sue
865 2427 951 2459 bona
974 2431 1202 2459 conserventur
1216 2427 1319 2468 illesa,
1341 2429 1386 2459 ita
1409 2428 1496 2471 quod
1515 2439 1578 2460 non
1601 2429 1757 2471 expediat
1778 2434 1889 2463 contra

232 2487 498 2520 quorumcunque
514 2479 710 2520 proterviam
727 2479 849 2512 eisdem
865 2480 1018 2521 episcopo
1035 2481 1068 2511 et
1084 2478 1220 2511 ecclesie
1238 2478 1278 2511 de
1295 2478 1359 2511 alio
1375 2484 1534 2522 oportuno
1553 2481 1699 2514 remedio
1715 2482 1888 2524 provideri.

342 2537 416 2570 Dat.
440 2537 600 2580 Aviuion„
624 2539 698 2572 Kal.
721 2539 809 2580 Maii,
833 2549 916 2571 anno
941 2539 979 2571 V.

184 2746 216 2767 ω
336 2733 404 2762 824.
430 2721 461 2767 ¹·)v
473 2735 580 2762 luerunt
595 2744 617 2763 ο.

339 2798 365 2832 1)
384 2797 439 2825 Est
456 2805 541 2833 aspra
557 2801 618 2827 tom.
631 2798 680 2827 IV
692 2807 735 2828 nr.
751 2803 812 2834 915,·
827 2801 862 2833 cf.
880 2808 938 2835 cap.
951 2804 975 2827 6.
1063 2801 1091 2835 2)
1107 2809 1130 2828 c.
1145 2805 1174 2829 76
1190 2801 1222 2829 dc
1239 2810 1292 2837 req.
1305 2802 1358 2829 iar.
1371 2803 1402 2829 in
1418 2802 1467 2830 Vl.
