2184 3126
307 238 368 267 560
539 232 635 259 ACTA
654 230 768 258 REGNI
786 228 970 257 LUDEWICI
988 228 1035 255 IV.
1053 227 1100 254 ΕΤ
1119 225 1304 254 FR'IDERICI
1322 224 1372 252 111.
1408 223 1484 251 1322.
1520 222 1569 250 Nr.
1582 223 1642 250 714.
1661 223 1720 250 715.

306 320 420 360 velitis,
435 329 494 361 per
509 329 572 361 que
589 318 691 350 dictus
706 327 765 349 rex
780 316 888 348 valeat
902 314 1039 346 liberari.
1086 313 1190 354 Super
1204 311 1266 343 hiis
1283 313 1392 342 autem
1409 310 1535 351 plenius
1550 308 1789 341 informandum
1805 308 1955 342 duximus

307 372 458 403 dilectum
490 370 704 402 consiliarium
731 370 874 400 nostrum
899 365 1041 398 Vitalem
1075 364 1115 395 de
1143 363 1330 402 villanova,
1362 362 1451 392 cuius
1477 359 1632 392 relatibus
1661 359 1760 392 fidem
1789 360 1954 394 indubiam

308 421 770 515 adhlbeigitd3i1tgerrachone,
794 473 870 505 XII.
887 471 1051 504 Kalendas
1073 470 1225 510 Ianuarii,
1249 480 1331 501 anno
1355 469 1487 501 Domini
1509 467 1695 500 MGOOXX
1711 468 1863 500 secundo,

1807 524 1910 556 Idem.

670 643 754 678 715.
795 642 949 677 Litterae
977 639 1173 676 consiliario
1199 639 1311 674 datae.
1419 638 1503 674 Dec.
1522 639 1583 674 21.

417 725 514 766 Copia
537 725 589 767 (c.)
612 725 723 756 ibidem
746 724 765 756 l.
782 735 806 756 c.
829 723 883 763 fol.
899 723 967 754 24¹.
991 740 1033 746 —
1059 722 1123 755 Ed.
1138 721 1300 761 Zeissbery
1322 720 1379 752 λε.
1396 731 1434 761 p.
1451 722 1493 752 75
1514 731 1564 753 nr.
1583 723 1626 753 76
1647 731 1686 754 ex
1701 732 1728 753 c.
1773 721 1956 754 Editionem

304 777 480 816 repetimus.

412 870 549 902 Iacobus
573 874 634 902 etc.
722 869 840 900 dilecto
864 868 1044 900 consiliario
1066 870 1175 899 nostro
1198 866 1299 899 Vitali
1324 866 1365 898 de
1389 866 1562 899 villanova
1584 870 1645 900 etc.

411 921 578 954 Credimus
599 932 656 953 vos
678 920 794 952 vidisse
817 921 941 952 litteras
953 921 975 960 ¹,
998 930 1078 961 quas
1101 919 1192 951 nobis
1215 918 1302 950 misit
1323 918 1456 950 illustris
1471 918 1664 951 Frederieus
1679 918 1811 951 Austrie
1835 919 1901 952 dux
1922 919 1956 952 in

1975 927 2000 947 lo

305 984 415 1015 regem
437 974 656 1006 Romanorum
680 973 800 1005 electus
823 983 923 1014 gener
945 975 1053 1004 noster
1075 982 1173 1013 super
1195 981 1273 1002 casu
1299 970 1435 1012 infelici,
1463 970 1518 1012 qui
1545 970 1576 1002 ei
1599 969 1718 1002 accidit
1739 971 1772 1002 in
1795 971 1975 1013 conflictu,.

306 1036 400 1067 quem
423 1025 536 1057 habuit
558 1035 629 1057 cum
655 1024 736 1056 duce
752 1025 899 1056 Bavarie.
945 1024 983 1055 In
1006 1023 1121 1065 quibus
1144 1023 1227 1054 inter
1244 1025 1353 1054 cetera
1367 1021 1564 1064 postulabat,
1588 1021 1676 1064 quod
1695 1032 1754 1054 nos
1769 1022 1801 1054 in
1817 1033 1957 1064 persona

305 1077 434 1118 propria
457 1077 683 1109 accederemus
706 1076 748 1108 ad
771 1087 929 1107 summum
944 1076 1128 1118 pontificem
1152 1085 1210 1116 pro
1227 1074 1425 1106 liberacione
1448 1084 1506 1105 sua
1529 1077 1564 1106 et
1585 1073 1693 1105 fratris
1715 1074 1764 1105 sui
1786 1077 1843 1106 aut
1857 1074 1956 1106 illuch

305 1139 344 1160 ea
378 1128 419 1160 de
457 1139 552 1159 causa
586 1129 786 1159 mitteremus
819 1128 963 1159 inclitum
1000 1127 1156 1158 infantem
1190 1126 1361 1157 Alfonsum
1394 1125 1600 1157 karissimum
1635 1126 1887 1167 primogenitum
1923 1128 1957 1158 et

305 1181 488 1221 generalem
511 1183 749 1221 procuratorem
772 1183 924 1219 nostrum,
949 1179 1034 1219 quod
1057 1178 1159 1219 nobis,
1189 1181 1225 1209 ut
1247 1178 1345 1218 scitis,
1375 1177 1436 1208 hoc
1459 1179 1607 1219 tempore
1637 1187 1701 1208 non
1729 1177 1853 1209 liceret.
1899 1177 1957 1209 Set

305 1241 376 1262 cum
399 1242 457 1262 nos
480 1231 564 1262 dicto
587 1232 655 1273 regi
678 1235 829 1272 tanquam
857 1231 922 1262 filio
945 1233 1114 1262 teneamur
1136 1232 1170 1261 et
1192 1230 1261 1260 eius
1283 1229 1515 1261 liberacionem
1538 1228 1716 1261 debeamus
1738 1229 1814 1260 totis
1836 1228 1957 1260 viribus

304 1292 484 1323 procurare,
508 1282 640 1323 expedit
663 1283 801 1322 omnino,
832 1282 919 1323 quod
941 1292 998 1313 vos
1021 1292 1092 1312 cum
1116 1281 1240 1313 fueritis
1264 1291 1337 1312 cum
1364 1290 1489 1312 summo
1517 1279 1687 1322 pontifice,
1716 1281 1956 1322 opportunitate

305 1336 432 1374 captata
461 1333 690 1365 introducendo
719 1338 751 1366 et
784 1333 984 1365 admittendo
1019 1333 1185 1364 vobiscum
1219 1333 1394 1364 discretum
1420 1331 1622 1364 Fridericum
1657 1331 1697 1363 de
1726 1330 1852 1374 Gloyac
1880 1331 1958 1364 dieti

305 1385 415 1425 generi
441 1385 540 1416 nostri
569 1385 761 1416 familiarem
790 1395 886 1427 super
915 1385 1067 1426 predictis
1090 1385 1132 1416 ad
1155 1395 1212 1416 nos
1236 1384 1448 1425 destinatum,
1471 1384 1660 1426 supplicetis
1683 1393 1756 1415 cum
1779 1394 1819 1416 ea
1841 1384 1957 1416 maiori

305 1446 366 1477 qua
389 1437 534 1477 poteritis
557 1437 700 1468 efficacia
724 1437 808 1468 dicto
832 1447 956 1468 summo
979 1437 1140 1478 pontifice,
1165 1436 1252 1478 quod
1276 1436 1317 1468 ob
1341 1436 1498 1468 honorem
1513 1434 1577 1467 Dei
1600 1437 1633 1466 et
1655 1434 1697 1466 ad
1720 1435 1957 1476 providendum

306 1488 402 1518 statui
424 1488 562 1529 partium
586 1488 710 1520 illarum
735 1499 772 1520 ac
795 1489 894 1520 nostri
917 1489 1049 1530 speciali
1079 1487 1373 1530 contemplacione,
1404 1488 1459 1530 qui
1488 1487 1609 1518 dietum
1633 1497 1789 1528 generum
1811 1490 1958 1519 nostrum

305 1539 417 1570 karum
440 1539 596 1571 habemus
619 1543 654 1571 ut
676 1540 792 1581 filium,
824 1540 902 1571 velit
924 1541 992 1571 vias
1016 1543 1048 1572 et
1070 1539 1206 1571 modos·
1229 1539 1443 1581 expedientes
1464 1539 1668 1580 perquirere,
1699 1548 1759 1580 per
1782 1548 1845 1580 que
1868 1538 1958 1570 idem

306 1590 426 1622 electus
450 1594 482 1622 et
505 1591 602 1623 frater
625 1602 699 1623 suus
722 1602 741 1623 a
765 1592 917 1633 capcione
941 1591 1070 1623 valeant
1091 1591 1232 1632 liberari,
1256 1590 1444 1633 recipiendo
1467 1590 1543 1622 inde
1558 1589 1835 1631 informacionem,
1858 1600 1957 1632 quam

307 1641 408 1673 dictus
431 1642 611 1674 Fridericus
634 1644 766 1674 nuncius
794 1643 869 1674 dicti
899 1643 988 1674 ducis
1016 1643 1177 1674 sanctitati
1205 1653 1262 1674 sue
1291 1642 1408 1675 offerre
1437 1642 1591 1683 voluerit,
1619 1641 1772 1684 quoniam
1801 1651 1874 1683 nos,
1901 1641 1958 1683 qui

306 1693 545 1725 condicionemb
568 1695 706 1736 partium
734 1694 860 1726 illarum
887 1696 1086 1736 ignoramus,
1117 1697 1272 1726 tractatus
1300 1698 1334 1727 et
1355 1693 1471 1726 modos
1494 1693 1682 1736 specificare
1711 1695 1745 1725 et
1773 1693 1957 1735 exprimere

305 1755 367 1775 non
388 1755 565 1786 possumus,
588 1749 638 1777 set
660 1746 810 1777 sanctitas
834 1757 891 1778 sua
914 1757 954 1778 ex
978 1746 1185 1788 providencia
1209 1749 1242 1778 et
1262 1746 1449 1778 maturitate
1472 1746 1522 1777 sui
1543 1745 1665 1787 ingenii
1687 1745 1733 1776 sic
1756 1755 1796 1776 eo
1818 1754 1958 1786 pensare

307 1799 338 1826 et
367 1795 545 1828 deliberare
578 1797 756 1838 dignetur-².
812 1797 863 1828 De
893 1797 954 1828 hiis
981 1801 1107 1838 autem,
1142 1808 1205 1839 que
1233 1798 1370 1829 multum
1399 1796 1501 1829 ardua
1523 1800 1598 1829 sunt
1620 1800 1654 1828 et
1676 1796 1768 1828 nobis
1791 1795 1956 1837 cordialia,

306 1857 382 1878 mox
404 1849 617 1889 oportunitate
640 1848 758 1890 adepta
785 1848 914 1880 domino
943 1859 1028 1891 pape
1058 1849 1198 1892 colloqui
1227 1850 1332 1881 velitis
1360 1859 1420 1881 nec
1451 1849 1632 1890 expectetis
1660 1848 1792 1880 finalem
1819 1848 1957 1880 aliorum

306 1900 511 1940 negociorum
535 1900 788 1941 expedicionem.
835 1900 938 1942 Super
965 1901 1026 1932 hiis
1057 1902 1102 1932 ita
1125 1901 1292 1933 scribimus
1316 1901 1446 1932 domino
1469 1911 1595 1932 summo
1623 1900 1831 1942 pontificiret
1853 1899 1958 1931 eciam

305 1949 418 1981 illustri
444 1952 512 1992 regi
535 1950 679 1983 Roberto
708 1963 766 1993 per
793 1952 916 1984 litteras
944 1953 1101 1993 nostras³,
1135 1953 1167 1983 in
1195 1952 1311 1994 quibus
1333 1952 1426 1983 vobis
1455 1953 1554 1983 missa
1581 1955 1632 1983 est
1654 1951 1842 1992 credenoia,
1877 1961 1958 1993 quas

307 2000 396 2031 vobis
418 2003 572 2034 mittimus
595 2013 667 2034 cum
690 2005 840 2044 presenti.

413 2061 532 2093 Datum
555 2063 768 2105 Terrachone,
792 2064 868 2096 XII.
885 2064 1049 2096 Kalendas
1072 2064 1224 2106 Ianuarii,
1248 2075 1331 2096 anno
1355 2064 1488 2096 Domini
1510 2062 1695 2096 MOGOXX
1711 2063 1862 2095 secundo.

1143 2125 1333 2157 Franciscus
1355 2125 1397 2156 de
1421 2124 1557 2157 Bastida
1579 2123 1761 2165 m(andato)
1785 2123 1914 2166 r(egis).

416 2535 478 2563 715.
506 2537 529 2569 ιι>
547 2543 572 2564 et
589 2539 650 2565 add.
669 2541 706 2566 ed.
794 2540 818 2573 b)
837 2543 1093 2576 condempnacionem
1111 2545 1151 2570 ed.

415 2621 441 2654 1)
466 2621 508 2654 Cf.
525 2630 611 2656 supra
632 2631 696 2659 pay.
714 2629 760 2652 558
783 2629 838 2652 not.
856 2631 876 2654 1.
989 2628 1016 2663 2)
1036 2628 1076 2660 Cf.
1095 2629 1296 2656 instructionem
1321 2628 1400 2663 apud
1424 2628 1514 2655 Finke
1536 2628 1615 2655 ‘Acta
1632 2629 1836 2665 Arayoneneia’
1860 2629 1888 2662 I,
1906 2631 1959 2656 378

311 2669 353 2689 nr.
364 2666 421 2690 255:
446 2663 517 2690 Item
535 2665 701 2698 loquendum
719 2667 754 2694 de
771 2668 847 2695 facto
865 2669 939 2704 regis
956 2670 1142 2698 Romanorum
1162 2681 1224 2699 cum
1243 2671 1355 2699 domino
1375 2680 1454 2707 papa
1472 2673 1502 2699 et
1519 2679 1585 2706 rege
1603 2671 1727 2699 Roberto
1745 2680 1796 2707 per
1813 2671 1960 2707 generalia

313 2705 412 2753 rerba,
437 2708 469 2733 ut
487 2706 541 2741 ipsi
561 2708 650 2736 velint
667 2709 810 2738 intendere
829 2713 858 2738 et
875 2712 940 2739 dare
958 2722 1084 2748 operam,
1108 2715 1141 2741 ut
1158 2714 1228 2742 bene
1247 2715 1391 2743 videbitur
1414 2714 1454 2742 eis
1471 2714 1501 2741 in
1519 2714 1636 2750 negocio
1654 2714 1744 2749 ipsius
1761 2714 1844 2750 regis.
1879 2714 1917 2742 Et
1934 2714 1959 2742 si

313 2748 510 2795 ipsudicerent
528 2750 561 2776 de
579 2751 675 2784 modis,
694 2752 716 2778 si
735 2761 803 2786 quos
816 2754 982 2789 cogitaverit
1000 2765 1048 2783 rex
1060 2757 1229 2792 Aragonum,
1248 2757 1335 2790 dicat,
1354 2757 1430 2792 quod
1448 2757 1482 2785 de
1499 2757 1586 2784 nullis
1597 2757 1688 2785 nescit
1705 2758 1735 2785 in
1752 2757 1812 2785 illis
1823 2756 1957 2792 negociis,

313 2791 356 2817 set
374 2791 429 2825 ipsi
448 2792 552 2825 poema,
571 2795 599 2820 et
617 2794 656 2820 sic
674 2794 786 2828 placeat
804 2796 843 2823 eis
862 2797 1011 2826 intendere.
1098 2800 1126 2834 3)
1145 2800 1236 2834 Sama
1253 2808 1297 2828 Μ.
1309 2804 1355 2828 713
1374 2803 1398 2828 et
1417 2804 1473 2828 714.

1976 1185 2001 1205 15
