2190 3172
163 1421 188 1442 is

165 2458 191 2479 ⁸5

436 189 534 218 Ac'rs
552 189 666 218 amm
685 189 868 217 nunnwmi
887 188 934 216 iv.
953 188 1001 216 Εἰ·
1019 188 1205 216 rameruci
1226 188 1273 215 111.
1313 189 1387 216 1314.
1424 189 1472 217 Νι.
1487 189 1543 216 iss.
1563 189 1621 217 iu
1792 194 1845 223 ιη

202 277 355 311 videlicet
379 280 516 319 quatuor
538 286 719 308 marcarum
741 277 813 318 puri
834 276 959 316 argenti
982 274 1162 307 redditibus
1185 276 1215 307 in
1239 275 1339 317 agris,
1370 276 1470 317 pratis
1493 279 1526 307 et
1548 275 1696 307 censibus
1719 275 1851 315 ibidem,

204 329 306 371 regali
332 327 554 361 munificencia
580 327 775 366 contulimus,
794 329 828 359 et
850 326 1044 359 conferimus
1067 327 1127 359 hiis
1150 327 1328 369 scripturis,
1362 327 1608 359 deserviendum
1633 326 1772 358 fideliter
1794 339 1852 369 per

203 383 236 413 te
264 383 298 412 et
323 382 396 412 tuos
422 378 561 411 heredes
589 379 658 411 iure
689 378 885 410 hereditario
914 388 951 410 ac
982 378 1074 410 titulo
1104 378 1224 410 feodali
1252 382 1409 421 perpetuo
1439 378 1677 420 possidendum.
1730 377 1853 410 Dantes

204 432 263 464 tibi
291 431 350 463 has
376 434 501 463 nostras
531 429 655 463 litteras
678 433 785 462 nostre
807 430 986 462 maiestatis
1010 431 1135 472 typario
1159 431 1361 472 consignatas
1387 431 1416 462 in
1445 431 1660 462 testimonium
1684 440 1781 472 super
1803 441 1852 462 eo.

311 491 431 524 Datum
456 490 675 533 Oppenheim,
704 500 787 522 anno
811 490 943 522 Domini
966 490 1082 523 MCCC
1106 490 1366 532 quartodecimo,
1394 495 1487 523 sexto
1512 490 1678 523 Kalendas
1700 490 1854 531 Ianuarii,

205 544 296 587 regni
318 553 395 576 vero
418 543 517 574 nostri
543 552 626 574 anno
650 543 763 584 primo.

353 824 427 866 184.
461 827 802 866 LIBERTATIO
826 829 863 865 A
886 828 1076 866 STURIS
1099 829 1136 865 A
1159 828 1444 867 LUDEWICO
1470 829 1710 867 CIVITATI

658 884 1085 922 OPPENHEIMENSI
1109 883 1398 922 CONCESSA.

899 962 1007 999 1314.
1048 962 1134 999 Dec.
1156 962 1216 999 23.

320 1079 484 1121 Oriqinale
499 1079 574 1122 (or.)
598 1080 634 1112 in
649 1080 808 1112 tabulario
822 1079 1090 1112 Darmstadiensi.
1132 1079 1331 1112 contulimus
1344 1091 1410 1113 nos.
1451 1081 1571 1114 Pendet
1585 1082 1722 1123 siqillum
1739 1083 1857 1116 Ιαεειιηι

203 1131 269 1172 filis
289 1132 399 1164 sericis
420 1131 510 1164 rubei
530 1131 704 1172 viridisque
725 1131 846 1164 coloris.

312 1192 459 1232 Belum,
481 1192 557 1234 Rey.
573 1193 685 1225 Ludw.
704 1203 740 1233 p.
756 1194 820 1224 349
842 1203 892 1224 nr.
913 1192 999 1224 3142
1019 1192 1149 1231 (Addit.
1167 1192 1253 1233 ΙΙΙ).

317 1252 366 1292 Cf.
391 1252 466 1294 Rey.
482 1252 594 1285 Ludw.
618 1263 668 1285 nr.
685 1253 780 1285 3144.

315 1356 508 1389 Ludewicus
530 1356 594 1389 Dei
623 1357 728 1399 gratia
751 1356 973 1389 Romanorum
1000 1366 1058 1387 rex
1088 1366 1218 1398 semper
1243 1360 1398 1398 augustus
1426 1358 1583 1389 universis
1613 1358 1674 1390 hoc
1702 1360 1854 1402 scriptum

205 1409 318 1441 visuris
341 1409 543 1441 innotescere
567 1409 712 1451 cupimus
735 1411 768 1441 et
791 1412 949 1450 constare,
974 1407 1060 1450 quod
1081 1418 1154 1439 cum
1171 1407 1398 1450 benignitatis·
1414 1410 1503 1451 regie
1519 1409 1723 1442 clementiam
1741 1411 1857 1444 deceat

207 1463 240 1493 et
262 1461 303 1492 sit
326 1470 459 1503 equum,
491 1460 626 1493 devotos
650 1464 683 1492 et
705 1460 818 1492 fideles
840 1470 966 1492 necnon
988 1459 1133 1491 subditos
1155 1460 1282 1501 imperii
1305 1461 1454 1502 gratiosis
1477 1462 1637 1503 preveniri
1661 1464 1856 1505 muneribus,

207 1522 246 1544 eo
274 1511 362 1554 quod
395 1512 486 1554 larga
519 1513 550 1544 in
578 1512 740 1544 subiectos
769 1512 974 1544 benificentie
1006 1511 1133 1543 diffusio
1164 1513 1282 1543 statum
1311 1512 1464 1554 principis
1496 1512 1536 1544 de
1567 1513 1652 1545 bono
1680 1514 1710 1545 in
1741 1516 1856 1547 melius

206 1563 345 1596 feliciter
370 1564 528 1606 provehit,
561 1563 770 1606 provehendo
799 1563 978 1595 consolidat
1007 1566 1040 1595 et
1067 1562 1297 1594 consolidando
1322 1574 1475 1605 prospere
1500 1564 1611 1606 dirigit
1633 1575 1670 1596 ac
1694 1565 1856 1607 sublimat,

207 1616 367 1658 compassi
389 1626 467 1658 ergo
491 1615 756 1648 tribulacionibus
779 1619 812 1647 et
835 1614 987 1657 gravibus
1015 1615 1186 1656 pressuris,
1215 1614 1330 1656 quibus
1356 1618 1504 1657 tempore
1527 1617 1707 1648 vacacionis
1729 1618 1856 1660 imperii

206 1677 265 1710 pro
289 1667 435 1700 eiusdem
457 1667 579 1700 iuribus
602 1666 829 1699 conservandis
853 1691 860 1698 .
877 1691 885 1699 .
909 1670 1099 1707 castrenses,
1123 1690 1130 1698 .
1150 1691 1156 1698 .
1180 1667 1327 1698 eonsules
1344 1670 1377 1698 et
1394 1691 1400 1698 .
1419 1691 1426 1698 .
1444 1667 1529 1699 cives
1546 1667 1855 1711 Oppenheimenses,

206 1718 321 1752 fideles
342 1721 443 1751 nostri
467 1719 576 1752 dilecti
599 1719 708 1751 multis
730 1723 764 1751 et
787 1720 882 1751 variis
906 1719 1057 1761 expensis
1080 1722 1113 1750 et
1135 1718 1299 1750 laboribus
1323 1718 1530 1759 desudarunt,
1553 1719 1611 1751 has
1635 1721 1711 1761 ipsis
1734 1723 1855 1763 gratias

208 1770 358 1803 duximus
385 1771 563 1812 faciendas,
594 1771 681 1814 quod
709 1782 769 1814 per
795 1782 894 1803 unum
923 1781 1041 1802 annum
1064 1782 1084 1802 a
1106 1771 1253 1812 proximo
1284 1770 1366 1803 festo
1390 1771 1544 1803 natalium
1567 1771 1696 1803 Domini
1720 1783 1851 1815 compu-
1868 1778 1966 1801 Dte-¹⁸·

207 1823 351 1865 tandum,
374 1823 468 1866 quod·
485 1823 614 1866 quidem
632 1823 749 1856 festum
766 1827 816 1856 est
831 1824 978 1866 proxime
994 1834 1076 1855 nunc
1093 1826 1270 1861 venturum,
1294 1823 1336 1854 ab
1353 1823 1499 1855 omnibus
1515 1824 1618 1863 sturis,
1642 1824 1855 1865 peticionibus

208 1878 242 1907 et
268 1875 505 1917 exactionibus,
540 1877 758 1919 cuiuscunque
784 1877 848 1907 sint
873 1876 1016 1918 generis,
1049 1885 1119 1907 esse
1148 1874 1269 1907 debent
1295 1874 1390 1907 liberi
1418 1878 1451 1907 et
1477 1875 1583 1907 soluti.
1629 1875 1754 1908 Deinde
1779 1887 1854 1909 vero

208 1926 251 1959 ad
277 1930 415 1970 quatuor
444 1938 544 1960 annos
571 1929 722 1960 continue
756 1927 989 1970 subsequentes
1022 1928 1054 1959 in
1083 1926 1218 1959 dacione
1251 1931 1379 1959 centum
1407 1938 1587 1959 marcarum
1616 1927 1855 1960 Coloniensium

208 1977 428 2021 denariorum,
462 1979 564 2012 tribus
593 1979 802 2012 Hallensibus
831 1990 889 2021 pro
918 1980 1030 2022 quovis
1057 1979 1190 2011 denario
1219 1979 1426 2021 computatis,
1460 1982 1557 2021 atque
1586 1979 1789 2021 postmodum
1813 1980 1855 2012 ad

206 2031 272 2063 vite
305 2034 414 2064 nostre
449 2031 518 2064 dies
544 2033 576 2064 in
603 2032 826 2074 persolucione
862 2031 1073 2063 ducentarum
1107 2041 1287 2062 marcarum
1321 2030 1464 2072 predicte
1499 2035 1628 2062 monete
1656 2031 1856 2064 Coloniensis

207 2083 335 2116 nomine
366 2086 468 2125 sture,
497 2084 667 2126 peticionis
694 2086 726 2116 et
753 2084 931 2115 exactionis
961 2093 1044 2115 anno
1072 2082 1219 2125 quolibet
1247 2082 1288 2114 ab
1319 2082 1441 2114 eisdem
1473 2082 1629 2114 debemus
1652 2087 1685 2114 et
1708 2083 1855 2115 volumus

207 2135 400 2177 contentari,
434 2135 538 2168 nullas
564 2135 606 2168 ab
635 2136 681 2167 eis
710 2139 827 2176 sturas,
855 2135 1033 2177 peticiones
1055 2145 1111 2166 seu
1136 2135 1322 2166 exactiones
1345 2134 1475 2176 insuper
1498 2134 1652 2166 exacturi.
1698 2134 1854 2167 Preterea

207 2188 388 2230 ungeltum,
420 2187 506 2230 quod
535 2188 664 2230 ipsimet
689 2187 749 2219 sibi
773 2187 934 2219 duxerunt
955 2186 1184 2229 imponendum
1208 2197 1265 2228 pro
1289 2187 1537 2218 conservacione
1561 2187 1637 2218 iuris
1661 2190 1694 2218 et
1716 2187 1854 2218 civitatis

207 2239 345 2282 imperii,
369 2250 466 2283 quam
488 2239 640 2281 incolunt,
663 2240 741 2282 ipsis
764 2239 953 2272 dimittimus
976 2242 1010 2270 et
1032 2238 1241 2281 relinquimus
1263 2249 1321 2280 pro
1345 2238 1430 2270 dicte
1453 2242 1560 2270 nostre
1585 2238 1722 2270 civitatis
1744 2239 1855 2270 usibus

207 2290 393 2324 habendum
416 2293 538 2324 cunctis
561 2291 760 2334 temporibus
783 2292 848 2323 vite
871 2294 989 2323 nostre.
1077 2290 1233 2322 Nolentes
1255 2291 1366 2333 itaque
1390 2300 1450 2332 per
1471 2300 1667 2332 quemquam
1690 2290 1855 2322 hominum

207 2342 266 2376 has
299 2346 408 2376 nostre
441 2343 628 2376 donacionis
663 2344 784 2386 gratias
812 2343 924 2375 violari
958 2353 1038 2374 ausu
1068 2343 1260 2374 temeritatis
1289 2342 1398 2384 aliquo
1429 2352 1487 2373 nec
1516 2342 1659 2383 infringi,
1689 2345 1856 2383 presentes

207 2394 332 2428 litteras
358 2399 467 2428 nostre
494 2395 599 2438 sigillo
625 2396 804 2428 maiestatis
826 2398 958 2437 propter
981 2397 1202 2427 contentorum
1225 2395 1258 2425 in
1281 2394 1327 2425 eis
1350 2393 1448 2425 robur
1470 2403 1509 2425 ac
1533 2394 1721 2425 memoriam
1745 2393 1854 2426 effeci·

209 2456 279 2478 mus
301 2447 499 2486 communiri.

316 2506 437 2539 Datum
465 2507 676 2550 Oppinheim,
704 2507 746 2539 X.
767 2506 932 2539 Kalendas
962 2506 1116 2547 Ianuarii,
1146 2505 1319 2537 indictione
1347 2505 1589 2545 terchsdecima,
1620 2516 1703 2537 anno
1726 2505 1855 2537 Domini

209 2558 381 2592 millesimo
403 2559 631 2591 trecentesimo
655 2558 909 2601 quartodecimo,
932 2558 1023 2600 regni
1047 2568 1123 2590 vero
1146 2558 1245 2589 nostri
1268 2568 1351 2589 anno
1375 2558 1487 2599 primo.

315 2818 377 2846 184.
405 2819 430 2852 ὓ)
449 2820 624 2854 beniginitatis
642 2828 679 2845 er.
