2190 3172
469 169 566 198 ACTA
584 169 698 197 REGNI
717 168 900 197 LUDEWICI
918 168 965 196 lv.
984 167 1030 196 ΕΤ
1049 167 1233 196 FRIDERICI
1252 168 1301 196 111.
1338 168 1413 196 1316.
1449 168 1498 196 Nr.
1511 168 1570 197 371.
1588 169 1646 196 872.
1819 172 1878 202 311

660 302 747 340 371.
787 301 962 348 Scriptum
989 301 1176 338 Ludewici.
1281 301 1373 346 Any.
1392 302 1449 337 13.

337 376 498 418 Oriyinale
521 377 596 420 (or.)
626 377 662 409 in
693 375 852 409 tabulam
877 375 1103 408 Tremoniensi.
1151 374 1352 408 Cmuulimus
1376 385 1444 408 nos.
1494 375 1642 417 Siqillum
1664 376 1762 415 deest,
1791 377 1882 415 sora-

226 428 368 461 minibus
390 427 518 461 relictis.
544 447 583 452 —
608 428 672 461 Ed.
689 427 791 461 Rabel
813 427 1042 460 ‘Dortmunder
1064 426 1332 461 Urkundenbuch'
1355 427 1383 466 I,
1405 427 1472 459 243
1493 438 1544 461 nr.
1559 429 1625 460 346
1647 439 1686 460 ex
1708 439 1755 461 or.

334 522 528 555 Ludowicus
550 522 614 555 Dei
637 523 742 565 gratia
764 522 982 555 Romanorum
1007 531 1066 554 rex
1090 533 1218 564 semper
1241 526 1395 565 augustus
1483 523 1551 555 viro
1574 522 1674 555 nobili
1690 522 1879 556 Hermanno

196 584 207 604 ο
227 574 268 608 de
284 574 459 607 Tremonia
481 574 566 606 dicto
591 574 631 607 de
651 573 879 614 Lindenhflrst,
902 574 991 606 fideli
1014 585 1071 606 suo
1095 573 1214 606 dilecto
1302 575 1440 617 gratiam
1462 585 1553 606 suam
1577 578 1610 607 et
1633 585 1727 607 omne
1750 575 1880 607 bonum.

336 626 534 659 Constitutus
558 627 590 658 in
613 630 720 659 nostre
744 627 835 669 regie
858 626 1037 659 maiestatis
1060 627 1228 669 presencia
1251 625 1443 659 Ohfinradus
1466 625 1570 658 dictus
1598 626 1639 658 de
1663 625 1882 659 Lindeuhfirst

226 678 310 711 filius
333 682 420 720 tuus,
455 688 604 711 asserens
632 677 719 720 quod
748 681 783 710 tu
812 678 917 719 senio,
952 681 1118 710 senectute
1153 681 1186 710 et
1217 677 1386 710 debilitate
1414 677 1498 710 adeo
1528 688 1646 721 magna
1668 682 1881 721 pregravatus

226 733 335 763 nostro
363 733 396 762 te
424 741 487 762 non
516 740 627 772 posses
650 730 837 772 conspectui
860 733 1047 772 presentare
1079 733 1112 762 et
1138 730 1296 772 premissa
1325 740 1433 762 coram
1462 729 1555 761 nobis
1582 741 1640 762 suo
1669 730 1881 773 conprobavit

226 782 417 823 iuramento,
440 781 625 824 supplicans
640 781 814 822 humiliter,
837 785 873 813 ut
895 785 928 814 te
952 781 994 814 de
1017 780 1122 814 feodis
1145 784 1179 814 et
1201 780 1293 813 bonis
1315 781 1507 823 feodalibus,
1532 792 1595 824 que
1619 785 1652 814 tu
1676 786 1710 814 et
1729 783 1879 824 progeni-

183 841 208 862 10
226 837 313 866 tores
339 834 386 865 tui
413 844 433 866 a
455 832 604 865 Romano
628 833 762 875 imperio
785 836 971 873 tenuerunt,
1005 832 1213 875 dignaremur
1240 833 1419 866 liberaliter
1450 834 1617 875 investire,
1696 844 1755 866 nos
1783 835 1881 876 igitur

226 885 375 928 precibus
398 884 571 917 humilibus
594 884 731 926 predicti
759 884 814 916 filii
838 886 883 916 tui
907 884 1128 917 favorabiliter
1150 884 1293 917 inclinati
1325 888 1358 917 et
1389 885 1447 917 tibi
1475 889 1640 928 tamquam
1671 887 1774 918 amico
1802 897 1879 918 con-

225 937 387 980 patientes
421 939 454 969 te
489 936 530 968 de
560 936 708 968 omnibus
736 935 839 968 feodis
871 940 906 968 et
936 936 1028 969 bonis
1058 936 1258 978 feodalibus,
1294 948 1357 980 que
1392 940 1427 969 tu
1459 940 1493 969 et
1518 937 1742 979 progenitores
1774 938 1820 969 tui
1847 938 1878 969 in

225 989 354 1022 civitate
389 991 422 1021 et
450 991 543 1020 extra
573 988 738 1020 civitatem
760 988 1025 1021 Tremoniensem
1056 988 1097 1021 ab
1127 989 1260 1032 antiquo
1288 988 1330 1021 ab
1358 988 1494 1031 imperio
1522 988 1678 1021 hactenus
1707 993 1880 1021 tenuerunt

225 1043 259 1073 et
280 1040 414 1083 pacifice
438 1040 670 1083 possederunt,
700 1039 741 1072 de
770 1040 966 1072 liberalitate
995 1041 1087 1083 regia
1109 1040 1313 1072 infeodamus
1340 1044 1374 1073 et
1395 1039 1577 1083 predictum
1599 1040 1700 1072 filium
1724 1044 1814 1073 tuum
1838 1041 1878 1073 de

182 1102 207 1122 is
225 1092 362 1136 prefatis
385 1092 490 1124 feodis
514 1095 569 1124 tuo
593 1092 722 1124 nomine
746 1092 966 1124 investivimus
989 1095 1023 1124 et
1046 1092 1144 1124 etiam
1168 1092 1370 1132 investimus,
1393 1092 1540 1124 volentes
1562 1095 1594 1124 te
1619 1093 1705 1124 omni
1728 1092 1879 1124 libertate

226 1147 259 1177 et
282 1144 501 1187 prerogativa,
526 1154 589 1186 qua
613 1154 725 1175 omnes
748 1143 996 1186 predecessores
1019 1145 1065 1176 tui
1087 1143 1252 1186 hucusque
1275 1144 1378 1186 gavisi
1401 1143 1531 1176 fuerunt
1552 1144 1585 1175 in
1607 1143 1742 1186 prefatis
1765 1143 1879 1185 feodis,

225 1196 404 1229 liberaliter
426 1195 548 1238 perfrui
573 1198 606 1228 et
628 1195 782 1238 gaudere.
871 1196 908 1227 In
932 1196 1022 1228 cuius
1045 1196 1093 1228 rei
1115 1195 1332 1228 testimonium
1356 1199 1525 1237 presentes
1540 1195 1698 1227 conscribi
1721 1199 1755 1228 et
1773 1195 1879 1238 sigillo

225 1251 351 1281 secreto
375 1251 485 1280 nostro
508 1247 657 1279 iussimus
679 1247 878 1279 communiri.

334 1303 411 1336 Dat.
435 1304 597 1346 Auguste,
632 1303 710 1335 Idus
737 1303 889 1346 Augusti,
920 1314 1003 1336 anno
1031 1302 1162 1335 Domini
1189 1302 1360 1335 millesimo
1389 1303 1615 1335 trecentesimo
1645 1302 1878 1343 sextodecimo,

183 1364 209 1384 ὀ
226 1356 317 1399 regni
339 1366 417 1387 vero
441 1356 541 1387 nostri
565 1365 648 1388 anno
671 1355 823 1387 secundo.

448 1600 523 1636 372.
558 1599 865 1637 SENTENTIA
887 1598 1119 1638 IUDICUM
1143 1599 1305 1637 PACIS
1329 1599 1657 1637 GENERALIS.

892 1673 1002 1709 1316.
1040 1673 1136 1718 Aug.
1161 1673 1217 1708 16.

337 1775 500 1818 Oriyinale
523 1776 595 1818 (or.)
627 1777 661 1808 in
690 1775 847 1809 tabulario
876 1775 1090 1808 Mulhusensi.
1144 1776 1264 1809 Pendet
1292 1776 1440 1817 siyillum.
1473 1794 1512 1799 —
1548 1775 1610 1807 Ed.
1634 1775 1775 1816 Herquet
1802 1776 1877 1810 ‘Ur-

226 1827 449 1860 kundenbuch'
479 1828 539 1869 (=
561 1827 878 1869 ‘Geschichtsquellen
907 1828 962 1860 der
989 1828 1126 1861 Provinz
1155 1828 1305 1861 Sachsen'
1333 1828 1407 1869 ΙΙΙ)
1438 1838 1474 1868 1²-
1499 1827 1563 1859 324
1592 1837 1643 1859 nr.
1667 1828 1730 1859 702
1762 1838 1802 1860 ex
1829 1838 1875 1860 or.

182 1888 207 1909 a
225 1878 406 1912 Editionem
428 1880 606 1920 repetimus.

337 1935 384 1976 ΟΥ.
409 1935 502 1977 infra
524 1946 574 1968 nr.
591 1936 664 1967 454.

331 2021 405 2054 Wir
427 2021 605 2054 Frederich
627 2033 690 2054 von
714 2022 807 2054 Gotis
835 2021 963 2064 gnaden
996 2022 1164 2063 lantgreve
1197 2032 1236 2053 zu
1263 2021 1430 2064 Duringen
1463 2031 1651 2063 marcgreve
1681 2032 1743 2053 von
1771 2021 1876 2053 Misen

224 2073 310 2106 unde
333 2075 391 2106 wir
414 2073 562 2106 Gunther
585 2084 646 2106 von
670 2074 764 2106 Getis
793 2074 922 2116 gnaden
951 2083 1050 2115 greve
1081 2084 1142 2105 von
1170 2073 1361 2115 Swarzburg
1387 2072 1508 2105 richter
1534 2072 1620 2105 unde
1645 2098 1651 2105 .
1671 2099 1678 2107 .
1702 2072 1735 2104 di
1762 2072 1875 2105 zwelfe

225 2124 278 2158 die
302 2125 381 2158 ober
407 2125 471 2158 den
494 2125 583 2158 vride
611 2125 669 2158 des
696 2125 809 2158 landes
839 2126 902 2157 sint
930 2125 1053 2167 gekorn
1076 2125 1134 2157 wir
1162 2125 1324 2157 bikennen
1352 2135 1393 2157 an
1419 2124 1521 2156 disme
1544 2124 1751 2167 genwerdien
1775 2125 1875 2162 brive,

182 2187 208 2208 so
227 2176 286 2209 das
309 2175 389 2220 [wir]
420 2177 452 2210 di
479 2178 558 2209 zwei
586 2177 645 2209 hus
672 2188 711 2209 zu
741 2177 836 2210 deme
858 2177 946 2209 Hain
969 2177 1027 2209 das
1050 2177 1179 2209 oberste
1213 2176 1273 2209 hus
1306 2176 1392 2208 unde
1427 2176 1485 2208 das
1518 2175 1669 2208 nederste
1692 2175 1875 2208 zubrochen

225 2227 332 2260 haben
354 2229 414 2261 mit
436 2231 506 2260 rate
528 2228 615 2260 unde
644 2229 704 2260 mit
730 2229 819 2261 hulfe
849 2228 907 2261 der
934 2228 1082 2261 lanthern
1109 2228 1194 2260 unde
1224 2228 1283 2261 der
1304 2228 1440 2261 lantlute
1464 2228 1565 2260 durch
1588 2230 1681 2261 einen
1704 2228 1795 2261 vride
1818 2229 1875 2262 des

226 2279 338 2312 landes
360 2290 399 2312 zu
422 2279 599 2323 Duringen.
645 2279 740 2313 Unde
762 2291 846 2313 swer
869 2280 1012 2313 dawider
1035 2281 1102 2312 icht
1124 2283 1209 2321 tete,
1244 2280 1302 2313 der
1323 2280 1371 2313 sal
1392 2281 1500 2322 wisse,
1532 2280 1590 2312 das
1616 2281 1676 2313 her
1697 2281 1739 2312 ist
1761 2281 1793 2312 in
1816 2280 1875 2313 der

225 2330 320 2363 achte
343 2331 402 2364 des
423 2331 536 2364 landes
559 2343 598 2364 zu
620 2331 797 2375 Duringen.
843 2332 938 2364 Unde
961 2332 1003 2364 ob
1026 2333 1052 2364 si
1075 2333 1176 2364 imant
1198 2331 1304 2364 wolde
1327 2332 1420 2365 buwe
1444 2332 1524 2365 oder
1546 2336 1636 2365 vesto
1659 2333 1788 2373 mache,
1817 2332 1875 2364 der

226 2381 317 2415 solde
339 2383 367 2415 si
389 2383 422 2414 in
445 2382 615 2416 darselben
638 2383 734 2416 achte
757 2384 815 2416 der
838 2384 918 2416 hern
940 2383 1025 2416 unde
1050 2383 1107 2416 des
1130 2383 1252 2416 landes.
1297 2383 1392 2416 Unde
1417 2383 1457 2416 ob
1484 2385 1585 2416 imant
1612 2383 1644 2416 di
1668 2384 1784 2416 erbern
1806 2384 1873 2416 lute

182 2443 207 2464 u
226 2433 259 2466 di
283 2433 400 2476 burget
414 2444 476 2466 von
492 2434 662 2468 Mulhusen
685 2446 794 2468 umme
818 2435 851 2467 di
873 2436 970 2468 sache
990 2436 1192 2477 anvertigete
1216 2435 1296 2467 oder
1317 2435 1518 2475 wurdechte‚
1549 2435 1608 2468 der
1633 2436 1722 2468 hette
1745 2435 1874 2468 vurlorn

225 2485 277 2517 die
305 2485 402 2518 hulde
433 2485 492 2518 der
518 2486 598 2519 hern
625 2487 711 2520 unde
733 2498 820 2519 were
849 2488 882 2519 in
912 2487 971 2519 der
993 2487 1089 2519 achte
1113 2487 1171 2519 des
1194 2486 1316 2519 landes.
1411 2487 1479 2519 Des
1504 2487 1589 2519 habe
1611 2488 1670 2519 wir
1693 2487 1783 2520 disen
1811 2487 1877 2519 brif

227 2536 376 2579 gegeben
400 2547 438 2569 zu
461 2537 546 2570 eime
569 2548 676 2571 waren
700 2540 890 2582 gezugnisse
914 2539 1044 2582 bisigelt
1070 2540 1130 2571 mit
1156 2539 1231 2571 dem
1258 2540 1394 2582 insigele
1418 2539 1476 2571 des
1498 2539 1612 2572 landes
1634 2550 1674 2571 zu
1696 2539 1872 2581 Duringen.

332 2591 400 2625 Der
422 2592 488 2624 brif
508 2592 566 2626 der
587 2594 629 2626 ist
650 2594 801 2637 gegeben
824 2595 906 2627 uach
929 2595 1032 2627 Gotes
1058 2595 1194 2637 geburte
1225 2595 1323 2627 tusint
1348 2595 1401 2636 jar
1424 2595 1613 2627 drihundert
1638 2596 1692 2636 jar
1718 2596 1748 2627 in
1777 2595 1872 2627 deme

226 2643 406 2676 sechzende
426 2644 509 2685 jare,
532 2654 572 2677 an
596 2645 670 2678 dem
693 2645 861 2689 Manttage
883 2647 966 2679 noch
989 2657 1084 2679 unser
1107 2647 1261 2679 Wrowen
1283 2650 1368 2690 tage.
