2124 3132
582 172 800 200 TRACTATUS
821 173 868 200 DE
886 173 1101 201 ELECTIONE.
1140 174 1213 202 1813.
1252 175 1325 203 1814.
1363 176 1410 203 Nr.
1426 177 1464 204 15.
1812 184 1849 212 13

705 286 762 323 15.
803 287 961 324 Litterae
987 289 1124 325 alterae.
1232 290 1313 325 Dee.
1333 292 1394 326 27.

303 351 464 393 Oriqinale
480 351 554 395 (or.)
578 352 698 385 ibidem.
736 352 972 393 Descripsimus
992 365 1059 386 nos.
1105 354 1253 395 Siqiltum
1275 355 1368 393 deest,
1390 357 1604 395 foraminibus
1625 358 1753 390 relictis.
1794 359 1849 390 In-

191 404 321 446 scriptio
335 404 372 436 in
386 404 493 436 dorso:
509 404 692 437 Oonsensus
708 404 763 436 ‹ln-1
779 404 826 436 Io.
840 405 926 446 regis
938 405 1041 438 Boeffi
1059 406 1099 438 de
1116 406 1242 438 duobus
1257 408 1377 449 grossis
1393 409 1423 439 in
1437 407 1603 440 Confluen.
1621 429 1661 433 -
1679 410 1847 442 Ineditum.

298 455 446 496 Bohmer,
468 455 545 496 Rey.
560 455 673 487 Ludw.
693 465 727 495 p.
743 456 808 487 294
831 456 959 488 Ioharm
980 467 1031 489 nr.
1047 458 1112 489 362
1133 458 1259 498 (Addit.
1277 458 1320 498 I).

299 523 460 556 Iohannes
485 523 550 556 Dei
578 523 684 565 gratia
711 523 847 555 Boemie
880 527 913 556 et
939 523 1076 556 Polonie
1103 535 1162 557 rex
1191 536 1314 558 necnon
1345 527 1426 558 sacri
1458 528 1584 569 imperii
1615 529 1695 560 citra
1725 533 1849 560 montes

145 579 147 582 '
191 576 328 608 vicarius
364 574 527 618 generalis
567 584 606 607 ac
647 584 757 607 comes
789 575 1096 619 Lucelmburgensis
1174 577 1329 609 universis
1363 582 1530 620 presentes
1564 579 1688 611 litteras
1723 581 1848 622 inspee-

147 789 174 809 1⁰

149 1049 172 1068 {a

190 626 269 659 turis
335 625 472 659 salutem
495 626 528 657 in
550 625 691 658 Domino
714 626 955 668 sempiternam.

298 678 380 711 Cum
403 677 446 710 ad
469 687 519 719 ea,
543 687 606 720 que
629 678 802 710 utilitatem
826 678 989 720 publicam
1014 682 1047 711 et
1070 680 1211 711 maxime
1229 681 1436 712 ecclesiarum
1456 682 1630 723 respiciunt
1645 682 1847 715 commodum

191 734 225 763 et
246 730 403 771 favorem,
426 732 537 762 noster
559 728 763 761 desideratur
785 740 945 770 assensus,
970 732 1086 762 rationi
1110 735 1143 762 et
1167 732 1302 773 equitati
1326 734 1485 773 convenit,
1509 738 1543 765 ut
1566 733 1683 765 talibus
1699 733 1847 766 benivolas·

191 782 347 815 assentire
386 781 552 814 debemus.
608 780 693 813 Sane
733 792 804 814 cum
843 783 1064 814 serenissimus
1097 783 1246 825 princeps
1281 783 1384 815 felicis
1419 784 1650 816 recordationis
1684 785 1848 817 dominus·

142 831 143 834 '
189 833 350 866 Hem-icus
384 833 492 878 divina
528 832 658 865 favente
690 833 864 865 clementia
894 833 1112 866 Romanorum
1147 835 1324 876 imperator
1358 845 1487 877 semper
1518 841 1687 878 augustus,
1723 838 1851 879 genitor

186 888 300 918 noster
329 885 517 917 karissimus
545 884 723 917 venerabili
754 885 785 917 in
812 884 940 917 Christo
971 885 1124 918 domino·
1146 885 1316 927 Balduyno
1344 891 1454 918 sancte
1478 887 1684 919 Treverensis
1713 888 1848 920 ecclesie

187 936 441 984 ,archiepiscopo
457 937 540 978 sacri
559 937 690 979 imperii
713 947 772 979 per
788 936 928 969 Galliam
952 937 1247 978 archicancellario,
1271 942 1386 979 patruo
1407 943 1515 970 nostro
1534 939 1701 971 karissimo
1719 946 1850 982 propter

188 988 315 1031 vgravesv
332 983 623 1029 et'intollerabiles
646 999 808 1032 expensas
830 999 890 1031 per
912 989 1014 1030 ipsum
1033 989 1312 1031 archiepiscopum
1331 990 1431 1022 factas
1447 990 1478 1021 in
1495 991 1628 1022 servicio
1645 995 1678 1022 et
1694 992 1848 1033 obsequio

188 1039 267 1076 ,dicti
297 1039 417 1074 domini
446 1041 652 1083 imperatoris
681 1044 714 1072 et
743 1041 870 1082 imperii
900 1040 941 1072 ob
972 1040 1154 1073 evidentem
1185 1041 1357 1073 utilitatem
1388 1042 1434 1073 rei
1458 1041 1584 1083 publice
1608 1044 1689 1074 sacri
1713 1044 1848 1085 imperii.

189 1102 252 1134 que
280 1092 349 1124 sine
377 1092 468 1134 gravi
498 1094 532 1124 et
561 1094 719 1134 perpetuo
744 1091 914 1134 dispendio
938 1092 1075 1124 ecclesie
1099 1092 1308 1124 Treverensis
1331 1093 1480 1124 sustineri
1504 1104 1562 1125 nec
1585 1094 1664 1125 solvi
1689 1098 1847 1135 poterant,

189 1153 313 1175 necnon
345 1146 478 1185 propter
507 1143 670 1176 fructuosa
698 1144 848 1184 servicia,
881 1154 943 1186 que
973 1143 1059 1175 idem
1089 1145 1351 1186 archiepiscopus
1380 1145 1500 1186 pluries
1528 1149 1592 1177 tam
1621 1146 1650 1177 in
1675 1145 1848 1178 Germania

190 1201 286 1237 quam
310 1193 420 1227 Ytalia
450 1194 556 1228 eidem
584 1195 772 1237 imperatori
802 1199 835 1227 et
863 1195 1001 1237 imperio
1030 1196 1176 1228 exhibuit
1203 1207 1274 1228 cum
1303 1196 1436 1236 effectu,
1463 1207 1498 1228 se
1523 1207 1644 1228 necnon
1669 1197 1792 1228 nobiles
1817 1204 1848 1228 vt

190 1246 348 1279 vassallos
371 1245 508 1279 ecclesie
532 1257 590 1279 sue
613 1257 672 1289 pro
697 1247 896 1279 deffensione
921 1251 955 1279 et
977 1249 1222 1289 recuperatione
1245 1252 1346 1279 status
1369 1249 1496 1290 imperii
1518 1259 1640 1280 necnon
1658 1250 1702 1280 rei
1721 1249 1847 1290 publice

191 1301 278 1331 statu
306 1298 440 1341 pacifico
469 1298 678 1340 exponendo,
709 1298 882 1341 pluresque
911 1299 992 1330 alias
1019 1309 1133 1330 causas
1160 1299 1336 1341 legittimus
1359 1298 1486 1340 prefato
1508 1299 1655 1331 domino·
1679 1299 1847 1341 Balduyno

191 1350 321 1393 suisque
349 1349 587 1382 successoribus
615 1354 648 1383 et
676 1351 813 1383 ecclesie
837 1351 1044 1390 Treverensi‚
1075 1361 1138 1392 que
1166 1361 1229 1382 una
1256 1351 1296 1382 de
1324 1350 1535 1382 nobilioribus
1562 1355 1595 1382 et
1617 1351 1848 1393 antiquioribus

190 1402 272 1434 sacri
299 1402 428 1444 imperii
456 1401 688 1444 principatibus
720 1412 791 1434 esse
820 1402 996 1434 dinoscitur
1022 1406 1055 1434 et
1078 1402 1136 1434 sub
1160 1406 1296 1444 augusto
1320 1403 1438 1434 meruit
1460 1402 1665 1434 incrementis
1687 1404 1849 1445 prosperis

189 1453 410 1496 multipliciter
432 1454 646 1495 augmentari,
669 1454 852 1486 serenitatis
876 1465 933 1486 sue
958 1454 1208 1485 munificentiam
1233 1453 1453 1485 favorabiliter
1468 1459 1668 1493 convertens,
1692 1454 1846 1496 premissa

159 1515 442 1548 >recompensans
484 1515 542 1547 pro
582 1515 621 1537 eo
659 1506 788 1547 suisque
831 1505 1068 1538 successoribus
1107 1504 1325 1536 Romanorum
1364 1505 1494 1546 regibus
1531 1509 1565 1537 et
1601 1506 1846 1547 imperatoribus

146 1562 172 1583 ’ὅ

190 1556 380 1599 pedagium,
413 1556 569 1599 vectigal,
600 1556 788 1599 guidagium
819 1557 885 1588 sive
916 1556 1093 1588 thelonium
1127 1557 1156 1588 in
1188 1556 1344 1594 dominio,
1375 1556 1534 1598 districtu,
1565 1557 1782 1588 iurisdictione
1815 1564 1847 1588 et

142 1610 143 1613 ’
189 1608 349 1641 conductu
379 1609 478 1650 ipsius
505 1608 743 1651 archiepiscopi
766 1612 799 1640 et
822 1609 958 1640 ecclesie
983 1608 1191 1640 Treverensis
1215 1619 1312 1650 super
1334 1608 1461 1640 alveum
1485 1608 1567 1640 Reni
1591 1610 1621 1639 in
1644 1608 1845 1640 Confluentis

145 2077 170 2098 88

141 2804 167 2824 ⁴5

188 1660 241 1692 vel
270 1660 347 1692 alibi
375 1660 522 1702 superius
549 1664 604 1692 aut
632 1660 764 1692 inferius
791 1661 821 1692 in
847 1671 904 1692 suo
929 1660 1070 1692 dominio
1094 1671 1151 1692 seu
1173 1661 1333 1692 territorio
1357 1660 1411 1691 uhi
1435 1660 1586 1699 voluerit,
1616 1660 1696 1691 duos
1719 1671 1846 1701 grossos

189 1704 394 1744 Turonenses
417 1711 458 1743 de
482 1711 628 1757 qualibet
650 1716 776 1744 carrata
800 1713 863 1743 vini
888 1716 920 1743 et
943 1712 984 1743 de
1008 1712 1080 1743 aliis
1102 1712 1297 1743 mercatibus
1320 1713 1410 1743 iuxta
1433 1716 1619 1743 consuetam
1636 1713 1845 1744 taxationem.

188 1767 225 1796 ut
251 1765 350 1796 etiam
378 1766 582 1796 transeuntes
611 1763 732 1796 ibidem
760 1775 832 1796 cum
856 1765 922 1795 suis
944 1764 1161 1795 mercimoniis
1185 1763 1343 1795 conductu
1368 1763 1496 1795 valcant
1518 1764 1670 1795 securiori
1693 1763 1846 1805 gaudere.

191 1815 365 1848 donatione
389 1815 594 1848 irrevocabili
617 1816 799 1858 perpetuob
823 1815 1051 1857 colligendum,
1074 1815 1246 1847 levandum
1271 1819 1304 1846 et
1326 1814 1569 1857 percipiendum
1587 1816 1701 1846 merito
1719 1814 1847 1846 duxerit

189 1866 465 1909 concedendum¹,
559 1878 618 1899 nos
645 1878 742 1900 causa
770 1868 899 1909 cognita
927 1871 960 1899 et
991 1878 1033 1899 ex
1061 1870 1149 1899 certa
1178 1868 1311 1898 scientia
1341 1867 1497 1908 premissa
1524 1867 1630 1898 omnia
1662 1872 1695 1898 ct
1722 1867 1844 1907 singula

189 1919 386 1951 ratificantes
410 1922 443 1951 et
466 1919 686 1961 approbantes
709 1919 833 1953 eisdem
856 1930 1045 1951 consensum
1066 1923 1207 1950 nostrum
1227 1922 1260 1950 et
1275 1928 1438 1950 assensum
1456 1918 1592 1949 liberum
1610 1923 1642 1950 et
1658 1928 1845 1959 expressum

189 1970 394 2013 presentibus
427 1970 576 2018 duximus
605 1971 836 2003 adhibendum.
889 1970 927 2002 In
957 1981 1093 2012 quorum
1124 1971 1340 2001 testimonium
1371 1969 1476 2011 sigilla
1506 1975 1614 2001 nostra
1645 1969 1846 2010 presentibus

187 2025 260 2054 sunt
282 2033 302 2054 a
349 2033 435 2054 ensa.

297 2033 371 2106 ἐξίῃ
389 2074 420 2105 in
437 2073 654 2116 Epternacho‚
678 2077 771 2106 sexto
789 2074 905 2105 Kalen.
923 2073 1002 2113 Ian„
1026 2083 1108 2104 anuo
1125 2072 1254 2104 Domini
1278 2072 1448 2104 millesimo
1471 2072 1695 2103 trecentesimo
1715 2076 1845 2113 quarto-

187 2124 326 2166 decimo,
348 2135 520 2168 regnorum
545 2135 621 2157 vero
645 2129 826 2157 nostrorum
850 2135 933 2156 anno
959 2125 1068 2156 tercio.

343 2305 409 2349 16.
439 2305 504 2349 17.
550 2301 945 2349 EPISTOLAE
980 2299 1685 2347 ARCHIEPISCOPORUM

285 2387 287 2389 ·
319 2373 322 2376 ’
689 2360 1037 2408 PONTIFIGI
1071 2360 1339 2407 MISSAE.

798 2439 906 2476 1314.
952 2439 1030 2475 Ian.
1056 2438 1165 2474 15.—-
1176 2438 1235 2474 29.

297 2524 397 2565 Copia
427 2534 540 2557 coaeva
568 2524 623 2566 (c.)
655 2524 690 2555 in
722 2522 881 2555 tabulario
910 2522 1064 2554 Vaticano
1095 2521 1322 2552 ‘Instrumenta
1351 2519 1548 2552 miscellanea
1573 2519 1676 2551 1314&
1729 2518 1842 2550 Demo

185 2575 384 2608 contulimus.
431 2576 474 2608 In
496 2585 602 2608 verso:
625 2575 728 2617 Copia
751 2575 931 2607 litterarum
956 2573 1123 2605 missarum
1151 2571 1281 2603 domino
1309 2575 1418 2604 nostro
1446 2582 1504 2613 per
1527 2596 1557 2602 ..
1581 2570 1841 2612 archiepiscopo.-

187 2626 300 2660 colon.
317 2630 351 2659 et
373 2652 380 2660 .
399 2652 406 2660 .
428 2627 603 2660 'Px-everen.
625 2637 723 2669 super
746 2626 906 2658 electione
936 2624 1034 2657 futuri
1062 2624 1147 2665 regis
1170 2623 1398 2655 Romanorum.
1425 2641 1465 2646 -
1488 2622 1549 2654 Ed.
1570 2622 1703 2654 Tloeincr
1726 2621 1841 2653 ‘Codex

185 2678 416 2720 diplomaticus'
441 2680 469 2718 I,
492 2680 557 2710 470
577 2690 628 2711 nr.
646 2681 718 2710 636.

290 2747 335 2774 16.
364 2748 389 2781 ¹)
408 2749 520 2782 sequitur
540 2767 546 2775 .
560 2768 566 2774 .
585 2758 622 2774 or.
711 2747 736 2781 b)
756 2752 878 2781 perpetua
897 2757 927 2771 or

292 2799 316 2832 l)
337 2799 428 2831 Supra
449 2801 510 2825 tom.
528 2798 573 2824 IV
589 2806 631 2825 nr.
645 2802 693 2824 276
709 2801 733 2824 et
753 2802 810 2824 569.
