2184 3126
358 191 418 221 770
591 185 688 213 ACTA
708 184 822 212 REGNI
841 182 1024 211 LUDEWICI
1043 182 1091 210 IV.
1111 182 1157 209 ET
1177 182 1370 214 FRIDERIOI„
1381 183 1430 210 111.
1466 182 1542 210 1324.
1578 182 1628 210 Nr.
1640 183 1700 211 930.
1718 182 1779 211 9:31.

357 277 389 306 ct
413 273 541 315 dyocesi
569 271 751 304 convocatis
782 269 823 302 ad
851 270 911 301 hoc
941 269 1027 301 clero
1057 271 1090 300 et
1113 268 1233 311 populo
1263 268 1325 300 feci
1349 268 1558 310 solempniter
1585 268 1743 311 publicari
1771 273 1804 301 et
1828 280 1901 302 cum
1925 271 2011 302 omni

357 325 527 367 diligencia
555 324 730 356 observari.
783 323 867 354 Sane
899 321 1016 364 [cum]⁸
1044 321 1257 363 principatus,
1291 324 1392 362 terre,
1422 321 1673 362 iurisdictiones,
1702 322 1867 354 territoria
1893 323 2012 365 prefati

356 375 547 418 Lud(wici)2
569 385 691 407 necnon
714 377 902 416 patruorum
925 383 1055 404 suorum
1079 372 1195 404 ducum
1220 372 1380 404 inferioris
1403 371 1566 404 Babarieu
1590 372 1716 405 eidemv
1731 374 1888 406 tenaciter
1910 374 2011 406 adhe-

356 428 498 459 rcncium
528 426 672 468 partibus
702 426 782 457 meis
817 425 879 455 sint
907 424 1059 465 contigua
1094 426 1127 455 et
1162 433 1233 455 cum
1267 423 1367 455 iidem
1394 424 1526 466 patruiw
1554 425 1603 455 sui
1630 424 1733 456 alias¹
1761 425 1839 466 sint,
1869 426 1951 458 sicut
1979 428 2013 457 et

357 480 513 510 maioresy
528 478 751 520 progenitores
775 486 886 507 eorum
910 485 1040 516 semper
1059 475 1190 511 ,fuerunt
1213 475 1350 507 ecclesie
1373 484 1447 506 mee
1471 485 1587 517 graves
1609 475 1830 518 multipliciter
1846 479 1880 509 et
1893 477 2012 518 infesti,
2042 489 2055 507 ι

356 541 418 562 non
442 530 602 562 modicam
625 532 749 570 partem
775 527 961 568 patrimonii
984 529 1017 558 et
1043 527 1160 558 iurium
1189 526 1273 558 illius
1300 526 1485 568 usurpando
1515 530 1548 558 et
1574 527 1616 558 ad
1645 528 1714 560 eius
1741 527 2013 561 destructionem*

355 582 505 613 continue
529 580 694 619 inhiando,
726 589 898 621 personam
927 589 1055 620 quoque
1079 588 1187 610 meam
1214 577 1322 609 hostili
1349 578 1424 610 odio
1447 583 1696 621 persequantur,
1723 590 1783 622 pro
1807 590 1846 612 eo
1871 580 1957 622 quod
1980 581 2013 612 in

354 632 415 663 hiis
444 631 609 663 conatibus
642 641 753 662 eorum
783 640 840 671 pro
869 629 997 661 modico
1030 639 1124 671 posse
1154 639 1228 660 meo
1257 628 1416 661 rebellare
1444 632 1478 662 et
1505 631 1656 663 resistere
1679 641 1743 663 non
1766 632 1899 674 expavi,
1929 641 2012 663 nunc

355 683 457 715 dictus
484 682 704 724 Lud(wicus)²²
733 685 766 713 et
796 682 902 723 patrui
934 682 983 712 sui
1017 684 1149 723 propter
1183 681 1415 712 execucionem
1447 685 1481 713 et
1509 681 1751 716 observanciam
1788 683 2013 716 mandatorum

356 739 533 766 vestrorum
557 734 727 765 adversum
756 743 808 765 me
839 733 943 764 acrius
973 733 1139 775 provocati
1170 733 1201 763 in
1224 742 1334 764 meum
1357 736 1389 764 et
1413 733 1549 766 ecclesie
1573 744 1646 766 mee
1670 736 1897 767 exterminium
1919 735 2013 767 terri-
2032 746 2058 766 ιο

354 786 468 818 biliusb
491 785 714 817 machinantur
737 787 770 817 et
792 785 851 816 nisi
875 788 981 816 vestra
1005 785 1171 826 preveniat
1195 787 1228 815 et
1250 787 1415 816 succurrat
1437 785 1550 827 pictae,
1574 785 1714 818 adunate
1737 785 1933 818 fortitudinis
1955 797 2013 819 sue

355 838 440 869 mole
464 848 515 869 me
539 840 573 868 et
596 837 765 869 ecclesiam
790 847 897 868 meam
919 839 1086 868 conterent
1113 835 1407 877 irrecuperabiliter
1430 839 1481 868 et⁰
1504 840 1660 871 evertent.
1709 837 1880 871 Sanctitati
1903 839 2013 881 itaque

355 893 460 921 vestre
493 892 697 921 reverenterc
728 888 896 930 supplicod
925 892 958 920 et
985 888 1117 929 devote,
1149 888 1297 930 quatinus
1327 898 1424 930 super
1445 889 1691 922 necessitatibus
1719 891 1800 922 meis
1829 891 2013 933 aperientes

354 941 476 972 viscera
499 940 719 972 misericordie
743 943 861 978 vestre,
886 939 1062 971 illustribus
1084 939 1280 982 principibus
1304 939 1439 971 ducibus
1454 940 1585 972 Austrie
1609 943 1641 973 et
1663 940 1769 983 Styrie
1793 952 1917 974 necnon
1940 942 2014 974 duci

354 992 524 1024 Karinthie
548 995 580 1023 et
603 992 683 1032 aliis,
708 991 749 1023 de
773 991 888 1033 quibus
912 994 1018 1023 vestre
1041 991 1216 1032 placuerit⁶
1232 991 1282 1022 vel
1306 991 1461 1033 expedire
1484 991 1665 1024 videbitur²
1687 992 1877 1033 voluntatib,
1899 989 2014 1026 vestris
2034 1004 2056 1024 ιε

355 1044 480 1076 devotis
502 1054 555 1075 me
578 1053 748 1085 meamque
773 1043 944 1075 ecclesiam
969 1042 1145 1085 dignemini
1169 1042 1391 1075 favorabiliter
1414 1043 1652 1084 commendare,
1675 1044 1867 1077 mandantes
1888 1047 1925 1076 ut
1939 1055 2013 1088 pre-

355 1095 412 1127 fati
435 1095 630 1137 Lud(wici)⁸
653 1105 846 1136 suorumque
871 1097 1059 1136 patruorum
1083 1094 1261 1126 rebellione
1289 1094 1424 1126 durante
1447 1095 1546 1127 michi
1569 1105 1627 1137 pro
1650 1096 1749 1128 vestri
1777 1099 1810 1128 et
1835 1096 2013 1139 apostolice

354 1147 454 1178 sedisf
482 1147 665 1178 reverencia
690 1150 822 1177 curent&
844 1146 996 1178 assistere
1020 1146 1195 1187 prestando
1223 1146 1393 1187 auxilium,
1426 1146 1614 1179 consilium¹²
1638 1150 1672 1179 et
1697 1147 1874 1180 favorem¹.
1918 1147 1961 1180 Et
1987 1148 2015 1180 si

354 1198 437 1230 forte
465 1198 506 1229 ad
534 1199 636 1229 sinum
664 1198 775 1229 matris
811 1197 946 1229 ecclesie
975 1197 1019 1228 illi
1052 1197 1158 1229 redire
1190 1198 1387 1239 curaverint,
1422 1198 1469 1230 eis
1497 1199 1770 1234 reconciliacionis
1799 1199 2014 1232 aditum-non

339 1250 512 1291 pandatis,
537 1250 639 1281 donec
656 1249 859 1281 nominatimi
877 1260 1030 1292 expresse
1047 1249 1157 1281 odium
1182 1252 1216 1281 et
1239 1259 1417 1291 rancorem,
1441 1249 1557 1292 quibus
1579 1261 1632 1283 me
1655 1254 1866 1293 persecuntur
1886 1251 2014 1291 iniuste,
2033 1261 2058 1281 sn

355 1301 494 1333 abiciant
517 1306 550 1333 et
572 1302 754 1341 remittant,
778 1305 813 1332 ut
836 1301 956 1332 exinde
979 1301 1071 1332 vobis
1094 1300 1221 1332 divina¹¹
1238 1293 1471 1344 multiplicetur
1493 1303 1603 1343 gracia
1626 1305 1660 1334 et
1682 1303 1819 1335 ecclesia
1842 1313 1926 1344 mea,
1950 1313 2014 1346 que

355 1353 430 1384 diris
454 1353 700 1395 tempestatibus
724 1356 756 1384 et
773 1353 924 1394 procellis
948 1353 1073 1394 utique¹
1098 1353 1287 1392 concutitur,
1311 1353 1538 1385 destructionis
1553 1354 1662 1386 totalis
1678 1354 1796 1386 evadat
1810 1354 2016 1397 naufragium

356 1408 388 1436 et
417 1404 457 1436 ad
486 1404 613 1436 laudem
646 1407 679 1436 ct
708 1405 845 1446 gloriam
876 1405 1013 1436 nominis
1043 1405 1140 1436 vestri
1169 1405 1280 1436 sancti.
1339 1403 1485 1441 Qualiter
1513 1408 1622 1438 autem
1651 1406 1684 1437 in
1713 1406 1910 1439 execucione
1938 1417 2014 1448 pro-

355 1466 501 1487 cessuum
524 1455 754 1497 laboraverim,
785 1456 941 1488 discretus
970 1457 1018 1487 vir
1042 1480 1074 1487 ..
1098 1455 1139 1488 de
1164 1481 1171 1487 .
1189 1461 1226 1488 ‚¹¹¹
1253 1457 1445 1488 canonicus¹¹
1473 1456 1546 1488 talis
1578 1458 1712 1489 nuncius
1745 1467 1837 1490 meus
1864 1458 2014 1500 specialis
2034 1500 2036 1502 Ι
2057 1488 2062 1495 ,

355 1508 426 1539 viva
449 1517 527 1539 voce
555 1510 588 1539 et
610 1508 850 1540 instrumentis⁰
874 1518 932 1550 per
962 1518 1035 1539 eum
1066 1507 1222 1540 confectis
1246 1518 1303 1540 vos
1329 1509 1450 1550 poterit
1476 1508 1603 1551 plenius
1629 1509 1813 1541 informare.
1859 1509 2013 1542 Ceterum
2026 1518 2058 1542 ιι

354 1559 496 1601 supplico
531 1559 719 1601 s(anctitati)
754 1560 902 1601 v(estre),
940 1559 1090 1601 quatinus
1124 1559 1279 1601 quasdam
1314 1570 1405 1591 meas
1438 1560 1714 1603 supplicaciones²
1742 1561 1774 1592 in
1809 1561 1873 1593 alia
1906 1561 2013 1594 littera

354 1610 458 1652 sigillo
482 1621 555 1642 meo
579 1611 746 1643 conclusas
770 1611 951 1643 concedere
975 1611 1152 1652 dignemini
1176 1611 1217 1643 de
1241 1612 1353 1653 gracia
1375 1611 1519 1654 speciali.

509 1812 604 1856 931.
632 1812 730 1856 932.
777 1810 1124 1857 LUDEWICI
1152 1811 1443 1858 SCRIPTA
1472 1813 1566 1858 AD
1595 1812 1857 1860 STURAS

747 1880 1137 1927 CIVITATUM
1167 1881 1611 1928 SPECTANTIA.

925 1957 1032 1994 1324.
1074 1957 1159 1994 Mai.
1182 1958 1293 1994 30.—
1303 1958 1385 1994 Iun.
1407 1959 1441 1994 9.
1570 1974 1573 1976 ·
2031 1973 2057 1994 ao

481 2067 566 2103 931.
609 2068 784 2103 Mandata
812 2069 854 2104 de
882 2072 980 2105 stura
1007 2070 1172 2106 advocato
1197 2070 1408 2115 provinciali
1433 2070 1606 2107 solvenda.
1713 2071 1806 2107 Mai.
1834 2072 1891 2108 30.

466 2139 644 2181 Oriqinalia
664 2142 735 2180 (luo,
759 2153 892 2182 quorum
913 2146 926 2174 1
947 2143 1071 2175 civitati
1085 2143 1327 2185 Frideberyensi
1349 2145 1481 2177 missum
1504 2145 1540 2176 in
1563 2144 1722 2176 tabulario
1736 2144 2016 2184 Damstadiensi;

350 2191 466 2230 pendet
487 2192 625 2232 siyillum
648 2193 766 2225 laesum
790 2194 854 2226 loro
877 2195 1128 2233 membr-artacem
1151 2195 1198 2230 ed.
1215 2195 1486 2228 ‘W·kundenbuch
1508 2196 1565 2228 der
1585 2196 1682 2228 Stadt
1697 2196 1884 2238 Friedbery’
1904 2197 1933 2236 I,
1950 2197 2014 2228 104

355 2252 404 2273 nr.
420 2243 484 2274 249
507 2254 544 2275 επ
570 2247 605 2282 1,·

458 2336 524 2364 930.
549 2338 569 2370 ¹³)
587 2339 654 2365 deest
668 2340 743 2366 1—3.
804 2341 824 2373 t)
838 2342 965 2367 Ludovici
978 2342 1005 2374 13
1025 2343 1054 2368 L.
1067 2341 1092 2367 2.
1154 2342 1179 2374 u)
1198 2343 1308 2369 Bavnrie
1319 2341 1344 2368 2.
1354 2342 1379 2368 3.
1441 2343 1466 2375 v)
1479 2343 1577 2369 eisdem
1589 2343 1613 2370 3.
1679 2344 1710 2375 w)
1723 2343 1792 2370 deest
1803 2343 1827 2369 2.
1898 2343 1924 2376 Χ)
1936 2344 1978 2370 vel
1989 2343 2014 2370 3.
2032 2349 2058 2370 ³5

357 2379 382 2409 Υ)
401 2383 426 2405 et
443 2380 506 2406 add.
524 2379 548 2407 3.
647 2383 670 2415 Ζ)
687 2384 881 2411 instructionem
899 2384 925 2411 2.
1025 2385 1048 2417 ει)
1068 2385 1135 2411 deest
1153 2384 1184 2417 1,·
1208 2394 1225 2410 n
1243 2385 1266 2411 3.
1367 2385 1392 2416 b)
1415 2386 1484 2412 deest
1504 2385 1529 2413 3.
1629 2386 1653 2419 c)
1672 2391 1697 2413 et
1710 2401 1743 2405 —
1754 2391 1903 2413 reverenter
1919 2387 1972 2414 deo.
1989 2385 2014 2413 2.

357 2420 381 2454 d)
400 2423 483 2455 suppl.
502 2431 554 2450 rev.
567 2423 591 2450 3.
682 2426 704 2458 Θ)
724 2427 788 2459 plac.
802 2440 836 2445 —
849 2428 980 2455 videbitur
996 2428 1049 2454 deo.
1069 2428 1092 2454 l.
1104 2427 1129 2453 3.
1221 2427 1242 2459 ¹¹)
1262 2429 1315 2454 sed.
1333 2437 1375 2462 ap.
1393 2428 1418 2455 2.
1431 2428 1456 2455 3.
1551 2429 1576 2462 Β)
1595 2430 1690 2456 curetis
1708 2429 1733 2456 3.
1823 2429 1850 2463 h)
1867 2430 1936 2456 deut
1954 2429 1978 2456 l.
1991 2429 2015 2455 2.

357 2463 375 2496 i)
394 2466 515 2491 nominati
527 2466 551 2492 3.
633 2467 658 2500 k)
677 2470 727 2495 div.
742 2471 815 2495 nobis
831 2469 856 2495 3.
944 2470 963 2503 ¹)
981 2472 1096 2504 undique
1114 2470 1138 2497 3.
1221 2471 1254 2503 ιι1)
1273 2480 1291 2497 n
1309 2472 1340 2498 de
1353 2481 1370 2497 n
1389 2471 1413 2498 2.
1496 2471 1522 2506 ΙΙ)
1540 2492 1547 2499 .
1561 2491 1567 2498 .
1586 2473 1619 2499 de
1637 2493 1643 2499 .
1658 2493 1664 2499 .
1678 2481 1735 2499 can.
1754 2473 1807 2499 den.
1820 2472 1844 2498 3.
1933 2473 1958 2505 ⁰)
1976 2473 2016 2498 in·

358 2508 462 2533 stanciis
483 2508 503 2533 1.

461 2567 487 2599 1)
512 2567 540 2594 V.
558 2568 635 2602 infra
652 2577 694 2597 nr.
705 2574 763 2597 968.
844 2572 872 2605 2)
893 2572 967 2606 §noas
986 2573 1016 2599 in
1028 2572 1203 2600 adnotatione
1211 2581 1314 2607 ponere
1326 2573 1416 2600 liceat:
1474 2574 1649 2602 Fridericus·
1661 2574 1891 2609 archiepiscopus
1903 2574 2011 2610 suppli·
2030 2581 2057 2600 4⁰

359 2610 417 2640 cat,
442 2609 573 2642 quatinus
596 2611 624 2637 in
647 2612 802 2641 festivitate
828 2615 952 2649 corporis
972 2615 1077 2643 Christi
1100 2617 1231 2644 necnonb
1254 2616 1366 2650 quando
1384 2617 1476 2651 ipsum
1501 2619 1530 2645 et
1551 2626 1722 2645 successores
1747 2626 1811 2645 suos
1835 2617 1866 2645 in
1888 2617 2015 2646 ecclesiis

358 2651 582 2686 kathedralibus,
607 2655 781 2689 regularibus
805 2659 834 2684 et
858 2658 1017 2693 collegiatis
1039 2668 1150 2686 suarum
1176 2658 1303 2694 dyocesis
1328 2661 1357 2688 et
1379 2660 1525 2695 provincie
1549 2661 1646 2688 adesse
1671 2660 1842 2696 contigerit⁰
1865 2660 1915 2688 in‘¹
1937 2658 2015 2688 anni-
2041 2659 2043 2662 '

360 2694 488 2721 versariis
507 2695 715 2724 dedicacionum
738 2701 766 2726 et
785 2700 991 2735 principalibus
1009 2702 1215 2730 festivitatibus
1233 2702 1358 2735 illarum,
1381 2703 1456 2730 sibib
1479 2703 1592 2738 suisque
1610 2703 1815 2731 successoribus
1833 2713 1914 2731 usum
1932 2703 2015 2738 pallii

359 2737 507 2764 concedere
526 2738 679 2773 dignemini
699 2741 732 2768 de
751 2743 847 2775 gracia
865 2744 1010 2777 specialie.
1083 2744 1125 2778 Cf.
1139 2745 1242 2772 Riezler
1259 2745 1401 2773 ‘Vahleam
1414 2746 1515 2773 Akten'
1529 2755 1559 2780 p.
1572 2750 1620 2774 185
1639 2755 1682 2774 nr.
1694 2750 1750 2774 381.

461 2798 485 2831 Β)
505 2799 584 2825 Fridr.
603 2800 628 2825 2.
716 2801 740 2833 b)
759 2803 826 2828 deest
844 2804 868 2829 2.
978 2809 1001 2838 e)
1021 2807 1175 2840 contingerit
1193 2805 1217 2832 3.
1306 2806 1331 2839 d)
1350 2808 1373 2833 si
1391 2807 1414 2833 3.
1503 2807 1526 2840 e)
1547 2812 1596 2834 etc.
1614 2808 1677 2833 add.
1695 2807 1726 2839 ἒς
1745 2809 1805 2834 Dat.
1820 2812 1868 2834 etc.
1887 2807 1950 2834 add.
1969 2806 1994 2833 3.
2033 2811 2059 2831 ⁴³
