2184 3126
318 187 379 216 710
557 180 653 208 ACTA
672 179 784 206 REGNI
803 177 986 205 LUDEWICI
1004 177 1051 204 1v.
1070 177 1116 204 ΕΤ
1133 176 1320 204 FRIDERICI
1339 176 1388 203 111.
1423 175 1500 204 1324.
1535 176 1656 204 N1.895.
1675 175 1734 203 896.

316 270 416 311 ipsius
439 267 575 300 ecclesie
599 277 641 298 ex
664 265 785 297 eisdem
807 265 898 296 iustis
920 264 1046 305 piisque
1076 262 1279 304 processibus
1307 262 1428 295 editam
1461 262 1652 304 diligentes⁹
1681 261 1907 294 nichilominus
1936 263 1969 294 in

317 321 377 352 hiis
401 322 433 351 et
455 320 535 359 aliis,
559 328 621 360 que
644 317 796 348 maternis
819 314 987 347 affectibus
1010 314 1147 346 ecclesia
1169 313 1296 355 prefata
1320 314 1494 355 desiderat,
1518 324 1582 346 non
1603 313 1711 346 verbis
1733 313 1968 355 tantummodo,

316 371 373 403 sed
389 371 483 402 rebus
498 373 534 401 ut
549 368 704 401 condecet
717 368 921 407 honorantes,
934 376 974 397 ne
992 365 1035 397 ad
1051 376 1116 406 VOS,
1133 365 1220 407 quod
1235 365 1328 406 absit,
1344 365 1423 397 illud
1440 365 1554 397 referri
1569 364 1677 398 valeat
1689 364 1808 397 Ohristi
1822 365 1969 405 verbum,

317 433 379 463 quo
402 422 492 452 illum
508 420 720 461 exprobrasse
736 418 873 460 legimus
887 418 1054 459 populum,
1077 428 1097 449 a
1113 427 1176 459 quo
1192 417 1286 449 labiis
1302 420 1335 449 et
1349 427 1413 449 non
1431 416 1528 449 corde
1545 427 1580 449 se
1595 419 1731 448 noverat
1745 416 1938 449 honoratum
1946 417 1969 448 ².

316 473 410 504 Absit
437 483 456 503 a
479 471 568 503 vobis
594 471 692 512 igitur
718 472 807 501 tanta
830 469 947 500 mentis
977 469 1114 509 insania,
1148 469 1240 510 quin,
1270 469 1351 500 sicut
1382 469 1518 500 firmiter
1547 467 1709 500 credimus
1736 471 1770 501 et
1791 479 1968 510 speramus,

317 524 407 555 dictis
431 526 463 554 et
485 523 578 554 factis
594 521 860 553 concordantibus
882 520 1019 552 invicem
1035 530 1094 562 per
1109 520 1231 551 fructus
1247 520 1409 551 exhibitos
1426 520 1673 552 condecentium
1689 530 1824 561 operum
1841 530 1971 562 semper

316 574 496 616 agnoscatis
529 577 564 604 ut
597 573 652 604 filii
686 575 830 603 materne
861 572 1041 603 reverentie
1075 572 1226 603 meritum
1256 574 1289 604 et
1322 570 1467 603 reddatis
1496 572 1528 603 in
1561 571 1709 604 omnibus
1739 571 1802 613 ipsi
1831 571 1970 604 ecclesie

317 626 495 658 devotionis
520 628 553 657 et
575 624 651 656 fidei
675 623 819 655 debitum
842 623 950 655 filiale.

423 689 451 717 4.
483 685 640 722 Quocirca
666 683 907 715 universitatem
937 686 1078 715 vestram
1108 693 1260 725 rogamus
1296 686 1329 714 et
1363 683 1530 715 hortamur
1565 686 1598 716 et
1631 694 1800 716 monemus
1834 686 1970 724 attente,

316 738 463 779 quatinus
485 736 694 768 monitionem
725 738 757 766 et
779 734 1002 767 inhibitionem
1026 738 1151 766 nostras
1173 734 1357 766 huiusmodi
1385 745 1444 776 pro
1474 736 1657 767 reverentia
1684 737 1794 767 nostra
1823 738 1857 767 et
1883 734 1970 767 sedis

315 789 413 830 ipsius
442 789 486 819 sic
514 788 669 819 tenaciter
683 790 729 818 -et
752 787 928 818 efficaciter
955 786 1142 826 observetis,
1170 796 1210 818 ne
1233 786 1266 817 in
1290 786 1418 817 illarum
1440 786 1592 818 incidatis
1615 786 1767 827 edictum,
1791 797 1830 819 ac
1852 786 1885 818 in
1907 786 1970 818 hiis

316 843 349 871 et
371 840 451 880 aliis,
476 849 538 881 que
562 838 775 870 reverentiam
803 840 835 869 et
857 838 1013 870 honorem
1036 837 1109 878 Dei,
1137 842 1292 878 nostrum,
1322 837 1448 879 prefate
1481 837 1568 869 sedis
1591 841 1625 870 et
1657 839 1795 870 ecclesie
1823 838 1970 880 predicte

316 892 498 932 respiciant,
528 889 689 932 prebeatis
711 900 768 921 vos
792 889 909 921 debitis
933 892 966 920 et
988 890 1153 931 oportunis
1175 889 1288 920 studiis
1313 899 1477 931 operosos,
1501 889 1588 931 quod
1611 899 1690 932 erga
1711 900 1770 922 nos
1793 892 1827 922 et
1849 889 1970 921 dictam

316 942 484 974 ecclesiam
507 942 637 973 realiter
659 943 765 972 vestra
788 942 946 972 recensita
969 940 1049 972 fides
1073 944 1106 972 et
1129 940 1257 972 devotio
1281 943 1402 982 pateat,
1426 944 1551 973 crescat
1573 941 1665 973 vobis
1687 951 1747 984 per
1769 951 1970 984 consequens

315 993 419 1025 laudis
443 993 600 1034 condigne
629 993 815 1033 preconium
845 995 877 1023 et
907 991 1084 1023 vendicetis
1113 991 1202 1023 vobis
1231 1003 1251 1023 a
1281 991 1388 1023 divina
1415 992 1627 1025 retributione
1656 996 1847 1042 propterea⁴
1862 993 1970 1025 votiva

316 1044 475 1086 stipendia
497 1044 700 1085 premiorum.
744 1043 854 1074 Parati
878 1043 962 1074 enim
986 1053 1104 1083 sumus,
1128 1046 1282 1084 quantum
1299 1054 1372 1075 cum
1387 1043 1459 1076 Deo
1476 1044 1564 1085 licet,
1587 1045 1654 1076 suis
1675 1044 1748 1077 loco
1772 1048 1806 1077 et
1821 1047 1970 1087 tempore

317 1095 450 1138 speciali
474 1106 530 1127 vos
552 1096 703 1137 prosequi
726 1095 942 1126 benivolentia
966 1098 998 1126 et
1021 1094 1142 1126 favore.

401 1155 475 1187 Dat.
499 1156 667 1195 Avinione,
690 1155 798 1186 XVII.
822 1155 895 1187 Kal.
918 1155 1007 1196 Maii,
1031 1165 1114 1186 anno
1139 1158 1263 1187 octavo.

366 1373 440 1408 896.
475 1370 744 1409 LUDEWICI
767 1372 1136 1410 DISPENSATlO
1161 1373 1333 1411 SUPER
1356 1372 1604 1412 DEFECTU
1626 1374 1920 1412 NATALIUM.

1003 1442 1111 1478 13a4.
1146 1442 1236 1487 Apr.
1257 1442 1292 1478 9.

428 1539 588 1580 Oriyinale
610 1540 750 1580 deperiit.
772 1559 813 1564 —
829 1541 888 1573 Ed.
910 1541 1065 1574 Gudenus
1082 1542 1198 1575 ‘Codex
1216 1542 1451 1582 diplomaticus’
1467 1543 1516 1582 11,
1540 1544 1625 1576 1025
1640 1554 1690 1576 nr.
1708 1544 1751 1576 92
1772 1554 1812 1576 ex
1835 1544 1970 1578 ‘archivo

315 1592 424 1623 domus
446 1591 654 1631 buryravialis
676 1592 801 1631 imperii
823 1593 860 1624 de
881 1593 1090 1626 Landscron’.
1135 1593 1318 1626 Editionem
1340 1598 1476 1635 repetere
1498 1598 1626 1636 oportet.

418 1651 564 1690 Bb'hmer,
586 1651 661 1691 Rey.
684 1651 796 1684 Ludw.
814 1663 850 1692 11·
866 1655 908 1684 41
930 1664 981 1685 nr.
998 1655 1070 1686 712.

426 1711 474 1748 Cf.
497 1721 597 1750 supra
619 1722 667 1743 nr.
684 1713 756 1743 857.
776 1714 782 1720 “

422 1797 613 1829 Ludowicus
628 1798 689 1830 Dei
711 1799 820 1840 gracia
835 1799 1057 1832 Romanorum
1080 1811 1139 1832 rex
1162 1811 1291 1843 semper
1314 1805 1470 1844 augustus
1557 1802 1710 1845 prudenti
1730 1804 1799 1835 viro
1814 1804 1969 1838 Heinrico

316 1849 381 1880 filio
405 1848 542 1890 Gysonis
565 1849 604 1880 de
628 1849 789 1891 Greynde,
813 1851 901 1882 fideli
925 1862 982 1883 suo
1005 1852 1124 1884 dilecto
1212 1854 1355 1895 graciam
1378 1865 1470 1886 suam
1493 1857 1527 1886 et
1549 1865 1646 1888 omne
1668 1855 1799 1888 bonum.

422 1900 515 1931 Licet
548 1911 636 1932 sacre
671 1902 759 1943 leges
787 1902 829 1933 ad
862 1903 1086 1944 repellendum
1120 1904 1232 1936 illicita
1266 1905 1436 1937 libidinum
1471 1906 1633 1939 desideria
1659 1910 1772 1940 contra
1801 1907 1970 1950 amplexus

317 1951 487 1992 nepharios
511 1951 554 1982 sic
578 1952 680 1993 rigide
711 1954 773 1984 sint
799 1954 944 1994 invente,
975 1955 1063 1996 quod
1089 1956 1209 1987 nedum
1237 1957 1270 1987 in
1298 1961 1426 1989 actores
1454 1958 1597 2000 ipsorum
1631 1958 1791 1992 scelerum
1819 1959 1971 1992 feriretur

315 2003 407 2040 ulcio,
432 2002 488 2034 sed
512 2003 613 2034 eciam
636 2004 669 2035 in
691 2006 902 2047 propaginem
918 2006 1100 2039 huiusmodi
1116 2011 1401 2050 transgressorum,
1423 2012 1534 2042 tamen
1549 2010 1653 2051 nobis,
1677 2012 1732 2053 qui
1747 2022 1856 2043 sumus
1871 2021 1970 2053 supra

317 2054 374 2093 ius,
398 2064 460 2085 non
484 2057 532 2085 est
554 2064 613 2095 per
635 2055 695 2087 hoc
718 2056 751 2087 in
773 2056 834 2088 hiis
857 2058 1010 2100 adempta
1033 2059 1241 2100 dispensandi
1264 2060 1410 2102 facultas,
1438 2062 1580 2094 maxime
1603 2062 1659 2094 ubi
1682 2073 1805 2104 eorum,
1829 2063 1885 2105 qui
1907 2063 1969 2095 sibi

317 2105 348 2135 in
371 2105 551 2136 huiusmodi
573 2109 716 2139 nostrum
740 2108 928 2150 suppliciter
950 2113 1065 2151 petunt
1088 2111 1341 2153 dispensacionis
1370 2113 1518 2145 adhiberi
1541 2113 1741 2156 suffragium,
1764 2115 1970 2157 propriorum

318 2159 446 2187 actuum
469 2157 609 2189 virtuosa
633 2160 746 2191 merita
769 2160 830 2192 hoc
853 2166 1040 2203 exposcunt.
1152 2163 1233 2195 Cum
1261 2165 1359 2206 igitur
1385 2175 1427 2197 ex
1450 2168 1543 2207 parte
1566 2166 1685 2208 prefati
1707 2165 1847 2208 Gysonis
1869 2167 1971 2208 patris

318 2207 364 2237 tui
386 2207 476 2238 nobis
500 2209 615 2240 existat
637 2210 799 2243 humiliter
821 2213 1049 2255 supplicatum,
1078 2217 1114 2246 ut
1137 2218 1260 2257 tecum,
1290 2218 1461 2257 quominus
1484 2215 1564 2260 [ut]·
1590 2218 1623 2249 in
1650 2217 1744 2249 bonis
1773 2219 1839 2250 suis
1865 2219 1970 2260 possis

320 2257 490 2290 succedere
514 2262 547 2290 et
569 2260 610 2291 ad
632 2261 769 2294 honores
792 2273 829 2295 ac
853 2265 923 2296 iura
946 2266 1090 2307 quelibet
1113 2266 1251 2308 admitti,
1274 2270 1429 2310 tanquam
1453 2269 1494 2302 de
1517 2269 1611 2302 thoro
1635 2280 1693 2302 suo
1717 2280 1807 2302 esses
1821 2270 1969 2312 legitimo

318 2313 519 2351 procreatus,
548 2311 692 2344 defectus
721 2316 875 2347 natalium
904 2327 1000 2358 quem
1032 2320 1154 2359 pateris
1185 2319 1226 2350 de
1253 2320 1323 2361 ipso
1354 2321 1459 2352 soluto
1490 2322 1618 2363 genitus
1647 2325 1681 2354 et
1710 2322 1816 2354 soluta
1838 2322 1969 2355 obstare

320 2370 382 2390 non
404 2361 520 2402 valeat,
544 2362 711 2405 dignemur
733 2366 982 2400 misericorditer
1003 2369 1201 2412 dispensare,
1225 2382 1283 2402 nos
1305 2372 1425 2404 nedum
1449 2372 1491 2405 ad
1514 2373 1787 2416 supplicacionem
1811 2373 1968 2415 eiusdem,

321 2410 378 2441 sed
401 2412 501 2443 eciam
528 2418 659 2455 propter
690 2419 744 2448 tua
767 2418 943 2451 laudabilia
966 2420 1135 2462 probitatis
1163 2425 1197 2453 et
1218 2422 1355 2454 aliarum
1378 2424 1532 2456 virtutum
1554 2425 1672 2457 merita
1693 2428 1727 2457 te
1750 2425 1970 2467 legitimamus

321 2463 520 2502 presentibus
553 2468 740 2499 auctoritate
774 2470 863 2511 regia
898 2475 930 2502 et
963 2472 1184 2514 habilitamus,
1222 2478 1257 2505 ut
1293 2475 1325 2505 in
1361 2474 1453 2506 bonis
1487 2475 1564 2507 dicti
1599 2477 1646 2508 tui
1676 2476 1833 2519 genitoris
1866 2477 1970 2519 possis

321 2513 493 2546 succedere
524 2519 556 2547 et
586 2517 626 2548 ad
659 2519 800 2559 quelibet
834 2522 897 2554 alia
930 2524 1000 2555 iura
1031 2526 1064 2556 et
1097 2524 1236 2557 honores
1268 2526 1378 2558 civiles
1412 2527 1540 2559 admitti
1574 2527 1713 2569 debeas,
1749 2529 1805 2570 qui
1838 2532 1971 2570 possent

321 2574 448 2605 quoquo
472 2566 566 2597 modo
591 2574 771 2610 competere
794 2572 834 2603 de
851 2573 943 2606 thoro
965 2575 1110 2616 legitimo
1127 2578 1319 2618 procreatis,
1344 2589 1440 2620 super
1463 2579 1593 2611 defectu
1615 2579 1770 2612 natalium
1786 2580 1970 2612 huiusmodi

425 2657 489 2685 895.
516 2660 538 2691 ⁴³)
557 2662 684 2694 diligentis
703 2674 722 2690 c.

426 2716 492 2743 896.
519 2720 542 2751 a)
561 2721 651 2745 cecidit
669 2723 706 2748 ecl.

428 2785 452 2817 1)
474 2785 514 2819 Cf.
533 2786 627 2814 Macen.
642 2793 718 2822 15,8,·
737 2791 824 2819 Marc.
841 2797 862 2827 7,
875 2798 898 2821 6.

1989 1000 2015 1020 ιβ

1987 2333 2014 2353 ³5

1987 2591 2016 2612 40
