2184 3126
142 781 167 803 tc

143 1565 168 1585 2⁵

144 2606 168 2625 ⁴³

467 219 564 248 ACTA
584 214 697 248 linem
716 216 899 247 LUDEWlCl
919 216 966 244 lV.
985 216 1031 244 ET
1050 214 1234 244 FRIDERICI
1255 214 1303 243 111.
1340 214 1415 242 1324.
1452 214 1500 242 ΝΥ.
1514 214 1573 242 944.
1777 215 1838 247 787

182 307 291 350 quoad
315 308 375 340 hec
398 307 545 339 volumus
567 309 600 338 et
627 305 830 338 decernimus
853 303 974 336 viribus
997 303 1136 335 vacuari.
1188 302 1341 344 Apertius
1371 300 1597 333 nichilominus
1625 300 1840 342 predicentes,

184 359 269 402 quod
293 358 447 391 adversus
469 357 653 390 huiusmodi
675 360 916 399 presumptor-es
939 360 972 387 et
995 353 1198 397 specialiter*¹
1213 356 1326 385 contra
1349 351 1502 394 prelatos,
1525 351 1694 394 religiosos
1710 356 1744 383 et
1759 353 1840 384 alias

183 410 418 443 ecclesiasticas
441 419 595 452 personas
616 418 740 440 necnon
764 407 975 448 marchiones,
1000 405 1109 446 duces,
1132 405 1277 445 comites,
1302 404 1451 444 barones,
1474 402 1606 443 incolas,
1629 403 1839 445 habitatores,

183 462 340 502 civitates,
364 464 482 502 castra,
506 460 612 501 villas,
636 459 708 492 loca
730 463 764 492 et
786 458 1012 491 universitates
1034 458 1176 500 ipsorum
1199 456 1241 488 ad
1265 455 1474 498 infligendum
1498 466 1599 498 penas
1623 459 1734 487 contra
1758 456 1841 488 tales

182 514 215 546 in
238 513 372 556 prefatis
393 513 510 545 uostris
533 511 735 554 processibus
757 514 925 543 contentas
948 513 982 542 et
1004 509 1214 542 comminatas
1236 512 1310 540 seu'
1326 506 1556 539 declarandum
1580 507 1725 548 inflictas,
1749 507 1839 539 vide-

183 565 259 597 licet
288 564 474 607 privationis
505 563 712 605 dignitatum,
740 564 980 604 personatuum,
1009 559 1188 592 officiorum
1222 564 1256 592 et
1285 559 1516 591 beneficiorum
1547 559 1839 592 ecclesiasticorum

183 625 390 658 personarum
418 614 707 647 ecclesiasticarum
731 613 872 656 ipsarum
896 616 945 645 et·
968 612 1208 655 privilegiorum
1232 621 1509 654 quorumcumque
1532 611 1783 653 apostolicorum
1807 616 1841 644 et

184 666 400 710 imperialium
424 666 622 705 earumdem,
647 674 855 707 personarum
875 663 1086 696 secularium*
1102 666 1151 695 et·
1167 664 1264 695 etiam
1282 663 1458 703 civitatum,
1481 666 1669 703 castrorum,
1691 663 1840 696 villarum

185 722 219 750 et
240 717 384 750 locorum
407 719 685 760 quorumcunque²
708 709 1035 758 universitatumque¹¹
1056 714 1203 747 illorum*
1225 725 1263 746 ac
1287 714 1466 755 feudorum,
1491 725 1553 756 que
1577 726 1596 747 a
1619 715 1768 747 Romana
1788 715 1840 747 vel

185 769 350 812 quibusvis
369 769 442 801 aliis
465 768 610 801 ecclesiis
632 779 688 801 seu
712 768 848 810 imperio
870 766 1051 809 predictis*
1067 766 1222 806 obtinent,
1247 770 1279 798 et
1295 766 1376 798 alias
1391 766 1601 807 spiritualiter
1623 771 1656 799 et
1677 770 1840 809 tempora-

184 821 272 859 liter,
296 820 424 862 quando
448 823 481 852 et
503 821 585 852 sicut
607 821 683 853 facti
708 820 847 863 qualitas
869 818 1020 851 suadebit
1042 822 1097 851 aut
1120 817 1298 860 expediens
1322 818 1517 860 putabimus,
1541 818 1664 861 absque
1688 819 1841 852 citatione

184 876 263 904 aut²¹
285 872 460 904 monitione
484 872 547 904 alia
571 872 747 914 procedere
770 871 953 904 curabimus
976 870 1083 902 divina
1105 870 1209 911 gratia
1232 873 1398 911 preeunte.

296 934 345 965 16.
373 932 476 964 Porro
501 942 572 964 cum
597 933 696 965 nostri
711 931 888 965 Salvatoris
911 930 1063 972 exemplo
1087 930 1330 962 conversionem
1355 930 1590 971 peccantium&
1615 941 1750 973 quorum
1774 943 1838 965 non

185 984 399 1028 perditionem
422 983 500 1016 sed·
523 983 660 1016 salutem
685 985 864 1025 querimus,
890 982 1095 1022 affectemus,
1124 981 1289 1014 universas
1312 991 1466 1023 personas
1495 986 1529 1014 et
1550 982 1714 1024 singulas·
1736 984 1841 1017 eccle-

185 1036 331 1068 siasticas
355 1040 388 1068 et
409 1035 598 1077 mundanas,
622 1035 838 1078 cuiuscunque
861 1035 945 1066 sint*
969 1034 1193 1076 preminentie,
1217 1033 1347 1073 ordinis,
1372 1032 1547 1076 dignitatis,
1572 1034 1764 1067 conditionis
1786 1041 1842 1068 aut

184 1091 296 1128 status,
320 1098 443 1120 necnon
467 1088 642 1127 civitatum,
665 1090 857 1127 castrorum,
881 1085 1028 1118 villarum
1051 1088 1085 1117 et
1106 1081 1250 1117 locorum
1274 1095 1539 1127 quorumcunque
1562 1086 1787 1119 universitates
1809 1093 1843 1120 et

185 1139 447 1179 communitates,
479 1149 542 1181 que
572 1139 678 1171 forsan
709 1138 836 1180 prefato
860 1137 1026 1170 Ludovico
1059 1139 1211 1179 tanquam
1239 1137 1309 1179 regi
1337 1147 1395 1168 seu
1425 1137 1457 1168 in
1485 1147 1596 1178 regem
1620 1137 1839 1171 Romanorum

186 1190 290 1224 electo
313 1190 517 1231 adherendo,
546 1189 728 1222 obediendo
757 1194 790 1222 et
817 1188 1013 1222 intendendo
1036 1199 1094 1220 seu
1117 1187 1300 1227 consilium,
1333 1188 1487 1220 auxilium
1512 1188 1563 1220 vel
1594 1189 1739 1221 savorem
1768 1202 1840 1232 pre-

186 1241 301 1275 stando
338 1243 460 1275 directe
490 1241 542 1274 vel
575 1241 744 1282 indirecte,
778 1240 906 1284 publice
939 1240 990 1273 vel
1024 1240 1150 1272 occulte
1184 1241 1216 1271 in
1250 1239 1326 1279 hiis,
1360 1249 1422 1282 que
1452 1240 1494 1272 ad
1529 1241 1674 1282 regimen
1709 1252 1765 1274 seu
1799 1242 1841 1275 ad

187 1294 496 1327 administrationem
520 1294 682 1336 pertinent
705 1293 796 1335 regni
823 1303 882 1325 seu
904 1292 1031 1334 imperii
1058 1291 1293 1334 predictorum,
1324 1294 1397 1323 aute
1421 1291 1501 1323 alias
1529 1292 1700 1335 quicquam
1731 1298 1842 1326 contra

187 1349 333 1379 tenorem
362 1345 519 1378 dictorum
549 1355 756 1387 processuum
787 1347 910 1377 temere
938 1343 1179 1386 attemptando,
1207 1353 1309 1385 penas
1338 1346 1371 1374 et
1398 1343 1574 1375 sententias
1597 1345 1786 1377 contentas·¹
1810 1346 1841 1377 in

187 1397 310 1430 eisdem
347 1397 551 1439 processibus
584 1399 758 1439 propterea
794 1396 1015 1435 incurrissent,
1050 1405 1110 1437 per
1139 1394 1200 1427 hoc
1236 1394 1378 1426 edictum
1413 1394 1578 1436 publicum
1611 1406 1780 1428 monemus
1810 1403 1843 1430 et

188 1449 354 1482 hortamur
381 1449 414 1481 in
440 1448 595 1489 Domino,
625 1451 661 1480 ut
683 1448 766 1480 infra
794 1447 896 1479 dictas
920 1446 1112 1487 Kal(endas)
1135 1445 1285 1478 Octobris
1312 1457 1332 1478 a
1355 1446 1508 1488 predictis
1538 1447 1728 1487 adhesione,
1762 1449 1933 1485 obe-0021.

188 1500 319 1542 dientia,
344 1500 491 1540 consilio,
521 1499 641 1532 auxilio
665 1502 698 1531 et
721 1499 831 1532 favore
855 1499 1035 1531 resilientes
1059 1503 1091 1530 et
1114 1498 1339 1540 resipiscentes
1363 1498 1508 1539 omnino,
1537 1509 1599 1530 non
1632 1500 1765 1541 parituri
1789 1501 1841 1532 vel

187 1551 339 1585 adhesuri
366 1551 472 1585 eidem
503 1552 637 1583 ulterius
671 1550 916 1593 quomodolibet
946 1551 975 1582 in
1009 1551 1186 1593 premissis,
1219 1549 1261 1581 ad
1293 1549 1453 1591 gremium
1486 1554 1519 1582 et
1548 1550 1702 1583 mandata
1730 1556 1841 1585 sancte

186 1605 298 1637 matris
321 1604 457 1636 ecclesie
481 1614 553 1636 cum
577 1603 695 1636 effectu
719 1606 752 1635 et
774 1603 841 1635 sine
865 1603 1081 1644 cuiuscunque
1104 1602 1241 1634 fictionis
1256 1602 1416 1634 velamine
1440 1601 1546 1634 redire
1571 1606 1753 1644 procurent,
1777 1615 1842 1646 quo

187 1666 262 1688 casu
291 1666 350 1698 per
379 1658 536 1698 oportune
564 1654 780 1687 absolucionis
809 1653 988 1686 remedium
1016 1654 1144 1686 illorum
1172 1654 1339 1696 cupientes
1366 1653 1504 1696 benigne
1532 1654 1703 1696 providere
1735 1655 1841 1697 saluti,

187 1707 443 1750 metropolitanis
466 1717 578 1739 eorum
602 1706 789 1739 absolvendi
819 1706 951 1738 eosdem
982 1717 1002 1738 a
1024 1706 1211 1738 memoratis
1238 1705 1334 1747 penis
1354 1710 1386 1737 et
1409 1705 1593 1744 sententiis,
1622 1711 1752 1748 recepta
1774 1709 1840 1750 pri·

189 1760 286 1791 mitus
308 1759 350 1791 ab
374 1759 451 1801 ipsis
475 1757 738 1801 resipiscentibus
765 1759 914 1790 cautione
945 1757 1098 1790 iuratoria
1125 1756 1166 1789 de
1193 1756 1327 1789 ulterius
1350 1767 1412 1789 non
1436 1757 1580 1799 parendo
1603 1761 1715 1790 contra
1738 1758 1842 1791 dictos

187 1820 358 1853 processus
391 1803 434 1844 el:⁴
453 1810 645 1843 sententiam
682 1809 865 1842 huiusmodi
903 1809 1030 1851 prefato
1067 1808 1232 1840 Ludovico
1267 1818 1326 1841 nec
1356 1808 1531 1850 prestando
1561 1819 1658 1851 super
1689 1810 1842 1852 predictis

187 1862 357 1904 auxilium,
387 1862 554 1895 consilium
582 1861 633 1894 vel
660 1862 820 1902 favorem,
850 1861 980 1903 plenam
1015 1859 1222 1892 concedimus
1257 1864 1369 1892 tenore
1403 1860 1603 1902 presentium
1634 1864 1841 1903 potestatem.

186 1914 345 1946 Volumus
375 1917 494 1954 tamen,
525 1913 611 1956 quod
639 1923 737 1955 super
764 1911 1020 1945 absolutionibus
1051 1915 1084 1944 et
1114 1913 1299 1944 cautionum
1334 1911 1575 1954 receptionibus
1604 1912 1842 1954 predictorum‘

185 1965 424 2008 metropolitani
448 1965 566 2007 prefati
590 1965 653 1997 duo
676 1965 789 1996 confici
813 1965 933 1996 faciant
954 1963 1084 2006 publica
1100 1963 1150 1996 vel
1174 1964 1337 1996 autentica
1352 1964 1561 2004 munimenta,
1585 1974 1721 2006 quorum
1737 1965 1841 1998 altero

185 2027 286 2060 penes
308 2028 343 2050 se
363 2021 488 2050 retento
506 2017 665 2059 reliquum
682 2017 772 2049 nobis
787 2016 926 2049 fideliter
941 2016 1069 2048 mittere
1085 2026 1207 2057 nosque
1232 2015 1273 2047 de
1297 2015 1359 2046 illis
1382 2025 1440 2056 per
1462 2026 1536 2047 suas
1553 2019 1702 2057 patentes
1717 2016 1842 2049 litteras

186 2070 340 2102 certiores
368 2069 497 2102 efficere
525 2079 588 2101 non
614 2068 787 2100 omittant‘.
834 2067 867 2100 Si
896 2078 972 2100 vero
999 2068 1139 2110 aliquem
1168 2067 1220 2099 vel
1249 2066 1375 2109 aliquos
1402 2067 1510 2099 taliter
1538 2066 1704 2099 absolutos
1734 2068 1841 2101 forsan

187 2121 272 2164 quod
288 2121 373 2154 absit
387 2121 642 2163 contingeret-in
659 2130 784 2152 errores
801 2120 950 2162 pristinos
966 2119 1090 2152 relabib
1105 2119 1157 2151 vel
1172 2119 1313 2161 aliquem
1331 2118 1530 2151 eorundems
1546 2123 1658 2151 contra
1673 2130 1842 2161 processus

187 2177 220 2206 et
235 2173 428 2206 sententiam
444 2175 641 2205 memoratos
665 2177 698 2204 et
721 2174 871 2204 contenta
894 2172 927 2203 in
949 2172 996 2203 eis
1020 2170 1200 2203 temerariis
1221 2169 1352 2202 ausibus
1367 2170 1536 2210 veniendo,
1560 2170 1632 2202 illos
1655 2171 1686 2202 in
1709 2171 1841 2204 easdem

186 2235 288 2266 penas
303 2228 336 2258 et
349 2225 526 2258 sententias
542 2223 687 2256 recidere
704 2223 906 2256 decernimus
922 2224 992 2265 ipso
1008 2222 1104 2264 facto,
1128 2233 1148 2254 a
1167 2221 1283 2264 quibus
1302 2226 1472 2264 postquam
1494 2225 1530 2254 ut
1549 2223 1744 2264 premittitur
1759 2225 1840 2256 reci-

188 2275 319 2317 dissent,
341 2286 400 2318 per
415 2276 514 2309 alium
530 2286 626 2318 quam
642 2286 700 2318 per
715 2275 897 2307 Romanum
914 2274 1097 2317 pontificem
1118 2274 1176 2306 nisi
1193 2273 1362 2306 dumtaxat
1382 2274 1412 2305 in
1434 2274 1546 2306 mortis
1561 2274 1695 2306 articulo
1711 2275 1841 2307 liberari

189 2331 351 2370 nequeant
365 2327 417 2360 vel
431 2327 567 2368 absolvi,
590 2327 770 2359 adimentes
793 2331 858 2359 tam
880 2326 1032 2368 predictis
1048 2325 1333 2367 metropolitanos)
1356 2335 1453 2368 quam
1474 2325 1638 2368 quibusvis
1661 2326 1732 2358 aliis
1752 2328 1841 2359 iuxta

188 2378 437 2421 prohibitionem
460 2379 707 2422 precedent-ium
730 2382 910 2411 nostrorum
934 2388 1141 2421 processuum
1165 2377 1382 2410 omnimodam
1405 2387 1504 2420 super
1526 2377 1587 2409 hoc
1610 2381 1815 2420 potestatem.

299 2442 347 2472 ¹7.
381 2439 475 2472 Licet
507 2443 616 2472 autem
647 2450 688 2472 ex
716 2439 970 2481 presumptuosis
1001 2442 1034 2470 et
1066 2437 1217 2470 indebitis
1244 2437 1521 2479 usurpationibus,
1555 2438 1692 2478 iniuriis,
1726 2439 1840 2472 inobe-

188 2490 330 2531 dientiis,
358 2490 460 2533 culpis
489 2495 523 2523 et
550 2491 735 2523 excessibus
762 2490 899 2533 predicti
926 2489 1081 2522 Ludovici
1112 2489 1253 2531 quadam
1279 2490 1473 2522 necessitate
1502 2490 1658 2532 compulsi
1687 2489 1842 2523 fuerimus

129 2543 133 2548 ”
188 2541 365 2583 procedere
388 2542 497 2574 taliter
518 2546 629 2575 contra
652 2552 741 2583 eum,
769 2553 973 2585 nequaquam
997 2546 1104 2574 tamen
1128 2545 1236 2574 nostre
1263 2542 1448 2573 intentionis
1476 2542 1584 2574 extitit
1611 2551 1671 2574 nec
1700 2543 1840 2581 existith,

188 2594 247 2625 iuri
271 2594 450 2636 principum
473 2594 762 2627 ecclesiasticorum
787 2594 832 2627 et¹
847 2594 1050 2633 secularium,
1074 2593 1114 2626 ad
1131 2603 1211 2635 quos
1227 2593 1343 2625 electio
1358 2592 1525 2635 Roman(i)
1543 2594 1628 2636 regis
1650 2594 1682 2626 in
1700 2594 1840 2627 futurum

291 2703 359 2732 844.
386 2705 411 2737 ι1)
430 2706 576 2732 huiusmodi
587 2719 618 2724 —
629 2707 775 2740 specialiter
792 2706 819 2732 in
838 2707 892 2732 loco
910 2715 971 2732 raso
988 2706 1072 2731 artius
1089 2706 1186 2738 »cripta
1206 2705 1228 2731 l.
1301 2706 1323 2734 ¹')
1343 2705 1370 2730 in
1389 2705 1444 2731 Ioco
1463 2713 1524 2731 meo
1545 2705 1566 2731 1.
1647 2705 1668 2736 ⁸)
1688 2711 1713 2731 et
1731 2706 1798 2731 deese
1816 2705 1841 2732 3.

188 2750 207 2781 ι)
226 2749 294 2775 decu
313 2747 338 2775 3.
425 2749 451 2781 ¹¹)
470 2757 574 2782 quoque
593 2749 617 2775 3.
707 2749 732 2782 v)
750 2750 862 2783 ipsorum
881 2748 906 2776 8.
995 2749 1024 2781 w)
1042 2757 1088 2775 seu
1106 2750 1167 2782 imp.
1186 2749 1255 2782 pred.
1274 2748 1366 2774 desunt
1382 2747 1407 2773 ³.
1496 2748 1522 2778 ²)
1541 2754 1566 2774 et
1582 2748 1607 2774 3.
1698 2750 1722 2778 1)
1741 2749 1767 2773 in
1787 2749 1841 2774 loco

187 2800 248 2817 raso
268 2791 291 2818 l.
373 2791 396 2823 ¹)
414 2796 454 2818 set
470 2791 495 2818 3.
580 2792 605 2825 ι)
623 2796 649 2818 et
666 2793 732 2826 sing.
751 2800 818 2826 pers.
836 2791 860 2819 8.
945 2792 970 2825 ὓ)
988 2793 1056 2819 dem
1074 2791 1098 2818 3.
1182 2792 1205 2823 c)
1223 2791 1263 2817 vel
1282 2790 1306 2817 3.
1388 2789 1414 2823 ¹¹)
1432 2791 1459 2817 in
1478 2792 1533 2817 1000
1552 2800 1613 2817 raso
1632 2791 1655 2817 1.
1745 2792 1766 2822 ο)
1787 2800 1841 2824 pre-

186 2836 310 2861 dictarum
329 2834 354 2860 3.
441 2834 462 2867 s)
478 2836 585 2862 ommitt.
604 2834 629 2862 3.
716 2836 742 2867 Ι)
761 2836 841 2862 relabi
855 2836 929 2868 ponit
948 2836 988 2862 liic
1005 2834 1031 2861 3.
1119 2834 1145 2867 ¹³)
1163 2835 1250 2861 existit
1269 2843 1316 2860 uec
1334 2834 1419 2860 extitit
1440 2834 1460 2860 l.
1551 2833 1569 2865 i)
1589 2834 1630 2859 vei
1649 2832 1673 2860 8.

1583 2894 1633 2921 99*
