2158 3138
288 194 331 223 90
577 191 674 218 ACTA
693 191 804 218 REGNI
824 190 1005 218 LUDEWICI
1025 190 1071 217 IV.
1091 190 1136 217 ET
1154 190 1341 218 FRIDERICI
1360 191 1409 218 ΙΙΙ.
1446 191 1520 219 1314.
1557 191 1605 218 Nr.
1618 192 1660 218 94.

284 278 484 310 electionem
507 278 726 310 Romanorum
750 278 836 320 regis
859 278 891 309 in
915 278 1144 319 imperatorem
1167 277 1309 309 futurum
1332 278 1541 320 promovendi
1564 277 1741 320 procedere
1765 279 1942 320 cupientes,

285 340 348 372 per
370 330 583 362 reverendum
608 330 641 360 in
663 329 791 361 Christo
815 332 942 371 patrem
966 329 1130 361 dominum
1154 329 1343 361 Heinricum
1372 329 1569 362 Gureensem
1600 330 1787 371 episcopum
1814 329 1886 362 vice
1909 334 1943 362 et

288 382 417 413 nomine
450 392 486 413 ac
521 381 561 412 de
590 380 743 412 mandato
773 384 918 412 nostrum
946 381 1087 412 omnium
1116 385 1148 413 et
1176 382 1374 423 singulorum
1402 382 1667 423 protestationem
1692 380 1854 422 quandam
1876 381 1940 424 legi

292 436 326 465 et
348 433 506 475 publicari
530 433 713 474 rogavimus
736 433 767 463 in
790 433 874 464 hunc
896 432 1043 464 modum:

441 495 469 524 2.
504 492 582 524 ‘Nos
609 493 782 524 Heinricus
805 492 940 524 Boemie
973 496 1006 524 et
1027 493 1164 524 Polonie
1192 503 1251 524 rex
1281 503 1319 524 ac
1348 492 1414 524 dux
1443 492 1628 533 Karinthie,
1652 491 1812 524 Rfidolfus
1835 503 1943 524 comes

335 545 497 587 palatinus
530 544 614 575 Reni
649 544 716 575 dux
749 544 898 575 Bawarie
930 555 1055 576 necnon
1082 543 1242 576 Rfidolfus
1277 544 1343 576 dux
1372 544 1529 583 Saxonie,
1559 545 1718 586 principes
1751 545 1877 586 imperii
1904 555 1943 576 ac

334 597 491 628 electores
524 595 743 627 Romanorum
772 596 859 637 regis
886 596 918 627 in
946 596 1176 638 imperatorem
1207 596 1436 638 promovendi,
1462 596 1591 627 nomine
1619 598 1727 627 nostro
1751 599 1785 627 et
1807 596 1943 627 aliorum

331 648 573 689 conprincipum
597 650 631 678 et
653 647 871 679 coelectorum
894 650 1075 679 nostrorum
1098 647 1266 679 nobiscum
1290 648 1411 689 eligere
1427 647 1603 679 volentium
1626 651 1660 679 et
1675 647 1858 689 specialiter
1873 648 1942 679 vice

331 702 367 730 et
389 700 518 730 nomine
542 698 712 730 reverendi
735 699 768 730 in
791 698 919 730 Christo
942 700 1043 740 patris
1067 698 1187 730 domini
1210 699 1355 730 Heinrici
1379 699 1580 731 Coloniensis
1602 699 1839 741 archiepiscopi
1861 699 1944 730 sacri

331 751 460 792 imperii
487 761 546 792 per
567 750 700 785 Italiam
725 750 998 787 archicancellarii
1015 751 1240 793 iconprincipis
1269 752 1370 783 nostri
1393 751 1552 789 absentis,
1576 754 1794 793 protestamur
1815 750 1943 792 publice

329 803 362 834 in
386 802 447 833 hiis
471 803 613 844 scriptis:
704 802 792 844 quod
815 813 888 836 cum
912 802 955 835 ad
977 813 1111 844 presens
1134 802 1187 834 die
1211 805 1245 835 et
1267 802 1339 834 loco
1362 803 1494 844 prefixis
1510 802 1675 835 incumbat
1691 802 1807 834 electio
1823 802 1944 834 Roma-

330 864 446 885 norum
474 855 560 896 regis
589 855 622 885 in
649 854 881 896 imperatorem
909 854 1051 886 futurum
1078 854 1290 896 promovendi
1317 858 1452 886 vacante
1482 855 1619 896 imperio
1648 854 1858 895 celebranda,
1881 865 1945 886 non

332 906 529 938 intendimus
564 905 686 947 eligere
717 915 778 941 nec
812 905 854 937 ad
889 906 1082 938 electionem
1115 905 1335 939 Romanorum
1369 907 1455 948 regis
1488 906 1666 948 procedere
1700 917 1757 938 seu
1795 905 1946 937 electioni

332 957 515 989 huiusmodi
551 958 707 989 interesse
743 968 815 989 cum
851 957 1011 999 aliquibus
1045 958 1225 999 suspensis,
1258 958 1557 996 excommunicatis,
1591 958 1767 990 interdictis
1797 968 1835 989 ac
1865 957 1945 989 alias

332 1009 528 1040 inhabilibus
559 1019 616 1040 seu
645 1019 758 1040 vocem
786 1009 818 1040 in
851 1009 1009 1041 electione
1032 1009 1217 1041 huiusmodi
1241 1019 1283 1041 ex
1307 1019 1509 1051 quacumque
1538 1019 1634 1041 causa
1656 1020 1720 1041 non
1742 1009 1944 1041 habentibus.

333 1060 437 1092 Immo
461 1063 678 1102 protestamur
702 1071 865 1103 expresse,
890 1061 978 1103 quod
1000 1071 1064 1092 vox
1088 1060 1161 1092 talis
1185 1061 1236 1092 vel
1259 1061 1372 1092 talium
1396 1072 1453 1103 pro
1476 1061 1565 1093 nulla
1587 1061 1745 1093 habeatur
1767 1072 1826 1093 nec
1849 1061 1946 1093 alicui

329 1122 352 1143 a
379 1112 498 1144 talibus
527 1113 692 1144 nominato
728 1123 784 1144 seu
816 1113 921 1144 electo
958 1116 1081 1154 prestet
1108 1113 1295 1154 suffragium
1323 1123 1383 1144 nec
1412 1113 1483 1144 aliis
1517 1112 1677 1144 habilibus
1708 1116 1740 1144 et
1766 1123 1879 1145 vocem
1914 1114 1946 1144 in

335 1163 495 1196 electione
523 1163 717 1196 habentibus
746 1175 803 1196 seu
830 1165 996 1196 nominato
1025 1168 1057 1196 et
1085 1165 1190 1196 electo
1214 1164 1256 1196 ab
1284 1165 1330 1196 eis
1353 1164 1475 1196 nullum
1498 1168 1633 1207 generet
1654 1164 1866 1206 preiudicium
1889 1176 1947 1197 seu

333 1215 452 1247 inferat
474 1219 713 1256 nocumentum,
738 1217 814 1258 quia
837 1216 920 1248 tales
943 1216 984 1248 ab
1010 1215 1169 1247 electione
1185 1215 1367 1247 huiusmodi
1385 1215 1640 1257 excluderemus,
1664 1217 1691 1247 si
1710 1215 1802 1247 nobis
1817 1216 1948 1248 adesset

331 1267 527 1309 possibilitas
552 1271 584 1298 et
608 1267 775 1309 potestas.²

399 1329 428 1359 3.
466 1327 538 1363 Qua
555 1328 791 1369 protestatione
807 1327 936 1359 nomine
953 1330 1062 1359 nostro
1078 1327 1236 1369 premissa
1252 1327 1450 1369 diversisque
1466 1327 1656 1359 tractatibus
1677 1338 1774 1369 super
1789 1327 1947 1360 electione

288 1379 511 1410 Romanorum
535 1380 622 1421 regis
646 1379 859 1420 promovendi
882 1379 915 1410 in
938 1380 1168 1420 imperatorem
1193 1378 1334 1410 futurum
1356 1379 1440 1410 inter
1462 1390 1520 1410 nos
1535 1378 1722 1421 prehabitis,
1739 1379 1948 1412 consideratis

288 1431 391 1463 etiam
415 1430 549 1462 diversis
573 1431 824 1465 circumstanciis
847 1441 885 1462 ac
909 1430 1060 1463 oneribus
1083 1431 1219 1472 imperio
1236 1431 1503 1473 inpresentiarum
1526 1431 1794 1471 incumbentibus,
1817 1431 1947 1464 tandem

289 1482 451 1524 requisitis
481 1485 514 1513 et
546 1482 807 1514 concurrentibus
829 1486 973 1514 nostrum
997 1483 1138 1514 omnium
1162 1486 1196 1514 et
1217 1482 1415 1524 singulorum
1438 1483 1532 1523 votis,
1554 1483 1818 1515 considerationis
1838 1486 1947 1516 nostre

281 1533 402 1565 ,oculos
433 1534 465 1564 in
493 1533 650 1565 illustrem
678 1534 859 1576 principem
894 1533 1059 1565 dominum
1086 1533 1286 1565 Fridericum
1321 1533 1437 1565 ducem
1463 1534 1595 1566 Austrie
1631 1538 1664 1566 et
1698 1534 1818 1577 Styx-ie,
1845 1535 1946 1567 virum

282 1585 400 1629 ,utique
440 1584 598 1625 nobilem,
631 1588 819 1617 strennuum
855 1589 887 1617 et
921 1595 1089 1627 sagacem,
1124 1585 1164 1617 de
1198 1584 1420 1617 Romanorum
1446 1595 1558 1628 regum
1591 1587 1742 1628 prosapia
1769 1586 1948 1628 oriundum,

293 1636 471 1669 ortodoxe¹¹
495 1637 571 1669 fidei
595 1636 754 1668 fervidum
777 1637 968 1678 zelatorem,
992 1637 1074 1669 sacri
1095 1637 1224 1680 imperii
1246 1637 1465 1680 gubernacula
1487 1648 1603 1680 regere
1625 1638 1796 1683 magnifice
1819 1649 1858 1671 ac
1879 1639 1949 1671 iura

287 1689 388 1730 ipsius
418 1694 631 1720 manutenere
662 1692 830 1731 potentem
859 1700 983 1720 necnon
1011 1688 1189 1730 reipublice
1220 1699 1351 1731 preesse
1384 1689 1506 1721 utiliter
1534 1693 1567 1735 et
1592 1690 1748 1732 prodesse
1776 1690 1948 1732 valentem,

285 1741 396 1772 divina
425 1740 554 1772 favente
584 1741 756 1772 clementia
788 1741 973 1772 direximus.
1021 1740 1126 1776 Quem
1162 1751 1221 1772 nos
1253 1740 1415 1772 Rfldolfus
1445 1752 1554 1773 comes
1579 1742 1741 1784 palatinus
1769 1741 1852 1774 Reni
1883 1742 1957 1789 dux.

287 1791 436 1823 Bawarie
459 1793 590 1824 nomine
614 1796 723 1824 nostro
747 1803 785 1824 ac
809 1793 878 1824 vice
903 1796 936 1823 et
958 1796 1120 1833 potestate
1144 1792 1315 1823 reverendi
1338 1793 1370 1823 in
1387 1792 1514 1824 Christo
1538 1795 1638 1835 patris
1661 1793 1782 1825 domini
1800 1794 1948 1826 Heinrici

287 1844 490 1876 Coloniensis
513 1843 747 1886 archiepiscopi
771 1845 853 1876 sacri
875 1845 1003 1887 imperii
1027 1855 1086 1885 per
1108 1844 1238 1876 Italiam
1261 1844 1545 1886 archicancellarii,
1573 1846 1763 1878 coelectoris
1785 1847 1884 1878 nostri
1907 1857 1949 1878 ex

288 1897 396 1928 causis
419 1896 587 1938 legittimis
610 1896 767 1938 absentis,
793 1907 917 1928 necnon
940 1896 1088 1928 Heinrici
1115 1897 1200 1938 regis
1222 1896 1358 1928 Boemie
1383 1900 1417 1928 et
1438 1896 1575 1929 Polonie
1604 1908 1641 1929 ac
1669 1897 1758 1930 ducis
1780 1898 1949 1931 Karinthie

284 1958 329 1985 ¹ac
351 1947 483 1980 Rfidolfi
506 1947 596 1979 ducis
620 1948 772 1989 Saxonie,
795 1949 1036 1990 conprincipum
1059 1947 1231 1979 illustrium
1255 1951 1288 1979 et
1311 1948 1528 1980 coelectorum
1545 1952 1727 1982 nostrorum
1742 1951 1949 1993 presentium,

288 2001 406 2032 ceteris
430 1999 666 2031 coelectoribus
688 2001 805 2032 nostris
838 2000 924 2032 dicta
957 2000 1009 2031 die
1032 1999 1199 2032 nobiscum
1231 2011 1295 2031 non
1318 2001 1580 2032 concurrentibus
1603 2006 1636 2034 et
1657 2002 1728 2044 ipsa
1751 2001 1803 2034 die
1827 2002 1948 2044 eligere

290 2062 354 2083 non
383 2051 584 2092 curantibus,
613 2052 774 2093 prefatum
807 2051 1007 2083 Fridericum
1039 2051 1155 2083 ducem
1183 2052 1314 2083 Austrie
1344 2055 1376 2083 et
1404 2051 1509 2094 Styrie
1538 2054 1570 2084 in
1592 2053 1812 2087 Romanorum
1835 2064 1947 2096 regem

289 2103 545 2145 promovendum
569 2104 600 2134 in
617 2104 848 2145 imperatorem
872 2103 1024 2144 futurum,
1048 2107 1252 2136 sacrosancte
1275 2103 1423 2136 Romane
1446 2104 1583 2137 ecclesie
1607 2105 1948 2147 advocatum,paupe-

292 2165 364 2186 rum
388 2157 422 2186 et
444 2155 661 2197 orphanorum
685 2166 723 2187 ac
746 2156 916 2187 viduarum
940 2155 1145 2188 defensorem
1169 2155 1328 2197 elegimus
1351 2156 1383 2187 in
1406 2156 1490 2188 hunc
1513 2156 1660 2190 modum:
1747 2148 1749 2150 ¹

440 2218 470 2246 4.
502 2215 585 2257 ‘Ego
608 2215 769 2247 Rfidolfus
791 2216 855 2248 Dei
878 2216 996 2258 gratia¹
1025 2226 1135 2248 comes
1168 2216 1329 2258 palatinus
1351 2216 1437 2248 Reni
1454 2217 1532 2248 'dux
1552 2217 1702 2249 Bawarie
1725 2218 1853 2250 nomine
1876 2227 1950 2250 meo

334 2277 372 2299 ac
396 2267 467 2298 vice
498 2270 531 2298 et
558 2268 687 2299 nomine
712 2268 912 2300 reverendim
935 2268 1039 2310 patris
1065 2267 1187 2300 domini
1209 2267 1357 2300 Heinrici
1379 2267 1581 2300 Coloniensis
1606 2269 1843 2311 archiepiscopi
1868 2270 1950 2300 sacri

286 2338 290 2341 ι
331 2319 460 2360 imperii
476 2329 535 2360 per
551 2319 680 2350 Italiam
698 2319 983 2360 archicancellarii,
999 2319 1146 2351 Heinrici
1160 2320 1246 2362 regis
1262 2320 1399 2352 Boemie
1416 2323 1450 2352 et
1463 2319 1601 2352 Polonie
1617 2331 1657 2353 ac
1672 2320 1761 2352 ducis
1777 2321 1948 2352 Karinthie

332 2373 366 2401 et
399 2368 530 2401 Rfldolfi
564 2369 654 2402 ducis
688 2370 847 2411 Saxonie,
879 2371 1119 2413 conprincipum
1150 2374 1184 2403 et
1206 2371 1425 2403 coelectorum
1447 2382 1593 2404 meorum
1617 2372 1789 2405 illustrium
1818 2373 1867 2404 ius
1895 2373 1948 2404 in¹¹

286 2449 288 2454 Α
333 2421 491 2453 electione
527 2421 747 2454 Romanorum
783 2424 869 2464 regis
899 2423 1089 2455 habentium
1118 2426 1185 2455 tam
1215 2423 1397 2461 absentium
1430 2434 1527 2465 quam
1555 2425 1768 2465 presentium,
1791 2423 1947 2456 illustrem

331 2474 509 2515 principem
535 2473 699 2505 dominum
722 2474 924 2507 Fridericum
947 2475 1063 2506 ducem
1084 2475 1216 2507 Austrie
1241 2478 1274 2506 et
1297 2475 1403 2516 styrie
1427 2475 1513 2517 eligo
1535 2476 1568 2508 in
1591 2475 1812 2508 Romanorum
1835 2486 1947 2518 regem

332 2524 589 2566 promovendum
623 2526 655 2556 in
689 2526 830 2558 futurum
868 2527 1113 2568 imperatorem,
1145 2531 1348 2559 sacrosancte
1380 2527 1528 2559 Romane
1568 2527 1705 2560 ecclesie
1743 2527 1947 2569 advocatum,

330 2587 511 2618 pauperum
542 2580 575 2608 et
603 2578 820 2619 orphanorum
848 2589 886 2610 ac
915 2579 1083 2611 viduarum
1107 2578 1321 2611 defensorem.
1410 2579 1448 2610 In
1476 2579 1606 2612 nomine
1629 2578 1737 2611 Patris
1760 2582 1793 2611 et
1815 2579 1891 2612 Filii
1913 2582 1948 2611 et

335 2628 473 2670 Spiritus
496 2628 620 2660 sancti.>

390 2748 437 2776 94.
465 2748 490 2781 k)
509 2751 648 2776 orthodoxe
667 2750 691 2776 2.
778 2750 796 2783 i)
820 2753 877 2777 Dei
899 2752 1003 2784 gratia
1026 2752 1115 2776 decant
1136 2750 1161 2776 2.
1258 2752 1289 2783 ¹¹³)
1315 2752 1347 2777 iu
1370 2752 1500 2787 Christo
1518 2752 1581 2777 add.
1599 2751 1624 2776 2.
1707 2751 1733 2784 ¹²)
1753 2760 1834 2784 cupra
1852 2752 1946 2777 lineam

286 2793 350 2819 add.
368 2793 394 2820 2.

1965 763 1990 781 1⁰

1965 1021 1989 1040 15

1966 1547 1991 1567 2⁵

1967 2063 1991 2082 :35

1966 2329 1993 2347 40

1964 2587 1990 2607 45
