2190 3172
333 237 391 266 154
566 232 662 260 ACTA
682 231 795 258 REGNI
814 230 999 258 LUDEWICI
1018 230 1064 257 IV.
1083 229 1129 256 ET
1148 228 1334 255 FRIDERICI
1352 228 1401 255 111.
1438 228 1513 256 1314.
1550 228 1598 256 Nr.
1612 229 1671 256 160.
1690 230 1748 256 161.

330 320 491 359 districtu,
524 319 743 350 iurisdictione
774 321 807 350 et
835 317 993 349 conductu
1022 316 1122 357 ipsius
1152 315 1387 356 archiepiscopi
1414 318 1448 346 et
1481 315 1617 347 ecclesie
1649 315 1856 348 Treverensis
1885 326 1984 358 super

330 373 458 404 alveum
484 371 569 403 Beni
597 371 629 401 in
654 370 856 402 Confluentia
885 369 936 400 vel
964 367 1042 399 alibi
1065 367 1210 408 superius
1233 370 1289 398 aut
1310 366 1444 398 inferius
1467 366 1523 398 ubi
1545 367 1683 399 voluerit
1705 368 1878 400 donatione
1901 370 1982 401 irre-

330 423 468 455 vocabili
491 422 675 462 levandum,
699 420 915 462 colligendum
940 422 972 450 et
995 418 1236 460 percipiendum
1254 421 1411 460 perpetuo
1427 419 1543 450 merito
1560 418 1690 450 duxerit
1709 419 1982 461 concedendum¹‚

331 478 427 517 prout
451 485 492 506 ex
515 478 606 515 parte
632 473 775 504 eiusdem
800 471 1034 513 archiepiscopi
1061 470 1154 501 nobis
1183 470 1269 501 facta
1299 470 1407 501 extitit
1433 472 1508 501 ante
1533 470 1641 501 datam
1665 471 1862 512 presentium
1885 471 1983 513 plena

331 526 423 566 fides,
510 537 568 557 nos
592 535 688 556 causa
711 524 839 565 cognita
864 527 896 554 et
919 533 961 554 ex
984 525 1072 553 certa
1095 522 1229 552 scientia
1251 522 1408 563 premissa
1432 522 1539 553 omnia
1563 525 1597 553 et
1611 522 1737 564 singula
1753 522 1982 564 ratificamus⁶‚
2013 531 2026 550 ι

330 576 559 619 approbamus,
585 575 808 607 confirmamus
832 577 864 605 et
888 573 928 605 de
950 584 1033 604 novo
1058 573 1252 604 conferimus
1275 583 1334 614 per
1356 576 1532 614 presentes.

195 629 236 650 ⁰¹¹-
251 631 319 650 111-63
442 630 470 659 2.
506 627 721 659 Attendentes
743 627 873 667 insuper
897 625 1051 666 obsequia
1076 627 1168 665 grata
1191 628 1224 655 et
1246 624 1338 655 utilia
1361 627 1427 655 tam
1450 624 1534 656 ultra
1549 624 1651 666 Alpes
1675 636 1772 666 quam
1796 626 1876 657 citra
1892 636 1982 658 sacro

330 680 466 721 imperio
495 682 528 710 et
557 679 648 710 nobis
677 681 751 719 post
780 677 897 708 dictam
926 677 1067 717 graciam
1097 676 1162 706 suis
1189 675 1247 707 sub
1277 676 1428 717 expensis
1457 675 1608 717 gravibus
1637 676 1781 709 exhibita
1810 681 1843 709 et
1865 688 1928 719 que
1950 678 1983 709 in

331 734 494 773 posterum
524 731 671 762 exhiberi
699 731 851 771 poterunt
879 738 938 769 per
965 727 1243 768 archiepiscopum
1271 726 1484 768 antedictum,
1509 727 1550 759 de
1574 727 1723 769 largitate
1746 729 1866 771 regalis
1890 729 1983 761 celsi-

331 783 448 814 tudinis
479 786 585 814 nostro
616 785 648 813 et
674 784 856 812 nostrorum
884 789 1103 810 successorum
1131 778 1351 810 Romanorum
1385 789 1499 820 regum
1532 783 1566 811 et
1594 780 1823 822 imperatorum
1850 781 1980 813 nomine
2000 789 2027 809 m

330 834 483 876 predictis
517 833 642 865 duobus
677 831 915 864 Turonensibus
949 831 1068 872 grossis
1095 830 1175 861 duos
1204 830 1285 862 alios
1316 830 1520 862 Turonenses
1549 841 1678 872 grossos
1707 832 1911 874 adiungimus
1941 832 1982 864 ab

331 886 446 918 eodem
473 885 725 926 archiepiscopo,
749 882 987 914 successoribus
1010 882 1075 912 suis
1099 885 1132 913 et
1155 881 1293 914 ecclesia
1314 881 1506 914 Treverensi
1529 882 1645 914 eodem
1668 884 1780 916 titulo⁸
1804 887 1838 916 et
1859 885 1928 916 iure
1951 886 1984 916 in

331 938 478 970 omnibus
506 940 539 968 et
565 947 623 978 per
652 935 759 966 omnia
782 937 938 976 perpetuo
964 933 1202 975 colligend(os)‚
1225 933 1406 975 levand(os)
1431 937 1464 965 et
1485 934 1751 976 percipiend(os)‚
1774 936 1820 967 ita
1843 937 1930 978 quod
1951 937 1985 968 in

330 990 478 1021 universo
508 992 646 1030 quatuor
669 987 872 1019 Turonenses
900 985 1019 1027 grossis
1039 989 1198 1027 perpetuo
1222 985 1414 1027 colligantur
1441 986 1570 1017 insimul
1599 989 1632 1018 et
1658 986 1813 1018 leventur.
1895 987 1985 1019 Nulli

331 1046 430 1082 ergo&
451 1041 615 1072 hominum
643 1039 741 1070 liceat
772 1038 854 1069 hanc
882 1037 1034 1078 paginam
1057 1036 1254 1079 infringereh
1281 1036 1334 1068 vel
1368 1037 1398 1068 ei
1431 1047 1512 1068 ausu
1539 1038 1711 1069 temerario
1739 1038 1984 1080 quomodolibet
2002 1047 2027 1066 1⁵

332 1093 500 1124 contraire.
558 1091 591 1123 Si
627 1091 696 1132 quis
730 1093 838 1121 autem
872 1089 933 1120 hoc
967 1091 1162 1130 attemptare
1195 1089 1428 1130 presumpserit
1462 1089 1583 1131 preter¹
1615 1093 1723 1121 nostre
1756 1090 1984 1132 indignationis

331 1144 475 1186 aculeos,
505 1143 604 1185 quosk
634 1143 748 1174 merito
777 1141 896 1183 poterit
926 1140 1120 1181 formidare,
1147 1140 1269 1182 ipsum¹
1297 1141 1450 1172 mulctam
1478 1143 1606 1172 centum
1634 1141 1786 1173 librarum
1813 1142 1883 1173 auri
1913 1142 1983 1184 ipso

331 1196 416 1227 facto
434 1196 635 1227 decernimus
652 1195 859 1233 incursurum,
877 1191 1087 1224 medietatem
1102 1192 1180 1223 fisco
1195 1195 1304 1224 nostro
1321 1192 1428 1233 aliam,
1452 1192 1664 1224 medietatem
1681 1203 1809 1225 camere
1824 1193 1983 1236 archiepi-

331 1247 419 1288 scopi
436 1246 642 1278 Treverensis
658 1244 800 1276 totaliter
816 1243 1014 1275 inferendam
1023 1242 1040 1274 ¹.
1119 1243 1158 1274 In
1177 1253 1311 1284 quorum
1330 1243 1472 1274 omnium
1496 1247 1529 1275 et
1544 1244 1742 1285 singulorum
1758 1244 1984 1276 certitudinem

330 1302 364 1330 et
390 1298 514 1329 roboris
543 1297 726 1328 firmitatem
758 1299 925 1337 presentes
954 1294 1078 1326 litteras
1105 1294 1211 1336 sigillo
1241 1298 1348 1326 nostre
1380 1295 1558 1326 maiestatis
1582 1295 1738 1327 tradimus
1761 1297 1982 1328 communitas.
2001 1303 2028 1323 Μ

438 1349 544 1381 Dat.¹¹¹
568 1348 712 1389 Colonie‚
736 1347 797 1378 III.
821 1347 904 1378 Non.
928 1346 1129 1387 Decembris,
1154 1357 1237 1378 anno
1261 1346 1391 1378 Domini
1414 1345 1646 1388 MCOOXHII,
1670 1348 1762 1388 regni
1783 1357 1860 1379 vero
1883 1348 1984 1380 nostri

331 1412 414 1433 anno
438 1402 550 1443 primo.

645 1489 727 1524 161.
770 1487 995 1532 Confirmatio
1023 1487 1240 1532 obliyationis
1263 1489 1439 1532 pecuniae.
1545 1488 1627 1524 Dec.
1645 1489 1680 1523 3.

442 1559 619 1600 Oriyimzlia
639 1559 702 1590 duo
718 1561 731 1589 1
753 1561 782 1590 et
800 1560 818 1589 2
836 1558 958 1590 ibidem.
997 1557 1195 1590 Contulimus
1213 1567 1280 1590 nos.
1314 1557 1435 1590 Pendet
1451 1561 1620 1599 utrumque
1637 1558 1775 1599 sigillum
1791 1558 1857 1598 filis
1874 1558 1985 1591 sericis

331 1613 420 1644 rubei
432 1612 568 1651 flavique
583 1610 703 1643 coloris.
739 1611 781 1641 In
793 1609 879 1649 plica
895 1609 1085 1649 autoyraphi
1100 1612 1113 1640 1
1131 1609 1261 1650 leyitur:
1283 1609 1318 1648 O,
1332 1610 1464 1650 itemque
1475 1610 1511 1641 in
1522 1610 1629 1642 dorso:
1651 1609 1809 1651 coll(atio)
1821 1609 1908 1642 facta
1923 1613 1981 1643 est.
2001 1621 2027 1641 as

437 1668 584 1705 Bb'hmer,
607 1667 683 1707 Rey.
701 1667 815 1698 Ludw.
834 1676 868 1707 p.
884 1665 906 1696 2
927 1676 978 1697 nr.
994 1666 1046 1696 20.

439 1725 527 1764 Quae
549 1734 588 1755 ex
604 1723 729 1764 Scripto
751 1732 852 1762 supra
873 1732 923 1753 nr.
938 1723 979 1753 65
997 1722 1101 1761 petita
1125 1724 1210 1760 sunt,
1233 1732 1271 1753 ea
1295 1723 1381 1763 typis
1402 1722 1578 1754 minoribus
1593 1722 1775 1754 excudenda
1792 1723 1983 1755 curavimus.

436 1801 628 1833 Ludowicus
652 1800 715 1832 Dei
742 1801 847 1842 gratia
869 1799 1089 1831 Romanorum
1112 1810 1172 1831 rex
1195 1809 1324 1841 semper
1347 1802 1501 1842 augustus
1575 1800 1732 1832 universis
1754 1801 1837 1832 sacri
1858 1801 1986 1842 imperii

329 1853 476 1885 fidelibus
499 1856 683 1895 presentem
708 1853 859 1895 paginam
882 1852 1074 1893 inspecturis
1161 1852 1299 1893 gratiam
1323 1862 1413 1883 suam
1438 1855 1471 1883 et
1494 1862 1588 1883 omne
1613 1851 1741 1884 bonum.
1967 1880 1974 1886 .

435 1906 488 1937 Ad
516 1905 732 1936 universitatis
762 1907 867 1936 vestre
896 1904 1048 1935 noticiam
1072 1904 1241 1945 pervenire
1265 1903 1427 1944 volumus,
1453 1903 1539 1946 quod
1566 1914 1624 1935 nos
1647 1907 1759 1935 tenore
1783 1903 1984 1945 presencium
2003 1913 2030 1933 ιο

248 1961 280 2002 ¹¹0¹:
291 1958 315 2003 1⁶⁵
330 1956 457 1998 publice
488 1957 746 1998 recognoscimus
775 1959 807 1987 et
834 1955 1039 1997 confitemur,
1067 1960 1144 1994 quod
1170 1961 1300 1987 tenemur
1329 1961 1358 1987 et
1386 1960 1539 1988 efficaciter
1568 1960 1689 1995 obligati
1711 1969 1806 1987 sumus
1829 1959 1985 1987 venerabili

329 2013 512 2040 *Baldewino
535 2013 773 2040 *Treverensis
797 2008 935 2039 ecclesie
958 2012 1171 2046 archiepiscopo
1195 2007 1332 2049 principi
1354 2010 1463 2039 nostro
1489 2007 1606 2039 dilecto
1623 2013 1653 2039 et
1668 2012 1728 2039 eius
1744 2012 1870 2045 ecclesie,
1885 2011 1984 2039 habito

332 2065 407 2091 inter
421 2073 472 2092 nos
489 2074 572 2099 super
588 2065 642 2092 hoc
658 2065 735 2091 finali
751 2066 875 2091 tractatu
892 2073 925 2091 ac
941 2063 1131 2091 convencione
1148 2064 1306 2098 sollempni,
1330 2073 1381 2099 pro
1398 2064 1529 2099 expensis
1546 2073 1596 2099 per
1618 2073 1683 2091 eum
1705 2065 1719 2091 f
1723 2064 1814 2092 actis
1837 2063 1984 2092 occasione

331 2116 477 2143 electionis
512 2118 607 2143 nostre
644 2116 674 2143 in
706 2125 800 2151 regem
834 2116 1025 2143 Romanorum
1058 2115 1089 2142 in
1123 2115 1220 2143 decem
1251 2115 1365 2142 milibus
1392 2124 1550 2143 marcarum
1577 2116 1690 2151 argenti
1715 2115 1780 2150 puri
1807 2116 1857 2143 *et
1884 2115 1984 2151 legalis

332 2168 464 2202 ponderis
487 2168 670 2200 Coloniensis,
694 2168 785 2195 tribus
808 2168 888 2194 libris
912 2165 1120 2202 Hallen(sibus)
1150 2176 1201 2202 pro
1233 2176 1328 2194 marca
1354 2167 1483 2202 qualibet
1505 2170 1535 2195 et
1555 2176 1654 2203 grosso
1677 2167 1834 2195 Turonensi
1856 2167 1985 2202 quolibet
2003 2171 2028 2191 ³5

332 2228 382 2254 pro
413 2220 625 2253 quatuordecim
656 2219 858 2251 Hallen(sibus)
886 2220 1065 2254 computatis.
1119 2219 1194 2251 Quas
1223 2219 1250 2247 ei
1280 2219 1421 2254 legittime
1453 2219 1605 2254 stipulanti
1632 2220 1762 2247 *solvere
1792 2218 1985 2254 promittimus

332 2271 407 2298 bona
429 2271 481 2298 fide
513 2274 542 2298 et
565 2272 624 2298 sine
652 2271 717 2298 dolo
744 2271 774 2298 in
802 2271 906 2306 oppido
930 2280 980 2298 suo
1004 2271 1182 2298 Confiuencie
1209 2271 1337 2299 terminis
1361 2271 1562 2307 infrascriptis,
1586 2271 1719 2299 videlicet
1741 2279 1789 2298 sex
1811 2270 1892 2298 milia
1912 2278 1984 2297 mar-

224 2327 320 2348 Deess.
336 2331 431 2349 carum
455 2323 566 2358 argenti
589 2323 618 2349 in
642 2324 714 2350 festo
738 2323 899 2350 nativitatis
922 2323 1036 2350 Domini
1059 2323 1186 2358 proxime
1210 2326 1338 2356 venturo,
1364 2324 1503 2357 *quorum
1527 2332 1576 2350 sex
1590 2323 1701 2350 milium
1719 2322 1775 2350 duo
1791 2322 1871 2349 milia
1886 2321 1985 2349 cedere

334 2374 438 2401 debent
461 2374 628 2401 consiliariis
652 2375 739 2401 *dicti
762 2375 1020 2410 archiepiscopi
1036 2375 1215 2402 Treverensis
1231 2384 1264 2402 ac
1279 2375 1398 2402 illustris
1422 2374 1576 2402 *Iohannis
1598 2374 1673 2410 regis
1688 2373 1832 2406 Bohemie,
1856 2369 1911 2411 qui
1933 2382 1984 2408 pro

236 2424 294 2443 1³15.

212 2447 247 2468 Mn
249 2449 276 2470 rt.
287 2450 318 2468 23⁴
334 2428 432 2452 nostra
454 2426 634 2460 promocione
657 2425 788 2453 actenus
810 2426 1006 2460 laborarunt,
1030 2429 1059 2454 et
1081 2427 1194 2454 residua
1216 2428 1339 2461 quatuor
1365 2426 1445 2453 milia
1473 2435 1630 2454 marcarum
1656 2426 1687 2452 in
1713 2425 1787 2453 festo
1809 2425 1915 2452 Pasche
1939 2434 1984 2452 ex·
2002 2430 2029 2450 4⁰

334 2478 421 2504 ‘nunc'⁵
449 2478 581 2512 proxime
612 2477 808 2512 subsequenti
836 2474 906 2506 loco
939 2485 1002 2516 quo
1032 2485 1129 2516 supra
1157 2474 1281 2506 solvere
1309 2473 1507 2515 pollicemur.
1595 2473 1635 2504 In
1658 2473 1747 2505 cuius
1769 2474 1818 2504 rei
1840 2473 1984 2504 testimo-

334 2524 421 2556 nium
444 2528 612 2566 presentes
635 2525 731 2556 scribi
754 2526 903 2557 iussimus
927 2530 959 2558 et
982 2526 1087 2567 sigillo
1111 2525 1313 2557 maiestatisb
1335 2529 1443 2557 nostre
1466 2526 1556 2567 regie
1581 2525 1778 2557 communiri.

440 2575 536 2607 Dato
557 2576 708 2617 Colonie,
732 2577 793 2609 ΙΙΙ.
818 2577 916 2609 Νοη.ιί
939 2578 1127 2619 Decembr.‚
1156 2588 1238 2609 anno
1261 2577 1392 2609 Domini
1415 2577 1585 2608 millesimo
1610 2576 1870 2619 quartodecimo,
1892 2576 1984 2617 regni

334 2638 411 2659 vero
436 2629 534 2659 nostri
557 2639 639 2659 anno
663 2629 776 2670 primo.

438 2704 504 2731 160.
533 2704 557 2736 d)
571 2707 741 2731 rectificamus
754 2706 777 2732 3.
831 2707 855 2739 e)
869 2708 952 2740 tytulo
964 2707 988 2734 2.
998 2707 1022 2733 3.
1070 2707 1090 2740 f)
1101 2709 1184 2741 grossi
1193 2709 1358 2733 Turonenses
1371 2707 1394 2733 2.
1405 2706 1429 2733 3.
1478 2706 1503 2739 8)
1516 2707 1620 2732 omnino
1633 2706 1695 2732 add.
1708 2705 1733 2732 3.
1786 2705 1812 2738 h)
1824 2706 1945 2739 infrigere
1961 2706 1981 2731 l.
2001 2713 2027 2732 ⁴³

335 2747 354 2781 i)
374 2752 481 2781 preter
499 2749 566 2773 deest
586 2749 610 2774 3.
679 2748 706 2781 k)
726 2759 802 2782 quos
822 2751 889 2776 decet
907 2751 930 2776 3.
1001 2750 1021 2783 l)
1039 2751 1389 2784 ipsum—inferendam
1406 2750 1476 2776 deest
1493 2749 1517 2776 3.
1589 2748 1621 2783 ¹¹¹)
1640 2751 1735 2775 Datum
1755 2748 1780 2775 2.
1799 2748 1824 2775 3.

437 2802 502 2829 161.
530 2803 553 2836 Β)
572 2813 699 2830 exnunc
718 2805 742 2831 2.
830 2805 855 2837 b)
874 2807 1020 2840 magestatis
1038 2806 1062 2833 2.
1150 2806 1173 2839 c)
1192 2808 1262 2832 Dan-1
1279 2806 1305 2833 2.
1394 2805 1419 2839 d)
1437 2807 1523 2832 Nonas
1541 2805 1566 2832 2.

442 2867 468 2901 1)
489 2866 530 2899 Cf.
547 2874 631 2900 supra
648 2875 691 2894 nr.
704 2872 750 2894 159
769 2876 825 2902 cap.
840 2874 853 2895 1
871 2872 893 2895 et
915 2873 976 2897 tom.
990 2870 1037 2896 IV
1050 2878 1092 2897 nr.
1106 2874 1153 2897 276
1171 2873 1195 2897 et
1212 2874 1266 2897 569.
