2184 3126
199 466 211 486 δ

187 722 212 744 10

187 1017 212 1038 15

187 1562 212 1584 25

185 1818 211 1839 Ν

188 2595 212 2615 48

505 158 604 187 ACTA
622 156 735 186 REGNI
754 156 938 185 LUDEWICI
957 155 1004 184 lv.
1024 156 1070 184 ΕΤ
1090 155 1274 184 FRIDEBICI
1292 155 1343 183 111.
1380 155 1456 183 1323.
1491 155 1541 182 Nr.
1554 154 1612 187 824,
1822 165 1886 196 643

230 246 308 279 dare
341 250 374 279 et
403 245 462 278 sub
494 244 606 288 regula
637 244 806 287 discipline
835 254 894 277 sue
924 243 1115 276 obedienter
1146 243 1321 276 consistere
1351 246 1385 275 et
1413 254 1471 276 suo
1501 247 1634 279 consilio
1663 252 1697 281 et
1727 252 1887 292 regimine

274 298 413 331 berneri.

229 308 274 342 gu
339 352 369 381 4.
407 349 491 381 Item
515 347 603 391 quod
625 347 732 380 eidem
754 347 903 379 volumus
925 347 1144 379 reverenciam
1167 345 1311 378 debitam
1334 349 1368 379 et
1390 346 1546 380 honorem
1571 348 1783 395 [exhiberer.

339 403 370 434 5.
402 399 628 432 Protestamur
648 400 789 441 insuper,
813 397 900 441 quod
922 398 1053 431 domino
1076 401 1186 430 nostro
1209 407 1335 430 summo
1350 399 1493 440 pontifici
1518 410 1592 433 eam
1609 413 1705 445 quam
1729 403 1886 439 debemus

231 454 265 485 et
287 450 560 494 quemadmodum
580 450 737 483 Romanis
758 449 962 493 pontificibus
984 449 1205 482 Romanorum
1227 450 1440 492 imperatores
1463 454 1498 483 et
1519 462 1615 495 reges
1637 455 1886 496 predecessores

229 503 331 537 nostri
346 502 581 544 obedienciam,
601 502 811 535 devocionem
829 506 862 535 et
877 502 1096 535 reverenciam
1111 505 1282 544 gesserunt
1304 505 1338 534 et
1359 502 1552 546 habuerunt,
1568 505 1717 539 volumus
1739 508 1887 542 similiter

229 565 345 598 gerere
368 558 402 588 et
423 554 573 587 habere0.

338 609 368 640 6.
402 606 486 639 Item
509 608 736 648 protestamur,
765 605 851 647 quod
874 608 992 638 statum
1015 605 1154 638 Romani
1177 604 1305 647 imperii
1329 608 1364 638 et
1385 606 1470 648 iura,
1500 617 1552 639 res
1582 612 1616 641 et
1644 609 1783 643 honores
1810 622 1887 646 suos

230 658 336 691 salvos
364 659 433 691 sine
462 656 640 700 preiudicio
671 657 842 690 cuiuslibet
870 658 961 690 iuxta
990 656 1135 690 debitum
1164 656 1242 689 fidei
1268 660 1376 690 nostre
1399 661 1434 690 et
1455 659 1607 692 virtutem
1630 663 1754 703 prestiti
1778 674 1886 697 sacra-

229 710 340 751 menti,
364 712 519 752 quantum
542 710 661 741 scimus
684 711 717 741 et
744 719 924 751 possumus,
951 708 1067 741 nostris
1089 708 1288 750 temporibus
1310 709 1459 742 similiter
1481 709 1680 753 disponimus
1702 715 1888 749 custodire?

339 794 416 838 (111)
451 794 560 827 Tenor
574 804 650 827 vero
674 794 906 836 appellacionis
928 793 1065 837 predicti
1081 793 1202 826 domini
1217 793 1385 827 Ludowici
1400 795 1621 830 Romanorum
1645 800 1731 841 regis
1747 800 1885 836 dinosci-

230 852 281 881 tur
303 858 375 881 esse
398 847 488 879 talis:

336 903 397 936 Ind
421 902 540 935 Christi
562 902 691 934 nomine
714 912 819 935 amen.

337 954 455 987 Coram
478 954 569 986 vobis
592 953 769 986 venerabili
794 957 888 996 patre
914 953 1045 986 domino
1067 952 1214 996 Nycolao
1237 953 1391 995 episcopo
1420 954 1558 987 ecclesie
1579 955 1825 1000 Ratisponensis
1852 967 1886 995 et

231 1006 321 1040 vobis
347 1005 591 1039 honorabilibus
618 1005 695 1037 viris
724 1005 854 1038 domino
881 1004 1037 1038 Heinrico
1064 1004 1106 1037 de
1127 1004 1253 1046 Lapide
1279 1005 1444 1047 preposito
1473 1007 1611 1040 ecclesie
1640 1008 1759 1043 Sancte
1782 1012 1885 1046 Marie

228 1058 313 1092 Novi
341 1058 470 1100 collegii
498 1058 636 1090 civitatis
662 1056 876 1099 Eystetensis,
909 1056 1063 1098 magistro
1090 1055 1201 1088 Ulrico
1230 1057 1396 1098 preposito
1426 1057 1564 1091 ecclesie
1590 1058 1701 1093 Sancti
1729 1061 1885 1105 Stephani

228 1110 526 1152 Babenbergensis,
560 1109 690 1140 domino
718 1107 891 1141 Chdnrado
925 1107 967 1140 de
995 1107 1092 1140 Staut'
1121 1107 1275 1140 canonico
1303 1107 1433 1140 Veteris
1466 1110 1592 1152 capelle
1627 1112 1659 1143 in
1693 1112 1884 1157 Ratispona,

229 1161 360 1194 domino
384 1160 534 1194 Gotfrido
557 1159 696 1202 plebano
720 1160 754 1192 in
774 1159 923 1202 Amberg
945 1159 1092 1202 dyocesis
1113 1158 1369 1201 Ratisponensis,
1392 1161 1547 1203 magistro
1570 1162 1736 1196 Friderico
1759 1169 1885 1200 notario

231 1213 369 1246 civitatis
383 1212 673 1255 Nurenbergensis,
695 1211 851 1244 Heinrico
867 1210 1007 1254 plebano
1030 1211 1063 1243 in
1077 1210 1256 1243 Pffflndorf
1274 1210 1422 1253 dyocesis
1437 1212 1707 1256 Constanciensis,
1729 1216 1885 1252 Heinrico

231 1265 415 1298 Hausnerio
438 1274 562 1296 necnon
579 1263 699 1296 Ottone
723 1262 765 1295 de
781 1262 928 1295 Werdea
951 1262 1104 1294 canonico
1129 1261 1265 1294 ecclesie
1288 1262 1417 1305 Pysane
1441 1268 1475 1296 et
1498 1267 1529 1297 te
1553 1265 1731 1309 Herdegno
1754 1269 1885 1311 publico

230 1317 356 1349 notario
378 1315 581 1357 infrascripto
604 1318 758 1357 tanquam
780 1314 951 1347 autenticis
973 1314 1134 1356 personis,
1163 1314 1306 1346 honestis
1329 1317 1363 1347 et
1385 1314 1538 1357 publicis,
1567 1318 1635 1349 acsi
1663 1319 1695 1350 in
1718 1322 1887 1361 presencia

231 1368 352 1400 domini
374 1368 475 1400 nostri
501 1367 618 1399 summi
644 1366 804 1409 pontificis
830 1375 974 1399 essemus
1002 1365 1246 1408 presencialiter
1267 1366 1446 1407 constituti,
1525 1379 1583 1400 nos
1605 1369 1800 1403 Ludowicus
1822 1372 1885 1406 Dei

230 1419 340 1463 gracia
363 1418 582 1451 Romanorum
606 1428 665 1451 rex
687 1427 817 1460 semper
838 1420 993 1460 augustus
1016 1417 1162 1458 dicimus,
1185 1418 1358 1449 asserimus
1380 1421 1415 1450 et
1436 1421 1659 1461 proponimus:

340 1503 368 1532 7.
398 1498 526 1536 ‘Quodd
541 1499 618 1531 licet
634 1498 764 1531 domino
779 1500 890 1530 nostro
914 1522 921 1530 .
939 1522 946 1530 .
970 1508 1095 1530 summo
1111 1498 1255 1540 pontifici
1278 1501 1312 1531 et
1333 1502 1442 1531 sancte
1458 1499 1607 1534 Romane
1630 1504 1767 1536 ecclesie
1791 1507 1886 1539 matri

230 1555 338 1585 nostre
362 1552 485 1584 sincere
502 1550 687 1583 devocionis
702 1549 854 1583 affectum
871 1560 943 1582 cum
960 1549 1070 1582 debita
1084 1551 1270 1582 reverencia
1285 1561 1416 1593 semper
1432 1552 1674 1587 exhibuerimus
1697 1559 1731 1588 et
1753 1557 1886 1600 honore,

229 1604 272 1637 ad
294 1607 439 1636 nostrum
455 1606 575 1643 tamen,
596 1602 683 1645 quod
699 1604 810 1634 contra
825 1602 981 1644 premissa
1003 1602 1134 1634 minime
1158 1602 1378 1644 sperabamus,
1402 1607 1551 1636 recenter
1566 1607 1714 1647 pervenit
1728 1608 1885 1651 auditum,

230 1655 370 1689 eundem
399 1664 501 1697 nuper
523 1654 555 1686 in
578 1654 726 1686 Romana
753 1654 841 1686 curia
864 1653 1020 1695 quosdam
1043 1663 1212 1696 processus
1235 1657 1346 1686 contra
1373 1665 1431 1686 nos
1460 1656 1565 1688 minus
1591 1659 1756 1700 graciosos
1778 1660 1885 1702 publi-

230 1717 333 1748 casse,
364 1707 464 1738 immo
492 1705 579 1748 quod
601 1705 691 1738 salva
713 1706 900 1737 reverencia
927 1704 1071 1737 dieamus
1098 1705 1260 1737 animosos
1281 1706 1391 1746 nimis,
1421 1706 1551 1739 odiosos
1574 1712 1608 1741 et
1629 1710 1813 1752 iniuriosus,
1844 1723 1886 1744 ex

229 1759 334 1791 causis
356 1769 421 1790 non
442 1757 527 1789 veris
555 1760 588 1789 et
611 1760 722 1789 contra
744 1758 813 1789 iura
841 1759 875 1788 et
902 1757 1066 1789 racionem
1089 1755 1217 1788 habitos
1241 1759 1275 1788 et
1297 1757 1464 1799 confictos,
1488 1762 1660 1802 vergentes
1687 1762 1719 1793 in
1742 1766 1886 1796 nostrum

229 1813 264 1843 et
289 1810 372 1842 sacri
399 1809 527 1851 irnperii
556 1808 759 1851 dispendium
787 1811 820 1840 et
847 1808 1003 1840 iacturam
1033 1810 1067 1840 et
1094 1807 1281 1840 scandalum
1311 1808 1538 1851 plurimorum,
1568 1811 1654 1844 unde
1685 1812 1824 1846 dissidiis
1854 1818 1887 1848 et

227 1860 430 1895 scismatibus
452 1861 589 1893 materia
612 1863 813 1902 preparatur,
837 1870 910 1892 cum
933 1863 998 1892 tam
1015 1862 1166 1902 patenter
1180 1860 1322 1892 cernitur
1337 1861 1370 1892 in
1386 1860 1669 1895 dissolidacionem
1692 1865 1888 1907 integritatis

228 1913 365 1946 ecclesie
386 1912 518 1944 iniurias
540 1912 616 1944 inde
639 1911 828 1954 procedere,
852 1911 938 1943 unde
963 1911 1061 1944 debet
1083 1911 1154 1943 fons
1177 1912 1254 1943 iuris
1278 1914 1311 1944 et
1333 1912 1459 1945 iusticie
1483 1913 1632 1947 derivari.

336 1967 365 1998 8.
399 1964 494 1996 Idem
516 1974 657 2006 namque
681 1988 713 1996 ..
738 1974 881 1995 summus
904 1963 1051 2006 pontifex
1081 1964 1112 1995 in
1139 1963 1216 2006 ipsis
1243 1963 1461 2006 processibus,
1492 1966 1573 1998 sicut
1601 1966 1715 2008 fertur,
1748 1967 1826 2000 dicit
1854 1973 1888 2001 et

229 2017 354 2058 asserit,
376 2026 435 2048 nos
457 2026 574 2047 nomen
598 2016 691 2057 regni
714 2018 747 2047 et
770 2015 896 2047 titulum
919 2016 1043 2057 regium
1067 2015 1159 2047 nobis
1182 2015 1292 2048 illicite
1315 2026 1497 2058 usurpasse,
1522 2027 1562 2050 eo
1579 2018 1665 2060 quod
1689 2018 1730 2051 ad
1746 2029 1781 2051 se
1800 2020 1887 2052 elee-

229 2068 330 2101 cionis
356 2070 480 2108 nostre,
512 2077 609 2110 quam
637 2067 716 2099 dicit
741 2067 772 2098 in
801 2066 962 2099 discordia
989 2066 1204 2108 celebratam,
1237 2071 1271 2099 et
1297 2078 1434 2109 persone
1463 2068 1567 2100 electe
1596 2071 1886 2112 examinacionem,

228 2119 515 2162 approbaciomm,
546 2118 789 2160 admissionem,
820 2118 1036 2160 repulsionem
1061 2129 1189 2161 quoque
1218 2122 1252 2151 et
1278 2119 1546 2161 reprobacionem
1569 2125 1693 2154 astruat
1714 2123 1887 2165 pertinere,

229 2174 263 2203 et
296 2171 482 2213 priusquam
514 2169 698 2202 huiusmodi
731 2173 841 2202 nostra
874 2170 996 2202 eleccio
1029 2170 1170 2202 admissa
1202 2174 1236 2203 et
1273 2176 1430 2213 persona⁰
1460 2172 1642 2214 approbata
1672 2173 1726 2206 vel
1755 2174 1888 2207 alterius

229 2221 365 2254 coelecti
392 2222 493 2254 nostri
522 2221 636 2254 fuisset
665 2232 724 2264 per
750 2221 863 2254 sedem
892 2222 1104 2264 apostolicam
1132 2222 1320 2264 reprobata,
1352 2222 1444 2255 nobis
1474 2234 1538 2255 non
1566 2223 1693 2257 licuerit
1721 2236 1886 2259 assumere

229 2282 347 2305 nomen
369 2276 404 2305 et
425 2273 553 2306 titulum
576 2273 787 2316 prelibatum,
817 2283 890 2305 cum
912 2274 1041 2305 interim
1071 2283 1134 2304 non
1161 2284 1219 2306 rex
1242 2274 1398 2306 fuerimus
1425 2285 1484 2307 nec
1512 2285 1570 2317 pro
1594 2286 1671 2318 rege
1694 2276 1808 2310 haberi
1831 2278 1882 2311 vel

230 2333 289 2356 rex
310 2324 468 2357 nominari
491 2324 708 2367 debuerimus,
732 2328 783 2357 set
805 2325 958 2357 electus1.

339 2378 370 2408 9.
402 2375 490 2408 Dicit
517 2379 681 2419 preterea,
712 2377 798 2419 quod
827 2376 1010 2408 huiusmodi
1041 2380 1228 2419 presumpte
1256 2378 1385 2409 nomine
1412 2381 1446 2409 et
1472 2377 1565 2410 titulo
1593 2389 1656 2411 non
1680 2381 1822 2412 contenti
1845 2381 1887 2413 ad

230 2427 556 2460 amministracionem
578 2428 696 2460 iurium
718 2428 810 2470 regni
834 2431 868 2460 et
890 2429 1017 2470 imperii
1040 2429 1072 2460 in
1094 2428 1299 2460 manifestam
1323 2429 1473 2461 iniuriam
1496 2429 1644 2462 Romane
1667 2430 1821 2472 ecclesie,
1845 2432 1887 2463 ad

229 2488 327 2521 quam
349 2479 493 2511 vacantis
516 2479 662 2512 eiusdem
685 2480 823 2522 imperii,
847 2480 930 2511 sicut
951 2480 984 2511 in
1007 2481 1248 2522 presenciarum
1265 2483 1368 2520 vacat,
1393 2481 1537 2522 regimen
1561 2482 1724 2523 pertinere
1748 2482 1887 2515 dinosci-

230 2531 296 2571 tur,
325 2541 384 2563 nos
411 2530 640 2573 ingesserimus
669 2533 703 2563 et
725 2531 993 2564 immiscuerimus
1015 2531 1176 2573 indebite,
1201 2531 1364 2574 exigendo
1394 2534 1427 2564 et
1453 2532 1639 2575 recipiendo
1662 2533 1827 2566 fidelitatis
1855 2536 1887 2566 in

231 2581 403 2614 Alamanie
431 2584 464 2614 et
491 2582 651 2614 nonnullis
673 2582 782 2615 Ytalie
810 2582 955 2625 partibus
985 2593 1005 2614 a
1034 2583 1180 2624 personis
1209 2583 1437 2615 ecclesiasticis
1468 2587 1502 2616 et
1530 2583 1728 2617 secularibus
1757 2586 1887 2618 vasallis

326 2674 402 2703 824.
429 2675 455 2708 b)
473 2676 566 2703 acidis
583 2686 620 2703 or.
719 2676 742 2710 ⁰)
756 2677 891 2710 praecedit
908 2685 1006 2702 rasura
1024 2677 1100 2703 anim
1118 2677 1218 2703 litterae
1236 2686 1274 2703 or.
1374 2677 1400 2711 ὖ)
1419 2678 1473 2703 sine
1490 2677 1579 2704 ‹ze-‘ma
1597 2687 1636 2704 or.
1736 2679 1760 2711 ⁰)
1779 2688 1842 2704 sona
1861 2680 1886 2705 ιή

234 2718 289 2744 loco
307 2727 369 2744 rece
386 2727 424 2744 or.

339 2786 364 2820 1)
383 2785 474 2820 Supra
492 2794 534 2813 nr.
550 2789 596 2814 792
613 2794 672 2820 cap.
685 2790 709 2814 2.

1625 2840 1656 2866 81
1666 2841 1679 2854 ⁸
