<?xml version="1.0" encoding="UTF-8"?>
<!DOCTYPE html PUBLIC "-//W3C//DTD XHTML 1.0 Transitional//EN"
    "http://www.w3.org/TR/xhtml1/DTD/xhtml1-transitional.dtd">
<html xmlns="http://www.w3.org/1999/xhtml" xml:lang="en" lang="en">
 <head>
  <title>
</title>
<meta http-equiv="Content-Type" content="text/html;charset=utf-8" />
  <meta name='ocr-system' content='tesseract 3.04.00' />
  <meta name='ocr-capabilities' content='ocr_page ocr_carea ocr_par ocr_line ocrx_word'/>
</head>
<body>
  <div class='ocr_page' id='page_1' title='image "./monumentagerma05geseuoft_0439.png"; bbox 0 0 2190 3172; ppageno 0'>
   <div class='ocr_carea' id='block_1_1' title="bbox 0 1562 49 2494">
    <p class='ocr_par' dir='ltr' id='par_1_1' title="bbox 0 1562 49 2494">
     <span class='ocr_line' id='line_1_1' title="bbox 0 1562 49 2494; baseline 0 0"><span class='ocrx_word' id='word_1_1' title='bbox 0 1562 49 2494; x_wconf 95' lang='lat' dir='ltr'> </span> 
     </span>
    </p>
   </div>
   <div class='ocr_carea' id='block_1_2' title="bbox 490 240 1905 277">
    <p class='ocr_par' dir='ltr' id='par_1_2' title="bbox 490 240 1905 277">
     <span class='ocr_line' id='line_1_2' title="bbox 490 240 1905 277; baseline 0 -8"><span class='ocrx_word' id='word_1_2' title='bbox 490 241 587 270; x_wconf 53' lang='lat' dir='ltr'>ACTA*</span> <span class='ocrx_word' id='word_1_3' title='bbox 603 241 717 270; x_wconf 83' lang='lat' dir='ltr'>REGNI</span> <span class='ocrx_word' id='word_1_4' title='bbox 736 240 920 270; x_wconf 85' lang='lat' dir='ltr'>LUDEWICI</span> <span class='ocrx_word' id='word_1_5' title='bbox 939 241 985 269; x_wconf 84' lang='lat' dir='ltr'>lv.</span> <span class='ocrx_word' id='word_1_6' title='bbox 1005 241 1050 269; x_wconf 79' lang='lat' dir='ltr'>m·</span> <span class='ocrx_word' id='word_1_7' title='bbox 1070 240 1255 269; x_wconf 81' lang='lat' dir='ltr'>FRIDERICI</span> <span class='ocrx_word' id='word_1_8' title='bbox 1273 241 1322 269; x_wconf 89' lang='lat'>111.</span> <span class='ocrx_word' id='word_1_9' title='bbox 1360 241 1434 269; x_wconf 81' lang='lat'>1318.</span> <span class='ocrx_word' id='word_1_10' title='bbox 1471 241 1519 269; x_wconf 85' lang='lat' dir='ltr'>Nr.</span> <span class='ocrx_word' id='word_1_11' title='bbox 1533 241 1592 269; x_wconf 79' lang='lat'>489.</span> <span class='ocrx_word' id='word_1_12' title='bbox 1611 242 1670 270; x_wconf 79' lang='lat'>490.</span> <span class='ocrx_word' id='word_1_13' title='bbox 1842 246 1905 277; x_wconf 72' lang='grc'>399</span> 
     </span>
    </p>
   </div>
   <div class='ocr_carea' id='block_1_3' title="bbox 174 328 1906 1561">
    <p class='ocr_par' dir='ltr' id='par_1_3' title="bbox 174 328 1906 1561">
     <span class='ocr_line' id='line_1_3' title="bbox 252 328 1904 372; baseline 0.001 -12"><span class='ocrx_word' id='word_1_14' title='bbox 252 329 347 361; x_wconf 89' lang='lat' dir='ltr'>bilem</span> <span class='ocrx_word' id='word_1_15' title='bbox 372 329 404 361; x_wconf 88' lang='lat' dir='ltr'>iu</span> <span class='ocrx_word' id='word_1_16' title='bbox 421 328 548 361; x_wconf 84' lang='lat' dir='ltr'>Christo</span> <span class='ocrx_word' id='word_1_17' title='bbox 571 332 696 372; x_wconf 87' lang='lat' dir='ltr'>patrem</span> <span class='ocrx_word' id='word_1_18' title='bbox 720 332 753 362; x_wconf 90' lang='lat' dir='ltr'>et</span> <span class='ocrx_word' id='word_1_19' title='bbox 769 329 933 362; x_wconf 91' lang='lat' dir='ltr'>dominum</span> <span class='ocrx_word' id='word_1_20' title='bbox 950 329 1114 362; x_wconf 87' lang='lat' dir='ltr'>dominum</span> <span class='ocrx_word' id='word_1_21' title='bbox 1130 328 1353 361; x_wconf 84' lang='lat' dir='ltr'>Baldewinum</span> <span class='ocrx_word' id='word_1_22' title='bbox 1377 329 1655 371; x_wconf 88' lang='lat' dir='ltr'>archiepiscopum</span> <span class='ocrx_word' id='word_1_23' title='bbox 1673 328 1904 362; x_wconf 83' lang='lat' dir='ltr'>Treverensem</span> 
     </span>
     <span class='ocr_line' id='line_1_4' title="bbox 251 380 1906 422; baseline 0.001 -10"><span class='ocrx_word' id='word_1_24' title='bbox 251 384 284 413; x_wconf 90' lang='lat' dir='ltr'>et</span> <span class='ocrx_word' id='word_1_25' title='bbox 317 380 458 412; x_wconf 90' lang='lat' dir='ltr'>nobilem</span> <span class='ocrx_word' id='word_1_26' title='bbox 492 381 595 412; x_wconf 91' lang='lat' dir='ltr'>virum</span> <span class='ocrx_word' id='word_1_27' title='bbox 629 380 793 413; x_wconf 88' lang='lat' dir='ltr'>dominum</span> <span class='ocrx_word' id='word_1_28' title='bbox 827 380 1029 413; x_wconf 87' lang='lat' dir='ltr'>Gerhardum</span> <span class='ocrx_word' id='word_1_29' title='bbox 1068 381 1218 413; x_wconf 89' lang='lat' dir='ltr'>comitem</span> <span class='ocrx_word' id='word_1_30' title='bbox 1251 380 1465 413; x_wconf 83' lang='lat' dir='ltr'>Iuliacensem</span> <span class='ocrx_word' id='word_1_31' title='bbox 1503 390 1626 412; x_wconf 81' lang='lat' dir='ltr'>necnon</span> <span class='ocrx_word' id='word_1_32' title='bbox 1662 381 1835 422; x_wconf 83' lang='lat' dir='ltr'>prudentes</span> <span class='ocrx_word' id='word_1_33' title='bbox 1874 387 1906 413; x_wconf 89' lang='lat' dir='ltr'>et</span> 
     </span>
     <span class='ocr_line' id='line_1_5' title="bbox 250 432 1905 473; baseline 0.001 -9"><span class='ocrx_word' id='word_1_34' title='bbox 250 432 403 465; x_wconf 89' lang='lat' dir='ltr'>honestos</span> <span class='ocrx_word' id='word_1_35' title='bbox 431 433 516 464; x_wconf 84' lang='lat' dir='ltr'>viros</span> <span class='ocrx_word' id='word_1_36' title='bbox 550 457 557 465; x_wconf 88' lang='lat'><strong><em>.</em></strong></span> <span class='ocrx_word' id='word_1_37' title='bbox 583 457 590 464; x_wconf 92' lang='lat'>.</span> <span class='ocrx_word' id='word_1_38' title='bbox 625 432 771 466; x_wconf 88' lang='lat' dir='ltr'>consules</span> <span class='ocrx_word' id='word_1_39' title='bbox 805 433 942 465; x_wconf 85' lang='lat' dir='ltr'>civitatis</span> <span class='ocrx_word' id='word_1_40' title='bbox 970 432 1172 466; x_wconf 74' lang='lat' dir='ltr'>coloniensis</span> <span class='ocrx_word' id='word_1_41' title='bbox 1200 443 1272 465; x_wconf 91' lang='lat' dir='ltr'>cum</span> <span class='ocrx_word' id='word_1_42' title='bbox 1300 432 1414 465; x_wconf 88' lang='lat' dir='ltr'>litteris</span> <span class='ocrx_word' id='word_1_43' title='bbox 1441 432 1610 464; x_wconf 88' lang='lat' dir='ltr'>credencie</span> <span class='ocrx_word' id='word_1_44' title='bbox 1638 432 1829 473; x_wconf 83' lang='lat' dir='ltr'>eorundem,</span> <span class='ocrx_word' id='word_1_45' title='bbox 1865 433 1905 465; x_wconf 84' lang='lat' dir='ltr'>dc</span> 
     </span>
     <span class='ocr_line' id='line_1_6' title="bbox 251 483 1902 527; baseline 0.001 -11"><span class='ocrx_word' id='word_1_46' title='bbox 251 484 366 526; x_wconf 89' lang='lat' dir='ltr'>quibus</span> <span class='ocrx_word' id='word_1_47' title='bbox 393 484 508 516; x_wconf 88' lang='lat' dir='ltr'>litteris</span> <span class='ocrx_word' id='word_1_48' title='bbox 537 484 634 516; x_wconf 89' lang='lat' dir='ltr'>michi</span> <span class='ocrx_word' id='word_1_49' title='bbox 662 485 786 517; x_wconf 81' lang='lat' dir='ltr'>notario</span> <span class='ocrx_word' id='word_1_50' title='bbox 812 484 939 526; x_wconf 89' lang='lat' dir='ltr'>publico</span> <span class='ocrx_word' id='word_1_51' title='bbox 969 484 1172 527; x_wconf 80' lang='lat' dir='ltr'>infrascripto</span> <span class='ocrx_word' id='word_1_52' title='bbox 1201 484 1287 516; x_wconf 77' lang='lat' dir='ltr'>facta</span> <span class='ocrx_word' id='word_1_53' title='bbox 1317 483 1378 516; x_wconf 75' lang='lat' dir='ltr'>fuit</span> <span class='ocrx_word' id='word_1_54' title='bbox 1406 488 1439 516; x_wconf 91' lang='lat' dir='ltr'>et</span> <span class='ocrx_word' id='word_1_55' title='bbox 1467 487 1517 516; x_wconf 87' lang='lat' dir='ltr'>est</span> <span class='ocrx_word' id='word_1_56' title='bbox 1546 484 1639 526; x_wconf 84' lang='lat' dir='ltr'>plena</span> <span class='ocrx_word' id='word_1_57' title='bbox 1671 484 1766 525; x_wconf 86' lang='lat' dir='ltr'>fides,</span> <span class='ocrx_word' id='word_1_58' title='bbox 1794 495 1902 517; x_wconf 85' lang='lat' dir='ltr'>coram</span> 
     </span>
     <span class='ocr_line' id='line_1_7' title="bbox 219 535 1902 578; baseline 0.001 -11"><span class='ocrx_word' id='word_1_59' title='bbox 219 548 231 568; x_wconf 74' lang='lat' dir='ltr'>s</span> <span class='ocrx_word' id='word_1_60' title='bbox 250 535 459 578; x_wconf 79' lang='lat' dir='ltr'>prudentibus</span> <span class='ocrx_word' id='word_1_61' title='bbox 493 540 527 567; x_wconf 91' lang='lat' dir='ltr'>et</span> <span class='ocrx_word' id='word_1_62' title='bbox 558 535 703 568; x_wconf 89' lang='lat' dir='ltr'>discretis</span> <span class='ocrx_word' id='word_1_63' title='bbox 737 537 811 568; x_wconf 87' lang='lat' dir='ltr'>viris</span> <span class='ocrx_word' id='word_1_64' title='bbox 846 536 1028 569; x_wconf 84' lang='lat' dir='ltr'>consulibus</span> <span class='ocrx_word' id='word_1_65' title='bbox 1062 546 1119 568; x_wconf 89' lang='lat' dir='ltr'>seu</span> <span class='ocrx_word' id='word_1_66' title='bbox 1143 560 1150 567; x_wconf 94' lang='lat'><strong><em>.</em></strong></span> <span class='ocrx_word' id='word_1_67' title='bbox 1168 561 1175 568; x_wconf 88' lang='lat'><strong>.</strong></span> <span class='ocrx_word' id='word_1_68' title='bbox 1200 535 1323 568; x_wconf 87' lang='lat' dir='ltr'>civibus</span> <span class='ocrx_word' id='word_1_69' title='bbox 1353 536 1458 568; x_wconf 91' lang='lat' dir='ltr'>missis</span> <span class='ocrx_word' id='word_1_70' title='bbox 1491 546 1510 567; x_wconf 91' lang='lat' dir='ltr'>a</span> <span class='ocrx_word' id='word_1_71' title='bbox 1539 535 1722 568; x_wconf 84' lang='lat' dir='ltr'>civitatibus</span> <span class='ocrx_word' id='word_1_72' title='bbox 1751 536 1902 568; x_wconf 77' lang='lat' dir='ltr'>videlicet</span> 
     </span>
     <span class='ocr_line' id='line_1_8' title="bbox 248 586 1901 630; baseline 0.001 -12"><span class='ocrx_word' id='word_1_73' title='bbox 248 587 530 629; x_wconf 67' lang='lat' dir='ltr'>Moguntfinensi),</span> <span class='ocrx_word' id='word_1_74' title='bbox 557 587 832 629; x_wconf 70' lang='lat' dir='ltr'>Wormacfiensi),</span> <span class='ocrx_word' id='word_1_75' title='bbox 861 587 1020 630; x_wconf 81' lang='lat' dir='ltr'>Spirensi,</span> <span class='ocrx_word' id='word_1_76' title='bbox 1043 587 1288 630; x_wconf 79' lang='lat' dir='ltr'>Oppenheym⁸,</span> <span class='ocrx_word' id='word_1_77' title='bbox 1311 586 1651 629; x_wconf 78' lang='lat' dir='ltr'>Frankenford(ensi),</span> <span class='ocrx_word' id='word_1_78' title='bbox 1673 587 1901 629; x_wconf 84' lang='lat' dir='ltr'>Wetflariensi,</span> 
     </span>
     <span class='ocr_line' id='line_1_9' title="bbox 249 638 1903 682; baseline 0.001 -12"><span class='ocrx_word' id='word_1_79' title='bbox 249 638 500 680; x_wconf 83' lang='lat' dir='ltr'>Fridebergensi</span> <span class='ocrx_word' id='word_1_80' title='bbox 524 642 556 671; x_wconf 86' lang='lat' dir='ltr'>et</span> <span class='ocrx_word' id='word_1_81' title='bbox 572 638 833 681; x_wconf 84' lang='lat' dir='ltr'>Geylnhusen(si)</span> <span class='ocrx_word' id='word_1_82' title='bbox 857 642 891 671; x_wconf 91' lang='lat' dir='ltr'>et</span> <span class='ocrx_word' id='word_1_83' title='bbox 913 640 944 671; x_wconf 91' lang='lat' dir='ltr'>in</span> <span class='ocrx_word' id='word_1_84' title='bbox 960 640 1128 682; x_wconf 86' lang='lat' dir='ltr'>presencia</span> <span class='ocrx_word' id='word_1_85' title='bbox 1150 639 1214 671; x_wconf 90' lang='lat' dir='ltr'>mei</span> <span class='ocrx_word' id='word_1_86' title='bbox 1238 639 1354 671; x_wconf 86' lang='lat' dir='ltr'>notarii</span> <span class='ocrx_word' id='word_1_87' title='bbox 1368 638 1491 681; x_wconf 82' lang='lat' dir='ltr'>publici</span> <span class='ocrx_word' id='word_1_88' title='bbox 1508 639 1702 682; x_wconf 82' lang='lat' dir='ltr'>infrascripti</span> <span class='ocrx_word' id='word_1_89' title='bbox 1726 643 1759 671; x_wconf 89' lang='lat' dir='ltr'>et</span> <span class='ocrx_word' id='word_1_90' title='bbox 1774 640 1903 672; x_wconf 88' lang='lat' dir='ltr'>testium</span> 
     </span>
     <span class='ocr_line' id='line_1_10' title="bbox 249 689 1903 733; baseline 0.001 -11"><span class='ocrx_word' id='word_1_91' title='bbox 249 689 501 732; x_wconf 88' lang='lat' dir='ltr'>subscriptorum</span> <span class='ocrx_word' id='word_1_92' title='bbox 525 690 567 722; x_wconf 86' lang='lat' dir='ltr'>ad</span> <span class='ocrx_word' id='word_1_93' title='bbox 590 690 651 723; x_wconf 92' lang='lat' dir='ltr'>hoc</span> <span class='ocrx_word' id='word_1_94' title='bbox 674 691 858 733; x_wconf 76' lang='lat' dir='ltr'>specialiter</span> <span class='ocrx_word' id='word_1_95' title='bbox 880 696 1067 724; x_wconf 82' lang='lat' dir='ltr'>vocatorum</span> <span class='ocrx_word' id='word_1_96' title='bbox 1091 694 1124 723; x_wconf 87' lang='lat' dir='ltr'>et</span> <span class='ocrx_word' id='word_1_97' title='bbox 1146 694 1343 733; x_wconf 83' lang='lat' dir='ltr'>rogatorum,</span> <span class='ocrx_word' id='word_1_98' title='bbox 1366 691 1453 723; x_wconf 87' lang='lat' dir='ltr'>idem</span> <span class='ocrx_word' id='word_1_99' title='bbox 1476 690 1638 724; x_wconf 88' lang='lat' dir='ltr'>Iohannes</span> <span class='ocrx_word' id='word_1_100' title='bbox 1661 702 1757 724; x_wconf 87' lang='lat' dir='ltr'>unam</span> <span class='ocrx_word' id='word_1_101' title='bbox 1781 697 1903 724; x_wconf 84' lang='lat' dir='ltr'>cartam</span> 
     </span>
     <span class='ocr_line' id='line_1_11' title="bbox 248 742 1902 786; baseline 0.001 -12"><span class='ocrx_word' id='word_1_102' title='bbox 248 743 437 784; x_wconf 82' lang='lat' dir='ltr'>pergameni</span> <span class='ocrx_word' id='word_1_103' title='bbox 460 745 573 775; x_wconf 89' lang='lat' dir='ltr'>tenens</span> <span class='ocrx_word' id='word_1_104' title='bbox 596 743 628 774; x_wconf 90' lang='lat' dir='ltr'>in</span> <span class='ocrx_word' id='word_1_105' title='bbox 650 742 797 775; x_wconf 87' lang='lat' dir='ltr'>manibus</span> <span class='ocrx_word' id='word_1_106' title='bbox 820 743 895 783; x_wconf 90' lang='lat' dir='ltr'>suis,</span> <span class='ocrx_word' id='word_1_107' title='bbox 918 743 949 774; x_wconf 94' lang='lat' dir='ltr'>in</span> <span class='ocrx_word' id='word_1_108' title='bbox 968 753 1032 785; x_wconf 91' lang='lat' dir='ltr'>qua</span> <span class='ocrx_word' id='word_1_109' title='bbox 1055 743 1175 785; x_wconf 82' lang='lat' dir='ltr'>scripta</span> <span class='ocrx_word' id='word_1_110' title='bbox 1197 743 1258 775; x_wconf 81' lang='lat' dir='ltr'>fnit</span> <span class='ocrx_word' id='word_1_111' title='bbox 1280 753 1344 775; x_wconf 89' lang='lat' dir='ltr'>una</span> <span class='ocrx_word' id='word_1_112' title='bbox 1359 743 1468 775; x_wconf 89' lang='lat' dir='ltr'>littera</span> <span class='ocrx_word' id='word_1_113' title='bbox 1485 743 1603 784; x_wconf 84' lang='lat' dir='ltr'>lingwa</span> <span class='ocrx_word' id='word_1_114' title='bbox 1625 747 1782 783; x_wconf 90' lang='lat' dir='ltr'>materna,</span> <span class='ocrx_word' id='word_1_115' title='bbox 1806 754 1902 786; x_wconf 90' lang='lat' dir='ltr'>quam</span> 
     </span>
     <span class='ocr_line' id='line_1_12' title="bbox 207 792 1905 837; baseline 0.001 -12"><span class='ocrx_word' id='word_1_116' title='bbox 207 805 232 826; x_wconf 84' lang='grc' dir='ltr'>ιο</span> <span class='ocrx_word' id='word_1_117' title='bbox 250 792 392 826; x_wconf 75' lang='lat' dir='ltr'>litteram</span> <span class='ocrx_word' id='word_1_118' title='bbox 415 793 567 835; x_wconf 77' lang='lat' dir='ltr'>predictis</span> <span class='ocrx_word' id='word_1_119' title='bbox 590 794 771 826; x_wconf 88' lang='lat' dir='ltr'>consulibus</span> <span class='ocrx_word' id='word_1_120' title='bbox 793 805 851 826; x_wconf 89' lang='lat' dir='ltr'>seu</span> <span class='ocrx_word' id='word_1_121' title='bbox 873 793 994 826; x_wconf 84' lang='lat' dir='ltr'>civibus</span> <span class='ocrx_word' id='word_1_122' title='bbox 1017 794 1107 826; x_wconf 86' lang='lat' dir='ltr'>dedit</span> <span class='ocrx_word' id='word_1_123' title='bbox 1130 798 1162 826; x_wconf 89' lang='lat' dir='ltr'>et</span> <span class='ocrx_word' id='word_1_124' title='bbox 1185 795 1392 836; x_wconf 80' lang='lat' dir='ltr'>presentavit.</span> <span class='ocrx_word' id='word_1_125' title='bbox 1438 794 1536 827; x_wconf 86' lang='lat' dir='ltr'>Cuius</span> <span class='ocrx_word' id='word_1_126' title='bbox 1559 794 1689 837; x_wconf 87' lang='lat' dir='ltr'>quidem</span> <span class='ocrx_word' id='word_1_127' title='bbox 1713 795 1821 827; x_wconf 84' lang='lat' dir='ltr'>littere</span> <span class='ocrx_word' id='word_1_128' title='bbox 1845 795 1905 827; x_wconf 83' lang='lat' dir='ltr'>fuit</span> 
     </span>
     <span class='ocr_line' id='line_1_13' title="bbox 240 838 577 878; baseline -0.003 0"><span class='ocrx_word' id='word_1_129' title='bbox 240 838 284 878; x_wconf 74' lang='lat' dir='ltr'>vet</span> <span class='ocrx_word' id='word_1_130' title='bbox 305 848 355 877; x_wconf 89' lang='lat' dir='ltr'>est</span> <span class='ocrx_word' id='word_1_131' title='bbox 377 844 449 877; x_wconf 85' lang='lat' dir='ltr'>talis</span> <span class='ocrx_word' id='word_1_132' title='bbox 473 848 577 877; x_wconf 86' lang='lat' dir='ltr'>tenor:</span> 
     </span>
     <span class='ocr_line' id='line_1_14' title="bbox 357 896 1365 940; baseline 0.001 -12"><span class='ocrx_word' id='word_1_133' title='bbox 357 896 440 928; x_wconf 82' lang='lat' dir='ltr'>‘Den</span> <span class='ocrx_word' id='word_1_134' title='bbox 464 907 611 929; x_wconf 87' lang='lat' dir='ltr'>ersamen</span> <span class='ocrx_word' id='word_1_135' title='bbox 635 908 792 939; x_wconf 86' lang='lat' dir='ltr'>wysen—</span> <span class='ocrx_word' id='word_1_136' title='bbox 811 898 859 930; x_wconf 88' lang='lat' dir='ltr'>sin</span> <span class='ocrx_word' id='word_1_137' title='bbox 882 908 944 930; x_wconf 85' lang='lat' dir='ltr'>von</span> <span class='ocrx_word' id='word_1_138' title='bbox 968 897 1052 940; x_wconf 84' lang='lat' dir='ltr'>yen.&#39;</span> <span class='ocrx_word' id='word_1_139' title='bbox 1074 907 1174 938; x_wconf 82' lang='lat' dir='ltr'>supra</span> <span class='ocrx_word' id='word_1_140' title='bbox 1196 907 1245 929; x_wconf 80' lang='lat' dir='ltr'>nr.</span> <span class='ocrx_word' id='word_1_141' title='bbox 1262 898 1335 929; x_wconf 82' lang='grc'><em>488.</em></span> <span class='ocrx_word' id='word_1_142' title='bbox 1362 896 1365 899; x_wconf 72' lang='grc'><strong>’</strong></span> 
     </span>
     <span class='ocr_line' id='line_1_15' title="bbox 358 948 1903 985; baseline -0.001 -4"><span class='ocrx_word' id='word_1_143' title='bbox 358 948 441 981; x_wconf 84' lang='lat' dir='ltr'>Acta</span> <span class='ocrx_word' id='word_1_144' title='bbox 474 952 547 980; x_wconf 85' lang='lat' dir='ltr'>sunt</span> <span class='ocrx_word' id='word_1_145' title='bbox 569 949 629 981; x_wconf 91' lang='lat' dir='ltr'>hec</span> <span class='ocrx_word' id='word_1_146' title='bbox 661 960 743 982; x_wconf 85' lang='lat' dir='ltr'>anno</span> <span class='ocrx_word' id='word_1_147' title='bbox 774 961 793 982; x_wconf 86' lang='lat' dir='ltr'>a</span> <span class='ocrx_word' id='word_1_148' title='bbox 820 950 988 982; x_wconf 79' lang='lat' dir='ltr'>nativitate</span> <span class='ocrx_word' id='word_1_149' title='bbox 1011 949 1139 981; x_wconf 88' lang='lat' dir='ltr'>Domini</span> <span class='ocrx_word' id='word_1_150' title='bbox 1167 948 1338 981; x_wconf 87' lang='lat' dir='ltr'>millesimo</span> <span class='ocrx_word' id='word_1_151' title='bbox 1362 949 1590 981; x_wconf 86' lang='lat' dir='ltr'>trecentesimo</span> <span class='ocrx_word' id='word_1_152' title='bbox 1619 949 1744 982; x_wconf 88' lang='lat' dir='ltr'>decimo</span> <span class='ocrx_word' id='word_1_153' title='bbox 1777 954 1903 985; x_wconf 81' lang='lat' dir='ltr'>octavo,</span> 
     </span>
     <span class='ocr_line' id='line_1_16' title="bbox 249 999 1903 1044; baseline 0 -12"><span class='ocrx_word' id='word_1_154' title='bbox 249 999 422 1032; x_wconf 85' lang='lat' dir='ltr'>indictione</span> <span class='ocrx_word' id='word_1_155' title='bbox 451 1001 568 1042; x_wconf 87' lang='lat' dir='ltr'>prima,</span> <span class='ocrx_word' id='word_1_156' title='bbox 597 1002 696 1033; x_wconf 87' lang='lat' dir='ltr'>tercia</span> <span class='ocrx_word' id='word_1_157' title='bbox 726 1001 778 1033; x_wconf 86' lang='lat' dir='ltr'>die</span> <span class='ocrx_word' id='word_1_158' title='bbox 807 1001 926 1044; x_wconf 77' lang='lat' dir='ltr'>Aprilis</span> <span class='ocrx_word' id='word_1_159' title='bbox 953 1000 1032 1033; x_wconf 88' lang='lat' dir='ltr'>hora</span> <span class='ocrx_word' id='word_1_160' title='bbox 1061 1003 1153 1033; x_wconf 85' lang='lat' dir='ltr'>sexta</span> <span class='ocrx_word' id='word_1_161' title='bbox 1186 1000 1218 1032; x_wconf 92' lang='lat' dir='ltr'>in</span> <span class='ocrx_word' id='word_1_162' title='bbox 1253 1003 1347 1043; x_wconf 88' lang='lat' dir='ltr'>stupa</span> <span class='ocrx_word' id='word_1_163' title='bbox 1379 1001 1513 1033; x_wconf 81' lang='lat' dir='ltr'>fratrum</span> <span class='ocrx_word' id='word_1_164' title='bbox 1541 1001 1700 1034; x_wconf 84' lang='lat' dir='ltr'>Minorum</span> <span class='ocrx_word' id='word_1_165' title='bbox 1728 1001 1842 1033; x_wconf 89' lang='lat' dir='ltr'>domus</span> <span class='ocrx_word' id='word_1_166' title='bbox 1872 1002 1903 1033; x_wconf 87' lang='lat' dir='ltr'>in</span> 
     </span>
     <span class='ocr_line' id='line_1_17' title="bbox 206 1050 1903 1094; baseline 0.001 -11"><span class='ocrx_word' id='word_1_167' title='bbox 206 1063 231 1084; x_wconf 69' lang='grc' dir='ltr'>ιο</span> <span class='ocrx_word' id='word_1_168' title='bbox 251 1050 468 1094; x_wconf 86' lang='lat' dir='ltr'>Oppenheyn,</span> <span class='ocrx_word' id='word_1_169' title='bbox 499 1052 703 1094; x_wconf 85' lang='lat' dir='ltr'>pontificatus</span> <span class='ocrx_word' id='word_1_170' title='bbox 726 1053 915 1084; x_wconf 79' lang='lat' dir='ltr'>sanctissimi</span> <span class='ocrx_word' id='word_1_171' title='bbox 942 1053 973 1084; x_wconf 90' lang='lat' dir='ltr'>in</span> <span class='ocrx_word' id='word_1_172' title='bbox 998 1051 1125 1084; x_wconf 82' lang='lat' dir='ltr'>Christo</span> <span class='ocrx_word' id='word_1_173' title='bbox 1148 1052 1248 1094; x_wconf 89' lang='lat' dir='ltr'>patris</span> <span class='ocrx_word' id='word_1_174' title='bbox 1271 1062 1309 1084; x_wconf 86' lang='lat' dir='ltr'>ac</span> <span class='ocrx_word' id='word_1_175' title='bbox 1333 1052 1453 1084; x_wconf 90' lang='lat' dir='ltr'>domini</span> <span class='ocrx_word' id='word_1_176' title='bbox 1477 1052 1598 1085; x_wconf 90' lang='lat' dir='ltr'>domini</span> <span class='ocrx_word' id='word_1_177' title='bbox 1622 1053 1774 1085; x_wconf 84' lang='lat' dir='ltr'>Iohannis</span> <span class='ocrx_word' id='word_1_178' title='bbox 1797 1052 1903 1084; x_wconf 77' lang='lat' dir='ltr'>divina</span> 
     </span>
     <span class='ocr_line' id='line_1_18' title="bbox 249 1102 1904 1146; baseline 0 -11"><span class='ocrx_word' id='word_1_179' title='bbox 249 1102 456 1146; x_wconf 82' lang='lat' dir='ltr'>providencia</span> <span class='ocrx_word' id='word_1_180' title='bbox 479 1114 564 1145; x_wconf 83' lang='lat' dir='ltr'>pape</span> <span class='ocrx_word' id='word_1_181' title='bbox 580 1104 723 1136; x_wconf 84' lang='lat' dir='ltr'>vicesimi</span> <span class='ocrx_word' id='word_1_182' title='bbox 746 1104 877 1136; x_wconf 88' lang='lat' dir='ltr'>secundi</span> <span class='ocrx_word' id='word_1_183' title='bbox 901 1114 983 1136; x_wconf 89' lang='lat' dir='ltr'>anno</span> <span class='ocrx_word' id='word_1_184' title='bbox 1006 1103 1157 1136; x_wconf 87' lang='lat' dir='ltr'>secundo.</span> <span class='ocrx_word' id='word_1_185' title='bbox 1202 1103 1411 1136; x_wconf 87' lang='lat' dir='ltr'>Presentibus</span> <span class='ocrx_word' id='word_1_186' title='bbox 1434 1106 1592 1137; x_wconf 83' lang='lat' dir='ltr'>strennuis</span> <span class='ocrx_word' id='word_1_187' title='bbox 1615 1108 1648 1137; x_wconf 90' lang='lat' dir='ltr'>et</span> <span class='ocrx_word' id='word_1_188' title='bbox 1671 1105 1813 1137; x_wconf 85' lang='lat' dir='ltr'>honestis</span> <span class='ocrx_word' id='word_1_189' title='bbox 1829 1105 1904 1136; x_wconf 86' lang='lat' dir='ltr'>viris</span> 
     </span>
     <span class='ocr_line' id='line_1_19' title="bbox 249 1154 1903 1198; baseline 0.001 -12"><span class='ocrx_word' id='word_1_190' title='bbox 249 1165 374 1187; x_wconf 87' lang='lat' dir='ltr'>necnon</span> <span class='ocrx_word' id='word_1_191' title='bbox 401 1155 548 1187; x_wconf 87' lang='lat' dir='ltr'>discretis</span> <span class='ocrx_word' id='word_1_192' title='bbox 570 1154 670 1187; x_wconf 88' lang='lat' dir='ltr'>Petro</span> <span class='ocrx_word' id='word_1_193' title='bbox 694 1155 779 1188; x_wconf 88' lang='lat' dir='ltr'>dicto</span> <span class='ocrx_word' id='word_1_194' title='bbox 811 1155 851 1188; x_wconf 91' lang='lat' dir='ltr'>de</span> <span class='ocrx_word' id='word_1_195' title='bbox 874 1155 1000 1198; x_wconf 87' lang='lat' dir='ltr'>Lapide</span> <span class='ocrx_word' id='word_1_196' title='bbox 1030 1155 1148 1197; x_wconf 86' lang='lat' dir='ltr'>milite,</span> <span class='ocrx_word' id='word_1_197' title='bbox 1179 1154 1305 1188; x_wconf 89' lang='lat' dir='ltr'>Ortlibo</span> <span class='ocrx_word' id='word_1_198' title='bbox 1335 1155 1377 1188; x_wconf 89' lang='lat' dir='ltr'>ad</span> <span class='ocrx_word' id='word_1_199' title='bbox 1401 1156 1555 1189; x_wconf 87' lang='lat' dir='ltr'>Iuvenem</span> <span class='ocrx_word' id='word_1_200' title='bbox 1584 1157 1680 1189; x_wconf 83' lang='lat' dir='ltr'>abam</span> <span class='ocrx_word' id='word_1_201' title='bbox 1712 1161 1745 1190; x_wconf 89' lang='lat' dir='ltr'>et</span> <span class='ocrx_word' id='word_1_202' title='bbox 1767 1156 1903 1189; x_wconf 85' lang='lat' dir='ltr'>Nicolao</span> 
     </span>
     <span class='ocr_line' id='line_1_20' title="bbox 250 1205 1903 1250; baseline 0 -11"><span class='ocrx_word' id='word_1_203' title='bbox 250 1206 335 1239; x_wconf 84' lang='lat' dir='ltr'>dieto</span> <span class='ocrx_word' id='word_1_204' title='bbox 359 1205 398 1239; x_wconf 80' lang='lat' dir='ltr'>zfi</span> <span class='ocrx_word' id='word_1_205' title='bbox 420 1206 626 1239; x_wconf 85' lang='lat' dir='ltr'>Eckenkelre</span> <span class='ocrx_word' id='word_1_206' title='bbox 650 1208 754 1240; x_wconf 88' lang='lat' dir='ltr'>iudice</span> <span class='ocrx_word' id='word_1_207' title='bbox 777 1208 915 1240; x_wconf 90' lang='lat' dir='ltr'>seculari</span> <span class='ocrx_word' id='word_1_208' title='bbox 937 1207 1212 1250; x_wconf 85' lang='lat' dir='ltr'>Mogunt(inensi),</span> <span class='ocrx_word' id='word_1_209' title='bbox 1237 1207 1442 1249; x_wconf 86' lang='lat' dir='ltr'>Heylmanno</span> <span class='ocrx_word' id='word_1_210' title='bbox 1466 1208 1551 1241; x_wconf 89' lang='lat' dir='ltr'>dicto</span> <span class='ocrx_word' id='word_1_211' title='bbox 1576 1209 1616 1241; x_wconf 91' lang='lat' dir='ltr'>de</span> <span class='ocrx_word' id='word_1_212' title='bbox 1632 1208 1726 1241; x_wconf 84' lang='lat' dir='ltr'>Picta</span> <span class='ocrx_word' id='word_1_213' title='bbox 1749 1208 1846 1240; x_wconf 88' lang='lat' dir='ltr'>domo</span> <span class='ocrx_word' id='word_1_214' title='bbox 1870 1212 1903 1240; x_wconf 90' lang='lat' dir='ltr'>et</span> 
     </span>
     <span class='ocr_line' id='line_1_21' title="bbox 249 1257 1903 1302; baseline 0.001 -12"><span class='ocrx_word' id='word_1_215' title='bbox 249 1257 454 1300; x_wconf 85' lang='lat' dir='ltr'>Heylmanno</span> <span class='ocrx_word' id='word_1_216' title='bbox 478 1259 563 1291; x_wconf 91' lang='lat' dir='ltr'>dicto</span> <span class='ocrx_word' id='word_1_217' title='bbox 587 1258 744 1302; x_wconf 85' lang='lat' dir='ltr'>Holtmag</span> <span class='ocrx_word' id='word_1_218' title='bbox 767 1259 807 1292; x_wconf 89' lang='lat' dir='ltr'>de</span> <span class='ocrx_word' id='word_1_219' title='bbox 823 1259 1025 1300; x_wconf 83' lang='lat' dir='ltr'>Wormacia,</span> <span class='ocrx_word' id='word_1_220' title='bbox 1055 1258 1217 1302; x_wconf 83' lang='lat' dir='ltr'>Sygelone</span> <span class='ocrx_word' id='word_1_221' title='bbox 1241 1259 1327 1291; x_wconf 90' lang='lat' dir='ltr'>dicto</span> <span class='ocrx_word' id='word_1_222' title='bbox 1350 1258 1449 1302; x_wconf 76' lang='lat' dir='ltr'>Hfiyn</span> <span class='ocrx_word' id='word_1_223' title='bbox 1472 1264 1506 1292; x_wconf 90' lang='lat' dir='ltr'>et</span> <span class='ocrx_word' id='word_1_224' title='bbox 1528 1260 1730 1293; x_wconf 86' lang='lat' dir='ltr'>Hartmanno</span> <span class='ocrx_word' id='word_1_225' title='bbox 1754 1260 1840 1293; x_wconf 88' lang='lat' dir='ltr'>dicto</span> <span class='ocrx_word' id='word_1_226' title='bbox 1864 1260 1903 1292; x_wconf 74' lang='lat' dir='ltr'>zfi</span> 
     </span>
     <span class='ocr_line' id='line_1_22' title="bbox 206 1310 1902 1355; baseline 0.002 -13"><span class='ocrx_word' id='word_1_227' title='bbox 206 1320 232 1342; x_wconf 75' lang='lat' dir='ltr'>so</span> <span class='ocrx_word' id='word_1_228' title='bbox 249 1321 302 1343; x_wconf 89' lang='lat' dir='ltr'>me</span> <span class='ocrx_word' id='word_1_229' title='bbox 317 1310 433 1343; x_wconf 91' lang='lat' dir='ltr'>Roden</span> <span class='ocrx_word' id='word_1_230' title='bbox 450 1310 572 1343; x_wconf 87' lang='lat' dir='ltr'>schilde</span> <span class='ocrx_word' id='word_1_231' title='bbox 597 1311 636 1343; x_wconf 92' lang='lat' dir='ltr'>de</span> <span class='ocrx_word' id='word_1_232' title='bbox 654 1310 757 1353; x_wconf 84' lang='lat' dir='ltr'>Spira,</span> <span class='ocrx_word' id='word_1_233' title='bbox 773 1311 948 1354; x_wconf 80' lang='lat' dir='ltr'>Wygando</span> <span class='ocrx_word' id='word_1_234' title='bbox 971 1311 1012 1343; x_wconf 88' lang='lat' dir='ltr'>de</span> <span class='ocrx_word' id='word_1_235' title='bbox 1030 1311 1191 1354; x_wconf 87' lang='lat' dir='ltr'>Dynheim</span> <span class='ocrx_word' id='word_1_236' title='bbox 1206 1311 1310 1343; x_wconf 90' lang='lat' dir='ltr'>milite</span> <span class='ocrx_word' id='word_1_237' title='bbox 1334 1315 1367 1343; x_wconf 88' lang='lat' dir='ltr'>et</span> <span class='ocrx_word' id='word_1_238' title='bbox 1382 1311 1524 1344; x_wconf 89' lang='lat' dir='ltr'>Velzone</span> <span class='ocrx_word' id='word_1_239' title='bbox 1548 1312 1634 1344; x_wconf 89' lang='lat' dir='ltr'>dicto</span> <span class='ocrx_word' id='word_1_240' title='bbox 1658 1312 1699 1344; x_wconf 91' lang='lat' dir='ltr'>de</span> <span class='ocrx_word' id='word_1_241' title='bbox 1715 1312 1837 1355; x_wconf 79' lang='lat' dir='ltr'>Alzeya</span> <span class='ocrx_word' id='word_1_242' title='bbox 1861 1313 1902 1344; x_wconf 88' lang='lat' dir='ltr'>de</span> 
     </span>
     <span class='ocr_line' id='line_1_23' title="bbox 174 1361 1902 1406; baseline 0.002 -12"><span class='ocrx_word' id='word_1_243' title='bbox 174 1372 175 1375; x_wconf 73' lang='grc'>’</span> <span class='ocrx_word' id='word_1_244' title='bbox 249 1361 480 1405; x_wconf 88' lang='lat' dir='ltr'>Oppenheym,</span> <span class='ocrx_word' id='word_1_245' title='bbox 511 1362 659 1395; x_wconf 88' lang='lat' dir='ltr'>Conrado</span> <span class='ocrx_word' id='word_1_246' title='bbox 684 1362 768 1395; x_wconf 88' lang='lat' dir='ltr'>dicto</span> <span class='ocrx_word' id='word_1_247' title='bbox 791 1363 999 1406; x_wconf 87' lang='lat' dir='ltr'>Ryntfleysch</span> <span class='ocrx_word' id='word_1_248' title='bbox 1027 1367 1060 1395; x_wconf 89' lang='lat' dir='ltr'>et</span> <span class='ocrx_word' id='word_1_249' title='bbox 1082 1363 1224 1395; x_wconf 80' lang='lat' dir='ltr'>Hem-ico</span> <span class='ocrx_word' id='word_1_250' title='bbox 1253 1362 1340 1395; x_wconf 88' lang='lat' dir='ltr'>dicto</span> <span class='ocrx_word' id='word_1_251' title='bbox 1363 1374 1425 1396; x_wconf 86' lang='lat' dir='ltr'>von</span> <span class='ocrx_word' id='word_1_252' title='bbox 1453 1363 1512 1396; x_wconf 88' lang='lat' dir='ltr'>der</span> <span class='ocrx_word' id='word_1_253' title='bbox 1534 1363 1646 1396; x_wconf 86' lang='lat' dir='ltr'>Ecken</span> <span class='ocrx_word' id='word_1_254' title='bbox 1670 1363 1711 1396; x_wconf 85' lang='lat' dir='ltr'>de</span> <span class='ocrx_word' id='word_1_255' title='bbox 1735 1363 1902 1397; x_wconf 82' lang='lat' dir='ltr'>Franken-</span> 
     </span>
     <span class='ocr_line' id='line_1_24' title="bbox 248 1413 1902 1457; baseline 0.002 -11"><span class='ocrx_word' id='word_1_256' title='bbox 248 1414 338 1455; x_wconf 83' lang='lat' dir='ltr'>vord,</span> <span class='ocrx_word' id='word_1_257' title='bbox 361 1414 507 1456; x_wconf 83' lang='lat' dir='ltr'>Iungone</span> <span class='ocrx_word' id='word_1_258' title='bbox 531 1413 571 1446; x_wconf 89' lang='lat' dir='ltr'>de</span> <span class='ocrx_word' id='word_1_259' title='bbox 592 1414 782 1457; x_wconf 84' lang='lat' dir='ltr'>Frideberg,</span> <span class='ocrx_word' id='word_1_260' title='bbox 806 1415 944 1447; x_wconf 85' lang='lat' dir='ltr'>Gerlaco</span> <span class='ocrx_word' id='word_1_261' title='bbox 968 1414 1053 1447; x_wconf 88' lang='lat' dir='ltr'>dicto</span> <span class='ocrx_word' id='word_1_262' title='bbox 1070 1414 1253 1447; x_wconf 87' lang='lat' dir='ltr'>Modersele</span> <span class='ocrx_word' id='word_1_263' title='bbox 1276 1418 1310 1447; x_wconf 89' lang='lat' dir='ltr'>et</span> <span class='ocrx_word' id='word_1_264' title='bbox 1329 1414 1518 1448; x_wconf 83' lang='lat' dir='ltr'>Merkelone</span> <span class='ocrx_word' id='word_1_265' title='bbox 1542 1417 1628 1448; x_wconf 88' lang='lat' dir='ltr'>dicto</span> <span class='ocrx_word' id='word_1_266' title='bbox 1650 1416 1691 1448; x_wconf 88' lang='lat' dir='ltr'>de</span> <span class='ocrx_word' id='word_1_267' title='bbox 1707 1415 1838 1449; x_wconf 74' lang='lat' dir='ltr'>Nflvern</span> <span class='ocrx_word' id='word_1_268' title='bbox 1861 1416 1902 1449; x_wconf 86' lang='lat' dir='ltr'>de</span> 
     </span>
     <span class='ocr_line' id='line_1_25' title="bbox 248 1465 1902 1511; baseline 0.002 -14"><span class='ocrx_word' id='word_1_269' title='bbox 248 1465 418 1499; x_wconf 83' lang='lat' dir='ltr'>Wetflaria</span> <span class='ocrx_word' id='word_1_270' title='bbox 442 1469 476 1498; x_wconf 86' lang='lat' dir='ltr'>et</span> <span class='ocrx_word' id='word_1_271' title='bbox 497 1466 670 1498; x_wconf 89' lang='lat' dir='ltr'>Herbordo</span> <span class='ocrx_word' id='word_1_272' title='bbox 695 1466 780 1499; x_wconf 90' lang='lat' dir='ltr'>dicto</span> <span class='ocrx_word' id='word_1_273' title='bbox 803 1466 917 1509; x_wconf 86' lang='lat' dir='ltr'>Rynch</span> <span class='ocrx_word' id='word_1_274' title='bbox 942 1466 982 1499; x_wconf 93' lang='lat' dir='ltr'>de</span> <span class='ocrx_word' id='word_1_275' title='bbox 1006 1466 1142 1499; x_wconf 85' lang='lat' dir='ltr'>Elmena</span> <span class='ocrx_word' id='word_1_276' title='bbox 1165 1466 1267 1499; x_wconf 88' lang='lat' dir='ltr'>milite</span> <span class='ocrx_word' id='word_1_277' title='bbox 1291 1477 1328 1498; x_wconf 88' lang='lat' dir='ltr'>ac</span> <span class='ocrx_word' id='word_1_278' title='bbox 1351 1466 1423 1499; x_wconf 88' lang='lat' dir='ltr'>aliis</span> <span class='ocrx_word' id='word_1_279' title='bbox 1445 1478 1541 1510; x_wconf 87' lang='lat' dir='ltr'>quam</span> <span class='ocrx_word' id='word_1_280' title='bbox 1565 1467 1710 1510; x_wconf 86' lang='lat' dir='ltr'>pluribus</span> <span class='ocrx_word' id='word_1_281' title='bbox 1732 1467 1902 1511; x_wconf 82' lang='lat' dir='ltr'>fidedignis</span> 
     </span>
     <span class='ocr_line' id='line_1_26' title="bbox 248 1517 1271 1561; baseline 0 -11"><span class='ocrx_word' id='word_1_282' title='bbox 248 1528 307 1560; x_wconf 91' lang='lat' dir='ltr'>pro</span> <span class='ocrx_word' id='word_1_283' title='bbox 330 1517 466 1550; x_wconf 86' lang='lat' dir='ltr'>testibus</span> <span class='ocrx_word' id='word_1_284' title='bbox 489 1517 531 1550; x_wconf 86' lang='lat' dir='ltr'>ad</span> <span class='ocrx_word' id='word_1_285' title='bbox 555 1519 711 1560; x_wconf 88' lang='lat' dir='ltr'>premissa</span> <span class='ocrx_word' id='word_1_286' title='bbox 733 1519 855 1550; x_wconf 82' lang='lat' dir='ltr'>vocatis</span> <span class='ocrx_word' id='word_1_287' title='bbox 878 1518 1062 1561; x_wconf 83' lang='lat' dir='ltr'>specialiter</span> <span class='ocrx_word' id='word_1_288' title='bbox 1086 1522 1119 1550; x_wconf 85' lang='lat' dir='ltr'>et</span> <span class='ocrx_word' id='word_1_289' title='bbox 1141 1519 1271 1560; x_wconf 81' lang='lat' dir='ltr'>rogatis.</span> 
     </span>
    </p>
   </div>
   <div class='ocr_carea' id='block_1_4' title="bbox 206 1578 1902 1880">
    <p class='ocr_par' dir='ltr' id='par_1_4' title="bbox 206 1578 1902 1880">
     <span class='ocr_line' id='line_1_27' title="bbox 206 1578 1901 1623; baseline 0.001 -10"><span class='ocrx_word' id='word_1_290' title='bbox 206 1592 231 1613; x_wconf 69' lang='lat' dir='ltr'>ss</span> <span class='ocrx_word' id='word_1_291' title='bbox 357 1578 402 1619; x_wconf 82' lang='lat' dir='ltr'>(S.</span> <span class='ocrx_word' id='word_1_292' title='bbox 419 1578 474 1619; x_wconf 83' lang='lat' dir='ltr'>N.)</span> <span class='ocrx_word' id='word_1_293' title='bbox 519 1578 561 1611; x_wconf 88' lang='lat' dir='ltr'>Et</span> <span class='ocrx_word' id='word_1_294' title='bbox 590 1589 652 1622; x_wconf 84' lang='lat' dir='ltr'>ego</span> <span class='ocrx_word' id='word_1_295' title='bbox 675 1579 857 1611; x_wconf 88' lang='lat' dir='ltr'>Hartradus</span> <span class='ocrx_word' id='word_1_296' title='bbox 881 1579 922 1611; x_wconf 89' lang='lat' dir='ltr'>de</span> <span class='ocrx_word' id='word_1_297' title='bbox 945 1578 1129 1611; x_wconf 83' lang='lat' dir='ltr'>Medebeke</span> <span class='ocrx_word' id='word_1_298' title='bbox 1159 1578 1292 1611; x_wconf 90' lang='lat' dir='ltr'>clericus</span> <span class='ocrx_word' id='word_1_299' title='bbox 1315 1578 1481 1611; x_wconf 86' lang='lat' dir='ltr'>Colonien.</span> <span class='ocrx_word' id='word_1_300' title='bbox 1505 1579 1597 1622; x_wconf 83' lang='lat' dir='ltr'>dyoc.</span> <span class='ocrx_word' id='word_1_301' title='bbox 1622 1579 1770 1622; x_wconf 86' lang='lat' dir='ltr'>publicus</span> <span class='ocrx_word' id='word_1_302' title='bbox 1799 1581 1901 1623; x_wconf 85' lang='lat' dir='ltr'>impe-</span> 
     </span>
     <span class='ocr_line' id='line_1_28' title="bbox 248 1630 1901 1674; baseline 0.001 -12"><span class='ocrx_word' id='word_1_303' title='bbox 248 1630 321 1662; x_wconf 88' lang='lat' dir='ltr'>riali</span> <span class='ocrx_word' id='word_1_304' title='bbox 343 1630 535 1662; x_wconf 84' lang='lat' dir='ltr'>auctoritate</span> <span class='ocrx_word' id='word_1_305' title='bbox 558 1631 700 1663; x_wconf 80' lang='lat' dir='ltr'>notarius</span> <span class='ocrx_word' id='word_1_306' title='bbox 716 1631 947 1673; x_wconf 76' lang='lat' dir='ltr'>presentationi</span> <span class='ocrx_word' id='word_1_307' title='bbox 963 1630 1108 1673; x_wconf 87' lang='lat' dir='ltr'>predicte</span> <span class='ocrx_word' id='word_1_308' title='bbox 1124 1630 1232 1662; x_wconf 88' lang='lat' dir='ltr'>littere</span> <span class='ocrx_word' id='word_1_309' title='bbox 1248 1641 1308 1672; x_wconf 90' lang='lat' dir='ltr'>per</span> <span class='ocrx_word' id='word_1_310' title='bbox 1321 1630 1501 1673; x_wconf 88' lang='lat' dir='ltr'>predictum</span> <span class='ocrx_word' id='word_1_311' title='bbox 1518 1631 1695 1663; x_wconf 80' lang='lat' dir='ltr'>Iohannem</span> <span class='ocrx_word' id='word_1_312' title='bbox 1713 1631 1753 1664; x_wconf 88' lang='lat' dir='ltr'>de</span> <span class='ocrx_word' id='word_1_313' title='bbox 1769 1631 1901 1674; x_wconf 76' lang='lat' dir='ltr'>Beyene</span> 
     </span>
     <span class='ocr_line' id='line_1_29' title="bbox 248 1681 1901 1725; baseline 0.001 -11"><span class='ocrx_word' id='word_1_314' title='bbox 248 1693 311 1714; x_wconf 89' lang='lat' dir='ltr'>una</span> <span class='ocrx_word' id='word_1_315' title='bbox 334 1693 406 1714; x_wconf 93' lang='lat' dir='ltr'>cum</span> <span class='ocrx_word' id='word_1_316' title='bbox 429 1682 632 1724; x_wconf 87' lang='lat' dir='ltr'>presentibus</span> <span class='ocrx_word' id='word_1_317' title='bbox 655 1682 790 1715; x_wconf 88' lang='lat' dir='ltr'>testibus</span> <span class='ocrx_word' id='word_1_318' title='bbox 814 1692 946 1725; x_wconf 88' lang='lat' dir='ltr'>presens</span> <span class='ocrx_word' id='word_1_319' title='bbox 969 1682 1015 1714; x_wconf 76' lang='lat' dir='ltr'>fui</span> <span class='ocrx_word' id='word_1_320' title='bbox 1038 1681 1131 1714; x_wconf 86' lang='lat' dir='ltr'>dictis</span> <span class='ocrx_word' id='word_1_321' title='bbox 1147 1681 1283 1714; x_wconf 90' lang='lat' dir='ltr'>dominis</span> <span class='ocrx_word' id='word_1_322' title='bbox 1305 1682 1488 1715; x_wconf 87' lang='lat' dir='ltr'>consulibus</span> <span class='ocrx_word' id='word_1_323' title='bbox 1511 1694 1569 1715; x_wconf 90' lang='lat' dir='ltr'>seu</span> <span class='ocrx_word' id='word_1_324' title='bbox 1591 1683 1714 1716; x_wconf 82' lang='lat' dir='ltr'>civibus</span> <span class='ocrx_word' id='word_1_325' title='bbox 1737 1684 1901 1716; x_wconf 78' lang='lat' dir='ltr'>civitatum</span> 
     </span>
     <span class='ocr_line' id='line_1_30' title="bbox 248 1733 1902 1778; baseline 0.001 -12"><span class='ocrx_word' id='word_1_326' title='bbox 248 1733 466 1776; x_wconf 86' lang='lat' dir='ltr'>predictarum</span> <span class='ocrx_word' id='word_1_327' title='bbox 491 1738 524 1766; x_wconf 88' lang='lat' dir='ltr'>et</span> <span class='ocrx_word' id='word_1_328' title='bbox 546 1745 585 1766; x_wconf 86' lang='lat' dir='ltr'>ea</span> <span class='ocrx_word' id='word_1_329' title='bbox 609 1735 716 1766; x_wconf 80' lang='lat' dir='ltr'>omnia</span> <span class='ocrx_word' id='word_1_330' title='bbox 739 1738 772 1766; x_wconf 88' lang='lat' dir='ltr'>et</span> <span class='ocrx_word' id='word_1_331' title='bbox 794 1734 920 1776; x_wconf 82' lang='lat' dir='ltr'>singula</span> <span class='ocrx_word' id='word_1_332' title='bbox 935 1734 1162 1776; x_wconf 73' lang='lat' dir='ltr'>suprascripta,</span> <span class='ocrx_word' id='word_1_333' title='bbox 1186 1738 1282 1776; x_wconf 88' lang='lat' dir='ltr'>prout</span> <span class='ocrx_word' id='word_1_334' title='bbox 1303 1735 1422 1776; x_wconf 86' lang='lat' dir='ltr'>scripta</span> <span class='ocrx_word' id='word_1_335' title='bbox 1444 1737 1527 1775; x_wconf 90' lang='lat' dir='ltr'>sunt,</span> <span class='ocrx_word' id='word_1_336' title='bbox 1550 1733 1700 1778; x_wconf 67' lang='lat' dir='ltr'>[audiviP’</span> <span class='ocrx_word' id='word_1_337' title='bbox 1717 1739 1750 1767; x_wconf 91' lang='lat' dir='ltr'>et</span> <span class='ocrx_word' id='word_1_338' title='bbox 1772 1735 1803 1767; x_wconf 90' lang='lat' dir='ltr'>in</span> <span class='ocrx_word' id='word_1_339' title='bbox 1820 1735 1902 1767; x_wconf 86' lang='lat' dir='ltr'>hanc</span> 
     </span>
     <span class='ocr_line' id='line_1_31' title="bbox 249 1785 1901 1830; baseline 0.002 -13"><span class='ocrx_word' id='word_1_340' title='bbox 249 1785 412 1828; x_wconf 80' lang='lat' dir='ltr'>publicam</span> <span class='ocrx_word' id='word_1_341' title='bbox 435 1786 571 1818; x_wconf 90' lang='lat' dir='ltr'>formam</span> <span class='ocrx_word' id='word_1_342' title='bbox 595 1786 708 1828; x_wconf 86' lang='lat' dir='ltr'>redegi</span> <span class='ocrx_word' id='word_1_343' title='bbox 729 1796 869 1828; x_wconf 90' lang='lat' dir='ltr'>meoque</span> <span class='ocrx_word' id='word_1_344' title='bbox 892 1787 982 1828; x_wconf 89' lang='lat' dir='ltr'>signo</span> <span class='ocrx_word' id='word_1_345' title='bbox 1007 1790 1160 1817; x_wconf 87' lang='lat' dir='ltr'>consueto</span> <span class='ocrx_word' id='word_1_346' title='bbox 1184 1786 1317 1828; x_wconf 79' lang='lat' dir='ltr'>signavi,</span> <span class='ocrx_word' id='word_1_347' title='bbox 1342 1789 1473 1829; x_wconf 85' lang='lat' dir='ltr'>rogatus</span> <span class='ocrx_word' id='word_1_348' title='bbox 1497 1791 1530 1818; x_wconf 90' lang='lat' dir='ltr'>et</span> <span class='ocrx_word' id='word_1_349' title='bbox 1553 1786 1724 1829; x_wconf 89' lang='lat' dir='ltr'>requisitus</span> <span class='ocrx_word' id='word_1_350' title='bbox 1748 1797 1806 1829; x_wconf 88' lang='lat' dir='ltr'>per</span> <span class='ocrx_word' id='word_1_351' title='bbox 1829 1798 1901 1830; x_wconf 89' lang='lat' dir='ltr'>pre-</span> 
     </span>
     <span class='ocr_line' id='line_1_32' title="bbox 207 1837 803 1880; baseline 0.002 -11"><span class='ocrx_word' id='word_1_352' title='bbox 207 1849 232 1870; x_wconf 78' lang='lat' dir='ltr'>ao</span> <span class='ocrx_word' id='word_1_353' title='bbox 250 1837 369 1870; x_wconf 87' lang='lat' dir='ltr'>dictum</span> <span class='ocrx_word' id='word_1_354' title='bbox 394 1837 572 1870; x_wconf 77' lang='lat' dir='ltr'>Iohannem</span> <span class='ocrx_word' id='word_1_355' title='bbox 597 1837 637 1869; x_wconf 90' lang='lat' dir='ltr'>de</span> <span class='ocrx_word' id='word_1_356' title='bbox 661 1838 803 1880; x_wconf 84' lang='lat' dir='ltr'>Beyene.</span> 
     </span>
    </p>
   </div>
   <div class='ocr_carea' id='block_1_5' title="bbox 561 1978 1588 2024">
    <p class='ocr_par' dir='ltr' id='par_1_5' title="bbox 561 1978 1588 2024">
     <span class='ocr_line' id='line_1_33' title="bbox 561 1978 1588 2024; baseline -0.002 -10"><span class='ocrx_word' id='word_1_357' title='bbox 561 1978 648 2015; x_wconf 76' lang='lat'>490.</span> <span class='ocrx_word' id='word_1_358' title='bbox 690 1979 894 2014; x_wconf 76' lang='lat' dir='ltr'>Protestatio</span> <span class='ocrx_word' id='word_1_359' title='bbox 923 1978 1077 2014; x_wconf 74' lang='lat' dir='ltr'>advocati</span> <span class='ocrx_word' id='word_1_360' title='bbox 1101 1978 1337 2024; x_wconf 66' lang='lat' dir='ltr'>provincialis.</span> <span class='ocrx_word' id='word_1_361' title='bbox 1443 1978 1534 2014; x_wconf 80' lang='lat' dir='ltr'>Mai.</span> <span class='ocrx_word' id='word_1_362' title='bbox 1554 1980 1588 2014; x_wconf 84' lang='lat'>4.</span> 
     </span>
    </p>
   </div>
   <div class='ocr_carea' id='block_1_6' title="bbox 250 2052 1900 2145">
    <p class='ocr_par' dir='ltr' id='par_1_6' title="bbox 250 2052 1900 2145">
     <span class='ocr_line' id='line_1_34' title="bbox 364 2052 1900 2095; baseline 0.002 -11"><span class='ocrx_word' id='word_1_363' title='bbox 364 2052 525 2093; x_wconf 71' lang='lat' dir='ltr'>Oriyinale</span> <span class='ocrx_word' id='word_1_364' title='bbox 553 2053 628 2095; x_wconf 89' lang='lat' dir='ltr'>(or.)</span> <span class='ocrx_word' id='word_1_365' title='bbox 658 2053 770 2085; x_wconf 72' lang='lat' dir='ltr'>ibidem</span> <span class='ocrx_word' id='word_1_366' title='bbox 800 2063 851 2086; x_wconf 66' lang='grc' dir='ltr'>φιν.</span> <span class='ocrx_word' id='word_1_367' title='bbox 874 2053 946 2085; x_wconf 77' lang='lat'><em>924.</em></span> <span class='ocrx_word' id='word_1_368' title='bbox 1007 2052 1206 2085; x_wconf 74' lang='lat' dir='ltr'>Contulimus</span> <span class='ocrx_word' id='word_1_369' title='bbox 1233 2063 1300 2085; x_wconf 76' lang='lat' dir='ltr'>nos.</span> <span class='ocrx_word' id='word_1_370' title='bbox 1362 2052 1482 2084; x_wconf 78' lang='lat' dir='ltr'>Pendet</span> <span class='ocrx_word' id='word_1_371' title='bbox 1513 2053 1650 2094; x_wconf 74' lang='lat' dir='ltr'>siyillum</span> <span class='ocrx_word' id='word_1_372' title='bbox 1684 2053 1802 2086; x_wconf 73' lang='lat' dir='ltr'>laesum</span> <span class='ocrx_word' id='word_1_373' title='bbox 1835 2054 1900 2087; x_wconf 81' lang='lat' dir='ltr'>loro</span> 
     </span>
     <span class='ocr_line' id='line_1_35' title="bbox 250 2103 1747 2145; baseline 0.001 -9"><span class='ocrx_word' id='word_1_374' title='bbox 250 2104 492 2136; x_wconf 81' lang='lat' dir='ltr'>membranaceo.</span> <span class='ocrx_word' id='word_1_375' title='bbox 516 2122 558 2127; x_wconf 95' lang='lat'><strong>—</strong></span> <span class='ocrx_word' id='word_1_376' title='bbox 582 2104 642 2136; x_wconf 79' lang='lat' dir='ltr'>Ed.</span> <span class='ocrx_word' id='word_1_377' title='bbox 660 2103 801 2145; x_wconf 75' lang='lat' dir='ltr'>‘Quelle‘n</span> <span class='ocrx_word' id='word_1_378' title='bbox 821 2115 881 2137; x_wconf 74' lang='lat' dir='ltr'>zur</span> <span class='ocrx_word' id='word_1_379' title='bbox 906 2103 1016 2136; x_wconf 72' lang='lat' dir='ltr'>Gesch.</span> <span class='ocrx_word' id='word_1_380' title='bbox 1041 2104 1096 2136; x_wconf 83' lang='lat' dir='ltr'>der</span> <span class='ocrx_word' id='word_1_381' title='bbox 1119 2104 1214 2137; x_wconf 77' lang='lat' dir='ltr'>Stadt</span> <span class='ocrx_word' id='word_1_382' title='bbox 1237 2104 1339 2136; x_wconf 68' lang='lat' dir='ltr'>Kiv&#39;ln&#39;</span> <span class='ocrx_word' id='word_1_383' title='bbox 1362 2103 1424 2143; x_wconf 81' lang='lat' dir='ltr'>IV,</span> <span class='ocrx_word' id='word_1_384' title='bbox 1448 2106 1490 2136; x_wconf 77' lang='lat'>48</span> <span class='ocrx_word' id='word_1_385' title='bbox 1512 2115 1559 2136; x_wconf 83' lang='lat' dir='ltr'>nr.</span> <span class='ocrx_word' id='word_1_386' title='bbox 1576 2106 1618 2137; x_wconf 83' lang='lat'>59</span> <span class='ocrx_word' id='word_1_387' title='bbox 1640 2116 1678 2138; x_wconf 78' lang='lat' dir='ltr'>ex</span> <span class='ocrx_word' id='word_1_388' title='bbox 1702 2116 1747 2138; x_wconf 90' lang='lat' dir='ltr'>or.</span> 
     </span>
    </p>
   </div>
   <div class='ocr_carea' id='block_1_7' title="bbox 204 2194 1900 2649">
    <p class='ocr_par' dir='ltr' id='par_1_7' title="bbox 204 2194 1900 2649">
     <span class='ocr_line' id='line_1_36' title="bbox 357 2194 1898 2239; baseline 0.003 -13"><span class='ocrx_word' id='word_1_389' title='bbox 357 2194 425 2226; x_wconf 84' lang='lat' dir='ltr'>Nos</span> <span class='ocrx_word' id='word_1_390' title='bbox 448 2194 659 2227; x_wconf 83' lang='lat' dir='ltr'>Gwilhelmus</span> <span class='ocrx_word' id='word_1_391' title='bbox 682 2194 867 2235; x_wconf 87' lang='lat' dir='ltr'>Hannonie,</span> <span class='ocrx_word' id='word_1_392' title='bbox 890 2194 1079 2233; x_wconf 85' lang='lat' dir='ltr'>Hollandie,</span> <span class='ocrx_word' id='word_1_393' title='bbox 1104 2194 1254 2226; x_wconf 81' lang='lat' dir='ltr'>Selandie</span> <span class='ocrx_word' id='word_1_394' title='bbox 1278 2204 1386 2226; x_wconf 89' lang='lat' dir='ltr'>comes</span> <span class='ocrx_word' id='word_1_395' title='bbox 1409 2194 1621 2238; x_wconf 89' lang='lat' dir='ltr'>dominusque</span> <span class='ocrx_word' id='word_1_396' title='bbox 1645 2196 1746 2229; x_wconf 83' lang='lat' dir='ltr'>Frisie</span> <span class='ocrx_word' id='word_1_397' title='bbox 1770 2202 1803 2230; x_wconf 90' lang='lat' dir='ltr'>et</span> <span class='ocrx_word' id='word_1_398' title='bbox 1825 2209 1898 2239; x_wconf 89' lang='lat' dir='ltr'>pro-</span> 
     </span>
     <span class='ocr_line' id='line_1_37' title="bbox 206 2246 1899 2291; baseline 0.002 -13"><span class='ocrx_word' id='word_1_399' title='bbox 206 2258 231 2278; x_wconf 70' lang='grc' dir='ltr'>ει</span> <span class='ocrx_word' id='word_1_400' title='bbox 249 2246 392 2278; x_wconf 86' lang='lat' dir='ltr'>vincialis</span> <span class='ocrx_word' id='word_1_401' title='bbox 419 2246 594 2278; x_wconf 82' lang='lat' dir='ltr'>advocatus</span> <span class='ocrx_word' id='word_1_402' title='bbox 618 2251 702 2278; x_wconf 87' lang='lat' dir='ltr'>terre</span> <span class='ocrx_word' id='word_1_403' title='bbox 731 2246 890 2278; x_wconf 82' lang='lat' dir='ltr'>inferioris</span> <span class='ocrx_word' id='word_1_404' title='bbox 917 2250 1028 2278; x_wconf 90' lang='lat' dir='ltr'>notum</span> <span class='ocrx_word' id='word_1_405' title='bbox 1056 2246 1190 2278; x_wconf 78' lang='lat' dir='ltr'>facimus</span> <span class='ocrx_word' id='word_1_406' title='bbox 1220 2250 1253 2278; x_wconf 90' lang='lat' dir='ltr'>et</span> <span class='ocrx_word' id='word_1_407' title='bbox 1276 2250 1387 2278; x_wconf 85' lang='lat' dir='ltr'>tenore</span> <span class='ocrx_word' id='word_1_408' title='bbox 1411 2248 1610 2288; x_wconf 86' lang='lat' dir='ltr'>presencium</span> <span class='ocrx_word' id='word_1_409' title='bbox 1634 2248 1763 2290; x_wconf 89' lang='lat' dir='ltr'>publice</span> <span class='ocrx_word' id='word_1_410' title='bbox 1790 2254 1899 2291; x_wconf 87' lang='lat' dir='ltr'>prote-</span> 
     </span>
     <span class='ocr_line' id='line_1_38' title="bbox 249 2297 1899 2340; baseline 0.002 -10"><span class='ocrx_word' id='word_1_411' title='bbox 249 2301 379 2339; x_wconf 86' lang='lat' dir='ltr'>stamur,</span> <span class='ocrx_word' id='word_1_412' title='bbox 404 2297 560 2340; x_wconf 89' lang='lat' dir='ltr'>quidquid</span> <span class='ocrx_word' id='word_1_413' title='bbox 576 2298 781 2330; x_wconf 83' lang='lat' dir='ltr'>honorabiles</span> <span class='ocrx_word' id='word_1_414' title='bbox 797 2298 855 2329; x_wconf 82' lang='lat' dir='ltr'>viri</span> <span class='ocrx_word' id='word_1_415' title='bbox 879 2322 886 2329; x_wconf 92' lang='lat'><em>.</em></span> <span class='ocrx_word' id='word_1_416' title='bbox 905 2322 911 2329; x_wconf 91' lang='lat'>.</span> <span class='ocrx_word' id='word_1_417' title='bbox 937 2299 1023 2329; x_wconf 89' lang='lat' dir='ltr'>cives</span> <span class='ocrx_word' id='word_1_418' title='bbox 1038 2297 1247 2330; x_wconf 86' lang='lat' dir='ltr'>Colonienses</span> <span class='ocrx_word' id='word_1_419' title='bbox 1270 2297 1312 2329; x_wconf 82' lang='lat' dir='ltr'>ad</span> <span class='ocrx_word' id='word_1_420' title='bbox 1335 2299 1455 2330; x_wconf 85' lang='lat' dir='ltr'>iussum</span> <span class='ocrx_word' id='word_1_421' title='bbox 1473 2299 1658 2340; x_wconf 83' lang='lat' dir='ltr'>spectabilis</span> <span class='ocrx_word' id='word_1_422' title='bbox 1674 2300 1732 2332; x_wconf 74' lang='lat' dir='ltr'>viri</span> <span class='ocrx_word' id='word_1_423' title='bbox 1748 2300 1899 2333; x_wconf 85' lang='lat' dir='ltr'>Iohannis</span> 
     </span>
     <span class='ocr_line' id='line_1_39' title="bbox 250 2349 1900 2392; baseline 0.002 -11"><span class='ocrx_word' id='word_1_424' title='bbox 250 2349 370 2381; x_wconf 89' lang='lat' dir='ltr'>domini</span> <span class='ocrx_word' id='word_1_425' title='bbox 398 2349 439 2381; x_wconf 89' lang='lat' dir='ltr'>de</span> <span class='ocrx_word' id='word_1_426' title='bbox 462 2349 623 2382; x_wconf 86' lang='lat' dir='ltr'>Beamunt</span> <span class='ocrx_word' id='word_1_427' title='bbox 651 2350 758 2382; x_wconf 82' lang='lat' dir='ltr'>fratris</span> <span class='ocrx_word' id='word_1_428' title='bbox 785 2350 884 2382; x_wconf 86' lang='lat' dir='ltr'>nostri</span> <span class='ocrx_word' id='word_1_429' title='bbox 913 2349 1021 2381; x_wconf 80' lang='lat' dir='ltr'>dilecti</span> <span class='ocrx_word' id='word_1_430' title='bbox 1049 2350 1194 2381; x_wconf 84' lang='lat' dir='ltr'>fecerunt</span> <span class='ocrx_word' id='word_1_431' title='bbox 1223 2353 1256 2381; x_wconf 90' lang='lat' dir='ltr'>et</span> <span class='ocrx_word' id='word_1_432' title='bbox 1282 2350 1521 2392; x_wconf 83' lang='lat' dir='ltr'>interceperunt</span> <span class='ocrx_word' id='word_1_433' title='bbox 1549 2350 1591 2383; x_wconf 84' lang='lat' dir='ltr'>ad</span> <span class='ocrx_word' id='word_1_434' title='bbox 1621 2351 1833 2384; x_wconf 91' lang='lat' dir='ltr'>obsidendum</span> <span class='ocrx_word' id='word_1_435' title='bbox 1867 2361 1900 2385; x_wconf 78' lang='lat' dir='ltr'>et</span> 
     </span>
     <span class='ocr_line' id='line_1_40' title="bbox 250 2400 1897 2446; baseline 0.002 -13"><span class='ocrx_word' id='word_1_436' title='bbox 250 2401 555 2434; x_wconf 83' lang='lat' dir='ltr'>circumvallandum</span> <span class='ocrx_word' id='word_1_437' title='bbox 578 2405 716 2433; x_wconf 84' lang='lat' dir='ltr'>castrum</span> <span class='ocrx_word' id='word_1_438' title='bbox 740 2405 773 2433; x_wconf 89' lang='lat' dir='ltr'>et</span> <span class='ocrx_word' id='word_1_439' title='bbox 795 2401 927 2444; x_wconf 86' lang='lat' dir='ltr'>opidum</span> <span class='ocrx_word' id='word_1_440' title='bbox 951 2401 992 2432; x_wconf 84' lang='lat' dir='ltr'>de</span> <span class='ocrx_word' id='word_1_441' title='bbox 1009 2400 1140 2442; x_wconf 74' lang='lat' dir='ltr'>Brfiyle,</span> <span class='ocrx_word' id='word_1_442' title='bbox 1165 2401 1205 2433; x_wconf 88' lang='lat' dir='ltr'>de</span> <span class='ocrx_word' id='word_1_443' title='bbox 1223 2401 1338 2443; x_wconf 91' lang='lat' dir='ltr'>quibus</span> <span class='ocrx_word' id='word_1_444' title='bbox 1360 2413 1419 2444; x_wconf 89' lang='lat' dir='ltr'>per</span> <span class='ocrx_word' id='word_1_445' title='bbox 1441 2402 1545 2445; x_wconf 86' lang='lat' dir='ltr'>spolia</span> <span class='ocrx_word' id='word_1_446' title='bbox 1567 2407 1601 2435; x_wconf 82' lang='lat' dir='ltr'>et</span> <span class='ocrx_word' id='word_1_447' title='bbox 1622 2404 1751 2446; x_wconf 81' lang='lat' dir='ltr'>rapinas</span> <span class='ocrx_word' id='word_1_448' title='bbox 1774 2415 1811 2436; x_wconf 85' lang='lat' dir='ltr'>ac</span> <span class='ocrx_word' id='word_1_449' title='bbox 1835 2404 1897 2436; x_wconf 80' lang='lat' dir='ltr'>alin</span> 
     </span>
     <span class='ocr_line' id='line_1_41' title="bbox 249 2452 1897 2498; baseline 0.002 -14"><span class='ocrx_word' id='word_1_450' title='bbox 249 2452 350 2485; x_wconf 85' lang='lat' dir='ltr'>multa</span> <span class='ocrx_word' id='word_1_451' title='bbox 374 2452 460 2484; x_wconf 84' lang='lat' dir='ltr'>mala</span> <span class='ocrx_word' id='word_1_452' title='bbox 482 2455 669 2495; x_wconf 86' lang='lat' dir='ltr'>perpetrata</span> <span class='ocrx_word' id='word_1_453' title='bbox 692 2456 802 2485; x_wconf 85' lang='lat' dir='ltr'>sancta</span> <span class='ocrx_word' id='word_1_454' title='bbox 824 2463 890 2495; x_wconf 82' lang='lat' dir='ltr'>pax</span> <span class='ocrx_word' id='word_1_455' title='bbox 912 2456 998 2484; x_wconf 87' lang='lat' dir='ltr'>terre</span> <span class='ocrx_word' id='word_1_456' title='bbox 1020 2452 1181 2495; x_wconf 80' lang='lat' dir='ltr'>generalis</span> <span class='ocrx_word' id='word_1_457' title='bbox 1203 2453 1424 2495; x_wconf 85' lang='lat' dir='ltr'>multipliciter</span> <span class='ocrx_word' id='word_1_458' title='bbox 1446 2452 1552 2486; x_wconf 77' lang='lat' dir='ltr'>fuerat</span> <span class='ocrx_word' id='word_1_459' title='bbox 1573 2455 1703 2493; x_wconf 75' lang='lat' dir='ltr'>violata,</span> <span class='ocrx_word' id='word_1_460' title='bbox 1727 2455 1812 2498; x_wconf 87' lang='lat' dir='ltr'>quod</span> <span class='ocrx_word' id='word_1_461' title='bbox 1837 2456 1897 2488; x_wconf 88' lang='lat' dir='ltr'>hoc</span> 
     </span>
     <span class='ocr_line' id='line_1_42' title="bbox 204 2503 1897 2547; baseline 0.002 -12"><span class='ocrx_word' id='word_1_462' title='bbox 204 2515 232 2535; x_wconf 76' lang='lat'>⁴⁰</span> <span class='ocrx_word' id='word_1_463' title='bbox 250 2503 337 2536; x_wconf 88' lang='lat' dir='ltr'>idem</span> <span class='ocrx_word' id='word_1_464' title='bbox 366 2528 398 2536; x_wconf 89' lang='lat'>..</span> <span class='ocrx_word' id='word_1_465' title='bbox 426 2503 526 2536; x_wconf 86' lang='lat' dir='ltr'>frater</span> <span class='ocrx_word' id='word_1_466' title='bbox 553 2507 676 2545; x_wconf 88' lang='lat' dir='ltr'>noster,</span> <span class='ocrx_word' id='word_1_467' title='bbox 707 2515 802 2547; x_wconf 91' lang='lat' dir='ltr'>quem</span> <span class='ocrx_word' id='word_1_468' title='bbox 827 2508 959 2546; x_wconf 90' lang='lat' dir='ltr'>propter</span> <span class='ocrx_word' id='word_1_469' title='bbox 981 2503 1042 2535; x_wconf 88' lang='lat' dir='ltr'>hoc</span> <span class='ocrx_word' id='word_1_470' title='bbox 1065 2504 1266 2545; x_wconf 87' lang='lat' dir='ltr'>premisimus</span> <span class='ocrx_word' id='word_1_471' title='bbox 1289 2503 1470 2541; x_wconf 79' lang='lat' dir='ltr'>Coloniam,</span> <span class='ocrx_word' id='word_1_472' title='bbox 1502 2505 1543 2537; x_wconf 90' lang='lat' dir='ltr'>de</span> <span class='ocrx_word' id='word_1_473' title='bbox 1570 2507 1760 2539; x_wconf 81' lang='lat' dir='ltr'>auctoritate</span> <span class='ocrx_word' id='word_1_474' title='bbox 1790 2513 1897 2539; x_wconf 78' lang='lat' dir='ltr'>nostra</span> 
     </span>
     <span class='ocr_line' id='line_1_43' title="bbox 251 2555 1896 2601; baseline 0.002 -14"><span class='ocrx_word' id='word_1_475' title='bbox 251 2555 338 2587; x_wconf 88' lang='lat' dir='ltr'>iussu</span> <span class='ocrx_word' id='word_1_476' title='bbox 353 2555 430 2587; x_wconf 81' lang='lat' dir='ltr'>fecit</span> <span class='ocrx_word' id='word_1_477' title='bbox 445 2558 478 2587; x_wconf 89' lang='lat' dir='ltr'>et</span> <span class='ocrx_word' id='word_1_478' title='bbox 493 2565 648 2588; x_wconf 89' lang='lat' dir='ltr'>consensu</span> <span class='ocrx_word' id='word_1_479' title='bbox 664 2559 697 2588; x_wconf 92' lang='lat' dir='ltr'>et</span> <span class='ocrx_word' id='word_1_480' title='bbox 712 2556 772 2587; x_wconf 91' lang='lat' dir='ltr'>sibi</span> <span class='ocrx_word' id='word_1_481' title='bbox 788 2556 984 2587; x_wconf 83' lang='lat' dir='ltr'>warandiam</span> <span class='ocrx_word' id='word_1_482' title='bbox 1001 2555 1041 2587; x_wconf 89' lang='lat' dir='ltr'>de</span> <span class='ocrx_word' id='word_1_483' title='bbox 1059 2555 1118 2587; x_wconf 89' lang='lat' dir='ltr'>hoc</span> <span class='ocrx_word' id='word_1_484' title='bbox 1134 2560 1315 2597; x_wconf 74' lang='lat' dir='ltr'>prestamus</span> <span class='ocrx_word' id='word_1_485' title='bbox 1329 2566 1389 2599; x_wconf 86' lang='lat' dir='ltr'>per</span> <span class='ocrx_word' id='word_1_486' title='bbox 1404 2561 1580 2599; x_wconf 84' lang='lat' dir='ltr'>presentes.</span> <span class='ocrx_word' id='word_1_487' title='bbox 1617 2557 1741 2594; x_wconf 88' lang='lat' dir='ltr'>Quibus</span> <span class='ocrx_word' id='word_1_488' title='bbox 1757 2559 1896 2601; x_wconf 85' lang='lat' dir='ltr'>sigillum</span> 
     </span>
     <span class='ocr_line' id='line_1_44' title="bbox 247 2608 1152 2649; baseline 0 -11"><span class='ocrx_word' id='word_1_489' title='bbox 247 2610 390 2638; x_wconf 80' lang='lat' dir='ltr'>nostrum</span> <span class='ocrx_word' id='word_1_490' title='bbox 414 2609 463 2638; x_wconf 87' lang='lat' dir='ltr'>est</span> <span class='ocrx_word' id='word_1_491' title='bbox 486 2617 664 2649; x_wconf 80' lang='lat' dir='ltr'>appensum</span> <span class='ocrx_word' id='word_1_492' title='bbox 687 2608 719 2639; x_wconf 92' lang='lat' dir='ltr'>in</span> <span class='ocrx_word' id='word_1_493' title='bbox 743 2609 960 2640; x_wconf 87' lang='lat' dir='ltr'>testimonium</span> <span class='ocrx_word' id='word_1_494' title='bbox 983 2617 1080 2649; x_wconf 90' lang='lat' dir='ltr'>super</span> <span class='ocrx_word' id='word_1_495' title='bbox 1103 2617 1152 2638; x_wconf 90' lang='lat' dir='ltr'>eo.</span> 
     </span>
    </p>
   </div>
   <div class='ocr_carea' id='block_1_8' title="bbox 249 2661 1895 2746">
    <p class='ocr_par' dir='ltr' id='par_1_8' title="bbox 249 2661 1895 2746">
     <span class='ocr_line' id='line_1_45' title="bbox 356 2661 1895 2703; baseline 0.003 -9"><span class='ocrx_word' id='word_1_496' title='bbox 356 2661 476 2694; x_wconf 86' lang='lat' dir='ltr'>Datum</span> <span class='ocrx_word' id='word_1_497' title='bbox 494 2661 638 2702; x_wconf 84' lang='lat' dir='ltr'>Colonie‚</span> <span class='ocrx_word' id='word_1_498' title='bbox 662 2664 800 2695; x_wconf 87' lang='lat' dir='ltr'>crastino</span> <span class='ocrx_word' id='word_1_499' title='bbox 824 2664 1020 2695; x_wconf 82' lang='lat' dir='ltr'>invencionis</span> <span class='ocrx_word' id='word_1_500' title='bbox 1043 2667 1152 2694; x_wconf 88' lang='lat' dir='ltr'>sancto</span> <span class='ocrx_word' id='word_1_501' title='bbox 1173 2663 1294 2703; x_wconf 84' lang='lat' dir='ltr'>Crucis,</span> <span class='ocrx_word' id='word_1_502' title='bbox 1317 2673 1399 2695; x_wconf 84' lang='lat' dir='ltr'>anno</span> <span class='ocrx_word' id='word_1_503' title='bbox 1423 2663 1552 2697; x_wconf 89' lang='lat' dir='ltr'>Domini</span> <span class='ocrx_word' id='word_1_504' title='bbox 1576 2665 1747 2698; x_wconf 88' lang='lat' dir='ltr'>millesimo</span> <span class='ocrx_word' id='word_1_505' title='bbox 1771 2670 1895 2698; x_wconf 81' lang='lat' dir='ltr'>trecen-</span> 
     </span>
     <span class='ocr_line' id='line_1_46' title="bbox 249 2712 660 2746; baseline 0.005 -2"><span class='ocrx_word' id='word_1_506' title='bbox 249 2712 512 2745; x_wconf 87' lang='lat' dir='ltr'>tesimo&#39;decimo</span> <span class='ocrx_word' id='word_1_507' title='bbox 537 2717 660 2746; x_wconf 79' lang='lat' dir='ltr'>octavo.</span> 
     </span>
    </p>
   </div>
   <div class='ocr_carea' id='block_1_9' title="bbox 206 2823 856 2857">
    <p class='ocr_par' dir='ltr' id='par_1_9' title="bbox 206 2823 856 2857">
     <span class='ocr_line' id='line_1_47' title="bbox 206 2823 856 2857; baseline 0.005 -9"><span class='ocrx_word' id='word_1_508' title='bbox 206 2828 232 2848; x_wconf 68' lang='lat'>4⁸</span> <span class='ocrx_word' id='word_1_509' title='bbox 353 2823 418 2851; x_wconf 71' lang='lat'>489.</span> <span class='ocrx_word' id='word_1_510' title='bbox 445 2825 469 2857; x_wconf 77' lang='lat'>¹)</span> <span class='ocrx_word' id='word_1_511' title='bbox 486 2825 521 2851; x_wconf 75' lang='lat' dir='ltr'>nic</span> <span class='ocrx_word' id='word_1_512' title='bbox 540 2834 577 2851; x_wconf 78' lang='lat' dir='ltr'>or.</span> <span class='ocrx_word' id='word_1_513' title='bbox 665 2824 690 2856; x_wconf 73' lang='lat' dir='ltr'>b)</span> <span class='ocrx_word' id='word_1_514' title='bbox 709 2826 801 2851; x_wconf 68' lang='lat' dir='ltr'>excidit</span> <span class='ocrx_word' id='word_1_515' title='bbox 819 2835 856 2851; x_wconf 78' lang='lat' dir='ltr'>or.</span> 
     </span>
    </p>
   </div>
  </div>
 </body>
</html>
