2190 3172
159 716 184 736 10

159 977 183 997 1⁸

442 156 539 185 ACTA
557 156 672 185 REGNI
690 155 875 185 Lunsswlcl
893 155 941 184 1v.
960 155 1007 183 ΕΤ
1026 155 1211 184 FRIDERICI
1230 157 1279 184 111.
1317 157 1393 185 1315.
1429 158 1477 185 Nr.
1490 158 1549 185 255.
1568 158 1629 185 256.
1797 163 1859 193 219

204 244 257 276 vel
280 244 413 276 consilio
435 244 468 276 in
490 243 662 285 communi,
685 243 768 275 sicut
788 243 897 275 littere
920 247 1026 276 vestre
1056 243 1150 275 nobis
1177 244 1274 275 misse
1304 243 1470 276 declarant
1481 245 1503 285 ¹,
1538 245 1613 277 licet
1647 255 1706 286 per
1738 246 1859 279 clerum

203 298 237 328 et
258 295 426 338 religiosos
449 295 534 328 dicte
557 295 695 328 civitatis
717 298 824 327 vestre
857 298 1007 337 receptus
1041 295 1202 336 extiterit,
1236 294 1311 327 inde
1346 298 1459 328 tamen
1493 295 1554 328 sibi
1588 296 1761 329 vendicare
1795 309 1859 330 non

203 348 323 390 poterit
356 347 480 389 regiam
517 347 732 380 maiestatem.
778 346 846 379 Vos
880 350 1003 388 autem,
1039 347 1094 389 qui
1129 346 1253 378 vidistis
1288 357 1328 379 ea
1362 358 1425 389 que
1458 347 1545 380 facta
1578 352 1667 388 sunt,
1708 349 1790 380 sicut
1823 350 1856 381 in

203 403 325 432 statera
346 398 456 431 iudicii
478 409 590 431 verum
612 398 694 431 falso
717 397 894 440 pretulistis
929 401 962 430 et
988 397 1105 430 nullius
1139 398 1254 430 timore
1289 399 1451 440 perterriti
1481 399 1641 431 iusticiam
1668 402 1861 441 preamastis

203 451 376 492 hactenus,
408 450 453 482 sic
484 453 518 482 et
546 451 677 482 inantea
704 452 811 482 vestra
837 450 1006 482 maturitas
1037 450 1136 482 faciat
1168 453 1201 482 et
1229 450 1261 482 in
1289 460 1328 482 eo
1358 454 1544 483 constanter
1572 454 1606 483 ct
1628 451 1861 484 invariabiliter

203 505 400 545 perseveret.
447 501 623 544 Speremus
650 502 736 534 enim
762 502 795 533 in
823 501 978 543 Domino,
1003 501 1090 544 quod
1113 502 1214 533 iustus
1236 501 1335 534 iudex
1357 513 1415 534 vos
1439 502 1479 534 de
1503 503 1640 543 iusticia,
1664 514 1760 546 quam
1785 504 1859 535 dili-

204 553 279 596 gitis
311 554 344 586 in
378 556 509 596 aperto,
542 553 716 596 premiabit
748 554 781 585 in
815 553 1031 586 retribucione
1064 553 1220 586 iustorum
1257 556 1290 585 et
1323 553 1366 586 ad
1399 554 1460 586 hoc
1490 558 1633 586 nostrum
1664 555 1860 588 confortabit

203 604 388 646 brachium,
418 604 505 648 quod
534 604 625 637 vobis
655 616 714 647 pro
744 605 868 637 meritis
897 604 1029 647 dignam
1058 615 1116 637 suo
1145 609 1291 647 tempore
1319 607 1481 647 possimus
1505 606 1644 638 reddere
1668 617 1858 649 recompen-

203 667 281 689 sam.
370 656 420 700 (2)
448 656 601 689 Ceterum
630 659 749 688 statum
782 659 926 689 nostrum
960 667 1019 698 per
1052 656 1115 688 Dei
1149 658 1292 699 graciam
1323 658 1477 690 noveritis
1510 668 1580 690 esse
1611 669 1802 701 prosperum
1826 662 1859 691 et

202 708 340 741 felicem.
386 707 470 740 Nam
493 708 633 749 receptis
654 707 866 740 fidelitatibus
888 719 908 740 a
930 708 1052 740 civibus
1075 708 1255 750 opidorum,
1272 708 1315 740 ad
1332 720 1395 751 que
1411 710 1444 741 in
1461 709 1584 742 directo
1602 711 1731 742 tramite
1748 721 1859 742 versus

202 764 312 803 partes
345 762 470 792 nostras
503 760 651 792 Bawarie
686 759 888 802 divertimus,
923 763 956 792 et
986 760 1161 792 honoribus
1196 762 1344 802 congruis
1380 761 1469 803 regie
1502 762 1665 793 maiestati
1694 763 1858 794 civitatem

201 811 394 854 Nfirenberg
415 811 551 854 ingressi
575 815 608 844 et
629 811 752 843 ibidem
774 822 794 844 a
817 811 940 843 civibus
955 812 1079 854 recepti
1097 811 1214 844 fuimus
1237 823 1301 844 non
1324 816 1359 844 ut
1382 813 1512 854 hospes,
1536 812 1593 844 sed
1617 816 1653 844 ut
1673 824 1730 845 rex
1746 814 1859 855 pocius

201 864 432 897 Romanorum.
488 863 527 895 In
559 873 622 905 quo
657 862 729 895 loco
765 862 894 905 quidem
928 873 1053 895 moram
1082 863 1224 906 aliquam
1253 865 1409 895 traximus
1443 868 1476 896 et
1509 864 1707 906 principibus
1734 875 1859 896 necnon

200 915 362 948 nobilibus
384 915 633 957 circumquaque
657 915 802 957 parcium
824 914 966 954 illarum,
990 915 1077 957 quod
1099 915 1191 947 nobis
1215 919 1248 946 et
1270 916 1408 957 imperio
1439 926 1511 948 cum
1535 919 1604 948 tota
1628 917 1778 958 potencia
1801 927 1859 948 sua

202 979 238 1004 se
271 967 445 1000 servituros
479 967 712 1007 astrinxerunt,
746 976 855 998 sumus
888 966 1027 999 finaliter
1060 966 1257 999 concordati.
1316 967 1445 1000 Deinde
1483 967 1655 1000 Monacum
1694 969 1856 1000 civitatem

201 1022 346 1051 nostram
369 1018 576 1061 aggredimur
599 1017 640 1050 ad
663 1017 855 1050 firmandam
878 1017 1084 1050 concordiam
1106 1019 1190 1050 inter
1219 1029 1277 1050 nos
1305 1022 1339 1050 et
1365 1019 1499 1051 fratrem
1522 1023 1666 1051 nostrum
1690 1020 1801 1051 initam
1826 1024 1860 1052 et

200 1081 258 1113 pro
290 1070 375 1103 velle
405 1073 513 1102 nostro
542 1072 727 1110 tractatam,
754 1069 809 1101 ubi
835 1069 914 1102 dicti
940 1069 1046 1102 fratris
1074 1071 1173 1102 nostri
1196 1069 1293 1102 fruti·
1316 1070 1448 1102 consilio
1473 1074 1506 1103 et
1528 1071 1690 1103 iuvamine
1713 1071 1858 1113 stipulati

201 1123 264 1154 cito
287 1122 455 1154 veniemus
477 1132 536 1164 pro
558 1122 809 1164 recuperacione
832 1124 1014 1153 nostrorum
1037 1122 1164 1163 iurium,
1182 1132 1245 1164 que
1263 1121 1464 1164 quorundam
1482 1122 1660 1155 incursibus
1675 1123 1858 1155 lacerantur

160 1184 162 1186 ’
202 1177 235 1206 et
256 1173 400 1206 indebite
424 1173 653 1205 distrahuntur.
699 1171 733 1204 Si
763 1173 818 1214 qui
849 1183 925 1204 vero
954 1173 1073 1204 sinistri
1095 1173 1215 1205 relatus
1238 1173 1330 1205 vobis
1352 1174 1467 1206 fierent
1489 1185 1547 1206 seu
1569 1175 1647 1206 sacti
1671 1178 1792 1214 essent,
1817 1174 1857 1207 de

156 1733 182 1754 25

155 2438 180 2459 u

154 2766 181 2787 40

200 1225 262 1258 hiis
284 1225 410 1267 scriptis
432 1225 548 1256 nostris
571 1234 628 1266 pre
653 1225 800 1256 omnibus
822 1223 920 1256 fidem
943 1224 1108 1257 credulam
1131 1226 1312 1267 apponatis.
1360 1226 1438 1258 Vice
1456 1236 1549 1258 versa
1573 1226 1614 1258 de
1637 1226 1730 1258 vobis
1753 1227 1858 1258 simile

201 1279 337 1311 fecimus
361 1281 394 1309 et
417 1277 520 1309 eciam
542 1276 707 1309 faciemus.

307 1338 430 1370 Datum
452 1338 485 1369 in
507 1337 676 1380 Ingolstat‚
700 1338 801 1369 tercio
824 1336 902 1368 Idus
924 1337 1056 1379 Aprilis,
1081 1337 1171 1379 regni
1194 1338 1294 1368 nostri
1318 1347 1402 1369 anno
1425 1338 1538 1379 primo.

259 1573 403 1620 256—
413 1573 512 1618 259.
553 1569 1072 1618 RESPONSIONES
1104 1570 1591 1617 CARDINALIUM
1625 1569 1794 1617 REGI

683 1634 1069 1682 ARAGONUM
1104 1634 1374 1682 FACTAE.

789 1715 934 1760 (1315)
969 1715 1060 1761 Apr
1085 1715 1269 1752 12-18.

309 1818 358 1859 C'f.
381 1828 482 1858 supra
503 1827 553 1850 nr.
570 1817 635 1849 226
658 1818 686 1848 et
707 1816 781 1855 227,
804 1816 939 1856 itemque
962 1815 1159 1848 Relationem
1176 1816 1398 1856 procuratoris
1419 1816 1510 1855 infra
1532 1826 1580 1847 nr.
1598 1816 1670 1847 260.

516 1942 603 1979 956.
647 1941 841 1987 Responsio
867 1939 985 1976 Iacobi
1011 1941 1052 1976 de
1080 1940 1259 1975 Columna.
1367 1939 1535 1986 Apr.12.

310 2016 471 2058 Oriyinale
487 2017 559 2057 (or.)
583 2016 619 2048 in
634 2014 793 2047 tabulario
807 2015 891 2055 reyio
907 2014 1143 2046 Barcinonensi
1161 2013 1252 2046 CRD
1267 2014 1330 2054 Ap.
1343 2015 1396 2046 78.
1416 2032 1459 2037 -
1479 2014 1673 2046 Extractum
1690 2015 1736 2046 ed.
1750 2015 1855 2047 Finke

198 2069 294 2102 ‘Acta
315 2068 549 2110 Araqonensia’
572 2067 601 2106 Ι,
625 2067 689 2099 359
701 2077 745 2107 sq.
769 2066 827 2098 sub
849 2076 899 2098 nr.
914 2066 988 2104 241,
1007 2073 1023 2095 2
1045 2075 1084 2097 ex
1107 2076 1152 2097 or.
1199 2065 1380 2097 Editionem
1402 2066 1581 2106 repetimus.

307 2164 424 2196 Vestre
448 2162 630 2196 celsitudini
653 2173 716 2194 non
740 2164 789 2193 est
810 2155 966 2203 ignotum,
991 2160 1131 2202 qualiter
1147 2159 1210 2191 duo
1226 2160 1258 2191 in
1274 2170 1385 2202 regem
1402 2160 1621 2192 Romanorum
1644 2161 1676 2191 in
1693 2160 1854 2193 discordia

198 2219 272 2249 sunt
294 2215 398 2256 electi,
423 2225 559 2257 quorum
583 2213 719 2257 quilibet
740 2223 799 2256 pro
823 2214 892 2244 iure
917 2212 977 2244 sibi
1000 2215 1036 2244 ut
1058 2213 1175 2243 asserit
1197 2213 1394 2254 competenti
1414 2212 1588 2244 contendit.
1634 2211 1755 2244 Verum
1781 2224 1852 2244 cum

198 2270 325 2310 tempus
352 2266 534 2307 advenerit,
567 2276 630 2308 quo
658 2265 755 2298 dante
783 2265 854 2297 Deo
888 2265 966 2296 talia
995 2265 1027 2296 in
1056 2264 1204 2296 Romana
1233 2265 1321 2295 curia
1350 2263 1456 2296 dirimi
1484 2264 1614 2295 valeant
1642 2267 1675 2295 et
1705 2264 1852 2303 discerni,

198 2319 285 2352 alma
315 2322 421 2351 mater
450 2318 602 2359 ecclesia,
635 2327 697 2360 que
730 2327 794 2349 non
828 2317 931 2348 solum
959 2316 991 2347 in
1021 2315 1144 2354 arduis,
1175 2325 1287 2347 verum
1318 2316 1416 2347 etiam
1449 2316 1481 2346 in
1508 2315 1690 2357 quibusque
1714 2316 1853 2347 minimis

198 2380 474 2414 quorumcumque
501 2370 630 2401 iustitiis
655 2369 824 2401 liberalem
848 2379 882 2400 se
907 2368 1041 2400 exhibet
1064 2370 1098 2399 et
1120 2367 1308 2409 benignam,
1339 2366 1423 2409 quod
1448 2370 1576 2408 gratum
1601 2367 1662 2398 erit
1684 2367 1851 2399 Altissimo

199 2421 412 2464 suadebitque
435 2421 567 2462 iustitia,
591 2420 728 2453 diffiniet
751 2423 784 2452 et
807 2420 969 2452 decernet.
1014 2419 1058 2451 Et
1079 2429 1137 2450 nos
1161 2418 1291 2460 quidem
1315 2429 1374 2460 pro
1397 2419 1543 2450 veritatis
1566 2421 1599 2449 et
1622 2418 1741 2449 iustitie
1765 2418 1853 2450 cultu

197 2473 335 2506 libenter
361 2473 550 2505 instabimus
579 2475 613 2504 et
639 2483 678 2504 eo
712 2473 816 2513 magis
846 2474 879 2503 et
907 2471 1102 2512 promptius,
1139 2480 1203 2512 quo
1233 2470 1478 2502 desiderabilius
1500 2469 1708 2509 affectamus,
1739 2474 1774 2500 ut
1802 2471 1852 2501 cui

197 2525 414 2568 suffragantur
435 2525 556 2556 iustitie
580 2524 706 2565 merita,
729 2534 858 2555 suorum
883 2522 1040 2554 honorum
1065 2526 1098 2554 et
1120 2522 1235 2553 iurium
1258 2521 1490 2563 plenitudinem
1515 2524 1715 2563 assequatur.

304 2583 379 2616 Dat.
397 2584 558 2626 Valentio,
582 2583 634 2615 die
658 2583 734 2615 XII.
758 2584 878 2616 mensis
902 2581 1030 2623 Aprilis.

300 2685 366 2714 2⁵5.
394 2687 418 2719 ⁸)
436 2687 473 2713 cio
490 2687 530 2714 ed.

302 2763 327 2796 1)
349 2762 423 2796 Quae
440 2761 590 2796 depeream
606 2764 678 2789 sunt.

1595 2827 1644 2853 28*
