2190 3172
478 200 576 229 ACTA
595 200 711 228 amm
727 199 914 228 LUDEWICI
933 199 980 227 IV.
999 199 1045 228 m·
1065 200 1251 229 mmmmm
1271 201 1319 228 111.
1356 201 1432 229 1314.
1468 201 1516 229 Νι.
1531 202 1589 230 18⁷.
1609 203 1666 231 138.
1839 208 1896 237 133

244 287 378 328 scripta:
413 286 511 319 Ceste
539 286 761 319 commissione
791 286 827 318 fu
855 286 983 318 refusee
1011 286 1087 318 des·
1113 297 1194 329 gens
1223 286 1253 319 le
1284 298 1341 330 roy
1364 287 1406 319 de
1429 287 1552 320 France
1580 293 1613 320 et
1642 299 1723 331 pour
1751 289 1833 321 chou
1864 291 1898 322 fu

244 339 404 382 impetree
437 338 461 370 li
487 341 580 371 autre
609 337 831 371 commissione
859 338 914 380 qui
944 341 994 370 est
1022 348 1063 370 au
1090 338 1253 380 nomb(re)
1288 338 1329 371 de
1356 339 1470 371 XLIII
1503 344 1535 372 et
1566 341 1642 371 s'est
1671 341 1757 372 aussi
1784 342 1899 374 escrite

245 389 298 423 chi
319 399 416 432 apres
425 389 447 421 ¹.
474 407 517 413 —
539 388 604 421 Ed.
627 387 783 421 Devazers
804 387 824 420 1.
841 398 867 420 c.
885 388 953 427 ΙΙΙ,
975 390 1018 420 46
1039 399 1089 421 nr.
1107 389 1169 420 141
1193 399 1232 421 ex
1254 399 1280 422 c.

353 448 499 486 Bdhmer,
522 447 598 489 Ray.
615 446 727 481 Ludw.
746 458 781 489 p.
797 447 863 479 269
884 458 934 481 nr.
950 448 1035 479 2605
1058 448 1185 489 (Addit.
1201 448 1247 490 Ι).

214 549 227 570 ι
354 534 537 567 Ludovicus
559 533 623 566 Dei
645 533 751 577 gratia
773 531 993 566 Romanorum
1017 544 1074 566 rex
1098 537 1131 566 et
1153 544 1282 576 semper
1297 539 1452 577 augustus
1518 535 1660 567 honestis
1675 536 1750 567 viris
1766 535 1900 567 Iohanni

245 586 331 620 dicto
355 585 490 619 Sausset
512 585 553 618 de
577 585 730 618 Boussoit
752 588 785 618 et
808 585 1010 617 Theoderico
1034 584 1075 617 de
1099 584 1269 618 Oastellari
1293 586 1422 618 domino
1451 586 1492 618 de
1515 586 1665 628 Bielaing
1687 586 1840 619 militibus
1863 598 1900 620 ac

245 637 394 671 Waltero
418 637 505 670 dicto
528 637 559 670 le
583 637 713 679 Borgne
736 637 890 668 canonico
913 635 1132 678 Senogienoii)
1220 638 1357 678 gratiam
1381 648 1471 669 suam
1494 640 1527 669 et
1550 647 1645 669 omne
1669 637 1797 670 bonum.

252 722 254 726 ,
354 688 436 722 Cum
466 689 551 722 inter
578 688 720 721 confines
749 689 841 730 regni
867 688 967 720 nostri
995 692 1028 720 et
1061 689 1154 731 regni
1182 687 1318 720 Francie
1352 689 1437 720 circa
1465 689 1653 720 comitatum
1679 688 1901 731 Haynn(onie)

246 741 386 774 orta'sit
412 740 550 773 materia
581 740 759 782 questionis
786 742 820 771 et
849 739 1035 782 specialiter
1060 740 1093 771 in
1124 739 1204 771 locis
1227 740 1281 782 qui
1305 739 1454 771 dicuntur
1476 739 1663 780 Ostrevant‚
1686 738 1845 772 Sollemes
1869 746 1902 773 et

202 806 228 828 ιο
245 791 424 832 Femieum,
447 791 538 824 vobis
554 790 606 823 vel
627 790 752 823 duobus
775 801 817 823 ex
840 790 933 822 vobis
955 790 1069 822 damus
1091 790 1270 833 plenariam
1286 793 1482 832 potestatem
1506 794 1539 822 et
1557 791 1699 833 speciale
1715 791 1901 824 mandatum

245 844 279 878 in
298 843 380 877 locis
401 842 557 886 predictis
581 845 615 874 et
637 841 723 876 alibi,
740 841 924 884 ubicunque
947 841 1099 874 videbitis
1122 842 1278 885 expedire
1306 843 1337 874 in
1365 842 1543 874 confinibus
1571 843 1742 874 comitatus
1765 843 1901 885 predicti

246 893 503 938 disti[n]guendi,
527 893 731 925 discernendi
754 903 792 925 ae
809 893 1046 925 determinandi
1069 903 1107 925 ac
1123 894 1277 926 terminos
1293 893 1435 936 ponendi
1449 894 1533 926 inter
1548 904 1681 935 regnum
1705 898 1846 926 nostrum
1870 899 1903 926 et

245 956 382 990 regnum
404 945 551 978 Francie.
590 944 634 977 Et
657 944 809 987 quicquid
832 955 891 987 per
913 955 971 976 vos
994 945 1045 976 vel
1069 944 1150 977 duos
1169 949 1311 977 vestrum
1333 955 1397 977 una
1420 956 1491 977 cum
1516 945 1617 977 tribus
1639 945 1691 977 vel
1714 945 1837 977 duobus
1861 956 1902 977 ex

206 1021 207 1024 κ
245 1000 338 1041 parte
365 997 452 1040 regis
478 996 616 1029 Francis
643 995 808 1038 deputatis
839 996 1025 1028 distinctum
1053 1006 1111 1028 seu
1140 999 1288 1038 paratum
1316 997 1414 1028 fuerit
1440 996 1492 1029 vel
1516 997 1618 1028 eciam
1642 997 1846 1028 terminatum
1871 1002 1903 1028 et

203 1063 228 1084 u
246 1051 403 1082 statutum
425 1049 509 1081 inter
531 1058 633 1091 regna
657 1047 812 1090 predicta,
835 1050 940 1079 ratum
964 1050 998 1079 et
1018 1051 1147 1090 gratum
1169 1048 1327 1080 habemus
1350 1051 1383 1080 et
1398 1048 1520 1080 habere
1537 1048 1752 1090 promittimus
1775 1048 1805 1079 in
1829 1059 1902 1090 per·

245 1103 380 1143 potuum
401 1099 487 1132 bona
509 1099 575 1131 fide
598 1108 659 1131 nec
682 1101 794 1131 contra
815 1108 876 1141 per
898 1109 955 1130 nos
978 1099 1030 1131 vel
1053 1109 1112 1141 per
1135 1099 1232 1131 alium
1256 1110 1314 1141 pro
1337 1099 1440 1139 nobis,
1464 1109 1564 1142 regno
1587 1103 1621 1131 et
1642 1099 1778 1141 imperio
1794 1100 1902 1131 venie-

245 1162 328 1185 mus.
438 1150 476 1183 In
510 1161 647 1193 quorum
681 1150 901 1182 testimonium
925 1154 1093 1192 presentes
1127 1150 1252 1182 litteras
1283 1150 1380 1193 sigilli
1413 1151 1512 1182 nostri
1546 1151 1721 1183 munimine
1756 1150 1904 1182 duximus

245 1203 401 1236 roborari.

354 1259 475 1292 Datum
499 1258 646 1300 Colonie‚
669 1258 766 1290 tertia
789 1257 842 1290 die
866 1258 985 1290 mensis
1008 1257 1208 1298 Decembris,
1232 1268 1315 1290 anno
1331 1258 1461 1290 Domini
1483 1257 1653 1290 millesimo
1677 1258 1903 1290 trecentesimo

201 1325 229 1346 no
247 1311 499 1355 quartodecimo,
523 1311 615 1354 regni
637 1321 714 1343 vero
737 1310 839 1342 nostri
861 1320 945 1342 anno
967 1310 1080 1352 primo.

545 1442 654 1488 '138.
694 1451 873 1487 Concessio
897 1462 1039 1497 precum
1064 1451 1329 1497 primariarum.
1439 1449 1519 1486 Dec.
1538 1450 1590 1486 3?

357 1528 519 1571 Oriyinale
542 1528 656 1570 Hayae
681 1528 838 1561 Comitum
865 1529 902 1560 in
929 1527 1088 1560 tabulario
1110 1527 1214 1568 νεςῑίο2
1235 1526 1287 1559 hic
1316 1526 1380 1559 illic
1402 1537 1571 1559 corrosum.
1623 1526 1721 1559 Iussu
1743 1526 1901 1567 praefecti

249 1581 440 1623 desem‘pffum
462 1583 517 1614 est.
564 1580 714 1621 Siyillum
736 1579 855 1612 laesum
876 1582 930 1612 est.
957 1598 995 1603 --
1019 1579 1189 1611 Imditum.

354 1667 549 1701 Ludewicus
576 1666 639 1699 Dei
666 1665 776 1708 gracia
804 1666 1024 1698 Romanorum
1047 1675 1106 1697 rex
1133 1674 1262 1707 semper
1285 1667 1439 1706 augustus
1526 1663 1695 1706 spectabili
1718 1664 1786 1695 viro
1810 1662 1901 1694 Guil-

206 1734 232 1755 κ
249 1719 359 1752 holmo
386 1719 496 1752 comiti
523 1717 718 1760 Haynnonie
750 1721 784 1750 et
810 1717 986 1749 Hollandie
1014 1716 1102 1748 fideli
1132 1727 1189 1749 suo
1218 1715 1360 1759 dil[ecto]
1450 1716 1591 1757 graciam
1623 1725 1713 1747 suam
1744 1719 1777 1747 et
1808 1725 1903 1746 omne

248 1770 379 1804 bonum.

357 1821 573 1855 Attendentes
596 1824 652 1854 tue
674 1820 845 1863 probitatis
868 1821 984 1853 merita
1006 1823 1163 1863 grataque
1187 1820 1322 1851 servicia
1345 1829 1404 1861 per
1427 1817 1484 1862 [te]
1507 1818 1598 1850 nobis
1625 1821 1659 1850 et
1680 1818 1817 1860 imperio
1840 1818 1902 1849 uti-

249 1873 325 1907 liter
346 1874 482 1916 inpens'a
505 1876 539 1906 et
561 1872 784 1915 inpendenda,
807 1875 844 1904 ut
865 1873 969 1915 possis
992 1876 1026 1904 et
1048 1871 1170 1903 debeas
1193 1871 1385 1902 auctoritate
1409 1871 1499 1912 regia
1522 1873 1629 1901 nostra
1652 1869 1816 1911 predicta·
1839 1869 1903 1910 pri·

249 1926 424 1958 mariarum
445 1935 580 1968 precum
605 1924 698 1956 nobis
713 1923 958 1966 eonpetencium
975 1923 1092 1954 intuitu
1108 1921 1254 1953 conferre
1271 1921 1428 1953 beneficia
1443 1921 1607 1952 civitatum
1632 1925 1665 1952 et
1688 1920 1903 1963 dyocesfium)

206 1991 233 2013 so
249 1977 523 2020 infrascriptarum
546 1977 693 2019 personis
715 1975 861 2018 ydoneis,
889 1975 930 2007 de
953 1974 1068 2016 quibus
1091 1973 1288 2014 decreveris,
1317 1972 1374 2004 tibi
1398 1975 1509 2004 tenore
1533 1972 1732 2014 presencium
1756 1970 1903 2013 indulge·

208 2040 211 2046 ·
249 2039 330 2062 mus.
375 2028 447 2061 Hec
477 2028 609 2071 quidem
637 2030 712 2059 sunt
739 2027 812 2059 loca
843 2029 876 2059 et
898 2026 1073 2067 beneficia,
1100 2025 1141 2057 de
1165 2024 1281 2067 quibus
1310 2024 1400 2066 regie
1422 2023 1601 2055 maiestatis
1624 2027 1673 2054 est
1695 2023 1848 2054 intencio:
1873 2022 1904 2053 in

249 2079 362 2122 primis
383 2079 416 2111 in
439 2079 579 2111 ecclesia
611 2082 721 2110 sancte
746 2077 925 2110 Goudelcib
949 2077 989 2109 de
1012 2076 1187 2116 Bruxellis,
1218 2076 1295 2107 item
1324 2075 1426 2107 sancti
1454 2074 1628 2116 Gaugerici
1651 2073 1904 2111 Cameracensis,

250 2131 329 2164 item
351 2132 454 2163 sancti
476 2130 661 2163 Tremoldi⁰
683 2128 954 2170 Machelien(sis),
977 2129 1055 2160 item
1078 2128 1110 2159 in
1135 2127 1272 2159 ecclesia
1296 2126 1337 2158 de
1360 2126 1485 2167 Fossis,
1509 2127 1587 2158 item
1615 2127 1647 2157 in
1670 2125 1808 2157 ecclesia
1830 2124 1905 2155 ville

250 2181 270 2226 [.
287 2181 397 2226 .]ere‘¹,
424 2183 503 2215 item
527 2182 568 2215 de
590 2181 786 2224 Hugharde,
813 2181 892 2212 item
915 2181 1017 2212 sancti
1040 2178 1217 2211 Salvatoris
1244 2179 1276 2210 in
1299 2178 1459 2210 Treiecto.
1505 2176 1547 2209 Et
1569 2181 1605 2208 ut
1627 2176 1774 2219 predicta
1796 2179 1905 2207 nostra

207 2248 233 2270 as
250 2232 308 2266 tibi
341 2233 428 2266 faeta
455 2234 619 2266 concessio
647 2233 762 2265 maiori
788 2232 934 2264 firmetur
961 2231 1095 2270 robore,
1124 2230 1265 2272 sigillum
1294 2233 1402 2261 nostre
1429 2229 1609 2261 maiestatis
1637 2229 1726 2270 regie
1756 2227 1905 2259 duximus

250 2285 454 2328 presentibus
475 2284 738 2328 appendendum,
762 2286 936 2324 cassantes,
960 2285 1150 2314 revocantes
1173 2284 1207 2313 et
1229 2281 1353 2312 irritum
1376 2281 1520 2312 eximere
1544 2280 1771 2317 decernentes,
1798 2279 1824 2309 si
1848 2287 1907 2320 per

250 2346 309 2369 nos
339 2339 396 2369 aut
422 2347 606 2379 quenquam
635 2335 733 2368 alium
763 2335 956 2367 auctoritate
985 2337 1094 2365 nostra
1123 2332 1270 2375 predicta
1297 2332 1392 2364 alicui
1420 2332 1472 2363 vel
1501 2331 1662 2374 aliquibus
1689 2330 1730 2362 de
1753 2329 1906 2371 predictis

250 2387 419 2421 beneflciis
441 2391 498 2420 aut
520 2398 632 2420 eorum
656 2387 765 2430 aliquo
788 2397 847 2429 per
869 2385 1134 2428 inportunitatem
1156 2385 1288 2416 nimiam
1311 2384 1495 2425 petencium
1518 2383 1560 2414 sit
1583 2382 1753 2424 provisum.

358 2448 480 2481 Datum
496 2448 643 2487 Colonia,
667 2446 752 2491 [11]1.
766 2446 847 2478 Non.
861 2445 1047 2486 Decembr.,
1064 2443 1159 2488 ann[o
1183 2443 1313 2476 Domini
1336 2442 1579 2486 mcccxlm,
1603 2442 1694 2484 regni
1710 2451 1786 2473 vero
1806 2441 1906 2472 nostri

207 2513 236 2534 ω
252 2509 336 2532 anuo
358 2509 472 2542 pruno.

357 2679 422 2708 187.
449 2679 474 2715 ¹)
492 2688 574 2713 cupra
593 2679 689 2706 lineam
707 2679 770 2706 aad.
789 2687 810 2704 c.

355 2739 423 2768 us.
450 2740 474 2772 ⁸)
491 2741 528 2767 oie
545 2749 584 2766 or.
671 2738 698 2771 ¹¹)
717 2739 754 2765 ’ἑο
770 2747 819 2772 pro
837 2738 956 2764 Geuduls
974 2746 1013 2763 or.
1101 2737 1124 2767 ⁰)
1143 2736 1179 2761 ’ὄσ
1192 2744 1244 2768 pro
1262 2734 1382 2761 Rumoldi
1400 2743 1438 2760 or.
1526 2732 1551 2764 ἃ)
1571 2733 1673 2758 omnino
1693 2732 1824 2756 incernam.

359 2816 384 2849 1)
403 2814 446 2848 Ot'.
463 2815 543 2850 instra
564 2814 602 2842 ad
619 2823 645 2842 α.
660 2818 726 2843 1315.
750 2814 805 2842 Oct.
821 2818 862 2841 24.
949 2814 977 2848 2)
998 2813 1041 2845 Cf.
1062 2812 1163 2839 Μαῖα·
1179 2812 1197 2838 1.
1210 2819 1232 2838 c.
1248 2818 1276 2844 p.
1291 2813 1330 2837 ⁶6.
