2190 3172
12 1044 27 1262 *“-20‘·“3¹·⁸572ae,¹

466 182 562 210 ACTA
581 181 694 209 REGNI
713 180 897 210 LUDEWIOI
916 180 964 208 lv.
983 180 1029 208 ΕΤ
1049 181 1234 209 FRIDERICI
1254 182 1302 209 111.
1339 182 1413 210 1815.
1452 182 1498 210 Nr.
1514 184 1570 211 190.
1781 189 1838 218 175

298 268 490 302 Ludowicus
513 267 575 300 Dei
599 268 703 310 gratia
718 267 936 300 Romanorum
961 277 1019 299 rex
1042 278 1171 310 semper
1193 273 1347 311 augustus
1428 270 1581 301 universis
1604 271 1684 301 sacri
1702 270 1839 302 Romani

191 321 317 363 imperii
339 320 489 352 fidelibus
577 320 823 362 imperpetuum.

303 375 328 405 1.
353 371 486 404 Totiens
500 372 590 413 regie
607 370 803 403 celsitudinis
819 374 979 412 sceptrum
998 371 1165 403 extollitur
1184 372 1280 404 altius
1303 376 1335 404 et
1356 373 1454 414 ipsius
1475 376 1576 404 status
1592 373 1724 404 solidius
1741 373 1839 405 subli-

191 426 307 464 matur,
325 423 473 466 quotiens
488 422 631 455 fidelium
648 421 837 454 devotorum
849 426 924 454 vota
942 421 1079 464 benigno
1097 424 1309 465 respiciuntur
1324 424 1443 456 affectu
1460 429 1493 456 et
1508 424 1550 456 ad
1566 425 1705 466 ipsorum
1723 425 1792 456 iura
1809 430 1841 456 et

191 475 358 508 libertates
373 474 548 507 servandas
565 478 598 506 et
609 473 856 506 commoditates
871 473 1037 516 augendas
1052 475 1198 516 graciosa
1215 476 1372 517 protectio
1386 476 1537 518 principis
1553 476 1720 507 invenitur.
1759 475 1840 508 Cum

190 527 295 559 enim·
321 527 424 558 omnis
453 526 557 568 gloria
583 526 650 557 sive
674 526 820 567 potentia
843 526 1040 567 principatus
1067 526 1098 557 in
1122 526 1323 559 subditorum
1350 529 1503 570 precipue
1527 528 1680 559 consistat
1702 527 1840 559 solidata

190 578 335 619 fortunis,
360 577 537 620 expediens
553 577 747 609 arbitramur
767 581 800 609 et
815 587 1001 619 congruum,
1025 581 1060 609 ut
1075 578 1174 609 simus
1190 578 1342 610 subiectis
1365 583 1397 611 et
1420 580 1451 610 in
1475 579 1596 611 iustitia
1618 579 1731 611 faciles
1753 583 1786 612 et
1810 581 1840 611 in

189 630 294 672 gratia
309 629 471 662 liberales.
509 628 645 661 Noverit
660 629 758 671 igitur
774 638 905 670 presens
922 632 991 660 etas
1015 632 1049 660 et
1064 628 1161 660 futuri
1178 631 1332 671 temporis
1347 641 1533 663 successura
1549 632 1729 673 posteritas,
1753 631 1840 674 quod

189 692 248 714 nos
263 681 388 723 integre
403 681 479 712 fidei
495 681 678 723 puritatem,
697 690 759 722 qua
776 680 950 722 prudentes
966 680 1025 712 viri
1042 705 1048 712 .
1063 706 1070 712 .
1087 681 1172 712 cives
1189 681 1377 723 spirensesb
1392 682 1506 714 fideles
1523 684 1620 715 nostri
1637 683 1746 715 dilecti
1763 694 1841 724 erga

189 743 248 765 nos
260 736 293 765 et
304 733 475 775 imperium
487 731 643 764 hactenus
655 732 848 772 claruerunt,
861 732 1032 774 gratiosius
1044 732 1258 773 attendentes,
1269 733 1509 765 considerantes
1521 745 1649 776 quoque
1663 734 1839 776 benignius,

189 795 285 828 quam
303 783 505 827 gratarnobis
527 787 560 816 et
574 784 710 826 imperio
727 783 955 826 impenderunt
970 783 1126 826 obsequia
1149 788 1182 816 et
1198 784 1303 816 adhuc
1319 785 1507 827 impendere
1523 790 1674 827 poterunt
1688 786 1840 827 gratiora,

189 836 315 869 devotis
337 846 448 868 eorum
465 835 752 877 supplicationibus
775 839 865 867 motu
881 835 1088 877 benignitatis
1107 836 1201 868 solite
1223 837 1488 879 gratulabundius
1503 841 1681 869 annuentes
1705 842 1738 869 et
1761 837 1841 869 hoc⁰

187 887 413 920 nichilominus
429 887 527 930 digna
538 887 795 919 consideratione
811 897 869 929 pre
883 887 983 919 oculis
995 887 1200 927 collocantes,
1214 888 1301 930 quod
1318 889 1348 919 in
1361 889 1490 920 civitate
1501 888 1643 930 Spirensi
1659 889 1689 920 in
1703 889 1840 921 ecclesia

189 939 331 982 Virginis
354 939 493 982 gloriose
518 938 663 970 divorum
693 939 938 980 imperatorum,
970 939 1209 980 imperatricum
1237 944 1270 971 et
1292 950 1406 982 regum
1430 939 1648 972 Romanorum
1671 940 1840 972 illustrium

188 991 454 1034 predecessorum
474 993 655 1022 nostrorum
679 1000 814 1032 corpora
835 991 1070 1032 requiescum,
1095 991 1202 1022 omnia
1218 992 1387 1034 privilegia
1411 995 1444 1023 et
1466 992 1535 1023 iura
1551 1002 1726 1034 omnesque
1742 992 1840 1024 liber—

188 1045 275 1076 tates
292 1046 326 1075 et
341 1043 471 1085 gratias,
496 1052 576 1084 quas
599 1052 618 1073 a
634 1045 744 1073 sancte
760 1042 915 1074 memorie
933 1066 940 1073 .
959 1044 986 1074 .‘¹
1007 1043 1140 1074 summis
1156 1043 1359 1084 pontificibus
1383 1047 1416 1075 et
1439 1054 1458 1075 a
1474 1043 1572 1075 divis·
1592 1044 1840 1085 imperatoribus

188 1097 223 1128 et
250 1094 382 1137 regibus
407 1093 628 1127 Romanorum
659 1093 836 1125 illustribus
863 1094 979 1125 nostris
1009 1094 1267 1126 antecessoribus
1295 1099 1329 1126 et
1357 1094 1419 1126 ab⁸
1447 1095 1606 1136 episcopis
1632 1094 1730 1127 iidem
1754 1096 1841 1127 cives

187 1145 310 1179 habent
337 1149 371 1179 et
394 1156 495 1188 usque
525 1145 566 1177 ad
594 1144 654 1176 hec
678 1147 825 1187 tempora
849 1145 1045 1186 habuerunt,
1075 1156 1200 1177 necnon
1222 1146 1364 1188 ipsorum
1392 1146 1510 1178 iudicia
1539 1150 1572 1178 et
1594 1147 1842 1179 consuetudines

188 1197 416 1240 approbamus,
440 1196 663 1228 confirmamus
684 1200 717 1228 et
731 1197 891 1238 presentis
906 1197 1016 1239 scripti
1033 1198 1211 1239 patrocinio
1228 1198 1471 1230 communimus.
1514 1197 1601 1229 Nulli
1617 1208 1695 1240 ergo
1711 1199 1840 1230 omnino

187 1249 353 1282 hominum
376 1248 473 1281 liceat
503 1247 586 1280 hanc
613 1251 722 1280 nostre
751 1248 994 1290 approbationis
1021 1253 1054 1280 et
1085 1249 1335 1281 confirmationis
1363 1250 1514 1291 paginam
1538 1249 1712 1291 infringere
1734 1250 1786 1281 vel
1809 1250 1839 1282 ei

187 1301 222 1333 in
248 1301 356 1343 aliquo
385 1311 466 1332 ausu
487 1301 660 1332 temerario
683 1300 853 1332 contraire.
908 1300 1003 1337 Quod
1031 1301 1085 1342 qui
1112 1300 1220 1332 facere
1249 1301 1492 1342 presumpserit,
1527 1300 1779 1342 indignationem
1807 1305 1840 1333 et

181 1353 345 1386 offensam
360 1352 539 1384 maiestatis
554 1356 662 1384 nostre
686 1363 756 1384 cum
781 1362 865 1394 pena
882 1355 1010 1384 centum
1027 1352 1179 1384 librarum
1204 1353 1284 1392 auri,
1308 1363 1442 1394 quarum
1465 1352 1624 1384 medietas
1646 1351 1741 1384 cedet
1762 1352 1839 1384 fisco

187 1415 246 1437 seu
268 1414 396 1437 camere
419 1407 538 1444 nostre,
562 1403 626 1435 alia
649 1403 809 1436 medietas
832 1404 954 1436 civibus
975 1405 1172 1445 memoratis,
1196 1405 1266 1446 ipso
1291 1404 1376 1436 facto
1399 1415 1434 1436 se
1457 1404 1582 1436 noverit
1603 1403 1796 1436 incurrisse&

295 1458 325 1488 2.
360 1455 546 1488 Statuentes
569 1456 761 1487 auctoritate
785 1456 876 1497 regia
898 1456 976 1497 ipsis
998 1455 1120 1487 civibus
1144 1459 1176 1487 et
1199 1456 1320 1488 civitati
1343 1455 1507 1498 Spirensi¹¹
1530 1466 1628 1497 super
1649 1455 1735 1487 dicta
1757 1465 1841 1497 pena

189 1511 316 1542 centum
353 1507 508 1539 librarum
546 1507 613 1538 auri
647 1517 706 1549 pro
742 1506 848 1539 iudice
883 1507 1120 1549 imperpetuum
1155 1512 1435 1549 unumquemque⁰
1468 1506 1660 1539 advocatum
1698 1510 1840 1538 nostrum

188 1559 418 1602 provincialem
443 1558 656 1601 Spirgaugie¹¹
685 1559 744 1590 ita:
776 1559 958 1600 quicunque
989 1559 1130 1600 ipsorum
1155 1559 1269 1591 civium
1294 1558 1478 1600 privilegia,
1508 1559 1592 1598 iura,
1621 1557 1787 1589 libertates
1810 1562 1842 1589 et

190 1611 327 1653 gratias,
359 1621 439 1653 quas
462 1609 585 1642 habent
607 1620 627 1641 a
650 1610 782 1642 summis
804 1609 1025 1652 pontificibus,
1057 1610 1304 1652 imperatoribus
1327 1614 1360 1642 et
1382 1610 1511 1652 regibus
1532 1609 1764 1642 Romanorum*
1787 1608 1838 1641 et't

189 1663 360 1705 episeopis,
382 1666 419 1694 ut
434 1662 646 1704 prescriptum
672 1666 730 1703 est,
754 1673 792 1694 ac
815 1673 894 1704 quas
917 1673 937 1694 a
960 1662 1050 1694 nobis
1070 1662 1192 1694 habent
1212 1661 1395 1704 specialiter
1411 1662 1622 1694 communiter
1636 1661 1687 1693 vel
1703 1661 1839 1700 divisim,

189 1724 313 1746 necnon
349 1714 492 1756 ipsorum
526 1713 645 1746 iudicia
679 1717 711 1746 et
739 1714 988 1746 consuetudines
1021 1714 1212 1756 infringeret
1244 1715 1275 1745 in
1307 1717 1375 1746 toto
1404 1713 1455 1746 vel
1486 1714 1517 1745 in
1545 1717 1636 1755 parte
1670 1717 1703 1745 et
1728 1717 1838 1744 contra

189 1768 335 1798 tenorem
369 1764 544 1798 earundem
574 1765 661 1806 ipsos
689 1765 775 1797 cives
804 1764 987 1805 infestaret,
1017 1769 1168 1807 gravaret
1196 1775 1254 1797 seu
1277 1765 1534 1807 dampnificaret,
1562 1764 1647 1807 quod
1671 1765 1730 1806 ipsi
1753 1765 1839 1796 cives

190 1827 299 1849 coram
324 1817 440 1849 eodem
464 1816 569 1850 iudice
594 1827 652 1858 per
675 1819 740 1848 tres
763 1816 915 1848 honestas
940 1827 1094 1858 personas
1118 1827 1309 1859 quecunque
1334 1817 1388 1848 ille
1412 1817 1517 1848 forent
1540 1816 1730 1858 probarent,
1754 1814 1839 1857 quod

190 1871 308 1901 extunc
343 1868 431 1901 idem
461 1867 561 1900 iudex
589 1867 629 1899 de
661 1878 796 1910 corpore
830 1871 927 1910 atque
956 1868 1048 1900 bonis
1075 1868 1160 1900 illius
1187 1869 1241 1910 qui
1271 1869 1332 1900 hoc
1358 1869 1547 1910 infringeret
1572 1867 1715 1899 iudicare
1742 1866 1840 1898 debet

190 1921 400 1963 improtracte
423 1930 484 1962 per
505 1930 599 1952 suum
621 1920 836 1951 iuramentum
862 1923 895 1951 et
916 1920 1003 1961 ipsos
1027 1920 1113 1951 cives
1136 1920 1187 1951 vel
1210 1921 1351 1962 ipsorum
1375 1924 1480 1951 certos
1504 1919 1635 1951 nuncios
1658 1919 1784 1950 mittere
1807 1918 1839 1949 in

189 1972 427 2015 possessionem
456 1973 596 2004 omnium
630 1971 787 2003 bonorum
816 1971 960 2003 eiusdem
988 1982 1026 2003 ac
1053 1972 1140 2013 ipsos
1165 1971 1334 2004 defensare
1357 1972 1390 2003 in
1412 1971 1534 2003 eisdem
1559 1974 1593 2002 et
1614 1970 1674 2012 ipsi
1697 1970 1782 2001 cives
1804 1978 1839 2000 se

189 2027 324 2066 possunt
346 2024 538 2056 auctoritate
562 2023 692 2065 propria
715 2026 825 2055 contra
841 2023 1001 2064 quoslibet
1016 2024 1099 2055 tueri
1123 2027 1156 2054 et
1172 2022 1347 2055 defendere
1371 2023 1403 2054 in
1426 2022 1487 2054 hoc
1509 2022 1603 2054 facto.
1643 2021 1685 2053 Et
1707 2021 1838 2063 quicun-

190 2086 252 2118 que
275 2078 423 2118 ternpore
446 2075 623 2107 vacationis
645 2075 773 2117 imperii
795 2074 998 2106 advocatiam
1015 2073 1198 2106 huiusmodi
1214 2074 1363 2114 tenuerit,
1387 2074 1442 2106 ille
1458 2073 1708 2105 iurisdictionem
1731 2071 1838 2103 huius-

190 2126 278 2160 modi
293 2137 352 2170 per
369 2137 460 2159 suum
477 2127 691 2158 iuramentum
709 2126 886 2167 exercebit,
906 2126 1008 2158 donec
1024 2126 1188 2167 prefectus
1203 2125 1286 2158 alius
1301 2130 1468 2158 statuatur.
1507 2125 1694 2166 Infligentes
1709 2123 1840 2155 cuilibet

189 2178 247 2211 tali
262 2182 371 2211 nostro
396 2183 430 2211 et
443 2179 570 2220 imperii
586 2178 744 2210 advocato
760 2178 842 2210 hanc
859 2188 988 2220 penam,
1011 2177 1162 2209 videlicet
1185 2178 1211 2209 si
1235 2178 1306 2220 quis
1321 2178 1462 2219 ipsorum
1477 2178 1509 2208 in
1524 2176 1642 2208 iudicio
1659 2174 1839 2207 huiusmodi

191 2233 277 2262 esset
298 2230 468 2273 negligens
492 2234 525 2262 et
547 2230 699 2262 remissus
723 2232 756 2261 et
778 2230 917 2261 monitus
939 2239 958 2261 a
983 2228 1075 2261 dictis
1098 2228 1219 2261 civibus
1236 2228 1287 2260 vel
1310 2229 1452 2271 ipsorum
1474 2228 1596 2260 nunciis
1619 2228 1650 2258 in
1675 2227 1839 2269 presencia

189 2281 398 2314 honestorum
415 2281 560 2314 iudicare
572 2284 747 2322 recusaret,
764 2281 851 2323 quod
864 2284 981 2313 extunc
994 2280 1081 2312 idem
1093 2280 1268 2312 advocatus
1280 2279 1373 2312 dictis
1385 2279 1507 2312 civibus
1519 2283 1667 2312 teneatur
1679 2278 1839 2319 obligatus

189 2333 221 2366 in
237 2333 323 2366 diota
338 2343 423 2376 pena
438 2337 566 2366 centum
583 2333 736 2365 librarum
760 2333 829 2364 auri
853 2336 886 2364 et
908 2332 994 2375 quod
1011 2343 1068 2374 pro
1086 2332 1202 2364 eadem
1219 2343 1302 2374 pena
1324 2332 1365 2364 ab
1382 2331 1499 2364 eodem
1514 2331 1672 2363 advocato
1688 2330 1838 2361 iudicium

190 2387 303 2428 petere
327 2389 360 2418 et
382 2386 528 2427 recipere
544 2385 668 2427 possint
687 2385 748 2426 ipsi
764 2385 859 2420 cives,
884 2383 1140 2426 quandocunque
1157 2383 1315 2415 voluerint
1338 2387 1371 2416 et
1393 2384 1425 2415 in
1449 2384 1527 2415 locis
1543 2383 1657 2425 quibus
1673 2381 1839 2421 voluerint,

191 2437 259 2470 sine
275 2437 399 2470 offensa
413 2441 525 2470 nostra
547 2440 580 2469 et
595 2437 730 2469 aliorum
746 2440 926 2469 nostrorum
943 2446 1162 2468 successorum
1178 2437 1407 2478 imperatorum
1430 2439 1463 2466 et
1483 2445 1593 2476 regum
1610 2433 1838 2466 Romanorum.

298 2489 334 2521 In
359 2499 495 2532 quorum
519 2489 659 2520 omnium
684 2491 716 2520 et
738 2488 934 2530 singulorum
968 2489 1195 2530 premissorum
1220 2487 1452 2526 testimonium,
1481 2486 1579 2518 robur
1601 2491 1634 2517 et
1656 2485 1838 2516 firmitatem

192 2543 375 2582 presentem
398 2540 537 2572 litteram
563 2539 680 2572 exinde
703 2539 859 2572 conscribi
882 2542 916 2571 et
937 2539 1115 2571 maiestatis
1137 2542 1245 2571 nostre
1268 2538 1374 2580 sigillo
1397 2538 1544 2569 iussimus
1566 2537 1764 2568 communiri.

300 2590 375 2624 Dat.
392 2591 610 2634 Oppenhein¹,
631 2591 674 2623 ΙΙ,
689 2591 772 2623 Nou.
788 2591 939 2631 Ianuarii,
962 2590 1135 2622 indictione
1155 2590 1248 2630 XIII,
1271 2600 1354 2622 anno
1377 2590 1506 2622 Domini
1530 2589 1699 2621 millesimo
1722 2589 1837 2619 tricen-

193 2643 335 2675 tesino·¹¹
359 2643 610 2686 quintodecimo,
633 2643 723 2685 regni
745 2652 823 2675 vero
845 2643 944 2674 nostri
967 2653 1050 2674 anno
1074 2642 1186 2684 primo.

297 2711 416 2747 lom-⁸)
434 2713 503 2739 decet
519 2712 581 2739 13¹2.
678 2712 702 2743 ¹’)
722 2713 973 2738 wormacienses
991 2711 1017 2736 B
1031 2711 1053 2737 l.
1072 2712 1096 2736 2.
1193 2711 1216 2743 ⁰)
1235 2715 1260 2737 et
1278 2711 1597 2743 hoc—requiescunt
1618 2710 1711 2734 desunt
1736 2708 1760 2733 B
1774 2708 1796 2733 l.
1814 2707 1838 2733 2.

193 2753 219 2788 (ἶ)
238 2774 245 2781 .
258 2773 265 2781 .
283 2755 351 2782 deest
369 2756 394 2781 B
408 2755 430 2782 1.
448 2755 473 2782 2.
560 2755 584 2787 ⁶)
604 2775 610 2782 .
623 2774 630 2782 .
648 2755 711 2781 αἰεὶ.
730 2755 755 2780 Β
770 2755 791 2781 l.
804 2754 827 2781 2.
910 2753 930 2786 s)
948 2755 1073 2780 incurisse
1092 2755 1115 2779 A
1128 2754 1152 2780 2.
1241 2756 1266 2785 Ι)
1285 2754 1506 2779 Wormscisusi
1524 2752 1585 2778 131.
1598 2752 1623 2777 ⁸2.
1709 2750 1735 2781 Β)
1754 2753 1838 2776 cirea

149 2805 177 2828 ιο
194 2797 395 2824 wormaciam
408 2798 434 2824 Β
448 2799 471 2824 1.
484 2798 509 2825 2.
579 2797 598 2830 ¹)
617 2798 764 2824 Romanis
782 2797 807 2823 Β
818 2797 842 2823 2.
914 2796 939 2829 ¹¹)
957 2798 991 2823 ab
1009 2797 1070 2822 add.
1089 2797 1114 2822 B
1128 2797 1149 2822 1.
1226 2795 1246 2827 ¹)
1264 2797 1423 2830 Oppenheim
1437 2797 1460 2821 A
1474 2795 1505 2826 2,·
1523 2795 1584 2821 131.
1597 2795 1623 2821 2.
1692 2795 1724 2826 ΙΙΙ)
1743 2800 1837 2819 necen-

191 2841 281 2868 tanim
300 2841 369 2873 A2;
386 2840 485 2868 Bl.2.
