2158 3138
203 409 252 430 Oct.
265 411 296 430 19,

313 166 353 196 86
729 153 945 191 ΤΒᾸΟΤΑἸἮΞ
965 163 1010 190 DE
1029 163 1241 190 ELECTIONE.
1278 163 1354 190 1314.
1390 163 1438 190 Nr.
1452 164 1493 190 91.
1512 163 1553 190 92.

419 250 584 282 Universis
607 253 774 291 presentes
797 250 942 282 litteras'⁸
964 251 1155 292 inspecturis
1177 261 1236 282 nos
1251 249 1412 282 Henricus
1429 250 1491 282 Dei
1512 250 1621 292 gracia
1637 253 1746 281 sancte
1765 249 1966 282 Goloniensis

313 303 450 334 ecclesie
473 302 734 343 archiepiscopus
757 302 839 333 sacri
862 302 989 342 imperii
1012 312 1071 343 per
1094 302 1222 333 Italiam
1245 301 1547 333 archicancellarius
1570 305 1680 333 notum
1705 301 1853 342 facimus,
1878 301 1965 343 quod

313 365 385 386 eum
415 353 467 385 die
496 353 648 384 videlicet
683 354 821 384 crastino
857 353 945 384 beati
972 353 1061 384 Luce
1097 354 1306 395 ewangeliste
1336 354 1484 395 proxime
1511 363 1594 385 nunc
1623 356 1758 385 venturo
1786 353 1873 395 quod
1904 353 1966 384 erit

311 405 423 437 XIIII.
452 405 566 437 Kalen.
594 404 787 436 Novembris
822 404 880 435 sub
915 414 998 436 anno
1028 405 1158 436 Domini
1192 405 1362 436 millesimo
1393 405 1621 436 trecentesimo
1653 404 1895 446 quartodecimo
1924 404 1966 436 ad

312 457 495 499 eligendum
526 467 638 498 regem
669 456 890 488 Romanorum
920 457 951 487 in
980 456 1123 488 futurum
1150 457 1381 498 imperatorem
1410 457 1664 498 promovendum
1689 456 1775 498 apud
1799 456 1966 488 Frankena

310 510 404 540 vox-tb
427 509 551 550 prefixa
575 508 615 539 de
639 509 800 539 communi
823 509 1006 549 principum
1028 509 1078 539 ius
1101 509 1133 539 iu
1158 508 1317 540 electione
1341 508 1487 540 eiusdem
1511 509 1614 550 regisc
1637 508 1830 539 habencium
1853 508 1966 540 voluna

311 564 391 597 tate,
426 563 559 601 propter
595 559 792 599 inimiciciae,
827 570 906 600 quas
944 559 1141 591 reverendus
1179 559 1295 601 pater²¹
1330 560 1478 591 dominus
1515 560 1722 592 Baldewinus
1759 560 1967 592 Treverensis

312 613 446 643 ecclesie
481 611 742 652 archiepiscopus
777 613 810 642 et
844 611 1030 652 spectabilis
1064 612 1112 642 vir
1145 611 1307 643 Iohannes
1337 622 1445 644 comes
1473 612 1814 654 Lutzelenburgensis,
1845 612 1965 653 primo-

310 664 437 704 genitus
459 663 567 694 inclite
590 663 745 694 memorie
770 662 932 703 quondam
953 662 1073 694 domini
1091 663 1226 694 Henriei
1245 663 1465 695 Romanorum
1488 664 1701 706 imperatoris,
1727 674 1799 695 cum
1823 664 1965 705 ipsorum

310 714 486 746 fautoribus
511 718 543 745 et
566 713 776 755 complicibus
800 718 910 745 contra
932 725 990 745 nos
1014 714 1150 755 habent,
1174 725 1238 746 non
1261 716 1421 756 possimus
1451 715 1573 757 absque
1600 716 1742 757 periculo
1767 716 1910 757 corporis
1933 720 1967 748 et

311 777 417 797 rerum
441 766 481 797 ad
506 767 611 807 ipsum
634 766 740 798 locum
763 765 1007 797 Frankenvort⁰
1030 767 1139 798 venire
1163 777 1222 810 nec
1245 767 1401 799 interesse
1427 767 1514 798 dieto
1538 768 1675 799 termino
1707 767 1749 799 ad
1773 768 1966 799 electionem

310 818 408 849 futuri
425 818 510 859 regis
522 817 743 850 Romanorum
760 817 989 849 celebrandam
1005 819 1178 860 assignato,
1257 819 1414 850 illustrem
1431 820 1609 861 principem
1622 819 1798 851 Rudolfum
1815 820 1967 851 comitem

310 871 487 912 palatinum
517 870 600 902 Reni
635 870 749 901 ducem
784 869 945 910 Bawarie,
981 871 1234 912 comprincipem
1270 874 1304 902 et
1338 871 1555 903 coelectorem
1587 875 1730 902 nostrum
1766 874 1800 902 et
1828 871 1966 903 ecclesie

310 926 418 954 nostre
441 921 582 962 fidelem,
605 922 740 953 fecimus
765 925 798 952 et
820 921 1024 963 presentibus
1047 923 1271 954 constituimus
1294 927 1438 954 nostrum
1462 926 1585 954 certum
1602 926 1635 954 et
1650 923 1825 964 specialem
1849 933 1966 965 procu-

310 977 449 1005 ratorem
484 974 610 1015 sibique
644 974 860 1005 commisimus
899 976 932 1004 ct
965 974 1170 1015 presentibus
1204 975 1433 1005 committimus
1468 974 1575 1015 quoad
1613 975 1760 1006 instantis
1799 974 1966 1006 electionis

311 1026 480 1067 negocium
498 1025 658 1056 totaliter‘
673 1026 759 1056 vices
782 1028 917 1056 nostras.
957 1024 1084 1056 Dantes
1104 1025 1246 1066 plenam,
1269 1025 1456 1067 generalem
1480 1029 1513 1057 et
1535 1025 1671 1057 liberam
1695 1026 1755 1057 sibi
1771 1029 1966 1068 potestatem

311 1077 496 1109 nominandi
520 1080 554 1108 et
576 1076 717 1118 eligendi
740 1077 810 1108 vice
834 1080 868 1107 et
890 1077 1019 1107 nomine
1043 1080 1151 1108 nostro
1169 1087 1340 1118 personam
1358 1076 1519 1118 ydoneam
1539 1078 1572 1108 in
1586 1076 1831 1109 Romanorum⁸
1853 1089 1965 1120 regem

311 1130 343 1160 in
364 1130 594 1171 imperatorem
617 1128 871 1170 promovendum
896 1139 934 1160 ac
957 1129 1083 1159 iurandi
1105 1130 1137 1160 in
1161 1129 1300 1160 animam
1325 1133 1477 1169 nostram,
1505 1130 1531 1160 si
1555 1140 1635 1171 opus
1658 1130 1764 1170 fuerit,
1786 1131 1878 1162 iuxta
1900 1131 1966 1163 for—

311 1192 396 1213 mam
427 1180 554 1212 concilii
584 1180 761 1221 generalis,
796 1180 883 1222 quod
918 1191 975 1211 nos
1008 1180 1242 1222 impedimento
1279 1183 1427 1212 tenemur
1460 1180 1645 1212 huiusmodi
1680 1185 1713 1213 et
1743 1186 1778 1213 ut
1805 1182 1966 1214 credimus

312 1232 493 1264 tenebimur
516 1233 547 1263 in
570 1232 706 1264 termino
733 1231 918 1273 supradicto
947 1234 980 1263 et
1003 1231 1089 1273 quod
1114 1233 1232 1263 erimus
1255 1236 1331 1264 tunc
1353 1233 1386 1263 in
1409 1232 1492 1272 loco,
1516 1232 1556 1264 de
1581 1243 1643 1274 quo
1669 1233 1826 1265 electores
1849 1234 1966 1266 absen-

312 1289 360 1315 tes
383 1284 512 1316 vocari¹³
537 1284 658 1315 debent
680 1284 711 1314 in
741 1284 839 1325 ipsius
871 1283 1043 1315 eleccionis
1071 1285 1223 1325 negocio,
1248 1287 1280 1315 et
1302 1283 1544 1315 nichilominusi
1568 1284 1632 1316 alia
1655 1285 1763 1316 omnia
1787 1289 1820 1317 et
1842 1285 1967 1328 singula

311 1336 460 1377 faciendi,
484 1346 547 1377 que
571 1346 630 1377 per
651 1346 719 1375 nos,
743 1335 769 1365 si
792 1338 959 1376 presentes
983 1345 1136 1376 essemus,
1161 1346 1328 1377 possemus
1351 1336 1384 1367 in
1406 1336 1507 1377 ipsius
1523 1335 1691 1368 electionis
1706 1338 1842 1379 negocio
1858 1337 1967 1370 facere

309 1388 360 1418 vel
385 1387 630 1429 quomodolibet
653 1386 818 1428 expedire.
864 1386 1095 1418 Promittentes
1117 1397 1176 1418 nos
1199 1390 1304 1418 ratum
1329 1390 1362 1419 et
1384 1391 1512 1429 gratum
1536 1388 1712 1430 habituros,
1737 1389 1887 1431 quicquid
1909 1394 1968 1431 per

311 1439 430 1471 dictum
454 1442 695 1480 procuratorem
719 1441 825 1469 actum
849 1438 946 1470 fuerit
968 1439 1000 1470 in
1022 1439 1187 1480 premissis
1211 1443 1244 1471 et
1267 1439 1413 1481 quolibet
1434 1441 1674 1482 premissorum.

418 1491 539 1522 Datum
563 1490 640 1522 Idus
664 1489 823 1530 Octobris,
847 1501 932 1521 anno
956 1490 1087 1522 Domini
1110 1491 1267 1532 predicto.

393 1626 454 1662 92.
495 1627 648 1663 Potestas
673 1627 822 1672 eligendi
849 1638 871 1661 a
897 1625 1053 1669 Rudolfo
1081 1626 1166 1662 duee
1193 1626 1385 1662 Bawariae
1413 1628 1568 1672 episcopo
1601 1627 1770 1663 Gurcensi
1796 1628 1889 1662 data.

1071 1685 1141 1721 Oct.
1161 1687 1218 1721 17.

421 1750 582 1791 Ortyinale
605 1752 678 1792 (or.)
706 1752 740 1783 in
767 1751 926 1783 tabulario
954 1752 1038 1792 reyio
1065 1751 1347 1791 Dusseldorpiensi
1381 1751 1539 1783 ‘Kurko'ln
1561 1762 1611 1783 nr.
1629 1753 1693 1782 507
1699 1753 1716 1782 ².
1765 1752 1966 1802 Contulimus

310 1813 374 1835 nos.
409 1803 529 1834 Pendet
544 1802 681 1842 smmum
697 1802 816 1834 laesum
831 1803 896 1835 loro
912 1803 1154 1835 membranaceo.
1179 1822 1220 1827 —-
1245 1803 1308 1835 Ed.
1325 1803 1502 1835 Lacomblet
1519 1803 1800 1836 ‘Urkundenbuch'
1816 1804 1884 1842 III,
1902 1805 1966 1835 103

311 1866 360 1886 nr.
378 1855 464 1886 1371>
488 1865 526 1886 ex
549 1865 595 1886 or.

417 1911 563 1949 ΒόῘιφηεν,
586 1911 661 1952 Rey.
678 1911 790 1943 Ludw.
808 1922 843 1950 p.
857 1912 922 1942 238
942 1911 1174 1943 Reichssachen
1189 1922 1238 1943 nr.
1251 1913 1304 1942 36.
1347 1911 1498 1951 Reyesten
1513 1911 1569 1942 der
1585 1910 1794 1951 Psalzyrasen
1810 1923 1859 1945 nr.
1871 1912 1966 1944 1751.

417 1997 618 2029 Reverendis
641 1997 673 2028 in
693 1997 820 2029 Christo
844 1997 988 2039 patribus
1012 2001 1045 2028 et
1068 1997 1204 2029 dominis
1227 1998 1292 2028 suis
1316 1997 1452 2029 dominis
1474 1997 1573 2029 Petro
1597 1997 1786 2040 Moguntine
1809 2009 1868 2040 per
1883 1998 1966 2031 Ger-

310 2051 461 2090 maniam,
485 2050 638 2081 Heinrico
656 2049 855 2082 Coloniensis
878 2060 937 2091 per
953 2049 1107 2090 Ytaliam,
1131 2050 1290 2082 Baltwino
1308 2049 1514 2082 Treverensis
1538 2061 1596 2091 per
1619 2049 1759 2081 Galliam
1783 2054 1966 2082 sanctarum

311 2102 435 2133 sedium
460 2102 709 2143 archiepiscopis
733 2104 766 2132 et
781 2102 862 2132 sacri
878 2102 1004 2143 imperii
1020 2102 1310 2134 archicancellariis
1334 2112 1457 2133 necnon
1481 2102 1627 2134 omnibus
1651 2102 1909 2144 conprincipibus
1933 2106 1966 2134 et

312 2153 546 2185 coelectoribus
569 2154 633 2184 suis
720 2153 908 2194 Rud(olfus)
936 2153 998 2185 Dei
1022 2154 1132 2196 gracia
1160 2164 1268 2185 comes
1293 2154 1452 2195 palatinus
1474 2153 1558 2185 Reni
1582 2153 1647 2185 dux
1670 2154 1818 2185 Bawarie
1906 2165 1964 2196 pa-

311 2209 414 2237 ratam
439 2205 481 2236 ad
505 2206 616 2247 quevis
639 2205 845 2246 beneplacita
869 2206 1078 2237 voluntatem.

421 2257 504 2292 Quia
527 2257 656 2288 instanti
681 2256 835 2288 eleccioni
859 2257 900 2288 de
925 2257 1145 2288 Romanorum
1170 2267 1247 2299 rege
1272 2258 1420 2289 faciende
1438 2258 1542 2288 causis
1563 2258 1730 2299 legittimis
1747 2261 1780 2289 et
1794 2258 1967 2289 necesariis

312 2308 474 2350 prepediti
497 2319 560 2340 non
590 2319 758 2350 possumus
782 2309 996 2350 personaliter
1019 2310 1192 2350 interesse,
1217 2313 1323 2341 vestre
1354 2309 1531 2341 reverende
1554 2309 1741 2351 paternitati
1764 2309 1966 2355 presentibus

312 2361 507 2400 innotescat,
542 2360 628 2402 quod
662 2360 840 2391 reverendo
870 2361 901 2392 in
931 2360 1058 2392 Christo
1094 2362 1178 2402 patri
1207 2365 1239 2392 et
1269 2361 1398 2392 domino
1426 2360 1580 2392 Heinrico
1610 2359 1787 2393 venerabili
1812 2362 1964 2403 episcopo

313 2411 469 2443 Gurcensi
498 2422 556 2453 per
581 2415 749 2453 presentes
780 2412 894 2443 damus
922 2416 955 2444 et
982 2412 1187 2444 concedimus
1216 2413 1345 2454 plenam
1376 2416 1409 2444 et
1436 2412 1573 2444 liberam
1602 2415 1813 2454 potestatem,
1836 2413 1965 2445 nomine

311 2467 419 2495 nostro
444 2473 555 2505 regem
577 2463 795 2495 Romanorum
820 2464 862 2495 ad
884 2475 1016 2505 presens
1041 2468 1073 2495 et
1096 2465 1127 2495 in
1151 2465 1294 2506 presenti
1317 2465 1454 2496 termino
1484 2475 1556 2496 cum
1581 2465 1645 2496 suis
1668 2465 1965 2496 continuacionibus

313 2515 453 2558 eligendi
477 2518 510 2546 et
531 2516 564 2546 in
587 2515 771 2557 eligendum
797 2516 1032 2557 consenciendi,
1056 2517 1224 2558 ipsumque
1245 2517 1468 2548 constituimus
1483 2527 1593 2548 verum
1618 2520 1651 2548 et
1673 2516 1868 2558 legittimum
1890 2527 1964 2558 pro-

313 2570 500 2605 curatorem¹
518 2566 559 2597 ad
583 2566 767 2608 eligendum
791 2571 827 2598 ut
849 2567 1026 2609 predicitur
1042 2578 1153 2609 regem
1166 2567 1398 2609 Romanorum,
1417 2579 1540 2600 necnon
1557 2569 1665 2599 omnia
1681 2568 1820 2600 faciendi
1836 2569 1964 2600 nomine

313 2618 468 2660 predicto,
493 2628 555 2660 que
579 2629 655 2650 vcro
678 2621 877 2660 procuratori
901 2619 1121 2651 conceduntur
1143 2630 1162 2651 a
1186 2630 1309 2651 canone
1332 2620 1385 2652 vel
1407 2631 1426 2652 a
1449 2620 1540 2662 lege,
1565 2620 1668 2652 eciam
1691 2630 1754 2662 que
1777 2620 1965 2652 mandatum

414 2687 461 2731 91,
492 2704 516 2736 ⁸)
535 2705 604 2730 litias
622 2704 645 2730 2.
747 2705 770 2738 b)
790 2706 963 2731 Frankinsurd
982 2705 1006 2731 2.
1099 2705 1122 2738 c)
1139 2707 1274 2732 nobiscum
1292 2707 1355 2732 add.
1374 2706 1398 2732 2.
1500 2706 1529 2740 d)>
1544 2711 1569 2732 et
1588 2707 1650 2733 add.
1669 2707 1693 2732 2.
1790 2707 1814 2739 θ)
1833 2707 1964 2732 Franken-

312 2749 371 2774 furd
388 2747 412 2774 2.
509 2747 528 2779 f)
546 2753 583 2773 tot
604 2749 631 2773 in
655 2758 752 2774 rasura
770 2749 793 2775 2.
889 2748 914 2780 Β)
937 2749 963 2774 in
988 2750 1162 2775 Romanorum
1185 2750 1214 2775 i‘n
1238 2758 1336 2776 romara
1356 2750 1378 2776 1.
1475 2749 1501 2782 ¹²)
1521 2750 1688 2776 convocari
1710 2749 1735 2776 2.
1832 2749 1851 2782 i)
1873 2750 1964 2776 nichil-

312 2792 432 2816 hominus
450 2790 475 2816 2.

1986 725 2011 746 1⁰

1986 986 2010 1006 1⁸

1985 1507 2011 1527 25

1983 2169 2008 2188 ³5

1983 2428 2011 2447 40

1982 2715 2009 2734 45
