2190 3172
292 189 354 220 298
526 187 623 214 ACTA
641 186 755 214 REGNI
774 185 959 213 LUDEWICI
977 185 1024 213 1V.
1042 185 1089 212 ΕΤ
1107 184 1292 213 FRIDERICI
1310 185 1359 213 111.
1396 185 1471 214 1316.
1507 186 1556 215 Nr.
1568 186 1627 214 354.
1644 187 1704 215 355.

290 274 436 306 inferiori
464 273 659 306 instituendo
688 273 729 305 de
759 283 842 305 novo
873 276 939 304 tam
967 272 1035 313 diu,
1070 282 1236 314 quousque
1268 273 1405 313 pecunie
1432 283 1557 305 summa
1584 273 1693 306 totalis
1715 283 1774 316 per
1795 284 1854 306 nos
1875 273 1938 306 sibi

290 324 440 368 d[e]bita‚
463 329 558 367 prout
580 325 612 356 in
635 324 750 356 litteris
772 324 834 356 sibi
857 334 877 355 a
899 323 992 355 nobis
1015 333 1112 365 super
1133 323 1194 354 hoc
1222 323 1348 355 traditis
1374 325 1586 366 continetur1,
1614 325 1711 357 fuerit
1737 324 1939 368 integraliter

290 377 432 409 exoluta.
479 376 513 408 Si
535 387 612 408 vero
636 375 723 418 quod
746 376 831 408 absit
853 375 974 407 dictum
996 375 1239 407 Thuronensem
1263 375 1370 417 aliqua
1393 375 1434 408 de
1457 386 1554 408 causa
1576 376 1788 419 prepediente
1811 377 1844 408 in
1865 376 1937 409 loco

291 431 436 471 pretacto
459 428 547 460 idem
570 429 678 460 levare
701 438 763 459 non
794 428 928 469 poterit,
959 427 1105 458 volumus
1133 429 1170 458 ut
1198 426 1285 458 idem
1315 426 1402 468 apud
1423 427 1597 460 Brubaehb
1619 439 1678 470 pro
1701 427 1787 460 dicto
1811 427 1936 460 Thuro-

292 490 390 512 nense
425 480 505 511 duos
538 480 675 521 recipiat
707 489 767 520 per
799 478 932 510 modum
960 478 1119 519 thelonei,
1153 478 1240 520 quod
1267 489 1393 510 exnunc
1421 479 1614 511 instituimus
1642 483 1676 512 et
1699 489 1770 512 esse
1792 479 1938 512 volumus
1995 498 1998 501 -

290 532 484 564 auctoritate
508 531 599 573 regia
621 529 840 573 i[n]stitutum.
885 530 1009 562 Dantes
1032 529 1138 562 eidem
1161 530 1219 562 has
1242 529 1365 562 litteras
1387 531 1419 562 in
1442 531 1660 563 testimonium
1684 541 1780 573 super
1802 540 1851 563 eo.

400 592 473 623 Dat.
502 591 743 632 Nfiremberch,
771 590 829 623 VI.
850 590 898 622 Id.
927 590 1056 631 Marcii,
1089 600 1172 622 anno
1205 589 1336 622 Domini
1362 590 1574 632 MOGCXVI,
1609 592 1700 634 regui
1727 602 1803 623 vero
1839 592 1940 623 nostri

290 653 375 675 anno
400 642 552 675 secundo.

516 779 601 815 355.
643 778 817 815 Sententia
843 790 947 824 super
975 778 1071 814 bom's
1097 779 1222 815 ducum
1249 778 1425 815 Austriae.
1529 779 1640 816 Mart.
1659 781 1719 815 26.

403 855 564 898 Oriyz‘nale
586 856 623 887 in
645 855 804 888 tabulario
827 855 985 888 Switensi.
1030 854 1208 896 Descripsit
1230 856 1257 888 b.
1274 867 1314 888 m.
1331 856 1428 896 Jaffe.
1473 856 1592 890 Pendet
1613 857 1760 899 sigillum.

400 912 547 950 B6hmer,
572 911 647 952 Rey.
664 911 778 944 Ludw.
796 922 830 951 p.
848 913 891 943 12
911 922 961 943 nr.
979 912 1051 944 194.

405 967 453 1007 Of.
477 968 571 1010 infra
594 968 639 1000 ad
659 978 690 1001 a.
709 967 802 1000 1323.
830 967 894 1000 Oct.
911 970 932 999 7
954 970 983 1000 et
1004 978 1036 1000 α.
1052 969 1146 1001 1324.
1170 968 1254 1001 Mai.
1272 969 1301 1001 5.

401 1071 594 1103 Ludowicus
619 1071 682 1103 Dei
705 1071 810 1113 gratia
831 1070 1051 1103 Romanorum
1074 1082 1132 1104 rex
1155 1082 1283 1114 semper
1306 1075 1460 1114 augustus
1525 1074 1681 1106 universis
1704 1074 1786 1106 sacri
1801 1073 1940 1106 Romani

292 1124 421 1166 imperii
449 1123 598 1156 fidelibus
629 1127 798 1165 presentes
825 1122 948 1155 litteras
972 1123 1162 1165 inspecturis
1188 1124 1242 1156 vel
1272 1124 1428 1156 audituris
1500 1126 1638 1167 gratiam
1665 1136 1755 1157 suam
1785 1129 1817 1158 et
1847 1136 1941 1158 omne

294 1175 424 1208 bonum.

402 1226 507 1268 Regio
531 1225 731 1258 celsitudinis
757 1226 910 1257 maiestas
938 1225 980 1257 ad
1009 1225 1137 1258 laudem
1164 1226 1322 1258 bonorum
1344 1227 1581 1270 vindictamque
1607 1227 1765 1260 malorum
1793 1228 1944 1261 divinitus

294 1279 463 1318 collocata,
488 1278 548 1310 etsi
572 1280 704 1309 cunctos
726 1277 891 1309 maleficos
913 1278 1066 1319 persequi
1089 1281 1251 1319 teneatur,
1276 1279 1351 1321 quia
1373 1279 1548 1321 reipublice
1571 1280 1718 1321 interest,
1747 1290 1788 1312 ne
1811 1281 1944 1313 crimina

293 1333 483 1363 remaneant
506 1330 670 1371 inpunita,
698 1329 771 1361 illos
794 1332 903 1361 tamen
926 1329 1113 1371 dignissime
1137 1331 1342 1372 persequitur
1369 1333 1403 1362 et
1425 1331 1538 1372 puniet
1559 1332 1651 1373 penis
1673 1331 1789 1364 debitis
1812 1335 1846 1364 et
1867 1342 1943 1364 con-

294 1382 409 1424 dignis,
434 1382 488 1424 qui
511 1382 646 1413 crimine
669 1381 840 1412 inmaniori
856 1380 956 1412 veluti
978 1380 1210 1423 perduellionis
1232 1392 1289 1414 seu
1311 1382 1379 1414 lese
1401 1383 1580 1415 maiestatis
1601 1394 1665 1415 non
1688 1386 1754 1415 tam
1776 1383 1944 1426 inprovide

292 1445 393 1477 quam
416 1435 588 1466 temerarie
612 1433 827 1474 implicantur.
873 1431 958 1464 Hinc
988 1436 1038 1465 est
1066 1433 1152 1475 quod
1175 1444 1233 1466 nos
1256 1435 1490 1467 communicato
1513 1434 1646 1467 consilio
1668 1435 1848 1477 principum
1870 1446 1944 1468 nos—

297 1489 418 1518 trorum
441 1488 475 1518 et
496 1484 634 1516 aliorum
657 1484 800 1516 fidelium
822 1484 965 1526 imperii,
996 1494 1076 1526 quos
1099 1484 1142 1516 ad
1164 1484 1226 1517 hoc
1249 1488 1283 1517 et
1305 1485 1347 1518 ad
1370 1485 1434 1518 alia
1456 1487 1579 1519 maiora
1601 1487 1733 1528 negotia
1755 1488 1847 1530 regni
1869 1497 1944 1530 per-

293 1536 464 1569 tractanda
486 1547 589 1578 nuper
614 1535 701 1578 apud
716 1535 923 1578 Nuremberg
938 1536 1088 1568 duximus
1105 1536 1265 1579 colloquio
1289 1537 1396 1570 edicto
1413 1538 1552 1580 desuper
1567 1538 1696 1580 publice
1711 1539 1943 1582 convocandos,

294 1589 438 1621 unanimi
461 1587 593 1620 decreto
618 1587 821 1620 decrevimus
844 1591 878 1619 et
900 1588 1135 1620 declaravimus
1151 1599 1262 1621 omnes
1285 1593 1401 1629 curtes,
1425 1591 1495 1622 iura
1518 1594 1551 1622 et
1573 1590 1658 1623 bona
1680 1590 1797 1623 ducum
1812 1591 1943 1624 Austrie

296 1644 328 1673 et
352 1640 486 1672 aliorum
511 1639 769 1672 adversariorum
793 1643 975 1671 nostrorum
999 1643 1033 1672 et
1055 1640 1192 1682 imperii,
1215 1641 1278 1673 sita
1301 1644 1334 1673 et
1355 1642 1460 1683 posita
1482 1642 1515 1674 in
1534 1642 1669 1675 vallibus
1692 1642 1797 1683 Switz,
1820 1642 1888 1675 Ura
1910 1646 1945 1675 et

294 1691 533 1725 Undernwalde
557 1702 615 1723 seu
637 1691 716 1723 locis
739 1691 810 1723 aliis
833 1692 992 1733 contiguis
1016 1694 1049 1724 et
1071 1692 1182 1724 vicinis
1209 1703 1281 1725 eum
1303 1693 1500 1735 hominibus,
1530 1694 1652 1726 iuribus
1682 1698 1716 1727 et
1742 1695 1943 1736 pertinentiis

1958 868 1984 888 1⁰

1961 1186 1986 1206 15

1962 1704 1986 1726 2⁵

294 1747 329 1776 et
352 1744 422 1775 aliis
445 1744 618 1784 universis,
653 1753 695 1774 ex
728 1753 767 1775 eo
802 1743 889 1786 quod
920 1743 1012 1775 nobis
1046 1747 1080 1775 et
1110 1745 1245 1786 imperio
1276 1746 1447 1777 temerarie
1478 1749 1512 1777 et
1537 1746 1715 1788 improvide
1738 1746 1964 1783 adversantes,

295 1796 420 1828 crimen
443 1795 511 1827 lese
534 1795 713 1827 maiestatis
736 1795 885 1827 incidisse
909 1795 1037 1837 publice
1054 1795 1261 1828 dinoscuntur
1283 1800 1316 1829 et
1338 1798 1370 1828 in
1393 1797 1509 1829 eodem
1524 1798 1701 1839 pertinacia
1723 1798 1818 1830 solita
1839 1797 1946 1830 adhue

298 1847 457 1889 intrepide
482 1847 713 1887 debachantur,
736 1849 902 1889 tamquam
925 1848 995 1889 ipso
1019 1849 1087 1880 iure
1111 1848 1284 1880 confiscata
1306 1848 1348 1880 ad
1371 1859 1429 1880 nos
1452 1852 1484 1880 et
1506 1850 1676 1891 imperium
1700 1860 1771 1882 esse
1795 1849 1946 1882 devoluta

295 1899 441 1931 totaliter
464 1902 497 1931 et
519 1898 660 1931 addicta.
706 1898 908 1931 Sanetientes
931 1901 966 1931 et
987 1899 1133 1932 volentes
1156 1900 1350 1940 omnimode,
1373 1904 1411 1932 ut
1431 1901 1562 1933 inantea
1585 1901 1626 1933 ad
1641 1912 1700 1934 nos
1723 1905 1756 1933 et
1775 1902 1946 1944 imperium

295 1953 461 1992 tamquam
486 1950 633 1982 dominos
662 1961 754 1982 veros
783 1954 817 1982 et
845 1961 1047 1992 possessores
1079 1951 1236 1984 dictarum
1260 1953 1410 1992 curtium,
1443 1953 1608 1984 hominum
1636 1956 1670 1985 et
1699 1954 1815 1985 iurium
1844 1958 1877 1985 et
1903 1953 1946 1985 ad

298 2002 403 2034 nullos
425 2003 507 2034 alios
530 2005 698 2044 respectus
713 2003 841 2044 penitus
856 2002 1018 2035 habeatur
1040 2013 1078 2035 ac
1101 2002 1216 2035 census
1239 2002 1273 2036 et
1295 2005 1364 2036 iura
1380 2005 1504 2036 ratione
1521 2004 1679 2037 dictarum
1695 2006 1831 2037 curtium
1853 2005 1945 2037 nobis

295 2057 330 2086 et
353 2054 489 2096 imperio
513 2054 636 2096 absque
660 2053 893 2096 impedimento
922 2054 1068 2096 quolibet
1094 2054 1325 2096 persolvantur.
1370 2056 1526 2089 Preterea
1553 2057 1733 2088 censuimus
1756 2060 1788 2089 et
1811 2055 1945 2088 inviola-

297 2105 407 2137 biliter
429 2106 640 2147 decrevimus,
666 2106 753 2148 quod
776 2105 861 2138 dicte
886 2109 991 2138 curtes
1014 2117 1086 2138 cum
1110 2106 1302 2148 hominibus,
1325 2107 1422 2140 rebus
1445 2111 1478 2139 et
1499 2108 1621 2140 iuribus
1643 2109 1799 2140 universis
1821 2118 1946 2140 necnon

298 2157 481 2189 hominibus
505 2157 664 2190 dictarum
687 2157 818 2190 vallium
848 2161 882 2190 et
911 2158 1060 2190 dominiis
1088 2158 1264 2191 earumdem
1291 2159 1378 2192 nullo
1405 2170 1557 2202 umquam
1585 2163 1730 2202 tempore
1757 2171 1778 2192 a
1799 2160 1892 2192 nobis
1914 2163 1948 2192 et

296 2210 433 2251 imperio
462 2211 575 2251 quovis
604 2209 807 2241 alienationis
835 2211 938 2252 tytulo
969 2210 1102 2242 alienari
1134 2210 1276 2243 debeant
1303 2212 1356 2244 vel
1383 2211 1585 2254 aliquatenus
1618 2213 1762 2254 separari
1796 2215 1829 2244 et
1859 2211 1947 2254 quod

297 2261 389 2292 nobis
412 2261 511 2293 licere
534 2272 598 2293 non
621 2263 779 2303 patimur,
802 2263 919 2294 nostris
942 2262 1181 2294 successoribus
1203 2263 1391 2296 indicamus.
1479 2264 1567 2296 Nulli
1589 2275 1667 2306 ergo
1691 2264 1820 2296 omnino
1842 2263 1947 2296 homi-

298 2323 374 2344 num
397 2313 494 2345 liceat
515 2313 597 2345 hanc
621 2318 801 2346 nostrarum
826 2314 1063 2351 declarationis,
1086 2315 1259 2347 sanctionis
1282 2318 1315 2347 et
1338 2315 1460 2348 decreti
1475 2316 1627 2358 paginam
1647 2315 1822 2358 infringere
1840 2315 1894 2348 vel
1917 2316 1947 2348 ei

298 2365 330 2396 in
353 2365 460 2407 aliquo
484 2375 565 2396 ausu
587 2366 760 2398 temerario
789 2367 962 2407 contraire,
992 2367 1074 2398 sicut
1100 2366 1333 2409 indignacionis
1363 2368 1452 2410 regie
1482 2367 1630 2400 aculeum
1653 2368 1792 2400 voluerit
1814 2368 1945 2400 evitare.

405 2424 527 2457 Datum
560 2426 593 2457 in
623 2426 789 2459 obsidione
819 2427 930 2469 oppidi
961 2426 1139 2468 Herriden,
1174 2429 1311 2470 septimo
1341 2428 1506 2460 Kalendas
1535 2428 1670 2471 Aprilis,
1703 2439 1786 2460 anno
1816 2427 1948 2460 Domini

298 2476 510 2519 MOOOXVI,
534 2478 626 2519 regni
649 2488 725 2510 vero
749 2479 849 2510 nostri
872 2490 955 2511 anno
979 2479 1129 2511 secundo.

407 2597 472 2626 354.
500 2598 525 2631 b)
544 2608 563 2625 u
581 2608 648 2626 corr.
667 2608 698 2625 εκ
715 2598 752 2626 o?
770 2609 806 2626 or.

406 2685 431 2716 1)
454 2683 587 2711 Videntur
604 2692 655 2711 esse
672 2693 757 2719 supra
774 2693 816 2712 nr.
831 2689 885 2712 211.

1966 2221 1990 2241 85

1965 2489 1992 2508 4⁰
