2184 3126
216 480 274 501 1820.

199 504 257 526 Νῦν.
268 508 300 526 11.

316 141 381 171 490
511 136 609 164 ACTA
628 135 742 163 REGNI
761 134 946 162 LUDEW101
965 134 1012 162 IV.
1031 134 1077 161 ET
1097 133 1281 160 FRIDERICI
1301 133 1347 160 111.
1385 133 1461 160 1321.
1497 133 1547 160 Nr.
1559 133 1619 160 615.
1637 133 1697 161 616.
1717 133 1776 161 617.

423 223 642 266 Lud(ow)icus
664 223 727 254 Dei
749 223 857 264 gracia
879 221 1099 252 Romanorum
1122 231 1180 252 rex
1203 230 1332 261 semper
1355 223 1510 261 augustus
1534 251 1539 256 ,
1576 219 1677 252 nobili
1699 220 1766 252 viro
1789 220 1972 253 Ebirhardo

315 276 356 307 de
379 275 527 317 Brfiberg
550 274 707 306 advocato
730 273 917 315 provinciali
940 283 999 313 per
1015 271 1242 311 Wedrebiam,
1270 270 1359 302 fideli
1382 281 1440 302 suo
1464 271 1582 303 dilecto
1656 273 1800 314 graciam
1823 283 1916 305 suam
1939 276 1974 305 et

315 338 411 360 omne
434 328 564 359 bonum.

422 378 588 410 Fidelitati
604 381 657 409 tue
673 376 876 417 iniungimus,
900 377 995 416 prout
1010 374 1075 405 iam
1091 373 1217 415 pridem
1240 384 1298 405 nos
1320 373 1377 405 tibi
1393 373 1522 406 dedisse
1538 374 1710 406 recolimus
1733 375 1766 406 in
1782 375 1971 418 mandatis²‚

316 431 463 472 quatinus
486 429 570 471 apud
595 430 732 470 quatuor
755 427 851 468 opida
874 429 982 457 nostra
1006 429 1039 457 et
1061 425 1198 467 imperii,
1223 425 1345 456 scilicet
1367 424 1604 468 Frankenffirtr
1618 426 1809 470 Frideberg,
1833 427 1973 460 Wetflar
2002 439 2014 459 ε

316 485 348 514 et
371 480 592 523 Geylnhfisen,
623 482 746 510 steuras
776 481 900 508 nostras
930 477 1055 517 solitas,
1087 487 1166 519 quas
1195 477 1228 508 in
1258 477 1341 508 festo
1369 477 1458 509 beati
1479 478 1610 510 Martini
1637 479 1784 520 proxime
1815 480 1971 521 preterito

315 533 473 565 exolvisse
490 531 677 571 debuerant,
701 529 844 571 requiras
868 531 900 560 et
923 528 1056 570 colligas
1078 528 1258 570 requisitas.
1293 527 1336 559 Et
1353 528 1393 560 de
1416 530 1577 571 perceptis
1592 530 1782 572 porcionem
1798 532 1830 562 te
1847 531 1970 562 contiu-

313 587 442 626 gentem
465 584 554 614 iuxta
571 584 724 613 tractatus
746 583 871 611 nostros
887 583 994 611 tecum
1010 580 1193 620 novissime,
1217 590 1287 611 cum
1312 581 1344 611 in
1359 580 1453 613 Reno
1478 592 1632 623 essemus,
1655 581 1805 614 habitos1
1818 583 1970 625 retinen,

311 635 474 667 residuum
497 644 572 665 vero
595 632 755 664 nobilibus
777 632 852 662 viris
876 631 1027 673 Philippo
1056 632 1174 662 seniori
1203 634 1235 663 et
1257 631 1410 674 Philippo
1433 633 1549 664 iuniori
1572 633 1613 665 de
1629 633 1858 675 Valkemtein,
1889 633 1969 666 Got-

311 686 393 718 frido
417 686 458 716 de
482 684 679 726 Eppenstein
702 693 740 714 ac
751 682 861 714 Ulrico
887 682 927 714 de
944 682 1089 714 Hanowe
1114 683 1286 714 distribuas
1309 684 1400 715 iuxta
1424 685 1588 726 cognitum
1611 685 1671 716 tibi
1693 686 1825 717 modum
1849 689 1969 718 tracta-
1989 698 2014 718 ιο

311 741 400 768 tuum
424 736 614 767 habitorum.
659 735 707 767 Ea
734 734 922 765 condicione
951 735 1122 775 premissa,
1154 735 1240 776 quod
1270 735 1376 776 sigilla
1404 746 1463 767 sua
1490 736 1677 778 appendant
1699 737 1815 770 litteris
1841 738 1968 779 nostris,

313 799 392 830 quas
415 791 565 818 strennuo
589 788 657 818 viro
667 786 811 818 Volrado
835 785 970 817 sculteto
994 789 1102 817 nostro
1126 787 1158 817 in
1174 785 1394 818 Frankenffirt
1415 788 1633 820 commisimus
1656 788 1876 821 reservandus.
1913 788 1970 820 Sin

311 843 419 871 autem
436 839 496 870 hiis
512 849 653 870 annuere
676 839 870 878 rennuerint,
894 841 1003 879 partes
1020 839 1154 879 pecunie
1179 838 1311 870 eosdem
1335 839 1559 881 contingentes
1582 843 1615 872 te
1630 850 1796 872 reservare
1812 840 1969 882 volumus,

312 901 478 933 quousque
501 891 699 922 voluntatem
722 892 873 930 nostram,
899 889 974 930 quid
999 889 1039 921 de
1063 900 1102 921 ea
1125 890 1195 921 fieri
1218 889 1348 931 debeat,
1373 890 1431 922 tibi
1453 891 1721 924 certitudinaliter
1743 891 1968 925 rescribamus.

419 950 492 982 Dat.
510 950 647 988 Monaci,
671 951 703 981 in
726 949 778 981 die
802 949 890 981 beati
912 949 1035 981 Mathia
1059 950 1207 992 apostoli,
1231 952 1322 993 regni
1344 952 1444 983 nostri
1467 962 1551 983 anuo
1574 953 1722 994 septimo.
1988 964 2014 984 ιι

413 1176 653 1221 616-618.
695 1175 1031 1221 FRIDERICI
1065 1176 1353 1222 SCRIPTA
1381 1175 1511 1223 PRO
1541 1177 1863 1224 CIVITATE

881 1240 1218 1286 RATISPON
1226 1241 1316 1286 EN
1323 1240 1398 1287 SI.

920 1322 1030 1358 1321.
1070 1322 1177 1358 Mart.
1200 1322 1294 1359 5.—
1309 1323 1366 1359 12.

757 1443 845 1479 616.
885 1442 1061 1487 Scriptum
1084 1443 1246 1487 primum.
1351 1443 1463 1479 Mari.
1483 1443 1517 1478 5.

420 1521 580 1562 Oriyiuale
602 1522 675 1562 (or.)
698 1521 735 1552 iu
758 1521 918 1553 tabulario
938 1521 1079 1562 yeuerali
1100 1522 1190 1562 requi
1204 1521 1372 1554 Bawariei
1395 1522 1614 1555 ‘Kaiserseleet
1627 1523 1802 1564 Nachtray‘
1823 1535 1875 1556 ur.
1891 1526 1964 1557 188.
1983 1535 2010 1555 20

308 1574 543 1614 ,Descripsimus
564 1583 628 1605 nos.
674 1573 846 1612 Inscriptio
869 1576 929 1605 est:
956 1573 1083 1605 Unsern
1106 1574 1263 1615 getriwen
1283 1573 1394 1606 lieben
1410 1598 1418 1605 .
1437 1598 1443 1605 .
1461 1574 1536 1606 dem
1559 1574 1821 1618 burgen-meister,
1840 1601 1846 1608 .
1865 1602 1871 1609 .
1889 1576 1967 1609 dem

308 1630 378 1659 rate
400 1625 466 1658 und
488 1625 547 1657 der
564 1649 570 1656 .
589 1651 594 1657 .
612 1625 740 1667 gemein
763 1635 800 1657 ze
822 1624 1066 1667 Regenspurch.
1113 1624 1220 1665 sigilli
1241 1626 1418 1657 maiestatis
1432 1636 1521 1658 cerae
1542 1625 1632 1658 albae
1654 1627 1746 1659 dorso
1767 1628 1813 1660 ad
1827 1627 1980 1660 litteram.

309 1678 517 1710 claudendam
539 1677 683 1716 impressi
701 1676 886 1718 fragmenta
907 1677 1036 1708 adsunt.
1059 1696 1102 1700 —
1124 1677 1297 1709 Ineditum.

419 1739 468 1777 Cf.
483 1738 629 1776 Biihmer,
656 1737 730 1778 Rcy.
747 1737 860 1770 Ludw.
877 1748 912 1778 p.
931 1738 993 1770 175
1017 1737 1187 1770 Friedrich
1209 1748 1258 1770 νυν.
1277 1739 1349 1770 183.

390 1863 395 1873 ι
415 1829 488 1860 Wir
523 1827 716 1870 Frider(ich)
754 1839 817 1860 von
854 1828 956 1860 Gotes
992 1828 1123 1871 guaden
1158 1828 1339 1861 Romscher
1375 1829 1478 1872 kunig
1520 1830 1629 1862 allezit
1673 1832 1725 1863 ein
1762 1842 1870 1864 merer
1907 1832 1966 1865 dez
1983 1843 2010 1864 ιε

307 1881 412 1913 riches
478 1880 654 1920 enb(ieten)
677 1890 795 1912 unsern
818 1881 975 1922 getriwen
997 1880 1106 1912 lieben
1123 1905 1130 1912 .
1148 1905 1154 1912 .
1173 1880 1247 1912 dem
1270 1881 1532 1923 burgermeister,
1555 1907 1563 1914 .
1580 1907 1588 1914 .
1605 1882 1680 1915 dem
1702 1886 1753 1916 rat
1775 1884 1841 1916 und
1857 1908 1865 1916 .
1883 1909 1890 1918 .
1907 1884 1968 1917 der

308 1933 436 1974 gemein
458 1943 494 1964 ze
517 1932 750 1973 Regenspurch
816 1942 913 1964 unser
934 1932 1042 1974 gnade
1065 1931 1131 1964 und
1153 1931 1234 1964 allez
1257 1931 1324 1974 gfit.

414 1983 487 2014 Wir
513 1982 570 2014 tfin
598 1983 679 2015 euch
706 1984 805 2015 chunt
832 1984 890 2015 daz
919 1983 976 2016 der
1005 1982 1206 2025 Gumprecht
1239 1983 1305 2015 und
1330 1983 1460 2026 Hayme
1495 1986 1564 2018 sein
1594 1986 1711 2028 eydem
1731 1987 1778 2029 *bi
1810 1998 1870 2020 uns
1903 1988 1967 2021 sint

308 2046 457 2077 gewesen
478 2035 545 2066 und
567 2035 645 2066 hant
668 2046 729 2066 von
753 2030 860 2067 e'wern
883 2046 997 2077 wegen
1020 2035 1068 2066 als
1090 2035 1134 2066 vil
1163 2046 1205 2067 an
1227 2046 1286 2067 uns
1308 2036 1500 2078 geworben,
1531 2037 1591 2070 daz
1613 2039 1672 2071 wir
1698 2039 1781 2072 euch
1810 2041 1842 2072 in
1868 2050 1966 2072 unser

308 2086 413 2128 gnade
437 2087 501 2118 und
524 2088 555 2117 in
577 2097 673 2118 unser
688 2087 785 2118 hulde
809 2087 874 2118 und
897 2088 1034 2119 schirme
1057 2097 1219 2129 genomen
1242 2087 1351 2119 haben
1373 2089 1421 2120 als
1437 2099 1494 2120 vor
1515 2090 1548 2121 in
1570 2090 1653 2122 aller
1668 2092 1776 2132 weise,
1800 2092 1848 2124 als
1871 2092 1913 2124 ob
1937 2092 1965 2123 ir
1982 2102 2008 2123 ω

308 2138 408 2168 wider
437 2149 494 2168 uns
521 2138 607 2168 nicht
629 2138 755 2169 hettent
777 2143 885 2181 getan.
932 2139 1006 2170 Und
1031 2149 1115 2171 were
1140 2139 1198 2170 daz
1227 2139 1285 2171 dar
1310 2140 1392 2172 uber
1419 2141 1528 2173 ieman
1549 2141 1651 2174 wider
1676 2153 1774 2175 unser
1795 2143 1884 2186 prief
1903 2147 1964 2176 tett

310 2190 369 2220 daz
397 2200 437 2220 eu
465 2189 646 2220 schfidelich
679 2190 743 2221 und
766 2191 866 2223 wider
893 2202 934 2223 eu
960 2191 1052 2223 moht
1078 2191 1206 2233 gesem,
1236 2191 1295 2223 daz
1319 2202 1404 2224 were
1433 2203 1492 2225 uns
1518 2193 1579 2225 lait
1604 2194 1670 2226 und
1692 2195 1811 2227 wolten
1839 2206 1880 2228 eu
1903 2195 1963 2228 dez

308 2240 461 2272 beholfen
477 2241 544 2272 sein
565 2240 631 2271 und
646 2239 780 2283 zfilegen
796 2242 896 2274 wider
911 2242 1137 2284 meniglicheu,
1162 2243 1221 2275 daz
1244 2254 1285 2276 eu
1306 2244 1374 2276 icht
1389 2244 1509 2277 schade
1533 2244 1612 2277 oder
1627 2247 1763 2279 unrecht
1778 2247 1961 2281 widerfure.

417 2301 484 2332 Der
505 2301 591 2342 prief
608 2302 649 2331 ist
671 2302 777 2343 geben
799 2314 834 2335 ze
850 2304 1052 2345 Rynvelden⁷
1077 2303 1135 2336 dez
1151 2303 1331 2347 Durnstags
1353 2305 1436 2337 nach
1452 2305 1629 2347 Invocavit‚
1651 2307 1684 2338 in
1707 2307 1782 2340 dem
1805 2308 1963 2342 sibenden

305 2353 358 2393 jar
379 2362 491 2383 unsers
513 2352 635 2393 ryches.
1980 2368 2006 2390 ³5

726 2460 811 2496 617.
851 2461 1023 2507 Scriptum
1050 2463 1246 2498 secuudum.
1352 2461 1463 2499 Mart.
1483 2466 1538 2501 11.
1576 2504 1580 2507 ,

420 2533 580 2575 Ονὶρύηαῑε
602 2536 714 2568 ibidem
736 2537 756 2569 l.
772 2550 797 2570 e.
820 2549 870 2571 nr.
888 2540 959 2571 187.
997 2539 1235 2580 Descripsimus
1256 2550 1322 2573 nos.
1361 2541 1467 2583 Siqiut
1488 2544 1599 2576 secreti
1620 2555 1709 2577 cerae
1730 2547 1847 2578 rubrae
1869 2547 1962 2580 dorso

309 2586 453 2626 impressi
474 2587 604 2627 vestiyia
625 2592 788 2628 apparent.
812 2608 854 2612 —
877 2591 1047 2623 Iueditum.

419 2645 468 2686 Cf.
483 2646 618 2679 Biihmer
640 2647 660 2679 l.
677 2659 701 2679 c.

413 2748 439 2781 1)
461 2747 546 2776 Cuius
562 2749 601 2776 rei
618 2749 774 2777 documenta
792 2754 894 2777 servata
912 2761 968 2779 non
985 2757 1056 2780 sunt.
1976 2769 2005 2789 ιο
