<?xml version="1.0" encoding="UTF-8"?>
<!DOCTYPE html PUBLIC "-//W3C//DTD XHTML 1.0 Transitional//EN"
    "http://www.w3.org/TR/xhtml1/DTD/xhtml1-transitional.dtd">
<html xmlns="http://www.w3.org/1999/xhtml" xml:lang="en" lang="en">
 <head>
  <title>
</title>
<meta http-equiv="Content-Type" content="text/html;charset=utf-8" />
  <meta name='ocr-system' content='tesseract 3.04.00' />
  <meta name='ocr-capabilities' content='ocr_page ocr_carea ocr_par ocr_line ocrx_word'/>
</head>
<body>
  <div class='ocr_page' id='page_1' title='image "./monumentagerma05geseuoft_0591.png"; bbox 0 0 2184 3126; ppageno 0'>
   <div class='ocr_carea' id='block_1_1' title="bbox 451 198 1869 233">
    <p class='ocr_par' dir='ltr' id='par_1_1' title="bbox 451 198 1869 233">
     <span class='ocr_line' id='line_1_1' title="bbox 451 198 1869 233; baseline 0 -6"><span class='ocrx_word' id='word_1_1' title='bbox 451 199 548 228; x_wconf 74' lang='lat' dir='ltr'>ACTA</span> <span class='ocrx_word' id='word_1_2' title='bbox 565 199 680 227; x_wconf 75' lang='lat' dir='ltr'><strong>REGM</strong></span> <span class='ocrx_word' id='word_1_3' title='bbox 699 198 882 227; x_wconf 81' lang='lat' dir='ltr'>LUDEWICI</span> <span class='ocrx_word' id='word_1_4' title='bbox 902 199 950 227; x_wconf 87' lang='lat' dir='ltr'><strong>lv.</strong></span> <span class='ocrx_word' id='word_1_5' title='bbox 969 199 1014 227; x_wconf 80' lang='lat' dir='ltr'><strong>m·</strong></span> <span class='ocrx_word' id='word_1_6' title='bbox 1034 198 1220 227; x_wconf 67' lang='lat' dir='ltr'><strong>annmol</strong></span> <span class='ocrx_word' id='word_1_7' title='bbox 1238 199 1286 226; x_wconf 86' lang='lat'>111.</span> <span class='ocrx_word' id='word_1_8' title='bbox 1326 199 1400 227; x_wconf 77' lang='lat'>1822.</span> <span class='ocrx_word' id='word_1_9' title='bbox 1437 199 1484 227; x_wconf 84' lang='lat' dir='ltr'><strong>Nr.</strong></span> <span class='ocrx_word' id='word_1_10' title='bbox 1498 199 1557 228; x_wconf 91' lang='grc'><strong>700.</strong></span> <span class='ocrx_word' id='word_1_11' title='bbox 1576 200 1635 227; x_wconf 80' lang='grc'><strong>701.</strong></span> <span class='ocrx_word' id='word_1_12' title='bbox 1808 204 1869 233; x_wconf 83' lang='lat'><strong>551</strong></span> 
     </span>
    </p>
   </div>
   <div class='ocr_carea' id='block_1_2' title="bbox 453 345 1634 440">
    <p class='ocr_par' dir='ltr' id='par_1_2' title="bbox 453 345 1634 440">
     <span class='ocr_line' id='line_1_2' title="bbox 453 345 1634 386; baseline -0.003 0"><span class='ocrx_word' id='word_1_13' title='bbox 453 349 527 386; x_wconf 80' lang='grc'><strong>700.</strong></span> <span class='ocrx_word' id='word_1_14' title='bbox 561 347 827 385; x_wconf 82' lang='lat' dir='ltr'><strong>LITTERAE</strong></span> <span class='ocrx_word' id='word_1_15' title='bbox 852 346 1122 385; x_wconf 87' lang='lat' dir='ltr'>IOHANNIS</span> <span class='ocrx_word' id='word_1_16' title='bbox 1146 346 1274 383; x_wconf 85' lang='lat' dir='ltr'>XXII.</span> <span class='ocrx_word' id='word_1_17' title='bbox 1298 345 1634 383; x_wconf 85' lang='lat' dir='ltr'>BERTRANDO</span> 
     </span>
     <span class='ocr_line' id='line_1_3' title="bbox 734 400 1355 440; baseline -0.003 0"><span class='ocrx_word' id='word_1_18' title='bbox 734 401 1040 440; x_wconf 85' lang='lat' dir='ltr'>CARDINALI</span> <span class='ocrx_word' id='word_1_19' title='bbox 1069 400 1355 440; x_wconf 84' lang='lat' dir='ltr'><strong>DIRECTAE.</strong></span> 
     </span>
    </p>
   </div>
   <div class='ocr_carea' id='block_1_3' title="bbox 887 469 1207 507">
    <p class='ocr_par' dir='ltr' id='par_1_3' title="bbox 887 469 1207 507">
     <span class='ocr_line' id='line_1_4' title="bbox 887 469 1207 507; baseline 0 0"><span class='ocrx_word' id='word_1_20' title='bbox 887 470 995 507; x_wconf 72' lang='lat'><strong>1322.</strong></span> <span class='ocrx_word' id='word_1_21' title='bbox 1031 469 1125 507; x_wconf 72' lang='grc' dir='ltr'><strong><em>Νον.</em></strong></span> <span class='ocrx_word' id='word_1_22' title='bbox 1147 470 1207 507; x_wconf 85' lang='grc'><strong>30.</strong></span> 
     </span>
    </p>
   </div>
   <div class='ocr_carea' id='block_1_4' title="bbox 189 559 1870 765">
    <p class='ocr_par' dir='ltr' id='par_1_4' title="bbox 189 559 1870 646">
     <span class='ocr_line' id='line_1_5' title="bbox 328 559 1870 602; baseline -0.001 -8"><span class='ocrx_word' id='word_1_23' title='bbox 328 561 427 602; x_wconf 69' lang='lat' dir='ltr'><strong>Copia</strong></span> <span class='ocrx_word' id='word_1_24' title='bbox 450 562 505 602; x_wconf 90' lang='lat' dir='ltr'><strong>(c.)</strong></span> <span class='ocrx_word' id='word_1_25' title='bbox 521 561 557 593; x_wconf 77' lang='lat' dir='ltr'><strong>in</strong></span> <span class='ocrx_word' id='word_1_26' title='bbox 580 559 785 602; x_wconf 74' lang='lat' dir='ltr'><strong>Reqestorum</strong></span> <span class='ocrx_word' id='word_1_27' title='bbox 807 560 963 593; x_wconf 74' lang='lat' dir='ltr'><strong>tabularii</strong></span> <span class='ocrx_word' id='word_1_28' title='bbox 985 560 1134 593; x_wconf 70' lang='lat' dir='ltr'><strong>Vaticani</strong></span> <span class='ocrx_word' id='word_1_29' title='bbox 1156 564 1227 593; x_wconf 81' lang='lat' dir='ltr'><strong>tom.</strong></span> <span class='ocrx_word' id='word_1_30' title='bbox 1245 560 1308 592; x_wconf 91' lang='lat'><strong>111</strong></span> <span class='ocrx_word' id='word_1_31' title='bbox 1326 559 1384 602; x_wconf 77' lang='lat' dir='ltr'><strong>fol.</strong></span> <span class='ocrx_word' id='word_1_32' title='bbox 1399 562 1465 593; x_wconf 83' lang='lat'><strong>367</strong></span> <span class='ocrx_word' id='word_1_33' title='bbox 1485 571 1537 594; x_wconf 82' lang='lat' dir='ltr'><strong>nr.</strong></span> <span class='ocrx_word' id='word_1_34' title='bbox 1554 561 1649 594; x_wconf 79' lang='lat'><strong><em>1521.</em></strong></span> <span class='ocrx_word' id='word_1_35' title='bbox 1695 559 1870 601; x_wconf 69' lang='lat' dir='ltr'><strong>Daeeripsi-</strong></span> 
     </span>
     <span class='ocr_line' id='line_1_6' title="bbox 189 611 633 646; baseline -0.005 -1"><span class='ocrx_word' id='word_1_36' title='bbox 189 625 201 645; x_wconf 71' lang='lat' dir='ltr'><strong>s</strong></span> <span class='ocrx_word' id='word_1_37' title='bbox 218 622 290 645; x_wconf 78' lang='lat' dir='ltr'><strong>mus</strong></span> <span class='ocrx_word' id='word_1_38' title='bbox 311 622 377 646; x_wconf 76' lang='lat' dir='ltr'><strong>nos.</strong></span> <span class='ocrx_word' id='word_1_39' title='bbox 400 631 438 637; x_wconf 91' lang='lat'>-</span> <span class='ocrx_word' id='word_1_40' title='bbox 463 611 633 646; x_wconf 74' lang='lat' dir='ltr'><strong>Ineditum.</strong></span> 
     </span>
    </p>

    <p class='ocr_par' dir='ltr' id='par_1_5' title="bbox 323 666 1507 708">
     <span class='ocr_line' id='line_1_7' title="bbox 323 666 1507 708; baseline 0 -8"><span class='ocrx_word' id='word_1_41' title='bbox 323 667 417 700; x_wconf 75' lang='lat' dir='ltr'><strong>Extr.</strong></span> <span class='ocrx_word' id='word_1_42' title='bbox 438 667 566 708; x_wconf 79' lang='lat' dir='ltr'><strong><em>praebet</em></strong></span> <span class='ocrx_word' id='word_1_43' title='bbox 588 666 713 699; x_wconf 75' lang='lat' dir='ltr'><strong>Riezler</strong></span> <span class='ocrx_word' id='word_1_44' title='bbox 735 667 975 700; x_wconf 76' lang='lat' dir='ltr'><strong>‘Vatikamische</strong></span> <span class='ocrx_word' id='word_1_45' title='bbox 996 667 1111 700; x_wconf 79' lang='lat' dir='ltr'><strong>Akten’</strong></span> <span class='ocrx_word' id='word_1_46' title='bbox 1129 678 1163 708; x_wconf 81' lang='lat' dir='ltr'><strong>p.</strong></span> <span class='ocrx_word' id='word_1_47' title='bbox 1182 667 1245 698; x_wconf 86' lang='lat'><strong>162</strong></span> <span class='ocrx_word' id='word_1_48' title='bbox 1265 677 1315 699; x_wconf 82' lang='lat' dir='ltr'><strong>nr.</strong></span> <span class='ocrx_word' id='word_1_49' title='bbox 1332 668 1398 700; x_wconf 83' lang='lat'><strong>318</strong></span> <span class='ocrx_word' id='word_1_50' title='bbox 1419 679 1459 700; x_wconf 70' lang='lat' dir='ltr'><strong>etc</strong></span> <span class='ocrx_word' id='word_1_51' title='bbox 1480 678 1507 700; x_wconf 90' lang='lat' dir='ltr'><strong>c.</strong></span> 
     </span>
    </p>

    <p class='ocr_par' dir='ltr' id='par_1_6' title="bbox 322 722 1869 765">
     <span class='ocr_line' id='line_1_8' title="bbox 322 722 1869 765; baseline -0.001 -10"><span class='ocrx_word' id='word_1_52' title='bbox 322 722 398 764; x_wconf 71' lang='lat' dir='ltr'><strong>Req.</strong></span> <span class='ocrx_word' id='word_1_53' title='bbox 410 722 513 755; x_wconf 77' lang='lat' dir='ltr'><strong>Lb‘her</strong></span> <span class='ocrx_word' id='word_1_54' title='bbox 527 722 591 755; x_wconf 80' lang='lat' dir='ltr'><strong>loco</strong></span> <span class='ocrx_word' id='word_1_55' title='bbox 605 733 706 763; x_wconf 78' lang='lat' dir='ltr'><strong>supra</strong></span> <span class='ocrx_word' id='word_1_56' title='bbox 720 723 764 755; x_wconf 83' lang='lat' dir='ltr'><strong>ad</strong></span> <span class='ocrx_word' id='word_1_57' title='bbox 777 734 826 755; x_wconf 79' lang='lat' dir='ltr'><strong>m.</strong></span> <span class='ocrx_word' id='word_1_58' title='bbox 835 724 900 755; x_wconf 78' lang='lat'><strong>269</strong></span> <span class='ocrx_word' id='word_1_59' title='bbox 915 723 1012 756; x_wconf 74' lang='lat' dir='ltr'><strong>citato</strong></span> <span class='ocrx_word' id='word_1_60' title='bbox 1019 723 1128 764; x_wconf 79' lang='lat' dir='ltr'><strong>p.251</strong></span> <span class='ocrx_word' id='word_1_61' title='bbox 1143 733 1192 755; x_wconf 82' lang='lat' dir='ltr'><strong>nr.</strong></span> <span class='ocrx_word' id='word_1_62' title='bbox 1203 722 1287 762; x_wconf 86' lang='lat'><strong>153,·</strong></span> <span class='ocrx_word' id='word_1_63' title='bbox 1303 722 1599 764; x_wconf 63' lang='lat' dir='ltr'><strong>boyer-Reinkens</strong></span> <span class='ocrx_word' id='word_1_64' title='bbox 1611 735 1644 765; x_wconf 81' lang='lat' dir='ltr'><strong>p.</strong></span> <span class='ocrx_word' id='word_1_65' title='bbox 1655 724 1721 755; x_wconf 83' lang='lat'><strong>255</strong></span> <span class='ocrx_word' id='word_1_66' title='bbox 1735 733 1785 755; x_wconf 81' lang='lat' dir='ltr'><strong>nr.</strong></span> <span class='ocrx_word' id='word_1_67' title='bbox 1796 722 1869 755; x_wconf 76' lang='lat'><strong>134.</strong></span> 
     </span>
    </p>
   </div>
   <div class='ocr_carea' id='block_1_5' title="bbox 144 799 1870 1715">
    <p class='ocr_par' dir='ltr' id='par_1_7' title="bbox 144 799 1870 1715">
     <span class='ocr_line' id='line_1_9' title="bbox 322 799 582 843; baseline -0.004 -11"><span class='ocrx_word' id='word_1_68' title='bbox 322 800 418 832; x_wconf 89' lang='lat' dir='ltr'><strong>Dicto</strong></span> <span class='ocrx_word' id='word_1_69' title='bbox 441 800 551 843; x_wconf 77' lang='lat' dir='ltr'><strong>legato</strong></span> <span class='ocrx_word' id='word_1_70' title='bbox 561 799 582 831; x_wconf 82' lang='lat'><strong>¹.</strong></span> 
     </span>
     <span class='ocr_line' id='line_1_10' title="bbox 322 850 1867 894; baseline 0 -11"><span class='ocrx_word' id='word_1_71' title='bbox 322 851 367 884; x_wconf 90' lang='lat' dir='ltr'><strong>Ut</strong></span> <span class='ocrx_word' id='word_1_72' title='bbox 379 861 586 894; x_wconf 74' lang='lat' dir='ltr'><strong>quascunque</strong></span> <span class='ocrx_word' id='word_1_73' title='bbox 600 860 753 892; x_wconf 83' lang='lat' dir='ltr'><strong>personas</strong></span> <span class='ocrx_word' id='word_1_74' title='bbox 766 851 999 883; x_wconf 79' lang='lat' dir='ltr'><strong>ecclesiasticas</strong></span> <span class='ocrx_word' id='word_1_75' title='bbox 1010 853 1043 882; x_wconf 84' lang='lat' dir='ltr'><strong>et</strong></span> <span class='ocrx_word' id='word_1_76' title='bbox 1054 850 1227 891; x_wconf 78' lang='lat' dir='ltr'><strong>seculares,</strong></span> <span class='ocrx_word' id='word_1_77' title='bbox 1242 850 1368 883; x_wconf 92' lang='lat' dir='ltr'><strong>nobiles</strong></span> <span class='ocrx_word' id='word_1_78' title='bbox 1380 854 1414 883; x_wconf 85' lang='lat' dir='ltr'><strong>et</strong></span> <span class='ocrx_word' id='word_1_79' title='bbox 1424 852 1594 894; x_wconf 75' lang='lat' dir='ltr'>ignobiles,</span> <span class='ocrx_word' id='word_1_80' title='bbox 1610 852 1867 892; x_wconf 76' lang='lat' dir='ltr'><strong>communitates,</strong></span> 
     </span>
     <span class='ocr_line' id='line_1_11' title="bbox 172 902 1868 945; baseline 0.001 -11"><span class='ocrx_word' id='word_1_81' title='bbox 172 913 197 934; x_wconf 84' lang='grc' dir='ltr'><strong>ιο</strong></span> <span class='ocrx_word' id='word_1_82' title='bbox 214 903 453 943; x_wconf 75' lang='lat' dir='ltr'><strong>universitates,</strong></span> <span class='ocrx_word' id='word_1_83' title='bbox 477 902 633 934; x_wconf 81' lang='lat' dir='ltr'><strong>officiales</strong></span> <span class='ocrx_word' id='word_1_84' title='bbox 657 913 694 934; x_wconf 79' lang='lat' dir='ltr'><strong>ac</strong></span> <span class='ocrx_word' id='word_1_85' title='bbox 717 902 853 944; x_wconf 89' lang='lat' dir='ltr'><strong>populos</strong></span> <span class='ocrx_word' id='word_1_86' title='bbox 876 906 909 935; x_wconf 88' lang='lat' dir='ltr'><strong>et</strong></span> <span class='ocrx_word' id='word_1_87' title='bbox 932 902 1061 944; x_wconf 85' lang='lat' dir='ltr'><strong>quosvis</strong></span> <span class='ocrx_word' id='word_1_88' title='bbox 1083 902 1164 934; x_wconf 77' lang='lat' dir='ltr'><strong>alios</strong></span> <span class='ocrx_word' id='word_1_89' title='bbox 1187 902 1325 934; x_wconf 78' lang='lat' dir='ltr'><strong>civitatis</strong></span> <span class='ocrx_word' id='word_1_90' title='bbox 1348 905 1382 934; x_wconf 84' lang='lat' dir='ltr'><strong>et</strong></span> <span class='ocrx_word' id='word_1_91' title='bbox 1405 902 1567 935; x_wconf 82' lang='lat' dir='ltr'><strong>districtus</strong></span> <span class='ocrx_word' id='word_1_92' title='bbox 1587 902 1868 945; x_wconf 78' lang='lat' dir='ltr'><strong>Mediolan(ensis)</strong></span> 
     </span>
     <span class='ocr_line' id='line_1_12' title="bbox 215 953 1868 997; baseline -0.001 -10"><span class='ocrx_word' id='word_1_93' title='bbox 215 957 249 988; x_wconf 82' lang='lat' dir='ltr'><strong>et</strong></span> <span class='ocrx_word' id='word_1_94' title='bbox 264 955 400 987; x_wconf 80' lang='lat' dir='ltr'><strong>aliarum</strong></span> <span class='ocrx_word' id='word_1_95' title='bbox 414 955 554 996; x_wconf 83' lang='lat' dir='ltr'><strong>partium</strong></span> <span class='ocrx_word' id='word_1_96' title='bbox 570 953 802 997; x_wconf 78' lang='lat' dir='ltr'><strong>Lomburdi[e]‚</strong></span> <span class='ocrx_word' id='word_1_97' title='bbox 819 955 1034 996; x_wconf 89' lang='lat' dir='ltr'><strong>cuiuscunque</strong></span> <span class='ocrx_word' id='word_1_98' title='bbox 1051 953 1243 986; x_wconf 87' lang='lat' dir='ltr'><strong>conditionis</strong></span> <span class='ocrx_word' id='word_1_99' title='bbox 1259 954 1409 994; x_wconf 74' lang='lat' dir='ltr'><strong>existant,</strong></span> <span class='ocrx_word' id='word_1_100' title='bbox 1433 955 1487 996; x_wconf 91' lang='lat' dir='ltr'><strong>qui</strong></span> <span class='ocrx_word' id='word_1_101' title='bbox 1504 954 1669 986; x_wconf 80' lang='lat' dir='ltr'><strong>carissimo</strong></span> <span class='ocrx_word' id='word_1_102' title='bbox 1693 955 1724 986; x_wconf 90' lang='lat' dir='ltr'><strong>in</strong></span> <span class='ocrx_word' id='word_1_103' title='bbox 1739 954 1868 987; x_wconf 86' lang='lat' dir='ltr'><strong>Christo</strong></span> 
     </span>
     <span class='ocr_line' id='line_1_13' title="bbox 214 1004 1870 1048; baseline -0.001 -9"><span class='ocrx_word' id='word_1_104' title='bbox 214 1006 280 1038; x_wconf 88' lang='lat' dir='ltr'><strong>filio</strong></span> <span class='ocrx_word' id='word_1_105' title='bbox 303 1009 411 1038; x_wconf 84' lang='lat' dir='ltr'><strong>nostro</strong></span> <span class='ocrx_word' id='word_1_106' title='bbox 434 1005 609 1038; x_wconf 80' lang='lat' dir='ltr'><strong>Frederico</strong></span> <span class='ocrx_word' id='word_1_107' title='bbox 640 1005 671 1036; x_wconf 89' lang='lat' dir='ltr'><strong>in</strong></span> <span class='ocrx_word' id='word_1_108' title='bbox 700 1015 810 1047; x_wconf 85' lang='lat' dir='ltr'><strong>regem</strong></span> <span class='ocrx_word' id='word_1_109' title='bbox 834 1005 1055 1037; x_wconf 76' lang='lat' dir='ltr'><strong>Romanorum</strong></span> <span class='ocrx_word' id='word_1_110' title='bbox 1084 1004 1188 1037; x_wconf 85' lang='lat' dir='ltr'><strong>electo</strong></span> <span class='ocrx_word' id='word_1_111' title='bbox 1217 1005 1269 1037; x_wconf 82' lang='lat' dir='ltr'><strong>vel</strong></span> <span class='ocrx_word' id='word_1_112' title='bbox 1297 1005 1475 1048; x_wconf 79' lang='lat' dir='ltr'><strong>cuicunque</strong></span> <span class='ocrx_word' id='word_1_113' title='bbox 1506 1005 1562 1037; x_wconf 72' lang='lat' dir='ltr'><strong>alii</strong></span> <span class='ocrx_word' id='word_1_114' title='bbox 1589 1005 1658 1037; x_wconf 89' lang='lat' dir='ltr'><strong>eius</strong></span> <span class='ocrx_word' id='word_1_115' title='bbox 1684 1006 1814 1037; x_wconf 89' lang='lat' dir='ltr'><strong>nomine</strong></span> <span class='ocrx_word' id='word_1_116' title='bbox 1837 1010 1870 1038; x_wconf 89' lang='lat' dir='ltr'><strong>et</strong></span> 
     </span>
     <span class='ocr_line' id='line_1_14' title="bbox 214 1055 1868 1098; baseline -0.001 -8"><span class='ocrx_word' id='word_1_117' title='bbox 214 1057 367 1090; x_wconf 77' lang='lat' dir='ltr'><strong>mandato</strong></span> <span class='ocrx_word' id='word_1_118' title='bbox 397 1057 563 1090; x_wconf 81' lang='lat' dir='ltr'><strong>fidelitatis</strong></span> <span class='ocrx_word' id='word_1_119' title='bbox 592 1055 645 1088; x_wconf 84' lang='lat' dir='ltr'><strong>vel</strong></span> <span class='ocrx_word' id='word_1_120' title='bbox 675 1056 888 1098; x_wconf 89' lang='lat' dir='ltr'><strong>quodcunque</strong></span> <span class='ocrx_word' id='word_1_121' title='bbox 919 1056 1006 1089; x_wconf 79' lang='lat' dir='ltr'><strong>aliud</strong></span> <span class='ocrx_word' id='word_1_122' title='bbox 1029 1057 1244 1089; x_wconf 76' lang='lat' dir='ltr'><strong>iuramentum</strong></span> <span class='ocrx_word' id='word_1_123' title='bbox 1272 1057 1304 1088; x_wconf 90' lang='lat' dir='ltr'><strong>in</strong></span> <span class='ocrx_word' id='word_1_124' title='bbox 1327 1059 1471 1089; x_wconf 83' lang='lat' dir='ltr'><strong>nostrum</strong></span> <span class='ocrx_word' id='word_1_125' title='bbox 1494 1060 1528 1089; x_wconf 85' lang='lat' dir='ltr'><strong>et</strong></span> <span class='ocrx_word' id='word_1_126' title='bbox 1551 1057 1687 1089; x_wconf 75' lang='lat' dir='ltr'><strong>ecclesie</strong></span> <span class='ocrx_word' id='word_1_127' title='bbox 1710 1056 1868 1097; x_wconf 76' lang='lat' dir='ltr'><strong>Romane,</strong></span> 
     </span>
     <span class='ocr_line' id='line_1_15' title="bbox 214 1107 1869 1152; baseline -0.001 -11"><span class='ocrx_word' id='word_1_128' title='bbox 214 1108 257 1142; x_wconf 74' lang='lat' dir='ltr'><strong>ad</strong></span> <span class='ocrx_word' id='word_1_129' title='bbox 280 1119 360 1152; x_wconf 88' lang='lat' dir='ltr'><strong>quos</strong></span> <span class='ocrx_word' id='word_1_130' title='bbox 383 1109 510 1151; x_wconf 88' lang='lat' dir='ltr'><strong>imperii</strong></span> <span class='ocrx_word' id='word_1_131' title='bbox 526 1109 671 1150; x_wconf 86' lang='lat' dir='ltr'><strong>regimen</strong></span> <span class='ocrx_word' id='word_1_132' title='bbox 695 1109 764 1150; x_wconf 92' lang='lat' dir='ltr'><strong>ipso</strong></span> <span class='ocrx_word' id='word_1_133' title='bbox 781 1110 925 1146; x_wconf 78' lang='lat' dir='ltr'><strong>vacante,</strong></span> <span class='ocrx_word' id='word_1_134' title='bbox 949 1107 1030 1139; x_wconf 90' lang='lat' dir='ltr'><strong>sicut</strong></span> <span class='ocrx_word' id='word_1_135' title='bbox 1053 1110 1087 1139; x_wconf 89' lang='lat' dir='ltr'><strong>et</strong></span> <span class='ocrx_word' id='word_1_136' title='bbox 1108 1118 1191 1140; x_wconf 90' lang='lat' dir='ltr'><strong>nunc</strong></span> <span class='ocrx_word' id='word_1_137' title='bbox 1212 1111 1316 1148; x_wconf 73' lang='lat' dir='ltr'><strong>vacat,</strong></span> <span class='ocrx_word' id='word_1_138' title='bbox 1340 1108 1503 1149; x_wconf 81' lang='lat' dir='ltr'><strong>pertinere</strong></span> <span class='ocrx_word' id='word_1_139' title='bbox 1519 1107 1703 1147; x_wconf 74' lang='lat' dir='ltr'><strong>dinoscitur,</strong></span> <span class='ocrx_word' id='word_1_140' title='bbox 1726 1108 1869 1150; x_wconf 86' lang='lat' dir='ltr'><strong>preiudi-</strong></span> 
     </span>
     <span class='ocr_line' id='line_1_16' title="bbox 174 1158 1870 1202; baseline 0.001 -12"><span class='ocrx_word' id='word_1_141' title='bbox 174 1170 198 1190; x_wconf 75' lang='lat' dir='ltr'><strong>u</strong></span> <span class='ocrx_word' id='word_1_142' title='bbox 217 1160 302 1193; x_wconf 91' lang='lat' dir='ltr'><strong>cium</strong></span> <span class='ocrx_word' id='word_1_143' title='bbox 324 1160 540 1202; x_wconf 82' lang='lat' dir='ltr'><strong>prestitissent</strong></span> <span class='ocrx_word' id='word_1_144' title='bbox 561 1164 617 1192; x_wconf 79' lang='lat' dir='ltr'><strong>aut</strong></span> <span class='ocrx_word' id='word_1_145' title='bbox 640 1159 879 1201; x_wconf 83' lang='lat' dir='ltr'><strong>colligationes,</strong></span> <span class='ocrx_word' id='word_1_146' title='bbox 911 1158 1030 1201; x_wconf 79' lang='lat' dir='ltr'><strong>liguas,</strong></span> <span class='ocrx_word' id='word_1_147' title='bbox 1062 1158 1340 1191; x_wconf 74' lang='lat' dir='ltr'><strong>confederationes</strong></span> <span class='ocrx_word' id='word_1_148' title='bbox 1363 1169 1420 1191; x_wconf 90' lang='lat' dir='ltr'><strong>seu</strong></span> <span class='ocrx_word' id='word_1_149' title='bbox 1448 1159 1614 1201; x_wconf 74' lang='lat' dir='ltr'><strong>pactiones</strong></span> <span class='ocrx_word' id='word_1_150' title='bbox 1637 1159 1790 1192; x_wconf 81' lang='lat' dir='ltr'><strong>fecissent</strong></span> <span class='ocrx_word' id='word_1_151' title='bbox 1811 1170 1870 1191; x_wconf 85' lang='lat' dir='ltr'><strong>seu</strong></span> 
     </span>
     <span class='ocr_line' id='line_1_17' title="bbox 214 1210 1868 1253; baseline -0.001 -9"><span class='ocrx_word' id='word_1_152' title='bbox 214 1211 381 1244; x_wconf 84' lang='lat' dir='ltr'><strong>inivissent</strong></span> <span class='ocrx_word' id='word_1_153' title='bbox 409 1212 441 1244; x_wconf 88' lang='lat' dir='ltr'><strong>in</strong></span> <span class='ocrx_word' id='word_1_154' title='bbox 467 1212 569 1244; x_wconf 81' lang='lat' dir='ltr'><strong>nostri</strong></span> <span class='ocrx_word' id='word_1_155' title='bbox 592 1214 626 1244; x_wconf 87' lang='lat' dir='ltr'><strong>et</strong></span> <span class='ocrx_word' id='word_1_156' title='bbox 649 1211 794 1243; x_wconf 83' lang='lat' dir='ltr'><strong>eiusdem</strong></span> <span class='ocrx_word' id='word_1_157' title='bbox 818 1211 955 1243; x_wconf 89' lang='lat' dir='ltr'><strong>ecclesie</strong></span> <span class='ocrx_word' id='word_1_158' title='bbox 979 1211 1055 1242; x_wconf 85' lang='lat' dir='ltr'><strong>iuris</strong></span> <span class='ocrx_word' id='word_1_159' title='bbox 1078 1210 1311 1243; x_wconf 78' lang='lat' dir='ltr'><strong>detractionem</strong></span> <span class='ocrx_word' id='word_1_160' title='bbox 1339 1214 1373 1242; x_wconf 85' lang='lat' dir='ltr'><strong>et</strong></span> <span class='ocrx_word' id='word_1_161' title='bbox 1395 1210 1599 1252; x_wconf 83' lang='lat' dir='ltr'><strong>dispendium</strong></span> <span class='ocrx_word' id='word_1_162' title='bbox 1621 1210 1681 1243; x_wconf 88' lang='lat' dir='ltr'><strong>sub</strong></span> <span class='ocrx_word' id='word_1_163' title='bbox 1704 1211 1868 1253; x_wconf 81' lang='lat' dir='ltr'><strong>quibusvis</strong></span> 
     </span>
     <span class='ocr_line' id='line_1_18' title="bbox 144 1261 1867 1306; baseline -0.001 -11"><span class='ocrx_word' id='word_1_164' title='bbox 144 1287 146 1289; x_wconf 31' lang='lat' dir='ltr'>f</span> <span class='ocrx_word' id='word_1_165' title='bbox 214 1262 321 1305; x_wconf 86' lang='lat' dir='ltr'><strong>modo,</strong></span> <span class='ocrx_word' id='word_1_166' title='bbox 344 1263 448 1296; x_wconf 80' lang='lat' dir='ltr'><strong>forma</strong></span> <span class='ocrx_word' id='word_1_167' title='bbox 464 1263 516 1295; x_wconf 86' lang='lat' dir='ltr'><strong>vel</strong></span> <span class='ocrx_word' id='word_1_168' title='bbox 532 1264 739 1306; x_wconf 89' lang='lat' dir='ltr'><strong>expressione</strong></span> <span class='ocrx_word' id='word_1_169' title='bbox 756 1262 939 1303; x_wconf 83' lang='lat' dir='ltr'><strong>verborum,</strong></span> <span class='ocrx_word' id='word_1_170' title='bbox 964 1262 1090 1294; x_wconf 82' lang='lat' dir='ltr'><strong>etiamsi</strong></span> <span class='ocrx_word' id='word_1_171' title='bbox 1106 1262 1297 1303; x_wconf 79' lang='lat' dir='ltr'><strong>iuramento,</strong></span> <span class='ocrx_word' id='word_1_172' title='bbox 1320 1261 1594 1304; x_wconf 84' lang='lat' dir='ltr'><strong>promissionibus,</strong></span> <span class='ocrx_word' id='word_1_173' title='bbox 1616 1261 1867 1305; x_wconf 75' lang='lat' dir='ltr'><strong>obligationibus</strong></span> 
     </span>
     <span class='ocr_line' id='line_1_19' title="bbox 214 1312 1866 1357; baseline -0.001 -10"><span class='ocrx_word' id='word_1_174' title='bbox 214 1318 248 1347; x_wconf 88' lang='lat' dir='ltr'><strong>et</strong></span> <span class='ocrx_word' id='word_1_175' title='bbox 263 1324 417 1357; x_wconf 75' lang='lat' dir='ltr'><strong>penarum</strong></span> <span class='ocrx_word' id='word_1_176' title='bbox 434 1314 668 1347; x_wconf 57' lang='lat' dir='ltr'><strong>{adiectionibus</strong></span> <span class='ocrx_word' id='word_1_177' title='bbox 690 1315 753 1346; x_wconf 85' lang='lat' dir='ltr'><strong>sint</strong></span> <span class='ocrx_word' id='word_1_178' title='bbox 767 1313 898 1354; x_wconf 78' lang='lat' dir='ltr'><strong>vallate,</strong></span> <span class='ocrx_word' id='word_1_179' title='bbox 921 1324 941 1345; x_wconf 77' lang='lat' dir='ltr'><strong>a</strong></span> <span class='ocrx_word' id='word_1_180' title='bbox 957 1312 1049 1345; x_wconf 86' lang='lat' dir='ltr'><strong>dictis</strong></span> <span class='ocrx_word' id='word_1_181' title='bbox 1065 1313 1251 1345; x_wconf 81' lang='lat' dir='ltr'><strong>iuramentis</strong></span> <span class='ocrx_word' id='word_1_182' title='bbox 1274 1313 1443 1345; x_wconf 73' lang='lat' dir='ltr'><strong>absolvere</strong></span> <span class='ocrx_word' id='word_1_183' title='bbox 1459 1313 1579 1354; x_wconf 73' lang='lat' dir='ltr'><strong>valeas,</strong></span> <span class='ocrx_word' id='word_1_184' title='bbox 1602 1314 1771 1356; x_wconf 83' lang='lat' dir='ltr'><strong>presertim</strong></span> <span class='ocrx_word' id='word_1_185' title='bbox 1794 1324 1866 1346; x_wconf 89' lang='lat' dir='ltr'><strong>cum</strong></span> 
     </span>
     <span class='ocr_line' id='line_1_20' title="bbox 213 1364 1866 1407; baseline -0.001 -9"><span class='ocrx_word' id='word_1_186' title='bbox 213 1366 428 1398; x_wconf 81' lang='lat' dir='ltr'><strong>iuramentum</strong></span> <span class='ocrx_word' id='word_1_187' title='bbox 451 1366 612 1398; x_wconf 83' lang='lat' dir='ltr'><strong>vinculum</strong></span> <span class='ocrx_word' id='word_1_188' title='bbox 635 1366 811 1407; x_wconf 80' lang='lat' dir='ltr'><strong>iniquitatis</strong></span> <span class='ocrx_word' id='word_1_189' title='bbox 834 1375 905 1397; x_wconf 84' lang='lat' dir='ltr'><strong>esse</strong></span> <span class='ocrx_word' id='word_1_190' title='bbox 932 1375 994 1396; x_wconf 91' lang='lat' dir='ltr'><strong>non</strong></span> <span class='ocrx_word' id='word_1_191' title='bbox 1022 1364 1143 1397; x_wconf 75' lang='lat' dir='ltr'><strong>debeat</strong></span> <span class='ocrx_word' id='word_1_192' title='bbox 1152 1364 1175 1405; x_wconf 79' lang='lat'><strong>¹,</strong></span> <span class='ocrx_word' id='word_1_193' title='bbox 1203 1375 1241 1396; x_wconf 80' lang='lat' dir='ltr'><strong>ac</strong></span> <span class='ocrx_word' id='word_1_194' title='bbox 1264 1364 1367 1396; x_wconf 75' lang='lat' dir='ltr'><strong>dictas</strong></span> <span class='ocrx_word' id='word_1_195' title='bbox 1389 1364 1626 1406; x_wconf 77' lang='lat' dir='ltr'><strong>colligationes,</strong></span> <span class='ocrx_word' id='word_1_196' title='bbox 1653 1364 1767 1407; x_wconf 76' lang='lat' dir='ltr'><strong>liguas,</strong></span> <span class='ocrx_word' id='word_1_197' title='bbox 1790 1375 1866 1397; x_wconf 88' lang='lat' dir='ltr'><strong>con-</strong></span> 
     </span>
     <span class='ocr_line' id='line_1_21' title="bbox 171 1416 1864 1459; baseline 0 -10"><span class='ocrx_word' id='word_1_198' title='bbox 171 1424 198 1445; x_wconf 76' lang='lat'><strong>20</strong></span> <span class='ocrx_word' id='word_1_199' title='bbox 216 1416 434 1449; x_wconf 75' lang='lat' dir='ltr'><strong>fedei-stiones</strong></span> <span class='ocrx_word' id='word_1_200' title='bbox 457 1420 490 1448; x_wconf 86' lang='lat' dir='ltr'><strong>et</strong></span> <span class='ocrx_word' id='word_1_201' title='bbox 513 1418 679 1459; x_wconf 80' lang='lat' dir='ltr'><strong>pactiones</strong></span> <span class='ocrx_word' id='word_1_202' title='bbox 702 1416 820 1457; x_wconf 76' lang='lat' dir='ltr'><strong>nullas,</strong></span> <span class='ocrx_word' id='word_1_203' title='bbox 848 1427 955 1448; x_wconf 77' lang='lat' dir='ltr'><strong>cassas</strong></span> <span class='ocrx_word' id='word_1_204' title='bbox 981 1419 1015 1448; x_wconf 90' lang='lat' dir='ltr'><strong>et</strong></span> <span class='ocrx_word' id='word_1_205' title='bbox 1036 1416 1142 1448; x_wconf 71' lang='lat' dir='ltr'><strong>irrites</strong></span> <span class='ocrx_word' id='word_1_206' title='bbox 1164 1417 1315 1449; x_wconf 77' lang='lat' dir='ltr'><strong>nunciare</strong></span> <span class='ocrx_word' id='word_1_207' title='bbox 1338 1419 1372 1448; x_wconf 85' lang='lat' dir='ltr'><strong>et</strong></span> <span class='ocrx_word' id='word_1_208' title='bbox 1395 1420 1553 1458; x_wconf 75' lang='lat' dir='ltr'><strong>quatenus</strong></span> <span class='ocrx_word' id='word_1_209' title='bbox 1575 1419 1801 1458; x_wconf 83' lang='lat' dir='ltr'><strong>processerunt</strong></span> <span class='ocrx_word' id='word_1_210' title='bbox 1823 1416 1864 1449; x_wconf 92' lang='lat' dir='ltr'><strong>de</strong></span> 
     </span>
     <span class='ocr_line' id='line_1_22' title="bbox 214 1467 1866 1510; baseline 0 -10"><span class='ocrx_word' id='word_1_211' title='bbox 214 1468 311 1510; x_wconf 79' lang='lat' dir='ltr'><strong>facto,</strong></span> <span class='ocrx_word' id='word_1_212' title='bbox 334 1467 489 1508; x_wconf 80' lang='lat' dir='ltr'><strong>anullare,</strong></span> <span class='ocrx_word' id='word_1_213' title='bbox 513 1478 641 1500; x_wconf 79' lang='lat' dir='ltr'><strong>cassare</strong></span> <span class='ocrx_word' id='word_1_214' title='bbox 665 1471 698 1499; x_wconf 83' lang='lat' dir='ltr'><strong>et</strong></span> <span class='ocrx_word' id='word_1_215' title='bbox 719 1468 846 1499; x_wconf 78' lang='lat' dir='ltr'><strong>irritare</strong></span> <span class='ocrx_word' id='word_1_216' title='bbox 871 1470 906 1499; x_wconf 85' lang='lat' dir='ltr'><strong>et</strong></span> <span class='ocrx_word' id='word_1_217' title='bbox 926 1467 1047 1499; x_wconf 85' lang='lat' dir='ltr'><strong>iuribus</strong></span> <span class='ocrx_word' id='word_1_218' title='bbox 1069 1467 1197 1509; x_wconf 87' lang='lat' dir='ltr'><strong>penitus</strong></span> <span class='ocrx_word' id='word_1_219' title='bbox 1217 1477 1354 1499; x_wconf 79' lang='lat' dir='ltr'><strong>vacuare</strong></span> <span class='ocrx_word' id='word_1_220' title='bbox 1377 1477 1500 1499; x_wconf 90' lang='lat' dir='ltr'><strong>necnon</strong></span> <span class='ocrx_word' id='word_1_221' title='bbox 1524 1471 1636 1499; x_wconf 69' lang='lat' dir='ltr'><strong>eontra</strong></span> <span class='ocrx_word' id='word_1_222' title='bbox 1658 1477 1866 1510; x_wconf 86' lang='lat' dir='ltr'><strong>quoscunque</strong></span> 
     </span>
     <span class='ocr_line' id='line_1_23' title="bbox 214 1518 1865 1562; baseline -0.001 -10"><span class='ocrx_word' id='word_1_223' title='bbox 214 1523 281 1552; x_wconf 77' lang='lat' dir='ltr'><strong>tam</strong></span> <span class='ocrx_word' id='word_1_224' title='bbox 304 1520 438 1552; x_wconf 82' lang='lat' dir='ltr'><strong>clericos</strong></span> <span class='ocrx_word' id='word_1_225' title='bbox 460 1530 557 1562; x_wconf 76' lang='lat' dir='ltr'><strong>quem</strong></span> <span class='ocrx_word' id='word_1_226' title='bbox 581 1519 699 1561; x_wconf 82' lang='lat' dir='ltr'><strong>laycos,</strong></span> <span class='ocrx_word' id='word_1_227' title='bbox 730 1519 785 1561; x_wconf 89' lang='lat' dir='ltr'><strong>qui</strong></span> <span class='ocrx_word' id='word_1_228' title='bbox 808 1518 961 1561; x_wconf 91' lang='lat' dir='ltr'><strong>deinceps</strong></span> <span class='ocrx_word' id='word_1_229' title='bbox 982 1522 1148 1551; x_wconf 85' lang='lat' dir='ltr'><strong>uterentur</strong></span> <span class='ocrx_word' id='word_1_230' title='bbox 1171 1518 1303 1560; x_wconf 88' lang='lat' dir='ltr'><strong>eisdem,</strong></span> <span class='ocrx_word' id='word_1_231' title='bbox 1327 1529 1386 1561; x_wconf 85' lang='lat' dir='ltr'><strong>per</strong></span> <span class='ocrx_word' id='word_1_232' title='bbox 1408 1518 1591 1560; x_wconf 78' lang='lat' dir='ltr'><strong>spirituales</strong></span> <span class='ocrx_word' id='word_1_233' title='bbox 1613 1522 1647 1551; x_wconf 89' lang='lat' dir='ltr'><strong>et</strong></span> <span class='ocrx_word' id='word_1_234' title='bbox 1669 1518 1865 1561; x_wconf 74' lang='lat' dir='ltr'><strong>temporales</strong></span> 
     </span>
     <span class='ocr_line' id='line_1_24' title="bbox 213 1569 1865 1614; baseline -0.001 -10"><span class='ocrx_word' id='word_1_235' title='bbox 213 1581 314 1614; x_wconf 80' lang='lat' dir='ltr'><strong>penas</strong></span> <span class='ocrx_word' id='word_1_236' title='bbox 348 1574 381 1604; x_wconf 89' lang='lat' dir='ltr'><strong>et</strong></span> <span class='ocrx_word' id='word_1_237' title='bbox 412 1571 589 1603; x_wconf 79' lang='lat' dir='ltr'><strong>sententias</strong></span> <span class='ocrx_word' id='word_1_238' title='bbox 618 1570 810 1613; x_wconf 84' lang='lat' dir='ltr'><strong>procedere,</strong></span> <span class='ocrx_word' id='word_1_239' title='bbox 839 1574 935 1612; x_wconf 89' lang='lat' dir='ltr'><strong>prout</strong></span> <span class='ocrx_word' id='word_1_240' title='bbox 962 1570 1147 1602; x_wconf 86' lang='lat' dir='ltr'><strong>discretioni</strong></span> <span class='ocrx_word' id='word_1_241' title='bbox 1174 1573 1228 1602; x_wconf 83' lang='lat' dir='ltr'><strong>tue</strong></span> <span class='ocrx_word' id='word_1_242' title='bbox 1255 1569 1418 1602; x_wconf 83' lang='lat' dir='ltr'><strong>videbitur</strong></span> <span class='ocrx_word' id='word_1_243' title='bbox 1445 1569 1619 1612; x_wconf 84' lang='lat' dir='ltr'><strong>expedire,</strong></span> <span class='ocrx_word' id='word_1_244' title='bbox 1650 1571 1779 1612; x_wconf 77' lang='lat' dir='ltr'><strong>plenam</strong></span> <span class='ocrx_word' id='word_1_245' title='bbox 1807 1570 1865 1602; x_wconf 86' lang='lat' dir='ltr'><strong>tibi</strong></span> 
     </span>
     <span class='ocr_line' id='line_1_25' title="bbox 212 1621 1074 1664; baseline -0.003 -8"><span class='ocrx_word' id='word_1_246' title='bbox 212 1622 418 1656; x_wconf 88' lang='lat' dir='ltr'><strong>concedimus</strong></span> <span class='ocrx_word' id='word_1_247' title='bbox 441 1623 631 1655; x_wconf 79' lang='lat' dir='ltr'><strong>auctoritate</strong></span> <span class='ocrx_word' id='word_1_248' title='bbox 654 1622 852 1664; x_wconf 85' lang='lat' dir='ltr'><strong>presentium</strong></span> <span class='ocrx_word' id='word_1_249' title='bbox 875 1621 1074 1654; x_wconf 78' lang='lat' dir='ltr'><strong>facultatem.</strong></span> 
     </span>
     <span class='ocr_line' id='line_1_26' title="bbox 169 1673 1282 1715; baseline -0.002 -9"><span class='ocrx_word' id='word_1_250' title='bbox 169 1679 196 1701; x_wconf 64' lang='grc' dir='ltr'><strong>’ὅ</strong></span> <span class='ocrx_word' id='word_1_251' title='bbox 320 1674 635 1714; x_wconf 73' lang='lat' dir='ltr'><strong>DatumAvinione,</strong></span> <span class='ocrx_word' id='word_1_252' title='bbox 659 1673 703 1705; x_wconf 94' lang='grc' dir='ltr'><strong>Π.</strong></span> <span class='ocrx_word' id='word_1_253' title='bbox 721 1673 796 1705; x_wconf 81' lang='lat' dir='ltr'><strong>Kal.</strong></span> <span class='ocrx_word' id='word_1_254' title='bbox 820 1673 1004 1714; x_wconf 88' lang='lat' dir='ltr'><strong>Decembr.‚</strong></span> <span class='ocrx_word' id='word_1_255' title='bbox 1027 1683 1110 1705; x_wconf 76' lang='lat' dir='ltr'><strong>anno</strong></span> <span class='ocrx_word' id='word_1_256' title='bbox 1134 1674 1282 1715; x_wconf 87' lang='lat' dir='ltr'><strong>septimo.</strong></span> 
     </span>
    </p>
   </div>
   <div class='ocr_carea' id='block_1_6' title="bbox 314 1869 1768 1983">
    <p class='ocr_par' dir='ltr' id='par_1_8' title="bbox 314 1869 1768 1983">
     <span class='ocr_line' id='line_1_27' title="bbox 314 1869 1768 1928; baseline -0.001 -1"><span class='ocrx_word' id='word_1_257' title='bbox 314 1869 387 1927; x_wconf 48' lang='lat'><strong>101.</strong></span> <span class='ocrx_word' id='word_1_258' title='bbox 421 1889 700 1928; x_wconf 82' lang='lat' dir='ltr'>FRIDERICI</span> <span class='ocrx_word' id='word_1_259' title='bbox 722 1889 965 1928; x_wconf 85' lang='lat' dir='ltr'>REMISSIO</span> <span class='ocrx_word' id='word_1_260' title='bbox 990 1889 1432 1927; x_wconf 85' lang='lat' dir='ltr'>IURAMENTORUM</span> <span class='ocrx_word' id='word_1_261' title='bbox 1455 1888 1528 1925; x_wconf 89' lang='lat' dir='ltr'><strong>AB</strong></span> <span class='ocrx_word' id='word_1_262' title='bbox 1552 1887 1768 1926; x_wconf 88' lang='lat' dir='ltr'>OPPIDIS</span> 
     </span>
     <span class='ocr_line' id='line_1_28' title="bbox 824 1945 1255 1983; baseline -0.002 0"><span class='ocrx_word' id='word_1_263' title='bbox 824 1945 1255 1983; x_wconf 85' lang='lat' dir='ltr'>PRAESTITORUM.</span> 
     </span>
    </p>
   </div>
   <div class='ocr_carea' id='block_1_7' title="bbox 898 2014 1189 2051">
    <p class='ocr_par' dir='ltr' id='par_1_9' title="bbox 898 2014 1189 2051">
     <span class='ocr_line' id='line_1_29' title="bbox 898 2014 1189 2051; baseline 0 -1"><span class='ocrx_word' id='word_1_264' title='bbox 898 2014 1007 2050; x_wconf 73' lang='lat'><strong>1322.</strong></span> <span class='ocrx_word' id='word_1_265' title='bbox 1047 2014 1134 2051; x_wconf 84' lang='lat' dir='ltr'><strong>Dec.</strong></span> <span class='ocrx_word' id='word_1_266' title='bbox 1155 2014 1189 2050; x_wconf 68' lang='grc' dir='ltr'><strong>Ξ.</strong></span> 
     </span>
    </p>
   </div>
   <div class='ocr_carea' id='block_1_8' title="bbox 141 2103 1868 2256">
    <p class='ocr_par' dir='ltr' id='par_1_10' title="bbox 141 2103 1868 2256">
     <span class='ocr_line' id='line_1_30' title="bbox 141 2103 1868 2147; baseline -0.001 -10"><span class='ocrx_word' id='word_1_267' title='bbox 141 2133 151 2147; x_wconf 69' lang='lat'><strong>,</strong></span> <span class='ocrx_word' id='word_1_268' title='bbox 326 2104 424 2146; x_wconf 72' lang='lat' dir='ltr'><strong>eopia</strong></span> <span class='ocrx_word' id='word_1_269' title='bbox 448 2105 504 2147; x_wconf 91' lang='lat' dir='ltr'><strong>(c.)</strong></span> <span class='ocrx_word' id='word_1_270' title='bbox 526 2104 562 2136; x_wconf 77' lang='lat' dir='ltr'><strong>in</strong></span> <span class='ocrx_word' id='word_1_271' title='bbox 587 2104 735 2144; x_wconf 74' lang='lat' dir='ltr'><strong>Copiario</strong></span> <span class='ocrx_word' id='word_1_272' title='bbox 757 2105 866 2146; x_wconf 80' lang='lat' dir='ltr'><strong>oppidi</strong></span> <span class='ocrx_word' id='word_1_273' title='bbox 887 2105 1116 2137; x_wconf 76' lang='lat' dir='ltr'><strong>Landowensis</strong></span> <span class='ocrx_word' id='word_1_274' title='bbox 1140 2104 1197 2146; x_wconf 79' lang='lat' dir='ltr'><strong>fol.</strong></span> <span class='ocrx_word' id='word_1_275' title='bbox 1215 2104 1266 2136; x_wconf 86' lang='lat'><strong>91.</strong></span> <span class='ocrx_word' id='word_1_276' title='bbox 1301 2121 1339 2127; x_wconf 94' lang='lat'>—</span> <span class='ocrx_word' id='word_1_277' title='bbox 1374 2103 1437 2135; x_wconf 75' lang='lat' dir='ltr'><strong>Ed.</strong></span> <span class='ocrx_word' id='word_1_278' title='bbox 1452 2103 1591 2136; x_wconf 70' lang='lat' dir='ltr'><strong>Biihmer</strong></span> <span class='ocrx_word' id='word_1_279' title='bbox 1624 2103 1717 2135; x_wconf 76' lang='lat' dir='ltr'><strong>‘Acta</strong></span> <span class='ocrx_word' id='word_1_280' title='bbox 1740 2103 1868 2144; x_wconf 52' lang='lat' dir='ltr'><strong>imperii</strong></span> 
     </span>
     <span class='ocr_line' id='line_1_31' title="bbox 169 2155 1706 2198; baseline -0.001 -10"><span class='ocrx_word' id='word_1_281' title='bbox 169 2167 197 2188; x_wconf 66' lang='grc' dir='ltr'><strong>ιο</strong></span> <span class='ocrx_word' id='word_1_282' title='bbox 214 2155 335 2190; x_wconf 77' lang='lat' dir='ltr'><strong>selecta’</strong></span> <span class='ocrx_word' id='word_1_283' title='bbox 355 2166 386 2196; x_wconf 82' lang='lat' dir='ltr'><strong>p.</strong></span> <span class='ocrx_word' id='word_1_284' title='bbox 403 2157 466 2188; x_wconf 79' lang='lat'><strong>481</strong></span> <span class='ocrx_word' id='word_1_285' title='bbox 488 2166 538 2188; x_wconf 82' lang='lat' dir='ltr'><strong>nr.</strong></span> <span class='ocrx_word' id='word_1_286' title='bbox 556 2157 619 2187; x_wconf 87' lang='grc'><strong>690</strong></span> <span class='ocrx_word' id='word_1_287' title='bbox 641 2156 685 2188; x_wconf 84' lang='lat' dir='ltr'><strong>ad</strong></span> <span class='ocrx_word' id='word_1_288' title='bbox 706 2156 865 2197; x_wconf 78' lang='lat' dir='ltr'><strong>exemplar</strong></span> <span class='ocrx_word' id='word_1_289' title='bbox 887 2167 908 2188; x_wconf 86' lang='lat' dir='ltr'><strong><em>a</em></strong></span> <span class='ocrx_word' id='word_1_290' title='bbox 931 2156 1096 2189; x_wconf 76' lang='lat' dir='ltr'><strong>Lehmann</strong></span> <span class='ocrx_word' id='word_1_291' title='bbox 1115 2159 1278 2198; x_wconf 78' lang='lat' dir='ltr'><strong>paratum.</strong></span> <span class='ocrx_word' id='word_1_292' title='bbox 1325 2155 1505 2187; x_wconf 76' lang='lat' dir='ltr'><strong>Editionem</strong></span> <span class='ocrx_word' id='word_1_293' title='bbox 1527 2155 1706 2195; x_wconf 71' lang='lat' dir='ltr'><strong>repetimus.</strong></span> 
     </span>
     <span class='ocr_line' id='line_1_32' title="bbox 322 2215 1192 2256; baseline -0.003 -8"><span class='ocrx_word' id='word_1_294' title='bbox 322 2215 464 2254; x_wconf 73' lang='lat' dir='ltr'><strong>Bb&#39;hmer,</strong></span> <span class='ocrx_word' id='word_1_295' title='bbox 492 2215 563 2256; x_wconf 71' lang='lat' dir='ltr'><strong><em>Rcy.</em></strong></span> <span class='ocrx_word' id='word_1_296' title='bbox 587 2215 699 2248; x_wconf 77' lang='lat' dir='ltr'><strong>Dudw.</strong></span> <span class='ocrx_word' id='word_1_297' title='bbox 721 2227 752 2256; x_wconf 83' lang='lat' dir='ltr'><strong>p.</strong></span> <span class='ocrx_word' id='word_1_298' title='bbox 771 2217 835 2247; x_wconf 87' lang='grc'><strong>177</strong></span> <span class='ocrx_word' id='word_1_299' title='bbox 856 2216 1024 2248; x_wconf 79' lang='lat' dir='ltr'><strong>Friedrich</strong></span> <span class='ocrx_word' id='word_1_300' title='bbox 1046 2227 1096 2249; x_wconf 81' lang='lat' dir='ltr'><strong>nr.</strong></span> <span class='ocrx_word' id='word_1_301' title='bbox 1119 2217 1192 2248; x_wconf 73' lang='lat'><em>204.</em></span> 
     </span>
    </p>
   </div>
   <div class='ocr_carea' id='block_1_9' title="bbox 170 2295 1869 2750">
    <p class='ocr_par' dir='ltr' id='par_1_11' title="bbox 214 2295 1869 2443">
     <span class='ocr_line' id='line_1_33' title="bbox 322 2295 1869 2339; baseline -0.001 -11"><span class='ocrx_word' id='word_1_302' title='bbox 322 2296 395 2328; x_wconf 83' lang='lat' dir='ltr'><strong>Wir</strong></span> <span class='ocrx_word' id='word_1_303' title='bbox 416 2296 605 2329; x_wconf 82' lang='lat' dir='ltr'><strong>Friederich</strong></span> <span class='ocrx_word' id='word_1_304' title='bbox 633 2307 694 2329; x_wconf 85' lang='lat' dir='ltr'><strong>von</strong></span> <span class='ocrx_word' id='word_1_305' title='bbox 719 2297 800 2329; x_wconf 88' lang='lat' dir='ltr'><strong>Gots</strong></span> <span class='ocrx_word' id='word_1_306' title='bbox 827 2297 955 2339; x_wconf 79' lang='lat' dir='ltr'><strong>gnsden</strong></span> <span class='ocrx_word' id='word_1_307' title='bbox 984 2297 1117 2339; x_wconf 84' lang='lat' dir='ltr'><strong>hertzog</strong></span> <span class='ocrx_word' id='word_1_308' title='bbox 1146 2308 1207 2329; x_wconf 89' lang='lat' dir='ltr'><strong>von</strong></span> <span class='ocrx_word' id='word_1_309' title='bbox 1232 2296 1418 2329; x_wconf 83' lang='lat' dir='ltr'><strong>Osterreich</strong></span> <span class='ocrx_word' id='word_1_310' title='bbox 1448 2296 1603 2337; x_wconf 76' lang='lat' dir='ltr'><strong>verJehen</strong></span> <span class='ocrx_word' id='word_1_311' title='bbox 1632 2295 1804 2328; x_wconf 81' lang='lat' dir='ltr'><strong>offennlich</strong></span> <span class='ocrx_word' id='word_1_312' title='bbox 1828 2305 1869 2326; x_wconf 84' lang='lat' dir='ltr'><strong>sn</strong></span> 
     </span>
     <span class='ocr_line' id='line_1_34' title="bbox 215 2347 1868 2391; baseline -0.001 -12"><span class='ocrx_word' id='word_1_313' title='bbox 215 2347 336 2380; x_wconf 89' lang='lat' dir='ltr'><strong>diesem</strong></span> <span class='ocrx_word' id='word_1_314' title='bbox 361 2347 464 2388; x_wconf 83' lang='lat' dir='ltr'><strong>brieff,</strong></span> <span class='ocrx_word' id='word_1_315' title='bbox 487 2358 580 2380; x_wconf 78' lang='lat' dir='ltr'><strong>wsnn</strong></span> <span class='ocrx_word' id='word_1_316' title='bbox 604 2347 656 2380; x_wconf 88' lang='lat' dir='ltr'><strong>die</strong></span> <span class='ocrx_word' id='word_1_317' title='bbox 681 2348 851 2391; x_wconf 85' lang='lat' dir='ltr'><strong>erberigen</strong></span> <span class='ocrx_word' id='word_1_318' title='bbox 874 2349 943 2381; x_wconf 85' lang='lat' dir='ltr'><strong>leut</strong></span> <span class='ocrx_word' id='word_1_319' title='bbox 966 2349 1017 2381; x_wconf 87' lang='lat' dir='ltr'><strong>dic</strong></span> <span class='ocrx_word' id='word_1_320' title='bbox 1041 2348 1199 2390; x_wconf 78' lang='lat' dir='ltr'><strong>burgman</strong></span> <span class='ocrx_word' id='word_1_321' title='bbox 1223 2348 1287 2380; x_wconf 91' lang='lat' dir='ltr'><strong>und</strong></span> <span class='ocrx_word' id='word_1_322' title='bbox 1304 2348 1356 2380; x_wconf 89' lang='lat' dir='ltr'><strong>die</strong></span> <span class='ocrx_word' id='word_1_323' title='bbox 1380 2348 1499 2390; x_wconf 75' lang='lat' dir='ltr'><strong>burgei-</strong></span> <span class='ocrx_word' id='word_1_324' title='bbox 1520 2347 1766 2390; x_wconf 80' lang='lat' dir='ltr'><strong>gemeynlichen</strong></span> <span class='ocrx_word' id='word_1_325' title='bbox 1783 2347 1868 2379; x_wconf 78' lang='lat' dir='ltr'><strong>allen</strong></span> 
     </span>
     <span class='ocr_line' id='line_1_35' title="bbox 214 2398 1868 2443; baseline -0.001 -13"><span class='ocrx_word' id='word_1_326' title='bbox 214 2402 321 2441; x_wconf 68' lang='lat' dir='ltr'><strong>sumpt</strong></span> <span class='ocrx_word' id='word_1_327' title='bbox 343 2399 401 2431; x_wconf 84' lang='lat' dir='ltr'><strong>der</strong></span> <span class='ocrx_word' id='word_1_328' title='bbox 422 2399 514 2431; x_wconf 81' lang='lat' dir='ltr'><strong>stede</strong></span> <span class='ocrx_word' id='word_1_329' title='bbox 537 2410 575 2431; x_wconf 88' lang='lat' dir='ltr'><strong>zu</strong></span> <span class='ocrx_word' id='word_1_330' title='bbox 597 2399 762 2431; x_wconf 79' lang='lat' dir='ltr'><strong>Lanndaw</strong></span> <span class='ocrx_word' id='word_1_331' title='bbox 785 2400 851 2432; x_wconf 88' lang='lat' dir='ltr'><strong>und</strong></span> <span class='ocrx_word' id='word_1_332' title='bbox 874 2411 912 2432; x_wconf 84' lang='lat' dir='ltr'><strong>zu</strong></span> <span class='ocrx_word' id='word_1_333' title='bbox 928 2400 1082 2443; x_wconf 77' lang='lat' dir='ltr'><strong>Anwyler</strong></span> <span class='ocrx_word' id='word_1_334' title='bbox 1103 2412 1141 2432; x_wconf 85' lang='lat' dir='ltr'><strong>zu</strong></span> <span class='ocrx_word' id='word_1_335' title='bbox 1164 2411 1223 2432; x_wconf 89' lang='lat' dir='ltr'><strong>uns</strong></span> <span class='ocrx_word' id='word_1_336' title='bbox 1239 2403 1376 2442; x_wconf 78' lang='lat' dir='ltr'><strong>gessnnt</strong></span> <span class='ocrx_word' id='word_1_337' title='bbox 1396 2399 1518 2431; x_wconf 68' lang='lat' dir='ltr'><strong>habent</strong></span> <span class='ocrx_word' id='word_1_338' title='bbox 1533 2399 1586 2431; x_wconf 87' lang='lat' dir='ltr'><strong>die</strong></span> <span class='ocrx_word' id='word_1_339' title='bbox 1602 2398 1773 2440; x_wconf 80' lang='lat' dir='ltr'><strong>erberigen</strong></span> <span class='ocrx_word' id='word_1_340' title='bbox 1788 2398 1868 2430; x_wconf 92' lang='lat' dir='ltr'><strong>hern</strong></span> 
     </span>
    </p>

    <p class='ocr_par' dir='ltr' id='par_1_12' title="bbox 170 2449 1868 2698">
     <span class='ocr_line' id='line_1_36' title="bbox 170 2449 1868 2493; baseline 0 -12"><span class='ocrx_word' id='word_1_341' title='bbox 170 2461 196 2481; x_wconf 65' lang='grc' dir='ltr'><strong>ω</strong></span> <span class='ocrx_word' id='word_1_342' title='bbox 215 2449 295 2482; x_wconf 82' lang='lat' dir='ltr'><strong>hem</strong></span> <span class='ocrx_word' id='word_1_343' title='bbox 309 2449 508 2482; x_wconf 81' lang='lat' dir='ltr'><strong>Heinriohen</strong></span> <span class='ocrx_word' id='word_1_344' title='bbox 531 2450 594 2483; x_wconf 88' lang='lat' dir='ltr'><strong>den</strong></span> <span class='ocrx_word' id='word_1_345' title='bbox 618 2455 674 2493; x_wconf 72' lang='lat' dir='ltr'><strong>apt</strong></span> <span class='ocrx_word' id='word_1_346' title='bbox 696 2462 757 2483; x_wconf 84' lang='lat' dir='ltr'><strong>von</strong></span> <span class='ocrx_word' id='word_1_347' title='bbox 774 2452 968 2484; x_wconf 79' lang='lat' dir='ltr'><strong>Usserstalle</strong></span> <span class='ocrx_word' id='word_1_348' title='bbox 991 2451 1056 2483; x_wconf 88' lang='lat' dir='ltr'><strong>und</strong></span> <span class='ocrx_word' id='word_1_349' title='bbox 1079 2451 1138 2483; x_wconf 86' lang='lat' dir='ltr'><strong>her</strong></span> <span class='ocrx_word' id='word_1_350' title='bbox 1154 2451 1336 2483; x_wconf 79' lang='lat' dir='ltr'><strong>Iohannsen</strong></span> <span class='ocrx_word' id='word_1_351' title='bbox 1358 2451 1468 2483; x_wconf 89' lang='lat' dir='ltr'><strong>seinen</strong></span> <span class='ocrx_word' id='word_1_352' title='bbox 1491 2450 1661 2493; x_wconf 73' lang='lat' dir='ltr'><strong>cappellan</strong></span> <span class='ocrx_word' id='word_1_353' title='bbox 1684 2450 1749 2490; x_wconf 76' lang='lat' dir='ltr'><strong>und</strong></span> <span class='ocrx_word' id='word_1_354' title='bbox 1772 2449 1868 2482; x_wconf 83' lang='lat' dir='ltr'><strong>herrn</strong></span> 
     </span>
     <span class='ocr_line' id='line_1_37' title="bbox 215 2499 1868 2544; baseline -0.001 -12"><span class='ocrx_word' id='word_1_355' title='bbox 215 2499 379 2533; x_wconf 79' lang='lat' dir='ltr'><strong>Reichsrt‘</strong></span> <span class='ocrx_word' id='word_1_356' title='bbox 392 2500 455 2533; x_wconf 90' lang='lat' dir='ltr'><strong>den</strong></span> <span class='ocrx_word' id='word_1_357' title='bbox 478 2501 647 2534; x_wconf 87' lang='lat' dir='ltr'><strong>comethur</strong></span> <span class='ocrx_word' id='word_1_358' title='bbox 669 2513 730 2534; x_wconf 79' lang='lat' dir='ltr'><strong>von</strong></span> <span class='ocrx_word' id='word_1_359' title='bbox 753 2502 951 2542; x_wconf 78' lang='lat' dir='ltr'><strong>Heimbach,</strong></span> <span class='ocrx_word' id='word_1_360' title='bbox 980 2503 1037 2534; x_wconf 80' lang='lat' dir='ltr'><strong>das</strong></span> <span class='ocrx_word' id='word_1_361' title='bbox 1061 2503 1118 2535; x_wconf 88' lang='lat' dir='ltr'><strong>wir</strong></span> <span class='ocrx_word' id='word_1_362' title='bbox 1140 2503 1186 2534; x_wconf 87' lang='lat' dir='ltr'><strong>sie</strong></span> <span class='ocrx_word' id='word_1_363' title='bbox 1210 2502 1322 2544; x_wconf 81' lang='lat' dir='ltr'><strong>leddig</strong></span> <span class='ocrx_word' id='word_1_364' title='bbox 1344 2502 1460 2534; x_wconf 84' lang='lat' dir='ltr'><strong>liessen</strong></span> <span class='ocrx_word' id='word_1_365' title='bbox 1483 2501 1548 2534; x_wconf 88' lang='lat' dir='ltr'><strong>und</strong></span> <span class='ocrx_word' id='word_1_366' title='bbox 1570 2506 1683 2544; x_wconf 75' lang='lat' dir='ltr'><strong>sagten</strong></span> <span class='ocrx_word' id='word_1_367' title='bbox 1707 2501 1787 2533; x_wconf 76' lang='lat' dir='ltr'><strong>alles</strong></span> <span class='ocrx_word' id='word_1_368' title='bbox 1810 2500 1868 2532; x_wconf 83' lang='lat' dir='ltr'><strong>dcs</strong></span> 
     </span>
     <span class='ocr_line' id='line_1_38' title="bbox 215 2551 1867 2596; baseline 0 -13"><span class='ocrx_word' id='word_1_369' title='bbox 215 2551 374 2594; x_wconf 81' lang='lat' dir='ltr'><strong>gelubdes</strong></span> <span class='ocrx_word' id='word_1_370' title='bbox 396 2551 461 2584; x_wconf 89' lang='lat' dir='ltr'><strong>und</strong></span> <span class='ocrx_word' id='word_1_371' title='bbox 484 2552 581 2594; x_wconf 86' lang='lat' dir='ltr'><strong>eyde,</strong></span> <span class='ocrx_word' id='word_1_372' title='bbox 606 2553 658 2586; x_wconf 84' lang='lat' dir='ltr'><strong>die</strong></span> <span class='ocrx_word' id='word_1_373' title='bbox 681 2554 727 2586; x_wconf 90' lang='lat' dir='ltr'><strong>sie</strong></span> <span class='ocrx_word' id='word_1_374' title='bbox 751 2564 810 2586; x_wconf 89' lang='lat' dir='ltr'><strong>uns</strong></span> <span class='ocrx_word' id='word_1_375' title='bbox 832 2554 912 2586; x_wconf 85' lang='lat' dir='ltr'><strong>oder</strong></span> <span class='ocrx_word' id='word_1_376' title='bbox 935 2554 1052 2586; x_wconf 81' lang='lat' dir='ltr'><strong>andere</strong></span> <span class='ocrx_word' id='word_1_377' title='bbox 1074 2555 1196 2585; x_wconf 74' lang='lat' dir='ltr'><strong>iemant</strong></span> <span class='ocrx_word' id='word_1_378' title='bbox 1218 2564 1280 2585; x_wconf 82' lang='lat' dir='ltr'><strong>von</strong></span> <span class='ocrx_word' id='word_1_379' title='bbox 1303 2563 1420 2586; x_wconf 83' lang='lat' dir='ltr'><strong>unsern</strong></span> <span class='ocrx_word' id='word_1_380' title='bbox 1443 2563 1558 2596; x_wconf 81' lang='lat' dir='ltr'><strong>wegen</strong></span> <span class='ocrx_word' id='word_1_381' title='bbox 1580 2553 1721 2596; x_wconf 76' lang='lat' dir='ltr'><strong>gethsne</strong></span> <span class='ocrx_word' id='word_1_382' title='bbox 1745 2553 1867 2591; x_wconf 79' lang='lat' dir='ltr'><strong>hetten,</strong></span> 
     </span>
     <span class='ocr_line' id='line_1_39' title="bbox 217 2601 1868 2647; baseline 0 -13"><span class='ocrx_word' id='word_1_383' title='bbox 217 2602 275 2634; x_wconf 79' lang='lat' dir='ltr'><strong>das</strong></span> <span class='ocrx_word' id='word_1_384' title='bbox 298 2601 404 2635; x_wconf 76' lang='lat' dir='ltr'><strong>haben</strong></span> <span class='ocrx_word' id='word_1_385' title='bbox 419 2603 477 2635; x_wconf 85' lang='lat' dir='ltr'><strong>wir</strong></span> <span class='ocrx_word' id='word_1_386' title='bbox 491 2603 572 2636; x_wconf 75' lang='lat' dir='ltr'><strong>alles</strong></span> <span class='ocrx_word' id='word_1_387' title='bbox 587 2604 728 2646; x_wconf 77' lang='lat' dir='ltr'><strong>gethsne</strong></span> <span class='ocrx_word' id='word_1_388' title='bbox 743 2604 808 2636; x_wconf 89' lang='lat' dir='ltr'><strong>und</strong></span> <span class='ocrx_word' id='word_1_389' title='bbox 824 2605 930 2637; x_wconf 76' lang='lat' dir='ltr'><strong>haben</strong></span> <span class='ocrx_word' id='word_1_390' title='bbox 946 2606 992 2636; x_wconf 87' lang='lat' dir='ltr'><strong>sic</strong></span> <span class='ocrx_word' id='word_1_391' title='bbox 1010 2604 1215 2646; x_wconf 82' lang='lat' dir='ltr'><strong>williglichen</strong></span> <span class='ocrx_word' id='word_1_392' title='bbox 1238 2604 1303 2637; x_wconf 90' lang='lat' dir='ltr'><strong>und</strong></span> <span class='ocrx_word' id='word_1_393' title='bbox 1326 2614 1405 2647; x_wconf 79' lang='lat' dir='ltr'><strong>gem</strong></span> <span class='ocrx_word' id='word_1_394' title='bbox 1421 2604 1534 2647; x_wconf 81' lang='lat' dir='ltr'><strong>leddig</strong></span> <span class='ocrx_word' id='word_1_395' title='bbox 1549 2604 1655 2637; x_wconf 77' lang='lat' dir='ltr'><strong>lsssen</strong></span> <span class='ocrx_word' id='word_1_396' title='bbox 1670 2604 1735 2636; x_wconf 90' lang='lat' dir='ltr'><strong>und</strong></span> <span class='ocrx_word' id='word_1_397' title='bbox 1752 2608 1868 2646; x_wconf 78' lang='lat' dir='ltr'><strong>gesagt</strong></span> 
     </span>
     <span class='ocr_line' id='line_1_40' title="bbox 217 2653 1867 2698; baseline 0.001 -13"><span class='ocrx_word' id='word_1_398' title='bbox 217 2653 299 2685; x_wconf 77' lang='lat' dir='ltr'><strong>aller</strong></span> <span class='ocrx_word' id='word_1_399' title='bbox 320 2653 380 2686; x_wconf 87' lang='lat' dir='ltr'><strong>der</strong></span> <span class='ocrx_word' id='word_1_400' title='bbox 401 2653 475 2686; x_wconf 72' lang='lat' dir='ltr'><strong>aide</strong></span> <span class='ocrx_word' id='word_1_401' title='bbox 499 2654 564 2686; x_wconf 86' lang='lat' dir='ltr'><strong>und</strong></span> <span class='ocrx_word' id='word_1_402' title='bbox 587 2654 645 2687; x_wconf 90' lang='lat' dir='ltr'><strong>des</strong></span> <span class='ocrx_word' id='word_1_403' title='bbox 667 2655 841 2698; x_wconf 77' lang='lat' dir='ltr'><strong>gelubdes,</strong></span> <span class='ocrx_word' id='word_1_404' title='bbox 869 2656 927 2688; x_wconf 75' lang='lat' dir='ltr'><strong>das</strong></span> <span class='ocrx_word' id='word_1_405' title='bbox 958 2657 1004 2688; x_wconf 87' lang='lat' dir='ltr'><strong>sie</strong></span> <span class='ocrx_word' id='word_1_406' title='bbox 1033 2667 1091 2688; x_wconf 91' lang='lat' dir='ltr'><strong>uns</strong></span> <span class='ocrx_word' id='word_1_407' title='bbox 1113 2656 1179 2688; x_wconf 88' lang='lat' dir='ltr'><strong>und</strong></span> <span class='ocrx_word' id='word_1_408' title='bbox 1202 2656 1319 2688; x_wconf 74' lang='lat' dir='ltr'><strong>andere</strong></span> <span class='ocrx_word' id='word_1_409' title='bbox 1340 2657 1462 2689; x_wconf 79' lang='lat' dir='ltr'><strong>iemsnt</strong></span> <span class='ocrx_word' id='word_1_410' title='bbox 1483 2667 1524 2688; x_wconf 80' lang='lat' dir='ltr'><strong>nn</strong></span> <span class='ocrx_word' id='word_1_411' title='bbox 1547 2667 1665 2689; x_wconf 87' lang='lat' dir='ltr'><strong>unnser</strong></span> <span class='ocrx_word' id='word_1_412' title='bbox 1687 2659 1765 2687; x_wconf 75' lang='lat' dir='ltr'><strong>ststt</strong></span> <span class='ocrx_word' id='word_1_413' title='bbox 1788 2655 1867 2687; x_wconf 84' lang='lat' dir='ltr'><strong>oder</strong></span> 
     </span>
    </p>

    <p class='ocr_par' dir='ltr' id='par_1_13' title="bbox 172 2706 1868 2750">
     <span class='ocr_line' id='line_1_41' title="bbox 172 2706 1868 2750; baseline 0 -13"><span class='ocrx_word' id='word_1_414' title='bbox 172 2717 201 2737; x_wconf 76' lang='grc' dir='ltr'><strong><em>ω</em></strong></span> <span class='ocrx_word' id='word_1_415' title='bbox 219 2714 281 2736; x_wconf 84' lang='lat' dir='ltr'><strong>von</strong></span> <span class='ocrx_word' id='word_1_416' title='bbox 303 2715 418 2737; x_wconf 85' lang='lat' dir='ltr'><strong>unsern</strong></span> <span class='ocrx_word' id='word_1_417' title='bbox 441 2715 555 2748; x_wconf 80' lang='lat' dir='ltr'><strong>wegen</strong></span> <span class='ocrx_word' id='word_1_418' title='bbox 577 2706 700 2739; x_wconf 81' lang='lat' dir='ltr'><strong>habent</strong></span> <span class='ocrx_word' id='word_1_419' title='bbox 721 2707 786 2738; x_wconf 89' lang='lat' dir='ltr'><strong>und</strong></span> <span class='ocrx_word' id='word_1_420' title='bbox 813 2707 925 2739; x_wconf 86' lang='lat' dir='ltr'><strong>hetten</strong></span> <span class='ocrx_word' id='word_1_421' title='bbox 953 2708 1103 2749; x_wconf 79' lang='lat' dir='ltr'><strong>gethane.</strong></span> <span class='ocrx_word' id='word_1_422' title='bbox 1148 2707 1243 2739; x_wconf 89' lang='lat' dir='ltr'><strong>Unnd</strong></span> <span class='ocrx_word' id='word_1_423' title='bbox 1273 2707 1316 2739; x_wconf 79' lang='lat' dir='ltr'><strong>ds.</strong></span> <span class='ocrx_word' id='word_1_424' title='bbox 1342 2709 1384 2740; x_wconf 91' lang='lat' dir='ltr'><strong>ist</strong></span> <span class='ocrx_word' id='word_1_425' title='bbox 1406 2708 1468 2750; x_wconf 85' lang='lat' dir='ltr'><strong>bey</strong></span> <span class='ocrx_word' id='word_1_426' title='bbox 1495 2718 1656 2750; x_wconf 78' lang='lat' dir='ltr'><strong>gewesen,</strong></span> <span class='ocrx_word' id='word_1_427' title='bbox 1685 2707 1737 2739; x_wconf 89' lang='lat' dir='ltr'><strong>dic</strong></span> <span class='ocrx_word' id='word_1_428' title='bbox 1761 2707 1868 2739; x_wconf 80' lang='lat' dir='ltr'><strong>dieser</strong></span> 
     </span>
    </p>
   </div>
   <div class='ocr_carea' id='block_1_10' title="bbox 322 2798 1378 2836">
    <p class='ocr_par' dir='ltr' id='par_1_14' title="bbox 322 2798 1378 2836">
     <span class='ocr_line' id='line_1_42' title="bbox 322 2798 1378 2836; baseline 0.003 -10"><span class='ocrx_word' id='word_1_429' title='bbox 322 2799 347 2831; x_wconf 87' lang='lat'><strong>1)</strong></span> <span class='ocrx_word' id='word_1_430' title='bbox 367 2798 430 2826; x_wconf 72' lang='lat' dir='ltr'><strong>Scit.</strong></span> <span class='ocrx_word' id='word_1_431' title='bbox 445 2798 599 2827; x_wconf 75' lang='lat' dir='ltr'><strong>Bam-ando</strong></span> <span class='ocrx_word' id='word_1_432' title='bbox 616 2799 761 2828; x_wconf 65' lang='lat' dir='ltr'><strong>cardinali.</strong></span> <span class='ocrx_word' id='word_1_433' title='bbox 848 2801 875 2834; x_wconf 79' lang='lat'><strong>2)</strong></span> <span class='ocrx_word' id='word_1_434' title='bbox 894 2800 921 2827; x_wconf 82' lang='grc' dir='ltr'><strong>Ο.</strong></span> <span class='ocrx_word' id='word_1_435' title='bbox 936 2805 949 2827; x_wconf 89' lang='lat'><strong><em>1</em></strong></span> <span class='ocrx_word' id='word_1_436' title='bbox 967 2800 999 2826; x_wconf 68' lang='lat' dir='ltr'><strong>in</strong></span> <span class='ocrx_word' id='word_1_437' title='bbox 1021 2801 1069 2828; x_wconf 67' lang='lat'><strong>1⁷1.</strong></span> <span class='ocrx_word' id='word_1_438' title='bbox 1087 2800 1119 2828; x_wconf 75' lang='lat' dir='ltr'><strong>do</strong></span> <span class='ocrx_word' id='word_1_439' title='bbox 1136 2801 1245 2828; x_wconf 59' lang='lat' dir='ltr'><strong>Mur.</strong></span> <span class='ocrx_word' id='word_1_440' title='bbox 1265 2801 1318 2835; x_wconf 85' lang='lat'><strong>(11,</strong></span> <span class='ocrx_word' id='word_1_441' title='bbox 1330 2802 1378 2836; x_wconf 83' lang='lat'><strong>11).</strong></span> 
     </span>
    </p>
   </div>
  </div>
 </body>
</html>
