2158 3138
419 180 516 210 ACTA
532 180 647 208 neem
665 179 849 208 LUDEWICI
868 179 914 207 IV.
934 179 980 207 ΕΤ
999 178 1184 207 FRIDERIGI
1203 180 1252 207 111.
1290 180 1363 208 1814.
1400 180 1520 209 Nr.124.
1541 181 1597 208 125.
1770 184 1830 214 125

186 270 321 313 recipiet
343 271 377 301 et
398 267 551 300 tractabit
572 267 697 310 sibique
718 269 850 309 paratus
873 266 935 298 erit
957 266 1074 306 facere,
1098 266 1185 309 quod
1208 275 1250 299 ex
1266 267 1372 299 officio
1388 277 1446 299 suo
1463 270 1599 299 tenetur.
1640 267 1695 299 Sin
1711 271 1831 305 autem,

186 321 323 354 intendit
353 321 415 363 ipsi
437 319 567 352 domino
590 318 754 351 Friderico
778 318 886 350 facere
910 328 948 349 ac
971 317 1178 360 impendere,
1202 317 1286 360 quod
1312 318 1351 350 de
1375 318 1443 350 iure
1466 322 1500 350 et
1521 318 1751 351 consuetudine
1774 330 1832 361 per

187 383 261 406 eum
289 372 386 405 fuerit
414 370 606 404 faciendum.
652 369 695 402 Et
724 370 811 412 quod
837 369 915 402 nulli
937 370 1139 411 recognoscit
1165 370 1214 401 ius
1238 370 1452 402 coronationis
1474 370 1656 402 huiusmodi
1684 371 1743 402 nisi
1771 370 1830 402 sibi

186 425 248 468 ipsi
275 435 318 457 ex
344 423 448 456 causis
477 423 622 465 superius
651 423 807 454 enarratis
840 426 874 454 et
906 421 993 463 quod
1026 421 1103 452 nulli
1131 421 1241 454 subest
1274 425 1479 464 preterquam
1507 421 1575 454 sedi
1600 422 1776 464 apostolice
1799 423 1831 454 in

156 486 168 507 ε
186 476 247 509 hac
269 478 362 518 parte
385 478 419 507 et
440 474 537 507 ideob
561 473 689 506 domino
715 498 722 506 .
740 498 746 505 .
770 473 962 505 Treverensi
982 472 1224 515 archiepiscopo
1248 483 1306 504 nec
1323 473 1471 515 cuiquam
1494 473 1588 505 alteri
1610 485 1667 506 suo
1684 474 1831 516 conprin-

185 527 249 570 cipi
282 529 410 559 tenetur
439 526 472 557 in
499 525 659 558 mandatis
687 525 834 567 superius
864 525 1025 567 expressis
1053 524 1195 557 obedire.
1240 525 1344 557 Immo
1368 526 1514 567 requirit,
1537 536 1577 557 ne
1601 525 1717 558 falcem
1741 536 1831 558 suam

185 579 219 612 in
240 588 379 611 messem
407 577 546 609 alienam
573 576 730 608 mittendo
758 587 792 609 se
825 577 973 618 ingerant
999 575 1182 608 huiusmodi
1205 578 1403 608 coronationi
1434 577 1476 608 ad
1499 588 1554 609 eos
1577 588 1638 609 non
1662 578 1831 619 spectanti,

185 629 309 663 addens
337 629 440 672 quod,
469 629 496 661 si
518 638 610 661 secus
637 627 795 669 facerent,
823 627 960 660 intendit
983 628 1054 660 loco
1079 632 1112 660 et
1134 632 1281 670 tempore
1305 639 1362 670 pro
1387 629 1455 660 iure
1478 639 1535 660 suo
1559 632 1592 661 et
1615 628 1751 661 ecclesie
1774 640 1831 661 sue

185 681 218 714 in
240 681 302 714 hoc
325 691 405 723 casu
425 679 577 714 salvando
601 679 700 712 talem
723 680 871 711 iniuriam
895 683 1006 712 contra
1034 690 1090 711 eos
1118 681 1268 722 persequi
1292 690 1400 712 coram
1423 679 1528 713 iudice
1551 681 1745 722 conpetenti.
1789 680 1833 712 Et

144 744 170 765 ιο
186 730 408 766 υοᾰιιιιιῶαὶὶε
434 732 634 774 presumptio
663 732 690 763 si
717 731 810 763 fieret
837 741 895 773 pro
922 731 1042 763 infecto
1072 732 1174 764 teneri
1196 731 1310 772 debet,
1335 733 1432 763 immo
1454 735 1618 773 tamquam
1641 732 1832 764 execrabilis

185 786 351 818 temeritas
373 783 474 816 debet
495 784 610 815 merito
634 782 863 825 condempnari
892 793 953 815 nec
975 783 1083 815 taliter
1105 787 1258 815 coronato
1282 787 1446 825 tamquam
1469 783 1511 815 ab
1535 793 1585 819 eo,
1615 784 1669 825 qui
1692 785 1831 815 auctori-

185 841 286 871 tatem
313 847 378 869 non
406 835 522 876 habet,
550 845 592 867 ex
618 834 680 867 hoc
714 834 865 877 quicquid
893 835 971 866 iuris
993 835 1115 876 acquiri
1145 834 1245 867 debet
1272 836 1303 866 in
1326 835 1387 866 hoc
1411 845 1496 866 casu.
1542 834 1583 867 Et
1606 840 1641 866 ut
1663 846 1703 867 ea
1725 836 1833 867 omnia

184 889 228 923 ad
254 889 405 922 noticiam
434 888 534 930 ipsius
561 886 682 919 domini
710 886 875 918 Ludowici
902 897 1027 919 necnon
1050 886 1186 918 aliorum
1210 887 1366 928 omniurn,
1394 887 1448 929 qui
1471 897 1528 918 sua
1551 897 1648 929 super
1670 888 1833 928 premissis

185 941 324 975 dixerint
352 943 408 973 aut
436 938 632 972 crediderint
662 939 835 979 interesse,
858 938 983 970 facilius
1006 938 1220 978 deducantur,
1243 941 1393 970 contenta
1417 939 1448 970 in
1471 938 1610 981 quadam
1633 938 1749 970 cedula
1771 938 1833 970 sibi

143 1001 168 1022 u
187 993 288 1026 voluit
310 1002 369 1035 per
391 1001 443 1024 me
466 991 644 1023 Iohannem
669 989 799 1022 Gerlaci
822 990 982 1023 notarium
1004 990 1233 1032 subscriptum,
1257 991 1284 1022 si
1307 990 1476 1022 commode
1500 994 1625 1032 posset,
1655 990 1831 1032 presentari

188 1048 222 1078 et
243 1054 352 1077 coram
375 1043 422 1076 eis
444 1042 500 1074 ubi
523 1046 557 1075 et
579 1041 706 1085 quando
730 1052 811 1084 opus
834 1041 931 1074 fuerit
952 1041 1119 1084 publicari.

293 1098 324 1128 4.
358 1094 456 1127 Cuius
479 1093 593 1126 cedule
617 1098 710 1126 tenor
732 1094 876 1136 sequitur
898 1094 930 1125 in
953 1093 1013 1125 hec
1036 1093 1150 1125 verba:

295 1147 464 1180 ‘Henricus
479 1147 542 1179 Dei
565 1147 669 1189 gratia
685 1165 726 1170 -—-
742 1157 825 1178 anno
849 1146 980 1178 Domini
1003 1145 1245 1179 MCCCXIIH'.
1279 1157 1379 1188 supra
1401 1157 1451 1178 nr.
1468 1148 1540 1178 114.

294 1221 378 1254 Acta
405 1224 478 1252 sunt
504 1220 565 1252 hec
593 1221 626 1252 in
654 1219 751 1262 opido
779 1219 942 1252 Bunnensi
965 1221 997 1251 in
1020 1219 1116 1251 domo
1148 1220 1268 1252 domini
1298 1219 1450 1251 Iohannis
1479 1219 1519 1250 de
1546 1219 1660 1251 Bunna
1689 1219 1833 1250 canonici

143 1282 170 1303 ω
187 1273 376 1314 Bunnensis,
401 1283 498 1315 quam
520 1271 722 1304 inhabitabat
743 1272 812 1313 ipse
837 1271 984 1303 dominus
1009 1296 1015 1303 .
1034 1296 1040 1303 .
1065 1271 1265 1303 Coloniensis
1288 1271 1563 1313 archiepiscopus,
1587 1270 1646 1302 sub
1669 1280 1762 1310 anno,
1785 1270 1832 1301 in-

187 1325 342 1365 dictione,
369 1334 480 1356 mense
510 1326 544 1356 et
573 1323 625 1355 die
655 1323 887 1366 suprascriptis.
940 1323 1149 1355 Presentibus
1177 1323 1337 1355 nobilibus
1366 1323 1441 1354 viris
1469 1322 1606 1354 dominis
1629 1321 1768 1363 Symone
1792 1321 1832 1353 de

186 1377 360 1420 Spanhem,
383 1375 527 1408 Iohanne
551 1375 591 1407 de
615 1375 792 1407 Nassauwe
809 1375 979 1407 comitibus
994 1385 1118 1406 necnon
1136 1375 1210 1406 viris
1226 1374 1463 1406 venerabilibus
1482 1384 1520 1405 ac
1537 1373 1681 1405 discretis
1697 1373 1833 1405 dominis

187 1427 334 1461 Gerardo
362 1427 403 1459 de
415 1426 640 1468 Viruenborgh
669 1426 837 1458 scolastico
867 1425 1067 1466 Coloniensi,
1091 1426 1232 1458 Henrico
1260 1427 1328 1458 eius
1351 1426 1449 1458 fratre
1473 1427 1635 1467 preposito
1660 1425 1831 1461 Bunnensi,

186 1479 392 1522 Heydenrico
421 1479 585 1521 preposito
613 1477 721 1510 Sancti
749 1477 894 1510 Severini
916 1478 1116 1510 Coloniensis
1144 1481 1177 1509 et
1203 1478 1357 1520 magistro
1380 1477 1599 1520 Enghelberto
1623 1476 1708 1507 dieto
1732 1475 1832 1507 Fran-

144 1544 170 1565 ιο
189 1531 278 1564 chois
301 1530 536 1573 archidyacono
560 1529 750 1562 Leodiensis
773 1530 992 1571 ecclesiarum,
1017 1530 1150 1562 testibus
1169 1529 1210 1563 ad
1226 1529 1287 1561 hoc
1304 1530 1425 1560 vocatis
1441 1528 1624 1570 specialiter
1647 1531 1679 1559 et
1702 1528 1831 1569 rogatis.

297 1603 342 1644 (S.
358 1603 413 1645 N.)
449 1602 493 1635 Et
515 1613 576 1644 ego
600 1602 761 1634 Iohannes
784 1602 888 1634 dictus
912 1602 952 1634 de
977 1602 1088 1644 Spiere
1113 1602 1324 1634 Tornacensis
1346 1602 1496 1641 clericus,
1526 1601 1671 1643 publicus
1694 1600 1831 1632 auctori-

191 1658 258 1688 tate
281 1655 459 1698 apostolica
483 1659 516 1687 et
537 1654 696 1696 imperiali
718 1655 872 1695 notarius,
896 1655 951 1696 qui
974 1655 1137 1696 premissis
1160 1654 1379 1696 publicationi,
1403 1652 1612 1695 requisitioni,
1636 1652 1833 1693 responsioni

190 1710 223 1740 et
245 1707 317 1739 aliis
339 1718 359 1739 a
380 1717 433 1739 me
457 1709 490 1745 et
512 1707 636 1738 notario
660 1706 838 1748 subscripto
862 1707 997 1738 narratis
1021 1717 1083 1737 una
1107 1716 1178 1737 cum
1203 1705 1295 1737 dictis
1319 1730 1326 1736 .
1346 1730 1351 1737 .
1376 1704 1511 1736 testibus
1540 1714 1672 1745 presens
1695 1702 1835 1741 interfui,

188 1759 250 1792 hoc
281 1760 526 1791 instrumentum
557 1758 721 1800 publicum
751 1768 848 1790 manu
875 1768 948 1790 mea
977 1758 1190 1799 conscriptum
1214 1756 1288 1788 inde
1312 1756 1452 1796 confeci,
1476 1755 1561 1798 quod
1585 1766 1657 1787 meo
1681 1758 1833 1786 consueto

145 1822 172 1842 ιο
189 1811 280 1854 signo
304 1811 438 1853 signavi,
462 1814 595 1842 vocatus
618 1809 659 1842 ad
682 1810 744 1842 hoc
767 1809 950 1852 specialiter
973 1813 1006 1842 et
1027 1814 1169 1851 rogatus.

296 1883 339 1916 Et
369 1893 430 1925 ego
457 1883 618 1915 Iohannes
647 1882 810 1926 quondam
840 1882 969 1914 Gerlaci
997 1882 1100 1914 dictus
1128 1882 1300 1914 Certamen
1331 1881 1465 1912 clericus
1491 1880 1667 1922 Spirensis,
1690 1878 1836 1921 publicus

189 1935 367 1978 apostolica
383 1936 574 1967 auctoritate
591 1935 743 1975 notarius,
768 1933 888 1977 [quia]e
904 1933 1049 1976 predicta
1066 1933 1129 1965 duo
1146 1934 1356 1965 instrumenta
1371 1932 1501 1974 publica
1522 1933 1554 1963 in
1572 1932 1674 1963 forma
1690 1931 1836 1972 superius

189 1987 310 2019 inserta
333 1997 443 2019 coram
465 1987 551 2019 dicto
575 1987 704 2018 domino
729 1986 913 2018 Coloniensi
935 1986 1177 2027 archiepiscopo
1209 1985 1371 2027 publicavi
1400 1984 1557 2025 dictisque
1581 1982 1780 2024 responsioni
1803 1988 1836 2013 et

190 2039 390 2081 requisitioni
413 2049 451 2070 ac
473 2039 545 2070 aliis
568 2049 587 2070 a
609 2049 662 2070 me
686 2041 719 2070 et
741 2038 886 2080 predicto
910 2037 1054 2069 Iohanne
1078 2037 1202 2068 notario
1225 2037 1372 2078 superius
1394 2036 1530 2067 narratis
1556 2045 1620 2066 una
1647 2045 1719 2066 cum
1743 2033 1836 2065 dictis

145 2100 172 2121 ιι
190 2090 324 2122 testibus
352 2089 530 2134 [interfui]⁰‚
560 2090 633 2122 huic
663 2091 873 2122 instrumento
906 2089 1034 2131 publico
1066 2088 1210 2120 eiusdem
1240 2088 1356 2119 notarii
1382 2098 1479 2119 manu
1506 2087 1685 2128 conscripto
1713 2096 1835 2127 suoque

190 2142 281 2184 signo
304 2142 430 2184 signato
453 2152 562 2174 meum
584 2142 757 2184 requisitus
781 2145 814 2173 et
835 2145 966 2182 rogatus
989 2141 1030 2172 ad
1054 2140 1115 2172 hoc
1138 2141 1262 2182 signum
1286 2140 1421 2181 apposui
1444 2142 1640 2170 consuetum.
1718 2137 1764 2179 (S.
1781 2136 1835 2174 N.)

451 2311 534 2348 125.
576 2312 824 2347 Prona-z'ssn‘ones
852 2309 980 2346 civitati
1006 2309 1159 2355 Aquensi
1185 2309 1308 2354 factae.
1414 2308 1498 2343 Nov.
1518 2309 1579 2343 23.

302 2381 464 2423 Ortyinale
479 2382 553 2423 (or.)
577 2382 613 2414 in
632 2380 790 2413 tabulario
806 2380 957 2420 Aquensi.
999 2379 1198 2411 Contulimus
1211 2390 1277 2410 nos.
1316 2378 1469 2419 Siqillum,
1492 2378 1576 2418 quod
1598 2377 1662 2409 loro
1685 2375 1834 2408 membra-

190 2443 286 2466 naceo
301 2433 472 2474 pendebat,
494 2433 590 2472 deest,
618 2432 836 2475 foraminibus
856 2431 983 2463 relictis.
1007 2450 1043 2454 —
1076 2431 1138 2463 Ed.
1164 2431 1298 2463 Bo‘hmer
1321 2431 1413 2462 ‘Acta
1436 2430 1561 2470 imperii
1582 2428 1702 2460 selecta*
1722 2439 1754 2469 p.
1772 2427 1836 2458 482

147 2499 175 2519 ω
191 2495 240 2517 nr.
258 2485 322 2517 692
342 2495 381 2517 etc
403 2496 448 2517 or.

298 2540 444 2580 Bokmer,
468 2540 543 2581 Req.
567 2540 678 2572 Ludw.
703 2540 794 2572 deest.

300 2613 372 2646 Nos*
394 2613 585 2646 Lodowicus
613 2613 675 2646 Dei
705 2613 814 2655 gracia
836 2613 868 2644 in
892 2612 1110 2644 Romanorum
1134 2623 1244 2653 regem
1269 2612 1389 2644 electus
1417 2610 1673 2651 recognoscimus
1701 2613 1734 2638 et
1763 2616 1835 2648 pre-

195 2665 338 2698 sentibus
360 2668 585 2708 protestamur,
610 2665 695 2707 quod
718 2675 775 2696 nos
797 2663 940 2696 fidelium
965 2667 1144 2695 nostrorum
1162 2663 1351 2695 dilectorum
1368 2663 1483 2695 civium
1500 2661 1697 2703 Aquensium
1715 2658 1835 2699 suppli-

196 2717 377 2749 cacionibus
400 2716 620 2748 favorabiliter
641 2716 799 2756 inclinati,
822 2718 992 2758 postquam
1022 2716 1124 2756 regali
1147 2715 1340 2757 dyademate
1365 2715 1517 2746 fuerimus
1541 2711 1693 2753 insigniti,
1722 2710 1835 2741 confir-

148 2805 177 2826 45
301 2801 364 2830 124.
392 2802 418 2836 1’)
436 2803 585 2829 addendum
603 2811 658 2828 nec.
746 2802 769 2835 ο)
788 2802 880 2828 excid-‘e
898 2811 935 2828 or.
