2184 3126
150 746 176 768 10

151 1267 177 1287 2⁰

151 1524 177 1546 2⁵

154 2562 179 2582 4⁵

467 185 564 214 ACTA
582 183 696 213 REGNI
715 183 898 212 LUDEWICI
917 183 963 211 lv.
982 182 1028 210 ΕΤ
1048 181 1234 210 FRIDERICI
1253 182 1302 209 111.
1340 181 1415 209 1323.
1452 181 1501 209 Nr.
1516 182 1574 210 758.
1789 185 1851 215 593

193 273 361 315 perpetuis
384 271 584 315 temporibus
607 271 776 312 duratura,
808 270 894 303 dicto
923 270 1053 303 domino
1075 269 1250 303 Lodowico
1274 268 1451 302 marchioni
1475 268 1759 311 Brandeburgensi
1785 269 1852 301 dic-

193 327 260 357 tam
287 324 387 357 filiam
416 327 557 356 nostram
580 323 799 366 Margaretam
827 322 905 355 dare
934 322 1092 355 debemus
1122 322 1154 354 in
1176 332 1311 354 uxorem
1334 321 1494 363 legittime
1519 323 1552 352 et
1573 320 1855 353 matrimonialiter

194 375 409 418 copulandam
432 386 506 408 cum
529 375 701 408 duodecim
723 373 854 407 milibus
875 374 1078 407 marcharum
1105 374 1178 416 puri
1199 372 1326 415 argenti
1348 373 1381 404 in
1405 373 1549 404 terminis
1571 372 1853 414 subsequentibus,

194 427 345 460 videlicet
367 437 426 460 sex
449 426 578 459 milibus
600 426 803 459 marcharum
826 427 898 469 puri
920 426 1046 468 argenti
1068 425 1152 457 infra
1175 424 1261 457 diem
1285 428 1318 457 et
1341 434 1460 456 annum
1484 427 1557 466 post
1580 423 1854 466 sollempnitatem

194 479 382 521 nupciarum
413 482 446 511 et
473 478 635 511 carnalem
659 479 801 520 ipsorum
826 477 1084 520 copulacionem,
1111 476 1214 509 tribus
1240 475 1370 508 milibus
1394 475 1604 508 ‘marcharum
1633 476 1704 517 puri
1727 477 1854 518 argenti

193 531 226 562 in
256 530 319 563 fine
349 530 481 562 secundi
511 531 585 562 anni
608 531 712 572 primo
743 529 982 572 subsequentis,
1012 527 1150 561 residuis
1172 538 1249 560 vero
1277 527 1380 560 tribus
1402 527 1532 559 milibus
1554 526 1759 560 marcharum
1782 529 1854 570 puri

193 582 319 624 argenti
341 582 374 613 in
396 581 460 614 fine
483 582 575 614 tercii
598 582 672 613 anni
689 581 814 614 duobus
829 581 940 623 primis
961 581 1053 613 annis
1068 579 1244 613 inmediate
1260 579 1485 622 subsequentis
1501 589 1560 622 per
1574 590 1633 610 nos
1648 578 1700 611 vel
1716 579 1855 612 heredes

193 636 320 666 nostros
334 632 450 675 Lybek
466 633 666 675 integraliter
682 633 913 675 persolvendis.
958 631 1208 665 Oondicionibus
1230 631 1348 664 talibus
1370 630 1549 674 prehabitis
1572 630 1659 672 quod
1682 631 1709 662 si
1733 631 1854 664 dictum

193 684 359 717 dominum
381 683 592 717 Lodowicum
616 685 835 717 marchionem
851 683 1177 726 Brandeburgensem
1199 683 1268 715 sine
1291 683 1382 725 prole
1405 693 1478 715 cum
1501 682 1588 715 dicta
1603 682 1791 725 Margareta
1813 683 1855 716 de

194 736 254 768 hae
282 736 348 768 vita
379 735 540 768 decedere
570 736 754 778 eontigerit,
785 736 888 768 dictus
917 735 1066 768 dominus
1093 734 1287 768 Lodowicus
1314 734 1536 767 Romanorum
1566 744 1625 766 rex
1655 739 1749 776 pater
1778 735 1855 767 dicti

193 787 315 820 domini
336 787 503 820 Lodowici
525 787 719 820 marchionis
742 787 1043 830 Brandeburgensis
1064 787 1116 820 vel
1138 787 1281 829 ipsorum
1304 786 1457 827 heredes,
1487 790 1602 828 utputa
1631 786 1709 818 dicti
1733 786 1855 819 domini

192 839 360 872 Lodowici
381 839 468 881 regis
483 839 703 871 Romanorum
727 844 760 872 et
775 839 941 872 Lodowici
963 839 1157 872 marchionis
1171 838 1473 881 Brandeburgensis
1488 838 1545 870 filii
1561 838 1719 878 eiusdem,
1742 839 1856 881 viginti

194 894 332 934 quatuor
366 891 456 923 milia
489 891 692 923 marcharum
722 891 793 933 puri
820 891 946 934 argenti
976 891 1061 923 dicte
1089 890 1274 932 Margarete
1303 890 1370 922 filie
1397 893 1506 922 nostre
1536 890 1706 922 restituere
1736 890 1856 923 debent

195 946 228 976 et
254 943 399 975 totaliter
426 943 590 984 assignare
618 943 650 974 in
678 943 823 975 terminis
845 943 1072 985 infrascriptis,
1103 942 1226 974 scilicet
1248 941 1420 974 duodecim
1444 941 1533 973 milia
1555 941 1760 973 marcharum
1784 942 1855 984 puri

194 995 320 1037 argenti
348 995 432 1027 infra
462 994 548 1027 diem
580 999 612 1027 et
635 1005 752 1026 annum
783 999 855 1037 post
883 998 1020 1027 mortem
1053 994 1130 1026 dicti
1157 994 1278 1026 domini
1301 993 1468 1026 Lodowici
1490 994 1686 1026 marchionis
1707 993 1854 1026 Brande-

193 1046 376 1089 burgensis,
406 1057 465 1079 sex
494 1046 583 1078 milia
605 1046 808 1078 marcharum
836 1047 907 1088 puri
929 1047 1055 1088 argenti
1078 1046 1110 1078 in
1132 1046 1196 1078 fine
1219 1045 1351 1078 secundi
1373 1046 1448 1078 anni
1470 1045 1574 1088 primo
1598 1056 1682 1077 anno
1705 1046 1854 1087 proximo

194 1098 436 1141 subsequentis,
465 1098 596 1130 residua
622 1108 700 1130 vero
727 1109 784 1130 sex
807 1098 896 1130 milia
919 1098 1121 1130 marcharum
1145 1098 1216 1140 puri
1239 1097 1366 1140 argenti
1389 1098 1421 1129 in
1443 1097 1508 1129 fine
1531 1097 1623 1129 tercii
1645 1097 1720 1129 anni
1743 1097 1855 1139 primis

195 1149 320 1183 duobus
342 1150 433 1182 annis
455 1149 631 1182 inmediate
647 1149 872 1192 subsequentis
895 1160 954 1192 per
969 1149 1170 1192 sepedictum
1187 1149 1353 1182 dominum
1370 1148 1582 1181 Lodowicum
1606 1159 1718 1191 regem
1734 1149 1855 1181 Roma-

194 1209 309 1234 norum
331 1211 389 1234 seu
411 1202 554 1244 ipsorum
577 1201 718 1234 heredes
740 1202 852 1243 utique
876 1201 1101 1246 persolvenda.

303 1260 332 1291 3.
356 1258 421 1290 Pro
445 1257 561 1300 quibus
584 1257 716 1300 quidem
739 1257 851 1299 viginti
874 1261 1012 1299 quatuor
1041 1256 1170 1288 milibus
1198 1257 1402 1289 marcharum
1434 1257 1505 1298 puri
1529 1256 1655 1298 argenti
1678 1257 1856 1298 prenotatis

195 1309 380 1353 supradicte
395 1308 803 1353 Margareterestituendis
830 1312 862 1341 et
878 1308 1077 1351 assignandis
1100 1308 1243 1340 totaliter
1264 1308 1402 1351 predicti
1425 1308 1586 1351 principes
1609 1307 1731 1339 domini
1746 1307 1855 1340 Lodo-

195 1361 294 1394 wicus
326 1371 386 1393 rex
413 1361 635 1394 Romanorum
671 1363 705 1392 et
731 1360 925 1393 Lodowicus
959 1360 1102 1392 marchio
1137 1359 1438 1403 Brandeburgensis
1472 1360 1617 1393 eiusdem
1651 1359 1735 1391 filius
1769 1359 1855 1391 dicte

196 1413 381 1456 Margarete
400 1412 628 1445 certitudinem
642 1413 768 1445 firmam
792 1416 825 1444 et
849 1414 1035 1444 caucionem
1058 1412 1272 1444 sufficientem
1296 1422 1369 1444 cum
1392 1412 1496 1452 terris,
1521 1411 1643 1452 castris,
1666 1411 1855 1443 municioni—

195 1465 266 1507 bus,
290 1464 481 1505 civitatibus,
504 1465 588 1496 villis
611 1467 644 1496 et
660 1464 764 1506 opidis
788 1468 820 1496 et
836 1465 976 1506 ipsarum
993 1463 1171 1496 redditibus
1188 1465 1354 1505 universis,
1378 1463 1570 1504 hominibus,
1592 1463 1856 1506 proprietatibus,

196 1516 355 1554 dominiis,
378 1516 514 1554 iudiciis,
537 1516 803 1559 possessionibus,
826 1516 948 1548 iuribus
971 1520 1004 1547 et
1027 1516 1160 1558 singulis
1183 1525 1295 1548 earum
1318 1515 1508 1556 attinenciis,
1532 1526 1605 1547 cum
1627 1525 1729 1556 mero,
1753 1515 1856 1547 mixto

196 1571 229 1601 et
250 1569 376 1612 integro
399 1568 535 1610 imperio
559 1568 667 1600 facere
691 1567 833 1600 debeant
857 1572 890 1600 et
913 1567 1091 1609 adimplere
1115 1577 1188 1599 cum
1212 1567 1341 1606 effectu,
1364 1567 1468 1609 ipsam
1492 1568 1595 1599 eciam
1612 1567 1799 1599 caucionem
1823 1570 1857 1599 et

196 1620 422 1653 certitudinem
446 1620 575 1659 ,litteris
614 1619 799 1663 patentibus
837 1620 1080 1662 magnificorum
1116 1619 1295 1661 principum
1331 1618 1533 1651 dominorum
1569 1618 1734 1651 Lodowici
1768 1619 1856 1660 regis

195 1672 415 1704 Romanorum
438 1682 568 1714 semper
590 1672 728 1714 augusti,
750 1671 916 1704 Lodowici
939 1670 1132 1702 marchionis
1147 1669 1448 1712 Brandeburgensis
1471 1669 1527 1701 filii
1550 1670 1608 1711 sui,
1632 1669 1777 1711 Adulphi
1799 1670 1857 1701 filii

196 1724 304 1757 fratris
327 1724 463 1766 predicti
486 1724 608 1756 domini
629 1723 795 1757 Lodowici
823 1724 909 1765 regis
931 1723 1151 1754 Romanorum
1179 1721 1269 1754 ducis
1291 1721 1446 1762 Bavarie,
1474 1721 1639 1754 Frederici
1662 1721 1857 1754 marchionis
1905 1739 1910 1742 -

196 1775 366 1809 Misnensis
380 1776 522 1818 iunioris,
546 1775 693 1808 Bertoldi
717 1775 843 1807 comitis
862 1775 903 1807 de
919 1774 1173 1821 Hennebyergh‚
1197 1773 1361 1806 Frederici
1378 1773 1540 1815 burgravii
1564 1773 1605 1805 de
1620 1773 1855 1816 Norenbyergh

196 1831 229 1860 et
256 1827 435 1860 Borchardi
465 1828 591 1860 comitis
618 1828 660 1859 de
689 1827 910 1860 Mandzsweld
937 1830 970 1858 et
999 1827 1142 1868 ipsorum
1171 1825 1348 1867 sigillorum
1379 1825 1587 1868 apposicione
1616 1829 1649 1857 et
1679 1825 1855 1857 eorundem

195 1879 408 1912 fideidacione
431 1880 552 1912 firmius
571 1879 734 1912 roborare.
772 1878 931 1911 Homines
947 1878 1098 1920 equidem
1115 1877 1271 1909 dictarum
1289 1880 1456 1918 terrarum,
1480 1877 1709 1918 municionum,
1733 1881 1855 1909 castro-

195 1942 276 1973 rum,
300 1931 478 1973 civitatum,
501 1931 650 1964 villarum
674 1934 706 1963 et
730 1930 900 1973 opidorum
923 1930 1008 1962 dicte
1032 1930 1218 1971 Margarete
1240 1939 1297 1961 seu
1321 1929 1414 1961 alteri
1438 1929 1488 1960 vel
1512 1928 1583 1960 aliis
1606 1929 1735 1961 nomine
1758 1929 1858 1970 ipsius

194 1982 379 2026 Margarete
402 1983 567 2015 fidelitatis
590 1983 777 2024 homagium
801 1983 909 2014 facere
933 1985 1113 2013 teneantur.

305 2042 334 2071 4.
362 2038 520 2072 Preterea
548 2040 574 2071 si
603 2039 724 2071 dictum
755 2038 919 2070 dominum
949 2037 1158 2070 Lodowicum
1191 2037 1410 2069 marchionem
1434 2035 1760 2078 Brandeburgensem
1785 2040 1858 2078 post

196 2091 295 2134 prolis
318 2091 579 2134 procreacionem
603 2101 676 2122 eum
699 2090 785 2122 dicta
808 2090 994 2131 Margareta
1017 2089 1099 2120 mori
1122 2088 1275 2120 acciderit
1297 2089 1376 2130 ipsis
1399 2088 1510 2120 liberis
1533 2087 1723 2128 viventibus,
1752 2087 1858 2119 dietus

196 2144 345 2186 princeps
373 2142 520 2175 dominus
543 2142 735 2174 Lodowicus
765 2153 822 2174 rex
845 2141 1065 2173 Romanorum
1098 2141 1149 2172 vel
1176 2141 1318 2182 ipsorum
1347 2140 1486 2172 heredes
1516 2139 1643 2182 prefate
1672 2140 1856 2181 Margarete

197 2195 368 2228 duodecim
383 2194 473 2227 milia
488 2195 692 2227 marcharum
715 2194 787 2236 puri
810 2193 935 2235 argenti
959 2203 1032 2224 cum
1049 2192 1227 2224 donacione
1244 2196 1377 2234 propter
1392 2192 1526 2234 nupcias
1546 2191 1633 2223 dicta
1649 2201 1856 2232 morengawe

197 2246 366 2279 restituere
390 2249 423 2278 et
438 2245 611 2278 refundere
628 2249 807 2278 teneantur.
846 2245 912 2277 Pro
937 2244 1052 2287 quibus
1075 2243 1246 2276 duodecim
1270 2243 1399 2275 milibus
1415 2243 1619 2275 marcharum
1644 2243 1715 2285 puri
1731 2243 1856 2284 argenti

197 2302 231 2331 et
260 2297 437 2330 donacione
464 2301 598 2340 propter
624 2299 755 2339 nupcias
782 2301 817 2329 ut
845 2297 1042 2339 premittitur
1071 2295 1156 2327 dicte
1183 2294 1368 2337 Margarete
1402 2294 1468 2326 filie
1502 2299 1610 2326 nostre
1644 2300 1716 2326 cum
1753 2295 1855 2333 terris,

196 2349 444 2390 municionibus,
479 2349 605 2389 castris,
640 2349 840 2389 civitatibus,
874 2349 972 2389 villis,
1007 2347 1125 2390 opidis,
1159 2347 1301 2388 ipsarum
1325 2346 1519 2387 redditibus,
1549 2346 1799 2389 proprietatibus
1823 2351 1857 2378 et

197 2401 452 2444 possessionibus
473 2401 645 2441 universis,
677 2405 711 2432 ut
734 2402 925 2443 premissum
949 2403 1008 2439 est,
1033 2400 1157 2431 firmam
1182 2399 1288 2430 facere
1312 2398 1453 2430 debeant
1476 2399 1673 2430 caucionem.
1711 2397 1856 2430 Residua

197 2464 273 2485 vero
290 2452 461 2485 duedecim
476 2453 566 2484 milia
582 2452 786 2485 marcharum
809 2452 880 2494 puri
900 2452 1025 2493 argenti
1048 2450 1089 2482 de
1112 2450 1224 2491 viginti
1248 2454 1386 2491 quatuor
1408 2449 1538 2482 milibus
1560 2449 1763 2482 marcharum
1784 2451 1854 2491 puri

198 2504 325 2546 argenti
350 2504 529 2545 prenotatis
555 2503 665 2536 liberis
692 2503 911 2545 predictorum
944 2501 1064 2534 domini
1088 2500 1252 2533 Lodowici
1282 2501 1477 2534 marchionis
1499 2501 1799 2543 Brandeburgensis
1823 2506 1857 2533 et

199 2556 385 2597 Margarete
407 2555 472 2587 filie
496 2559 603 2587 nostre
627 2554 743 2587 cedere
767 2554 908 2587 debeant
931 2555 962 2585 in
986 2554 1128 2595 ipsorum
1151 2552 1355 2585 commodum
1379 2557 1412 2585 et
1436 2552 1628 2596 profectum.

307 2614 336 2643 5.
361 2610 394 2643 Si
424 2611 527 2643 eciam
556 2610 643 2643 dicta
663 2610 850 2653 Margareta
877 2609 963 2652 apud
987 2609 1090 2641 dictos
1116 2607 1237 2640 liberos
1266 2619 1341 2640 suos
1363 2609 1506 2641 residere
1537 2614 1570 2641 et
1599 2619 1722 2641 moram
1747 2609 1855 2641 facere

199 2663 346 2705 elegerit,
370 2665 445 2694 tunc
462 2665 649 2704 prenotatus
665 2662 812 2694 dominus
828 2661 1020 2694 Lodowicus
1042 2671 1100 2693 rex
1115 2659 1336 2692 Romanorum
1359 2671 1417 2693 seu
1440 2661 1582 2703 ipsorum
1606 2661 1746 2693 heredes
1770 2661 1855 2692 dicte

198 2713 383 2756 Margarete
407 2713 447 2745 de
464 2713 608 2755 quolibet
623 2713 804 2746 millenario
828 2713 898 2755 puri
922 2713 1046 2754 argenti
1070 2713 1102 2743 in
1126 2712 1222 2744 certis
1237 2712 1416 2745 redditibus
1434 2718 1603 2754 terrarum,
1627 2713 1855 2750 municionum,

306 2811 369 2839 758.
395 2811 419 2843 ¹)
438 2812 618 2845 persolvendos
635 2821 672 2838 or.

304 2872 341 2890 ιι.
360 2871 570 2890 coxsrirurioxss
589 2872 611 2890 v.
1615 2863 1648 2890 75
