2190 3172
315 177 376 208 166
511 174 607 202 ACTA
626 175 740 203 REGNI
759 174 943 202 LUDEWIOI
962 175 1008 202 lv.
1028 174 1073 201 ET
1091 174 1275 202 FRIDERICI
1294 175 1342 202 111.
1379 175 1455 203 1314.
1490 175 1540 202 ΝΥ.
1553 175 1611 203 174.
1631 176 1689 203 175.
1708 176 1766 203 176.

312 272 437 294 mamus
469 265 503 293 et
528 262 685 303 presentis
719 262 828 303 scripti
859 262 1037 303 patrocinio
1068 262 1310 294 communimus.
1409 263 1497 294 Nulli
1526 273 1603 305 ergo
1632 264 1759 295 omnino
1794 263 1960 296 hominum

312 313 409 345 liceat
442 313 524 345 hanc
558 314 709 355 paginam
742 316 848 345 nostre
877 313 1110 353 innovacionis,
1143 313 1405 355 approbacionis,
1436 314 1691 346 confirmacionis
1719 318 1753 346 et
1778 316 1962 348 muniminis

312 365 486 407 infringere
511 365 562 396 vel
586 365 617 396 ei
639 375 718 396 ausu
740 366 913 396 temerario
937 365 1106 396 contraire.
1151 364 1185 396 Si
1209 365 1279 407 quis
1301 369 1411 397 autem
1430 365 1492 397 hoc
1509 369 1703 408 attemptare
1719 368 1961 409 presumpserit,

312 426 445 458 gravem
473 419 614 448 nostram
641 415 899 457 indignacionem
926 417 1049 457 regiam
1076 417 1192 448 merito
1216 416 1410 449 formidabit.
1500 418 1538 449 Iu
1562 419 1650 450 cuius
1672 418 1719 449 rei
1742 419 1961 451 testimonium

312 471 480 510 presentes
501 468 625 499 litteras
648 467 753 509 sigillo
776 468 955 499 maiestatis
977 471 1085 499 nostre
1108 467 1264 500 tradimus
1287 470 1506 501 communitae.
1991 486 2004 505 ι

419 519 540 550 Datum
562 519 754 559 Bacheraci,
777 519 903 551 XVIII.
921 519 994 550 Kal.
1010 519 1154 561 Ianuar.,
1178 530 1261 551 anno
1284 519 1416 552 Domini
1438 520 1556 553 Mccc
1580 521 1840 564 quartodecimo,
1869 524 1962 565 regni

312 581 389 603 vero
412 571 511 602 nostri
534 582 617 603 anno
641 572 754 613 primo.

415 702 497 738 175.
538 702 700 748 Receptio
726 702 850 738 nobilis
877 703 918 738 de
945 703 1155 739 Brunshorn
1180 704 1216 739 in
1244 703 1433 740 vassallum
1458 704 1606 750 imperii.
1711 704 1794 742 Dec.
1813 706 1872 741 15.

423 776 583 818 Oriqz'nale
598 777 802 817 deperditum.
844 775 943 818 copia
959 777 1014 819 (c.)
1030 788 1110 810 saec.
1126 777 1223 810 XIX.
1239 778 1283 810 in.
1296 777 1391 820 facta
1405 778 1441 810 in
1457 778 1615 811 tabulario
1631 780 1714 820 reqio
1732 779 1960 819 Confluentino.

312 827 548 868 Descripsimus
569 838 634 860 nos.
661 847 700 852 -
723 828 894 860 Ineditum.
1981 842 2006 862 ιο

420 923 612 955 Ludowicus
627 923 689 955 Dei
713 924 817 965 gratia
832 923 1052 955 Romanorum
1078 934 1137 956 rex
1160 934 1290 966 semper
1312 927 1466 967 augustus
1552 926 1708 957 universis
1731 928 1813 958 sacri
1835 927 1963 970 imperii

312 975 461 1007 fidelibus
484 979 650 1017 presentes
672 975 862 1017 inspecturis
885 975 938 1006 vel
959 976 1073 1007 visuris
1161 976 1299 1017 gratiam
1322 986 1413 1007 suam
1437 979 1470 1008 et
1493 987 1588 1009 omne
1610 977 1740 1010 bonum.

420 1027 636 1058 Attendentes
659 1026 837 1058 devotionis
860 1037 898 1058 ac
919 1027 997 1058 fidei
1018 1028 1203 1068 puritatem,
1227 1038 1290 1069 qua
1312 1027 1429 1059 nobilis
1451 1028 1499 1059 vir
1514 1028 1676 1061 Iohannes
1699 1029 1740 1061 de
1755 1030 1963 1063 Brunshoren

312 1078 416 1110 fidelis
438 1082 547 1110 noster
569 1078 704 1110 dilectus
727 1089 761 1110 se
784 1079 901 1109 nostris
924 1081 957 1109 et
979 1079 1106 1120 imperii
1130 1078 1341 1120 beneplacitis
1356 1079 1468 1111 nititur
1482 1079 1649 1122 adaptare,
1673 1084 1706 1113 et
1722 1082 1807 1123 quod
1823 1082 1963 1114 vasallus

311 1133 422 1161 noster
445 1133 478 1161 et
503 1130 631 1171 imperii
654 1130 756 1161 factus
780 1133 842 1171 est,
873 1129 912 1161 de
936 1129 1132 1162 liberalitate
1155 1131 1246 1171 regia
1269 1130 1329 1162 sibi
1353 1130 1481 1171 damus,
1509 1132 1665 1164 tradimus
1689 1136 1722 1164 et
1745 1133 1961 1177 concedimus,
1980 1145 2006 1165 ιε

311 1185 347 1213 ut
370 1182 403 1213 in
424 1181 575 1213 theloneo
598 1184 707 1212 nostro
730 1183 762 1213 in
784 1181 972 1213 Bacharaco
997 1181 1163 1213 dimidium
1188 1181 1408 1214 Turonensem
1435 1193 1582 1224 grossum
1605 1183 1646 1215 de
1669 1184 1814 1226 qualibet
1837 1188 1964 1218 carrata

312 1233 378 1264 vini
406 1236 438 1265 et
467 1233 538 1264 aliis
566 1233 781 1265 mercimoniis
810 1232 986 1264 secundum
1014 1236 1200 1265 consuetam
1228 1234 1428 1265 taxationem
1456 1233 1560 1275 levet,
1591 1235 1723 1278 colligat
1749 1239 1783 1268 et
1804 1237 1964 1279 percipiat

312 1287 377 1316 tam
409 1285 479 1326 diu,
510 1295 676 1327 quousque
704 1287 864 1316 trecentas
894 1295 1019 1316 marcas
1048 1285 1174 1326 argenti
1204 1285 1376 1326 levaverit,
1412 1285 1581 1328 collegerit
1612 1297 1650 1319 ac
1678 1289 1862 1330 perceperit
1891 1299 1964 1321 cum

314 1337 441 1368 effectu.
487 1336 610 1373 Quibus
636 1337 798 1378 perceptis
825 1336 990 1367 tenebitur
1017 1336 1130 1378 viginti
1156 1347 1337 1368 marcarum
1359 1337 1506 1369 redditus
1529 1337 1569 1370 de
1592 1349 1676 1371 novo
1699 1350 1887 1381 comparare
1911 1341 1963 1372 vel

254 1428 256 1430 η
313 1388 514 1420 tantumdem
547 1388 588 1419 de
615 1388 752 1430 propriis
786 1387 966 1419 redditibus
999 1388 1031 1419 in
1060 1388 1176 1419 nostris
1204 1391 1238 1420 et
1270 1389 1397 1430 imperii
1430 1389 1578 1421 manibus
1605 1390 1707 1422 libere
1734 1392 1899 1433 resignare
1928 1395 1961 1424 et
1979 1403 2006 1423 ιο

313 1439 446 1471 easdem
469 1450 488 1471 a
511 1440 604 1471 nobis
627 1443 660 1471 et
681 1440 817 1481 imperio
841 1440 874 1471 in
897 1439 1028 1471 feodum
1051 1440 1205 1482 recipere.
1244 1440 1295 1472 De
1319 1441 1434 1483 quibus
1457 1442 1556 1473 etiarn
1579 1443 1684 1484 ipsum
1707 1446 1740 1474 et
1762 1453 1963 1476 successores

313 1502 386 1522 suos
408 1494 516 1522 nostro
541 1494 574 1522 et
596 1491 724 1533 imperii
746 1492 875 1523 nomine
899 1491 1216 1534 tanquam-vasallos
1238 1495 1364 1524 nostros
1386 1493 1568 1526 tenebimur
1590 1505 1648 1526 nos
1671 1498 1705 1526 et
1720 1495 1819 1526 nostri
1836 1505 1962 1527 succes·-

311 1553 401 1574 sores
424 1546 582 1584 perpetuo
605 1543 782 1574 infeodare.
827 1543 895 1584 Ipsi
916 1553 993 1574 vero
1018 1546 1051 1575 et
1066 1543 1158 1575 nobis
1174 1547 1208 1575 et
1221 1544 1358 1586 imperio
1375 1544 1540 1577 fidelitatis
1557 1549 1590 1577 et
1605 1547 1795 1578 sinceritatis
1810 1546 1962 1589 homagio

311 1594 506 1626 tenebuntur
533 1595 682 1632 astricti2,
717 1605 780 1637 qua
803 1596 903 1626 ceteri
925 1595 1039 1627 vasalli
1066 1596 1193 1638 imperii
1222 1596 1354 1628 obnoxii
1387 1596 1480 1628 nobis
1513 1600 1546 1629 et
1573 1598 1708 1640 imperio
1734 1599 1960 1640 astringuntur.

311 1645 436 1678 Dantes
459 1646 519 1677 sibi
542 1649 709 1688 presentes
731 1648 763 1678 in
786 1647 1005 1678 testimonium
1029 1658 1127 1689 super
1149 1657 1188 1679 eo
1211 1649 1311 1679 nostri
1334 1648 1430 1690 sigilli
1453 1650 1628 1681 munimine
1652 1650 1865 1692 consignatas.
1980 1659 2005 1679 2⁶

419 1697 540 1730 Datum
563 1699 595 1729 in
615 1698 817 1740 Bacharaco,
840 1699 987 1731 XVIII.b
1003 1699 1118 1731 Kalen.
1135 1699 1286 1740 Ianuarii,
1310 1710 1393 1732 auno
1417 1700 1549 1732 Domini
1565 1700 1682 1734 MOCO
1707 1701 1961 1744 quartodecimo,

312 1751 403 1792 regni
426 1751 524 1782 nostri
548 1761 631 1782 anno
655 1751 768 1792 primo.

400 1960 473 1996 176.
509 1958 883 1997 CONFIRMATIO
915 1959 1294 1998 OBLIGATIONIS
1317 1961 1354 1998 A
1376 1959 1661 1998 FRIDERICO
1689 1960 1883 1999 FACTA.

981 2029 1090 2065 1314.
1135 2029 1222 2066 Dec.
1247 2029 1304 2066 18.

426 2128 586 2169 Oriqinale
609 2129 684 2171 (or.)
707 2129 743 2160 in
766 2129 923 2161 tabulario
942 2128 1083 2170 ⁸qenerali
1103 2129 1193 2169 reym'
1207 2128 1375 2161 Bawarici
1395 2129 1614 2162 ‘Kaiserselect
1628 2129 1801 2170 Nachtraq’
1822 2140 1872 2161 nr.
1889 2129 1962 2163 182.
1981 2139 2009 2159 ω

315 2181 551 2221 Descripsimus
572 2191 638 2212 nos.
683 2180 803 2212 Pendet
823 2181 962 2222 sigillum
984 2181 1074 2213 valde
1096 2180 1215 2213 laesum
1238 2180 1303 2213 loro
1323 2181 1566 2214 membranaceo.

422 2241 568 2278 Βὸὴνηεν,
591 2241 666 2281 Req.
682 2241 795 2274 Ludw.
811 2252 848 2281 p.
865 2242 928 2272 164
950 2240 1119 2273 Friedrich
1140 2252 1191 2274 nr.
1207 2242 1238 2274 2.

421 2335 605 2368 Fridericus
627 2336 691 2368 Dei
713 2337 822 2378 gracia
843 2336 1064 2368 Romanorum
1087 2347 1146 2368 rex
1169 2347 1298 2378 semper
1319 2339 1475 2379 augustus
1561 2335 1739 2368 venerabili
1767 2335 1963 2377 Frid(erico)

315 2388 468 2429 episcopo
497 2388 632 2420 ecclesie
654 2388 894 2429 Augusten(sis)
918 2388 1053 2429 principi
1075 2398 1132 2419 suo
1156 2387 1274 2420 dilecto
1373 2389 1516 2430 graciam
1544 2398 1635 2420 suam
1661 2398 1735 2420 cum
1762 2387 1962 2429 plenitudine

316 2440 417 2471 omnis
441 2439 525 2471 boni.
1981 2447 2008 2467 ιι

423 2491 582 2527 Quoniam
611 2492 761 2523 virtutum
793 2492 918 2534 premia
949 2492 1147 2524 merentibus
1176 2492 1273 2523 tribui
1301 2492 1450 2524 convenit
1479 2495 1513 2524 et
1540 2492 1595 2534 qui
1617 2490 1800 2534 pocioribus
1821 2491 1964 2523 serviciis

315 2553 349 2575 se
372 2542 512 2574 fideliter
536 2543 703 2585 extollunt,
727 2544 792 2575 suis
815 2543 1063 2576 devocionibus²
1086 2544 1255 2586 principali
1277 2543 1499 2576 munificencia
1517 2546 1592 2576 sunt
1606 2542 1790 2575 exhibenda
1806 2542 1964 2574 beneficia

315 2595 505 2637 pingwiora‚
536 2606 593 2626 nos
621 2595 681 2627 hac
713 2597 855 2638 equitate
884 2597 1023 2638 permoti
1050 2597 1169 2638 regalis
1193 2596 1391 2628 excellencie
1414 2596 1534 2627 lumina
1557 2595 1824 2627 consideracionis
1846 2594 1969 2626 intuitu

316 2646 451 2678 sollicite
488 2646 703 2679 diffundentes
741 2649 825 2680 circa
862 2648 1086 2688 devocionem,
1131 2658 1194 2690 qua
1231 2647 1371 2680 fideliter
1414 2658 1514 2689 regno
1549 2647 1768 2679 Romanorum
1806 2645 1963 2688 obsequia

419 2741 482 2768 175.
510 2742 533 2774 ²)
553 2744 638 2768 affecti
657 2752 677 2768 c.
766 2742 789 2775 b)
808 2744 871 2768 IIX0
884 2744 980 2769 decimo
999 2752 1020 2769 c.
1980 2740 2008 2759 ⁴⁰

420 2804 482 2831 176.
512 2805 536 2838 ⁸)
555 2807 608 2831 suis
627 2807 713 2833 devoc.
732 2816 759 2833 se
777 2808 819 2832 fid.
838 2811 890 2832 ext.
911 2815 968 2832 cum
986 2806 1058 2839 eiqno
1075 2806 1282 2839 transpositionis
1300 2815 1338 2831 or.
