2190 3172
247 2467 281 2508 9?

289 2464 310 2509 3⁰0³

330 195 392 225 150
563 190 659 219 ACTA
678 190 793 218 REGNI
810 189 996 218 LUDEWIOI
1016 189 1063 216 IV.
1081 188 1128 215 ΕΤ
1148 188 1332 216 FRIDERICI
1351 189 1400 216 ΠΙ.
1436 189 1512 216 1314.
1548 189 1597 216 Nr.
1612 189 1670 216 156.
1690 189 1748 216 157.

329 283 484 318 lempniter
514 282 546 310 et
573 278 722 320 specifice
750 278 943 314 convehimus,
972 280 1076 315 viginti
1105 280 1160 308 duo
1188 280 1267 308 milia
1295 289 1453 308 marcarum
1481 281 1593 316 argenti
1621 280 1683 316 puri
1707 282 1738 308 et
1758 279 1827 308 boni
1848 281 1981 315 ponderis

331 334 507 362 Coloniensis
530 335 639 362 solvere
661 333 854 368 promittimus
877 333 976 360 eidem.
1020 331 1058 359 Et
1080 332 1117 359 ad
1139 332 1275 360 maiorem
1298 332 1479 360 securitatem
1503 333 1557 360 sibi
1585 327 1758 360 fatiendam'
1778 332 1884 360 iterato
1906 333 1982 360 bona

330 387 458 421 predicta
486 387 572 413 titulo
599 385 726 421 pignoris
754 393 803 412 seu
828 385 968 419 ypothece
997 384 1109 412 eidemg
1135 384 1349 419 archiepiscopo
1378 386 1410 412 et
1437 384 1498 412 eius
1529 384 1646 412 ecclesie
1674 393 1730 411 una
1760 392 1823 411 cum
1850 384 1980 412 omnibus

331 438 438 465 iuribus
462 438 639 473 obligamus,
662 436 813 472 regalibus,
837 436 978 468 dominiis,
1003 445 1080 464 mero
1104 437 1134 464 et
1153 436 1244 464 mixto
1267 436 1386 472 imperio
1414 445 1446 464 ac
1474 436 1550 464 omni
1577 436 1772 463 iurisdictione
1795 436 1980 471 omnibusque

331 489 481 522 fructibus,
510 489 679 521 redditibus,
708 487 905 523 proventibus,
935 487 1082 522 precariis,
1115 487 1216 520 sturis,
1245 487 1454 521 exactionibus,
1484 487 1639 515 honoribus
1668 489 1698 515 et
1719 487 1846 515 serviciis
1869 489 1929 514 tam
1950 487 1982 515 in

330 541 428 568 liberis
452 542 481 568 et
503 540 591 567 servis
614 548 699 574 quam
714 539 816 572 Iudeis,
833 539 955 566 monetis
970 539 1113 575 regalibus
1137 541 1167 567 et
1181 535 1343 567 theloneis*²
1366 541 1403 567 et
1425 539 1489 566 aliis
1513 539 1735 574 quibuscumque
1751 539 1860 566 iuribus
1875 539 1982 567 ibidem

331 593 367 619 ad
389 592 538 627 imperium
559 591 776 626 pertinentibus.
820 590 1046 618 *Consentimus
1071 587 1169 619 etiam
1192 600 1332 626 expresse,
1355 591 1432 625 quod
1454 591 1552 619 idem⁸
1574 592 1802 627 archiepiscopus
1818 593 1848 618 et
1862 591 1907 618 sui
1922 599 1982 619 suc·

331 652 455 671 cessores
470 644 564 670 levare
579 643 690 677 possint
705 644 735 670 et
750 642 894 678 percipere
910 642 940 669 in
955 643 1098 678 Bopardia
1114 652 1163 671 seu
1179 643 1239 671 eius
1256 643 1388 670 districtu
1403 639 1582 671 theloneumi
1594 645 1717 678 quatuor
1732 637 1983 671 'numinensium'

331 696 365 722 de
388 695 517 729 qualibet
539 695 650 722 carrata
672 694 732 721 vini
755 695 784 722 et
807 694 842 721 de
864 694 928 721 aliis
952 694 1142 722 mercimoniis
1169 704 1220 730 per
1246 695 1319 722 Reni
1341 695 1453 723 alveum
1477 695 1690 723 transeuntibus
1713 695 1794 722 iuxta
1817 697 1982 723 consuetam

330 756 491 782 grossorum
506 746 691 773 taxationem.
736 745 936 774 Concedimus
960 746 1046 774 etiam
1070 755 1200 782 expresse
1224 748 1254 774 et
1276 747 1316 774 de
1339 748 1417 774 certa
1439 746 1569 780 sciencia,
1593 747 1668 782 quod
1691 756 1787 775 omnes
1808 748 1838 774 et
1856 746 1982 782 singulos

331 800 438 826 fructus
454 799 603 833 perceptos
620 799 649 825 et
663 797 860 833 percipiendos
875 798 912 825 ab
928 798 1046 826 eodemss
1062 794 1304 836 archiepiscopo
1328 800 1358 826 et
1380 806 1432 825 sua
1454 798 1573 826 ecclesia
1595 799 1630 827 de
1652 799 1782 826 omnibus
1805 799 1837 827 et·
1862 799 1982 834 singulis

331 851 459 885 superius
486 850 626 885 expressis
649 859 713 877 suos
736 850 824 878 faciat
845 858 898 877 nec
920 850 950 877 in
973 851 1079 878 sortem
1106 850 1292 884 aliqualiter
1315 846 1554 885 computentnr¹
1579 851 1608 878 et
1631 851 1744 879 eosdem
1771 851 1887 886 pacifice
1913 851 1981 878 reci-

330 902 393 937 piat
414 902 475 937 ipse
498 903 528 929 et
550 901 594 929 sui
616 910 790 930 successores
812 902 918 936 absque
941 902 1060 930 alicuius
1084 902 1318 935 contradictione,
1341 909 1488 936 quousque
1510 902 1545 930 de
1567 902 1702 937 predictis
1726 902 1851 935 summis,
1874 911 1930 937 qne
1951 902 1982 929 in

331 951 535 989 Hallen(sibus)
565 956 595 981 et
622 955 740 989 argento
769 953 805 981 ad
827 954 931 989 viginti
958 962 1007 981 sex
1037 954 1117 981 milia
1144 963 1301 981 marcarum
1329 954 1522 987 ascenduntm,
1546 954 1676 988 qualibet
1697 963 1792 982 marca
1814 963 1865 990 pro
1889 954 1981 982 tribus

332 1006 411 1032 libris
439 1003 644 1040 Hallen(sibus)
674 1007 703 1033 et
729 1015 828 1041 grosso
861 1006 990 1040 quolibet
1018 1015 1070 1041 pro
1094 1006 1308 1040 quatuordecim
1330 1003 1536 1040 Hallen(sibus)
1563 1006 1768 1040 computatis',
1801 1015 1853 1041 pro
1880 1006 1982 1041 quibus

332 1057 460 1092 predicta
482 1058 655 1085 coniunctim
677 1059 728 1085 aut
750 1058 862 1085 divisim
878 1053 1027 1085 volumus
1043 1059 1136 1085 esse⁰
1156 1058 1291 1093 obligata,
1315 1063 1483 1095 quousque
1506 1058 1597 1085 eidem
1620 1058 1833 1093 archiepiscopo
1855 1059 1900 1086 vel
1923 1058 1983 1086 eius

333 1108 538 1136 successoribus
568 1109 747 1144 integraliter
777 1109 907 1137 extiterit
934 1109 1120 1137 satisfactum.
1169 1109 1373 1136 Promittentes
1400 1109 1476 1143 quod
1509 1109 1607 1136 eadem
1637 1109 1758 1144 pignora
1785 1109 1899 1137 divisim
1925 1118 1984 1138 non

331 1161 500 1188 redimemus
533 1169 586 1188 nec
618 1161 719 1188 redimi
751 1161 956 1195 permittemus.
1013 1161 1217 1188 Promittentes
1248 1161 1335 1188 etiam
1361 1169 1512 1195 procurare
1541 1162 1570 1188 et
1597 1161 1720 1194 efficere,
1748 1162 1824 1196 quod
1847 1162 1984 1197 oppidani

333 1213 500 1247 oppidorum
522 1213 661 1247 Bopardie
685 1215 714 1240 et
725 1213 849 1241 Wesalie
873 1213 999 1247 predicte
1023 1213 1193 1248 obligationi
1210 1213 1410 1240 consencientl'
1434 1214 1463 1239 et
1486 1221 1570 1248 super
1593 1221 1626 1240 eo
1649 1213 1718 1240 dent
1745 1213 1858 1241 litteras
1881 1213 1983 1249 sigillis

332 1265 471 1291 dictorum
487 1264 653 1299 oppidorum
670 1264 810 1299 sigillatas
820 1260 839 1292 ¹.
906 1259 993 1291 Nulli
1011 1271 1089 1301 ergo
1106 1261 1234 1291 omnino
1250 1259 1415 1291 hominum
1430 1259 1528 1291 liceat
1544 1259 1626 1291 hanc
1641 1260 1793 1302 paginam
1808 1259 1983 1302 infringere

331 1311 384 1343 vel
408 1312 437 1343 ei
453 1322 533 1342 ausu
547 1311 721 1343 temerario
738 1311 978 1353 quomodolibet
994 1311 1164 1343 contraire.
1203 1310 1310 1353 Siquis
1326 1314 1435 1343 autem
1452 1311 1514 1343 hoc
1530 1314 1726 1354 attemptare
1741 1313 1984 1354 presumpserit,

332 1366 442 1405 preter
474 1367 581 1395 nostre
611 1363 841 1405 indignationis
870 1363 1000 1395 aculeos
1010 1369 1034 1404 ⁴¹,
1066 1374 1146 1405 quos
1179 1364 1301 1405 poterit
1332 1364 1449 1395 merito
1477 1363 1666 1405 formidare,
1696 1364 1802 1406 ipsum
1828 1365 1984 1396 mulctam

333 1419 461 1446 eentum
476 1415 630 1446 librarum
646 1416 731 1447 auri*
747 1415 950 1447 decernimus
965 1416 1174 1456 incursurum,
1198 1415 1408 1447 medietatem
1424 1415 1500 1447 fisco
1516 1418 1635 1455 nostro,
1660 1415 1757 1448 aliam
1772 1415 1983 1449 medietatem

332 1472 483 1498 camere&
505 1467 740 1509 archiepiscopi
763 1467 971 1500 Treverensis
993 1467 1138 1499 totaliter
1160 1467 1370 1499 inferendam.
1458 1467 1496 1498 In
1519 1467 1609 1499 cuius
1636 1468 1683 1499 rei
1706 1468 1925 1500 testimonium
1949 1471 1984 1500 et

332 1518 474 1550 debitam
497 1518 683 1550 firmitatem
706 1523 874 1560 presentes
895 1519 991 1551 scribi
1006 1520 1155 1551 iussimus
1178 1522 1212 1551 et
1231 1519 1336 1561 sigillo
1358 1522 1467 1551 nostre
1483 1520 1661 1551 maiestatis
1677 1521 1766 1562 regie
1783 1522 1981 1554 communiri.

439 1575 528 1606 Dat.³
544 1575 688 1615 Colonie,
712 1575 791 1607 IIII.
809 1575 893 1607 Non.
916 1575 1111 1616 Decembrf,
1135 1586 1218 1607 anuo
1241 1575 1372 1607 Domini
1395 1575 1565 1607 millesimo
1588 1577 1837 1608 trecentesimo¹¹
1853 1582 1983 1619 quarto-

333 1627 469 1668 decimo,
493 1627 584 1669 regni
606 1636 684 1658 vero
707 1627 807 1659 nostri
829 1638 912 1659 anno
936 1628 1050 1669 primo.

665 1772 747 1809 157.
788 1772 965 1808 Concessio
986 1784 1131 1819 precum
1152 1773 1417 1819 primariamm.
1523 1773 1604 1809 Dec.
1624 1777 1660 1809 2.

444 1845 604 1887 Oriyinale
631 1846 706 1889 (or.)
735 1846 858 1878 ibidem.
913 1846 1150 1887 Descripsimus
1178 1857 1243 1879 nos.
1304 1846 1425 1878 Pendet
1452 1846 1591 1887 siyillum
1618 1857 1740 1886 parum
1770 1847 1892 1879 laesum
1919 1847 1986 1887 filis

334 1898 443 1930 sericis
469 1899 559 1932 rubei
586 1898 724 1939 flavique
751 1898 871 1930 coloris.
923 1899 966 1931 In
993 1909 1080 1931 verso
1110 1899 1238 1940 leqitur:
1273 1899 1351 1938 Cor,
1382 1899 1515 1939 itemque
1537 1900 1559 1941 ᾗ
1581 1896 1613 1941 p.
1670 1899 1736 1932 Sub
1759 1900 1864 1940 plicae
1889 1904 1986 1941 parte

333 1950 467 1982 sinistra
489 1951 643 1991 scriptum
666 1953 726 1983 est:
749 1950 924 1983 Treuerefi.

442 2010 588 2048 Bo'hmer,
613 2010 688 2051 Rey.
705 2011 816 2043 Ludw.
838 2022 869 2051 p.
886 2012 909 2043 2
929 2022 980 2044 nr.
996 2013 1047 2042 14.

444 2071 532 2111 Quae
553 2071 743 2103 concordant
765 2082 836 2103 cum
851 2071 1104 2103 Promissionum
1126 2082 1228 2111 supra
1249 2082 1300 2104 nr.
1317 2071 1360 2103 63
1381 2082 1470 2111 capp.
1487 2072 1507 2102 9
1529 2074 1559 2103 et
1579 2073 1629 2110 10,
1652 2082 1690 2103 ea
1712 2072 1797 2113 typis
1811 2073 1986 2106 minoribus

335 2133 468 2154 excussa
490 2126 575 2154 sunt.

443 2209 634 2241 Ludowicus
657 2210 719 2241 Dei
743 2210 852 2252 gracia
874 2209 1095 2242 Romanorum
1118 2221 1177 2242 rex
1200 2221 1328 2252 semper
1351 2213 1506 2252 augustus
1575 2211 1732 2242 universis
1754 2211 1836 2243 sacri
1858 2212 1987 2253 imperii

335 2261 486 2293 fidelibus
508 2263 690 2303 presentem
714 2262 866 2304 paginam
889 2262 1079 2304 inspecturis
1167 2263 1310 2304 graciam
1333 2272 1424 2294 suam
1448 2265 1481 2294 et
1503 2273 1597 2294 omne
1620 2262 1751 2294 bonum.

445 2313 604 2350 Quoniam
634 2324 696 2354 que
726 2313 952 2345 ecclesiasticis
981 2314 1173 2346 conveniunt
1202 2314 1332 2355 officiis,
1362 2313 1532 2346 decencius
1556 2317 1606 2345 est
1627 2314 1828 2346 committere
1853 2315 1985 2347 ecclesi-

336 2365 444 2396 asticis
473 2365 619 2406 personis
653 2368 686 2396 et
720 2375 775 2396 eas
808 2365 841 2395 in
871 2365 989 2396 talibus
1023 2365 1197 2406 honorare,
1225 2365 1298 2396 hinc
1328 2368 1376 2396 est
1405 2365 1491 2407 quod
1518 2376 1576 2397 nos
1599 2376 1768 2407 personam
1791 2366 1986 2399 venerabilis

336 2416 495 2448 Baldwini
525 2416 661 2448 ecclesie
691 2416 899 2448 Treverensis
926 2417 1159 2458 archiepiscopi
1191 2418 1343 2459 principis
1369 2417 1470 2448 nostri
1497 2417 1606 2448 dilecti
1628 2416 1746 2458 graciis
1769 2420 1802 2449 et
1824 2418 1987 2451 favoribus

338 2468 487 2499 attollere
511 2469 688 2509 cupientes,
713 2472 919 2505 [concedimus]
943 2473 1065 2506 eidem,
1089 2473 1166 2507 quod
1187 2469 1256 2510 ipse
1279 2482 1376 2508 preces
1396 2473 1545 2508 primarias
1567 2474 1678 2508 regales
1701 2475 1731 2501 et
1752 2473 1913 2509 imperiales
1935 2484 1986 2510 per

338 2533 434 2552 omnes
465 2524 596 2551 ecclesias
623 2524 820 2557 kathedrales,
849 2524 1014 2559 collegiatae
1044 2527 1073 2552 et
1099 2525 1300 2552 conventuales
1330 2533 1443 2552 suarum
1476 2525 1613 2558 civitatis,
1637 2525 1764 2559 dyocesis
1787 2527 1818 2552 et
1839 2526 1986 2560 provincie

336 2576 481 2611 porrigere
509 2576 604 2602 valeat
632 2575 803 2603 auctoritate
830 2576 919 2611 regali
949 2578 978 2604 et
1006 2576 1156 2611 imperiali,
1244 2575 1278 2604 et
1299 2572 1384 2603 ultra
1407 2577 1484 2611 quod
1506 2573 1577 2614 ipse
1609 2575 1701 2604 extra
1728 2583 1802 2604 suas
1824 2573 1987 2614 predictas

443 2662 507 2690 156.
534 2662 554 2695 f)
573 2663 715 2688 faciendam
735 2662 759 2688 2.
847 2663 872 2695 8)
892 2682 918 2689 ..
937 2663 1000 2688 add.
1019 2662 1043 2688 2.
1131 2661 1156 2695 ¹¹)
1175 2663 1316 2688 theoloneis
1333 2662 1358 2688 2.
1445 2661 1466 2696 i)
1484 2663 1644 2689 theolonium
1662 2663 1686 2689 2.
1773 2662 1799 2696 ¹¹)
1818 2663 1942 2690 Turones
1962 2664 1987 2691 2.

339 2706 357 2739 ¹)
377 2716 451 2740 conp.
469 2706 494 2732 2.
587 2706 620 2738 ¹¹²)
638 2707 794 2732 asscendunt
811 2706 835 2732 2.
931 2707 956 2739 ¹¹)
976 2712 1043 2740 gput.
1061 2706 1085 2732 2.
1183 2706 1206 2739 ⁰)
1226 2715 1281 2732 esse
1299 2707 1420 2732 volumus
1438 2705 1463 2732 2.
1559 2707 1585 2738 P)
1604 2707 1640 2732 oie
1657 2716 1708 2736 or.,·
1727 2707 1762 2740 cf.
1780 2715 1861 2740 cupra
1875 2715 1940 2740 pay.
1953 2721 1986 2726 -

338 2755 390 2776 not.
404 2764 444 2775 —.
532 2748 558 2781 q)
575 2750 694 2774 acculeos
712 2748 736 2774 2.
822 2750 844 2780 ¹')
862 2750 927 2782 ipso
946 2751 1031 2776 facto
1050 2750 1111 2775 add.
1130 2749 1154 2775 2.
1242 2748 1263 2782 ¹)
1282 2751 1354 2775 Dan-1
1373 2749 1397 2776 2.
1485 2750 1505 2782 t)
1526 2751 1648 2776 Decemb.
1666 2750 1691 2776 2.
1778 2750 1804 2782 ¹¹)
1822 2751 1885 2777 OOC
1903 2750 1927 2775 2.

444 2819 469 2849 1)
490 2816 530 2852 Cf.
549 2817 627 2851 infra
644 2825 686 2844 nr.
699 2821 754 2844 164.

2001 1012 2027 1033 15

2005 2220 2031 2240 ³5

1999 2755 2027 2776 45
