2184 3126
423 148 522 176 ACTA
539 147 654 176 mem
672 146 857 176 LUDEWICI
876 146 924 175 IV.
943 145 991 175 ΕΤ
1009 145 1194 174 ΓΒῘΒΕΒΙΟῙ
1212 147 1260 175 111.
1297 146 1373 175 1824.
1410 146 1458 174 ΝΥ.
1470 146 1529 175 849.
1548 147 1608 176 850.
1783 150 1846 181 673

298 234 413 278 (s.N.)
451 235 489 268 In
504 234 624 268 Christi
646 235 775 267 nomine
795 244 902 267 amen.
939 234 1034 266 Anno
1058 234 1234 267 nativitatis
1256 233 1402 266 eiusdem
1425 234 1596 267 millesimo
1619 238 1846 269 trecentesimo

188 287 347 330 vigesimo
364 280 488 330 quarto,
510 287 670 320 indicione
686 287 834 328 septima,
856 285 909 318 die
924 285 1094 318 Dominico
1115 285 1308 318 duodecimo
1328 286 1447 319 mensis
1461 286 1642 325 Februarii,
1660 288 1692 319 in
1709 287 1847 321 ecclesia

189 338 307 372 Sancte
322 338 426 371 Marie
447 338 551 381 plebis
566 338 670 371 Vallis
685 338 870 371 Flemarum
886 338 968 370 dioc.
985 337 1183 378 Tridentino,
1207 338 1410 380 presentibus
1429 338 1560 371 domino
1576 339 1710 372 Altomo
1730 340 1846 379 iudice,

191 390 327 423 Oambio
342 391 479 431 notario,
499 399 552 422 ser
568 390 675 422 Otene
691 390 828 431 notario,
850 400 903 422 ser
917 389 1073 422 Bertoldo
1090 389 1227 422 condam
1244 389 1373 423 domine
1388 390 1600 431 Hermanine‚
1617 391 1703 423 Iorio
1719 392 1846 425 notario

158 449 171 469 ⁸
190 442 260 475 eius
281 441 358 484 filio,
380 441 554 474 Benasudo
569 442 704 482 notario,
726 440 902 474 Frederico
918 441 1054 482 notario,
1072 441 1264 474 Omnebono
1279 442 1406 475 notario
1422 442 1570 475 omnibus
1593 442 1634 475 de
1650 443 1727 476 villa
1743 443 1846 476 Cava-

190 493 276 535 lesii,
303 503 356 527 ser
379 492 539 526 Ooradino
563 493 604 525 de
628 493 704 525 villa
728 493 874 535 Gastelfi,
897 492 1128 525 Bartholameo
1151 492 1288 526 condam
1312 493 1496 536 Hengledie
1520 494 1562 527 de
1585 495 1662 527 villa
1684 495 1846 537 Avarene,

190 540 336 578 Iohanne
358 545 545 585 Macorento
574 544 615 577 de
639 544 716 577 villa
738 543 868 586 Tesedi‚
892 544 1039 577 omnibus
1061 544 1102 576 de
1126 544 1213 577 dicta
1235 545 1318 578 valle
1339 545 1525 578 Flemarum
1548 546 1684 579 testibus
1707 550 1742 579 et
1764 547 1845 580 aliis.

297 604 323 639 G
344 605 511 638 Discretus
527 605 575 637 vir
590 605 739 638 dominus
754 605 917 638 Iohannes
938 604 1169 647 viceplebanus
1185 604 1271 638 dicte
1288 605 1425 639 ecclesie
1442 606 1561 639 Sancte
1576 606 1679 639 Marie
1699 618 1848 641 asserens

189 657 312 691 ibidem
335 660 368 690 et
390 657 422 689 in
446 657 588 699 presenti
612 656 671 689 sibi
695 667 737 689 ex
759 660 852 699 parte
876 657 996 689 domini
1019 655 1126 689 fratris
1142 656 1282 689 Conradi
1299 657 1493 700 infrascripti
1509 662 1713 701 presentatas
1729 658 1848 692 fuisse·

145 719 172 742 ιο
190 709 314 742 litteras
336 708 556 750 infrascriptae
584 712 616 740 et
640 709 709 740 eius
731 708 837 751 sigillo
869 709 1026 751 impresso
1053 709 1203 749 munitas,
1231 710 1433 741 continentes
1457 710 1631 752 quemdam
1660 721 1847 752 processum

190 759 416 803 apostolicum,
446 762 482 791 ut
508 759 641 792 inferius
669 760 764 802 plene
795 763 934 800 constat,
964 762 998 792 et
1024 760 1111 802 ipsas
1141 770 1199 802 per
1222 771 1296 793 eum
1319 761 1458 804 benigne
1487 765 1653 804 susceptas
1683 762 1782 795 fuisse
1814 768 1848 795 et

189 814 363 854 propterea
385 812 497 844 volens
520 815 672 854 tanquam
696 811 881 845 obedientie
905 811 988 844 filius
1011 811 1198 844 mandatum
1222 813 1254 844 in
1277 813 1325 845 eis
1348 813 1502 845 insertum
1526 813 1739 855 apostolicum
1756 814 1846 847 vide-

188 863 266 896 licet
288 864 405 906 exequi
428 867 626 905 reverenter,
650 866 825 896 convocato
849 863 936 906 prius
963 863 1005 896 ad
1028 874 1142 896 sonum
1165 874 1322 907 campane
1345 865 1493 897 universo
1517 876 1573 897 sue
1598 865 1702 908 plebis
1725 866 1847 909 populo

188 915 355 957 utriusque
378 925 476 947 sexus
499 918 533 947 et
555 915 597 947 ad
620 915 681 948 hoc
696 915 881 958 specialiter
896 919 1103 958 congregato,
1127 916 1205 948 fecit
1220 917 1251 948 in
1275 916 1362 949 dicta
1376 923 1444 948 'sua
1461 917 1598 950 ecclesia
1622 918 1708 960 ipsas
1723 918 1849 951 litteras

147 977 171 998 u
191 970 224 1000 et
246 977 433 1009 processum
455 967 488 998 in
511 967 643 999 modum
666 967 892 1010 publicationis
916 978 1027 1000 earum
1050 967 1116 1011 legi
1136 968 1311 1001 solenniter
1334 979 1392 1011 per
1414 979 1467 1001 me
1484 968 1662 1002 Iohannem
1686 970 1846 1002 notarium

187 1018 426 1061 infrascriptum
449 1023 483 1051 et
505 1029 564 1061 per
585 1018 719 1051 Petrum
743 1020 904 1052 notarium
927 1019 1165 1062 infrascriptum
1186 1020 1379 1062 vulgar-icari
1403 1025 1436 1053 et
1459 1020 1685 1053 nichilominus
1708 1022 1847 1064 ipsemet

186 1071 220 1102 in
242 1070 353 1113 lingua
375 1074 522 1103 materna
545 1071 644 1103 etiarn
667 1071 843 1104 horetenus
866 1081 939 1103 cum
963 1072 1048 1103 omni
1072 1071 1242 1114 diligentia
1264 1072 1440 1114 explicavit
1466 1076 1500 1105 et
1527 1073 1635 1104 omnia
1662 1083 1726 1115 que
1754 1073 1847 1105 scivit

188 1121 230 1154 ad
253 1121 314 1155 hec
336 1122 429 1155 utilia
452 1126 486 1154 et
508 1123 710 1155 neccessaria
737 1123 778 1155 ob
802 1124 1018 1156 reverentiam
1040 1123 1184 1156 mandati
1211 1123 1383 1166 apostolici
1406 1124 1622 1157 effectualiter
1644 1124 1844 1167 adimplevit.

187 1173 321 1216 Rogans
343 1183 396 1206 me
412 1173 592 1206 Iohannem
607 1174 767 1207 notarium
782 1177 1007 1215 memoratum,
1029 1179 1066 1207 ut
1088 1174 1128 1208 de
1152 1174 1213 1207 hiis
1236 1175 1384 1208 omnibus
1408 1175 1572 1218 publicum
1590 1175 1745 1208 deberem
1769 1187 1845 1208 con-

145 1234 171 1254 πο
188 1225 285 1258 ficere
302 1225 540 1258 documentum.
579 1226 726 1268 Ipsarum
743 1228 851 1258 autem
867 1227 1047 1259 litterarum
1071 1229 1105 1259 et
1124 1237 1293 1269 processus
1317 1230 1409 1260 tenor
1431 1229 1575 1270 sequitur
1597 1229 1629 1260 in
1653 1228 1714 1260 hec
1729 1227 1845 1260 verba:

297 1284 425 1318 ‘Frater
447 1285 615 1319 Oonradus
638 1286 679 1319 de
695 1306 736 1310 —
753 1290 878 1329 quarto,
901 1286 1076 1320 indictione
1099 1284 1256 1330 septima?
1292 1299 1392 1328 supra
1415 1299 1464 1321 nr.
1481 1290 1555 1321 848.

297 1345 369 1388 Ego
384 1346 547 1378 Iohannes
569 1347 712 1379 notarius
735 1347 862 1379 comitis
884 1347 1020 1389 palatini
1042 1348 1083 1380 de
1099 1348 1220 1381 Alehat
1243 1349 1408 1391 premissis
1423 1349 1572 1381 omnibus
1594 1349 1724 1382 interfui
1748 1354 1782 1383 et
1804 1360 1844 1383 ea

188 1400 320 1440 rogatus
343 1397 472 1440 publice
495 1398 618 1440 scripsi.

297 1447 390 1491 Egob
422 1448 541 1481 Petrus
574 1449 711 1482 condam
744 1449 876 1482 Otoneli
909 1450 1079 1492 inperhiali
1112 1452 1288 1484 autoritate
1320 1452 1464 1484 notarius
1500 1454 1665 1495 premissis
1700 1453 1849 1486 omnihus

146 1507 171 1527 π
189 1499 319 1532 interfui
343 1504 376 1532 et
399 1511 439 1533 ea
461 1504 594 1543 rogatus
616 1500 746 1543 publice
769 1502 892 1544 scripsi.

339 1716 593 1767 850-852.
635 1717 974 1766 LUDEWICI
1010 1719 1305 1766 SCRIPTA
1333 1721 1427 1766 AD
1456 1721 1705 1769 STURAS

604 1787 980 1834 CIVITATUM
1008 1787 1438 1836 SPECTANTIA.

748 1869 856 1905 1324.
898 1869 977 1906 Ian.
998 1868 1239 1907 ssa—Febr.
1260 1871 1295 1907 8.

637 1980 725 2017 850.
766 1981 929 2017 Exemtio
957 1993 979 2016 a
1008 1982 1124 2018 sturis.
1229 1982 1309 2018 Ian.
1330 1985 1397 2018 22.

145 2063 170 2084 so
298 2051 460 2094 Oriyinale
487 2057 499 2085 1
525 2054 562 2086 in
583 2054 742 2087 tabulario
764 2055 915 2087 Lichensi
936 2055 1026 2088 vahie
1047 2066 1216 2089 corrosum.
1250 2074 1293 2079 —
1324 2056 1387 2089 Ed.
1413 2066 1470 2097 ope
1494 2057 1638 2098 Copiarii
1663 2059 1848 2091 recentioris

189 2101 317 2136 Reimer
343 2103 537 2138 ‘Hessisches
570 2105 839 2141 Urkundenbuch’
863 2107 912 2146 II,
935 2108 958 2139 2
977 2118 1013 2148 p.
1029 2108 1094 2139 243
1116 2118 1166 2140 nr.
1182 2109 1248 2140 260
1275 2119 1314 2141 ex
1337 2119 1383 2140 or.
1433 2108 1616 2142 Editionem
1644 2109 1845 2143 concedimus.

192 2162 400 2247 emuli&
413 2165 607 2250 2Het‘2eLibro
627 2166 835 2199 cancellariae
851 2167 1015 2200 Ludewici
1035 2168 1126 2209 regis,
1149 2168 1187 2201 de
1211 2178 1273 2209 quo
1295 2179 1324 2200 v.
1339 2179 1441 2209 supra
1462 2169 1508 2201 ad
1527 2180 1578 2202 nr.
1595 2170 1674 2209 679,·
1689 2170 1744 2211 tol.
1763 2172 1846 2203 107¹.

295 2273 443 2316 Belin-er,
466 2277 543 2319 Req.
565 2278 679 2311 Ludw.
696 2289 732 2319 p.
748 2281 791 2311 40
813 2290 862 2312 nr.
880 2280 953 2312 681.

145 2371 170 2391 as
295 2361 507 2396 Ludewicus·
521 2363 586 2397 Dei
609 2366 714 2408 gratia
729 2365 950 2399 Romanorum
973 2376 1032 2399 rex
1054 2377 1184 2409 semper
1207 2371 1382 2410 augustus·
1461 2368 1622 2411 religiosis
1637 2368 1713 2400 viris
1734 2367 1846 2401 abbati

189 2414 222 2443 et
237 2414 408 2446 conventui
423 2416 609 2449 monasterii
631 2417 663 2449 in
679 2417 846 2461 Arnspurg
867 2417 988 2450 ordinis
1004 2417 1225 2451 cisterciensis
1240 2419 1430 2462 Moguntine
1447 2419 1595 2461 diocesis,
1620 2419 1766 2453 devotisb
1782 2420 1848 2452 suis

188 2462 325 2504 dilectis,
413 2467 552 2508 gratiam
574 2478 665 2501 suam
688 2472 723 2501 et
744 2479 840 2502 omne
862 2469 1012 2502 bonumb.

295 2514 430 2558 Regalis
446 2517 618 2551 clementia
633 2521 799 2552 consuevit
822 2522 898 2553 viris
922 2521 1082 2563 religiosis
1105 2522 1213 2554 divino
1237 2523 1338 2555 cultui
1359 2523 1552 2566 mancipatis
1567 2533 1639 2556 esse
1656 2522 1845 2556 favorabilis

189 2568 222 2598 et
250 2566 404 2611 benigna,
438 2572 475 2602 ut
507 2580 619 2603 eorum
647 2573 755 2605 votiva
783 2573 1014 2605 intercessione
1046 2574 1159 2606 salutis
1189 2573 1251 2606 sibi
1280 2578 1404 2607 crescat
1430 2575 1581 2607 meritum
1615 2574 1703 2618 apud
1725 2575 1843 2607 Deum.

144 2628 171 2649 ιο
190 2616 275 2651 Sane
299 2619 337 2651 in>
354 2619 482 2654 Christo
506 2621 634 2655 dilecti⁰
657 2624 770 2656 vestris
793 2624 1081 2667 supplicationibus
1110 2626 1282 2667 gratiosius
1308 2629 1502 2668 annuentes,
1534 2627 1639 2659 curias
1662 2632 1786 2659 vestras
1814 2628 1844 2659 in

292 2709 358 2738 849.
387 2711 411 2744 ⁵)
430 2719 491 2738 suas
509 2711 572 2737 aad.
590 2719 629 2737 or.
717 2710 741 2743 b)
759 2711 815 2736 alia
834 2719 926 2737 manua
944 2720 982 2738 or.

292 2770 360 2798 850.
387 2771 412 2804 ⁸)
425 2772 480 2797 loeo
490 2772 644 2798 Lndevieus
655 2785 686 2790 —
697 2775 826 2804 augustus
837 2770 866 2797 22
884 2772 950 2797 Lud.
959 2776 1007 2798 ste.
1078 2771 1104 2805 b)
1117 2773 1172 2798 loco
1184 2773 1283 2800 devotis
1292 2787 1326 2792 —
1336 2773 1433 2799 bonum
1446 2773 1476 2800 2:
1489 2779 1538 2800 etc.
1610 2774 1633 2806 c)
1646 2774 1690 2800 dil.
1705 2774 1731 2799 in
1745 2774 1805 2799 Chr.
1819 2772 1845 2798 2·

291 2830 331 2849 u..
341 2830 567 2850 cossrrnmouns
575 2830 601 2849 v.
1604 2823 1638 2851 85
