2190 3172
310 209 373 240 258
549 205 646 233 ACTA
665 204 778 232 REGNI
797 202 982 231 LUDEWICI
1001 202 1047 229 lv.
1066 201 1112 228 ΕΤ
1131 200 1317 228 FRIDERICI
1335 200 1384 227 111.
1422 200 1496 227 1315.
1534 199 1583 227 Nr.
1596 199 1655 227 297.
1673 199 1733 227 298.

620 336 692 366 297.
718 335 790 365 298.
827 331 1017 364 SCRIPTA
1039 329 1129 362 PRO
1152 328 1370 362 EPISGOPO
1395 327 1664 360 EISTETENSI.

927 393 1019 423 1315.
1053 391 1124 422 Iun.
1142 390 1310 422 30.—1u1.
1331 392 1356 421 1.

787 498 874 534 297.
915 497 1092 542 Scriptum
1115 496 1228 542 prius.
1334 496 1414 531 Iun.
1435 496 1492 530 30.

424 573 584 614 Oriyinale
611 573 647 604 in
679 571 837 603 tabulario
864 571 1004 612 yenerali
1032 570 1121 611 regni
1150 569 1319 601 Bawarici
1344 568 1437 601 KLS
1461 579 1510 600 nr.
1533 569 1584 602 68.
1638 567 1876 607 Descripsimus
1902 577 1968 599 nos.

313 626 465 667 Sigillum
481 635 602 665 parum
626 624 744 655 laesum
762 623 879 663 pendet
902 623 966 654 loro
989 622 1230 654 membranaceo.
2001 625 2013 644 ε

421 685 568 723 Bb'hmer,
592 684 667 724 Rey.
683 683 796 715 Ludw.
817 693 850 724 p.
868 684 887 714 9
910 693 959 715 nr.
978 683 1050 715 129.

420 771 614 804 Lfidewicus
637 771 701 802 Dei
724 771 828 812 gratia
844 770 1066 802 Romanorum
1089 779 1149 800 rex
1171 778 1300 809 semper
1323 770 1477 809 augustus
1555 766 1711 797 universis
1735 765 1818 796 sacri
1833 764 1972 796 Romani

314 825 443 867 imperii
466 824 595 865 suisque
620 822 772 854 fidelibus
795 824 962 863 presentes
983 821 1107 852 litteras
1122 819 1313 861 inspecturis
1390 818 1527 860 gratiam
1551 827 1643 848 suam
1666 819 1699 848 et
1722 826 1817 848 omne
1840 815 1970 848 bonum.

423 875 558 916 Regalis
583 874 778 906 excellentie
803 873 943 914 dignitas
972 876 1047 904 tunc
1074 872 1227 914 precipue
1259 870 1392 902 laudum
1420 879 1549 901 suarum
1577 869 1687 900 titulos
1715 868 1866 910 ampliat,
1899 877 1972 899 cum

313 928 442 959 illorum
466 927 582 958 merita
597 925 732 967 provida
748 924 942 956 liberalitate
963 924 1178 965 prosequitur,
1202 933 1284 965 quos
1306 932 1366 964 per
1382 921 1533 953 effectum
1551 921 1658 962 operis
1674 919 1876 962 experientia
1898 929 1973 960 pro-
1994 927 2018 947 ιο

315 979 404 1011 bavit
433 983 466 1010 et
487 978 610 1009 invenit
633 977 778 1018 ydoneos
807 979 840 1007 et
871 976 1051 1007 constantia
1085 978 1195 1017 gratos
1227 975 1259 1006 in
1292 973 1392 1005 oculis
1420 974 1511 1014 regie
1537 973 1724 1014 mayestatis
1747 971 1912 1003 constituit
1941 973 1975 1001 et

315 1033 478 1072 acceptos.
517 1029 571 1061 Ad
586 1028 806 1060 venerabilem
829 1028 928 1069 igitur
944 1027 1132 1068 Philippum
1147 1026 1374 1067 Eystetensem
1398 1025 1587 1066 episcopum
1610 1024 1787 1066 principem
1811 1026 1845 1054 et
1867 1031 1974 1054 secre-

315 1082 433 1113 tarium
456 1084 600 1112 nostrum
625 1080 830 1111 karissimum
862 1081 895 1110 et
918 1078 1088 1110 ecclesiam
1120 1088 1211 1109 suam
1240 1080 1375 1119 propter
1402 1079 1495 1118 grata
1523 1078 1557 1108 et
1577 1075 1703 1115 fidelia,
1735 1085 1798 1117 que
1825 1074 1919 1106 nobis
1942 1076 1976 1105 et

315 1133 452 1174 imperio
476 1132 641 1173 hucusque
666 1130 825 1172 impendit
850 1130 1006 1172 obsequia
1030 1133 1064 1161 et
1086 1129 1192 1161 adhuc
1211 1128 1402 1170 impendere
1421 1128 1542 1169 poterit
1558 1127 1710 1168 gratiora,
1733 1126 1833 1157 nostri
1857 1125 1976 1157 favoris

315 1183 550 1226 plenitudinem
575 1185 813 1221 convertentes,
848 1181 1003 1222 oppidum
1026 1183 1170 1212 nostrum
1192 1179 1421 1220 Wizzemburg
1450 1179 1546 1210 situm
1574 1179 1608 1210 in
1636 1177 1769 1220 dyocesi
1790 1176 1976 1219 Eystetensi
1993 1186 2018 1206 u

316 1246 388 1267 cum
412 1235 569 1266 universis
592 1234 656 1265 suis
673 1233 861 1272 attinentiiS,
886 1233 980 1263 cultis
1003 1235 1036 1263 et
1059 1231 1197 1271 incultis,
1221 1231 1355 1273 quesitis
1375 1233 1409 1262 et
1428 1229 1636 1272 inquirendis,
1660 1229 1730 1269 viis,
1752 1229 1856 1267 inviis,
1879 1228 1975 1269 agris,

316 1286 427 1326 hortis,
451 1286 562 1327 pratis,
586 1285 731 1326 pascuis,
753 1284 852 1324 villis,
876 1283 1086 1323 molendinis,
1110 1282 1246 1325 prediis,
1271 1282 1372 1322 silvis,
1395 1281 1596 1322 nemoribus,
1619 1280 1853 1321 venationibus,
1877 1279 1977 1311 advo-

316 1338 418 1377 catiis,
442 1336 742 1375 consuetudinibus,
765 1335 903 1375 iudiciis,
927 1336 1094 1377 utriusque
1118 1345 1215 1366 sexus
1237 1334 1407 1375 mancipiis
1430 1344 1468 1365 ac
1491 1333 1613 1365 iuribus
1635 1333 1708 1364 aliis
1723 1331 1978 1374 quibuscumque

317 1399 356 1420 ac
379 1389 465 1420 omni
489 1388 604 1428 fructu,
629 1387 767 1419 comodo
792 1390 826 1418 et
848 1386 999 1427 utilitate,
1024 1397 1088 1428 quo
1111 1397 1170 1417 nos
1193 1388 1226 1418 et
1248 1386 1420 1427 imperium
1439 1385 1545 1427 ipsum
1565 1383 1721 1427 oppidum
1737 1394 1809 1415 cum
1828 1382 1977 1415 omnibus

318 1440 441 1472 eisdem
465 1440 530 1471 suis
553 1439 732 1471 attinentiis
755 1438 960 1480 possedimus
984 1440 1017 1469 et
1039 1438 1201 1469 tenuimus
1223 1437 1265 1468 ab
1290 1437 1432 1478 antiquo,
1455 1438 1488 1468 in
1503 1437 1733 1478 premissorum
1748 1434 1976 1477 obsequiorum
1994 1439 2021 1460 ²⁰

317 1492 611 1523 remunerationem
637 1490 782 1521 debitam
806 1500 845 1521 ac
869 1489 1082 1531 dampnorum
1105 1490 1252 1531 gravium
1275 1498 1313 1520 ac
1337 1488 1577 1530 dispendiorum
1599 1487 1834 1529 multiplicium,
1858 1495 1922 1528 que
1945 1486 1977 1517 in

318 1543 482 1584 obsequiis
505 1543 622 1574 nostris
647 1543 805 1582 sustinuit,
829 1551 1075 1582 recompensam
1099 1540 1206 1572 eidem
1231 1541 1385 1582 episcopo
1410 1543 1443 1571 et
1466 1540 1603 1572 ecclesie
1626 1549 1683 1571 sue
1707 1538 1922 1580 obligavimus
1945 1541 1978 1569 et

317 1594 523 1636 presentibus
541 1594 723 1635 obligamus
741 1592 927 1634 tenendum,
951 1592 1117 1634 utendum,
1142 1592 1387 1634 percipiendum
1411 1595 1444 1622 et
1466 1591 1498 1622 in
1520 1601 1597 1622 usus
1621 1601 1694 1622 suos
1717 1593 1783 1622 tam
1804 1588 1857 1620 diu
1874 1588 1977 1620 libere

318 1645 582 1686 convertendum,
607 1654 776 1687 quousque
804 1654 864 1685 per
893 1654 951 1675 nos
974 1647 1031 1675 aut
1053 1654 1256 1675 successores
1283 1646 1410 1675 nostros
1436 1643 1650 1685 imperatores
1678 1644 1712 1673 et
1737 1651 1832 1682 reges
1855 1639 1976 1672 Roma-

317 1708 430 1729 norum
455 1709 513 1739 pro
536 1697 625 1729 mille
643 1697 790 1728 ducentis
815 1699 848 1727 et
869 1695 1101 1737 quinquaginta
1116 1695 1205 1727 libris
1220 1694 1425 1727 Hallensium
1447 1694 1489 1726 ab
1507 1693 1623 1726 eadem
1639 1693 1824 1735 Eystetensi
1840 1691 1978 1724 ecclesia
1995 1700 2020 1720 2⁵

318 1750 416 1781 fuerit
439 1749 633 1781 absolutum.
679 1748 730 1779 De
755 1748 890 1789 speciali
913 1747 1133 1779 benivolentia
1155 1747 1301 1779 volentes
1323 1757 1361 1779 ac
1384 1746 1599 1779 concedentes
1622 1745 1744 1785 eidem,
1773 1748 1809 1776 ut
1831 1754 1885 1784 ea,
1914 1753 1977 1786 que

319 1806 394 1835 ante
416 1802 651 1834 absolutionem
669 1801 854 1833 huiusmodi
878 1804 911 1832 et
934 1811 1031 1843 quam
1056 1801 1110 1833 diu
1133 1802 1166 1832 in
1188 1801 1288 1842 ipsius
1304 1803 1466 1842 potestate
1482 1799 1580 1830 fuerit
1594 1807 1654 1840 per
1668 1798 1773 1839 ipsum
1790 1797 1977 1838 episcopum

320 1858 353 1886 et
377 1854 548 1886 ecclesiam
572 1863 664 1884 suam
689 1852 806 1884 exinde
830 1856 986 1894 percepta
1009 1853 1138 1892 suerint,
1161 1853 1194 1884 iu
1217 1856 1338 1884 sortem
1361 1851 1503 1883 debeant
1522 1850 1653 1882 minime
1670 1849 1858 1890 computari.
1940 1847 1979 1878 In

320 1907 409 1938 cuius
433 1905 640 1947 obligationis
663 1907 772 1935 nostre
797 1904 1014 1936 testimonium
1038 1908 1207 1946 presentes
1239 1903 1300 1935 sibi
1328 1903 1476 1935 dedimus
1502 1902 1628 1934 litteras
1654 1903 1762 1932 nostre
1790 1899 1979 1941 mayestatis

321 1957 417 1999 sigilli
441 1957 558 1988 robore
582 1956 804 1987 communitas.
1996 1957 2022 1977 ιο

428 2009 549 2040 Actum
580 2011 613 2039 et
643 2007 754 2039 datum
784 2011 863 2048 aput
893 2007 1048 2049 oppidum
1079 2010 1223 2039 nostrum
1253 2007 1442 2048 Ingoltstat,
1477 2004 1581 2047 pridie
1609 2002 1748 2036 Kalend.
1770 2002 1859 2043 Iulii,
1895 2011 1978 2032 anno

321 2060 452 2091 Domini
475 2059 646 2091 millesimo
670 2059 898 2090 trecentesimo
922 2059 1174 2100 quintodecimo,
1197 2059 1289 2100 regni
1312 2069 1388 2090 vero
1412 2057 1512 2089 nostri
1535 2067 1618 2088 anno
1642 2056 1756 2097 primo.

796 2191 882 2226 9298.
924 2190 1098 2235 Scriptum
1126 2189 1282 2224 alterum.
1388 2187 1458 2223 Iul.
1478 2190 1512 2223 1.

435 2263 597 2304 Oriqinale
621 2265 736 2296 ibidem
758 2264 850 2296 KLS
871 2275 921 2295 nr.
937 2264 987 2295 69.
1033 2263 1271 2304 Descripsimus
1293 2273 1360 2295 nos.
1405 2262 1505 2294 Adest
1525 2261 1739 2301 fraymentum
1762 2258 1872 2300 sigilli,
1904 2258 1981 2290 loris

323 2316 568 2348 membranaceis
590 2315 718 2347 relictis.
743 2334 783 2339 --
807 2316 980 2347 Ineditum.
1999 2325 2024 2346 ss

431 2376 576 2414 Biihmer,
601 2376 676 2416 Req.
693 2376 805 2407 Dudw.
823 2386 859 2415 p.
877 2376 897 2406 9
918 2386 968 2407 nr.
986 2375 1059 2406 131.

431 2461 500 2493 Nos
527 2461 700 2493 Ludwicus
726 2462 789 2493 Dei
817 2462 926 2503 gracia
954 2460 1175 2492 Romanorum
1205 2470 1264 2491 rex
1294 2470 1423 2501 semper
1451 2462 1607 2501 augustus
1635 2461 1748 2490 tenore
1778 2456 1982 2500 presencium

324 2513 514 2554 profitemur
538 2516 571 2544 et
594 2515 742 2544 constare
765 2513 913 2544 volumus
934 2513 1139 2554 presencium
1159 2511 1394 2553 inspectoribus
1414 2511 1581 2552 universis,
1606 2510 1692 2552 quod
1713 2510 1789 2542 licet
1805 2507 1982 2541 venerabili

324 2564 476 2606 Philippo
501 2565 654 2606 episcopo
679 2564 863 2606 Eystetensi
886 2564 1023 2606 principi
1045 2567 1155 2595 nostro
1178 2563 1348 2594 karissimo
1379 2566 1412 2594 et
1440 2562 1577 2594 ecclesie
1601 2572 1659 2593 sue
1682 2561 1815 2603 opidum
1838 2564 1982 2592 nostrum

325 2615 561 2647 Wizzenburch
586 2626 657 2646 cum
681 2617 836 2647 universis
865 2616 928 2647 suis
953 2615 1158 2657 pertinenciis
1185 2615 1217 2646 in
1245 2625 1374 2646 suorum
1398 2614 1595 2646 refusionem
1620 2613 1833 2655 dampnorum
1857 2611 1982 2654 obliga-
2000 2625 2027 2645 40

325 2668 466 2699 verimus
489 2678 546 2708 pro
572 2671 659 2699 certa
683 2667 823 2709 quadam
847 2668 983 2709 pecunie
1006 2667 1185 2708 quantitate
1210 2670 1243 2698 et
1266 2666 1323 2698 sub
1340 2667 1436 2698 certis
1456 2665 1706 2707 condicionibus,
1730 2668 1827 2708 prout
1849 2674 1869 2696 a
1891 2663 1984 2695 nobis

327 2718 357 2749 ei
381 2718 457 2750 data
480 2729 576 2760 super
599 2719 660 2750 hoc
683 2719 812 2760 publica
836 2719 1000 2751 continent
1023 2719 1234 2750 instrumenta
1246 2718 1267 2755 ²,
1299 2718 1375 2760 quia
1406 2721 1514 2750 tamen
1543 2717 1584 2750 ad
1612 2717 1849 2759 obligacionem
1872 2716 1983 2748 huius-

430 2813 456 2845 1)
478 2811 571 2846 Supra
591 2820 632 2839 nr.
646 2816 703 2839 297.
