2190 3172
17 1162 20 1167 ·
12 878 36 1155 ‘ffiksswffiwffl
18 860 20 868 ’

463 199 561 228 ACTA
580 199 694 227 amm
712 197 896 227 Lunsswlci
916 198 962 226 IV.
981 197 1027 226 ΕΤ
1046 198 1229 227 FRIDERICI
1250 199 1298 227 111.
1334 200 1409 228 1314.
1446 200 1494 228 Νι.
1510 201 1566 228 154.
1587 203 1644 229 155.
1814 208 1870 237 147

339 289 368 318 5.
402 286 634 319 Promittentes
663 289 774 318 contra
803 286 911 318 omnia
941 289 974 317 et
999 286 1124 328 singula
1154 286 1300 328 predicta
1322 286 1373 318 vel
1401 287 1509 329 aliqua
1532 298 1641 320 eorum
1667 297 1821 331 unquam¹
1844 291 1875 323 in

229 340 395 380 posterum
418 348 480 370 non
503 339 613 370 venire
635 347 696 370 nec
717 337 951 369 'treverensem
974 338 1250 380 archiepiscopum
1273 341 1329 370 aut
1352 339 1421 370 eius
1445 339 1613 371 ecclesiam
1638 340 1703 372 ullo
1720 349 1876 383 unquamr

229 393 377 432 tempore
405 389 590 421 molestare.
678 388 765 420 Nulli
795 398 873 430 ergo
903 390 1048 421 omnino·
1078 389 1241 421 hominum
1270 390 1368 422 liceat
1396 390 1478 422 hanc
1508 392 1674 433 paginam‘
1704 393 1877 434 infringere

230 440 282 473 vel
306 441 336 473 ei
358 450 438 473 ausu
461 440 633 473 temerario
657 439 903 483 quomodolibet
924 441 1091 472 contraire.
1137 441 1171 472 Si
1194 442 1264 483 quis
1287 445 1397 473 autem
1421 442 1481 474 hoc
1499 447 1693 485 attemptare
1709 455 1876 487 presump-

198 506 211 526 ε
229 493 327 525 serit·
349 496 458 525 nostre
479 492 707 534 indignationis
729 492 880 524 aculeos*
902 493 1018 524 merito
1041 493 1160 534 poterit
1183 492 1392 525 formidare'.

335 543 374 576 In
403 554 537 586 quorum
561 545 702 576 omnium
733 546 767 575 et
797 543 993 586 singulorum
1028 543 1252 575 certitudinem
1284 547 1318 577 et
1346 545 1469 578 roboris
1498 545 1682 578 firmitatem
1710 553 1878 589 presentes

227 595 354 628 litteras
375 595 481 638 sigillo
503 598 637 628 nostre*
658 596 837 627 maiestatis
860 595 1016 627 tradimus
1038 597 1259 628 communitas.

336 647 410 680 Dat.
443 647 595 687 Oolonie,
634 650 772 689 quarto!
803 646 885 678 Non.
916 646 1122 688 Decembris,
1161 658 1244 679 auno
1274 647 1402 679 Domini
1444 648 1616 680 millesimo
1650 651 1877 682 trecentesimo

229 697 500 741 quartodecim01,
523 699 615 740 regni
637 709 714 731 vero
736 699 837 731 nostri
860 708 944 730 anno
967 699 1082 741 primo.

186 855 212 876 ιο
272 878 277 879 ⁷
296 873 299 875 .
324 868 330 870 -
379 839 486 876 455.
527 838 731 884 Ratifioatio
757 838 1006 875 concessionum
1033 849 1149 884 regum
1170 839 1462 884 praecedentium.
1567 840 1650 876 Dec.
1670 844 1708 876 2.

340 913 518 956 Oriqinalia
547 914 613 945 tria
643 915 728 946 1—3
761 913 872 946 ibidem
900 914 921 945 l.
944 924 969 945 c.
996 923 1046 947 nr.
1063 913 1251 944 113—115.
1307 913 1446 946 Contulit
1474 913 1512 945 R.
1535 914 1683 947 indo'cke.
1738 916 1880 949 Pendere

228 965 401 1008 siyillorum
418 965 602 1007 fraqmenta
623 964 690 1005 filis
710 965 821 997 sericis
841 965 932 997 rubei
954 964 1090 1005 flavique
1113 964 1234 997 coloris.

337 1026 483 1065 Bchmer,
505 1024 581 1067 Req.
597 1024 710 1058 Ludw.
728 1036 764 1066 p.
779 1027 802 1057 2
822 1036 872 1058 nr.
891 1026 942 1057 16.

339 1085 389 1128 Of.
412 1086 507 1119 etiam
529 1096 629 1126 supra
650 1096 699 1118 nr.
715 1086 766 1118 14.
791 1086 842 1118 15.

186 1196 211 1217 u
335 1181 548 1214 Ludowicus·
574 1180 638 1214 Dei
666 1181 771 1223 gratia
798 1180 1017 1213 Romanorum
1050 1191 1110 1212 rex
1145 1189 1275 1222 semper
1303 1182 1457 1221 augustus
1523 1181 1679 1212 universis
1712 1187 1880 1224 presentes

227 1234 353 1267 litteras
374 1233 565 1276 inspecturis
652 1233 791 1275 gratiam
814 1243 904 1264 suam
929 1236 962 1264 et
985 1243 1078 1264 omne
1101 1232 1232 1264 bonum.

337 1284 418 1318 Cum
430 1285 650 1318 serenissimus
662 1286 811 1327 princeps
824 1284 1006 1317 felicissime
1023 1283 1253 1316 recordationis
1265 1282 1424 1315 Rudolfus
1432 1283 1446 1302 ¹³
1458 1283 1678 1316 Romanorum
1690 1295 1747 1317 rex
1761 1285 1877 1327 prede-

229 1347 337 1370 cessor
358 1340 467 1370 noster
489 1336 531 1369 ad
557 1338 747 1379 petitionem
774 1336 967 1369 venerabilis
995 1335 1175 1368 Boemundi
1199 1335 1275 1367 olim
1298 1334 1503 1366 Trevirorum
1526 1335 1757 1379 archiepiscopi
1782 1337 1878 1380 opida

176 1411 179 1413 -
229 1399 287 1422 sua
310 1392 343 1421 et
365 1389 501 1422 ecclesie
524 1399 592 1430 sue,
615 1388 738 1420 scilicet
753 1387 925 1430 Sarburg⁰‚
942 1387 1108 1427 Pilliched,
1131 1387 1371 1427 Berencastel⁰‚
1386 1386 1546 1428 Meygene
1574 1391 1607 1418 et
1629 1387 1817 1420 Montabfir'
1839 1399 1878 1421 ac

184 1453 212 1475 ιο
229 1441 396 1485 quodlibet
428 1450 538 1473 eorum
572 1450 613 1472 ex
635 1439 834 1483 plenitudine
866 1440 955 1482 regie
985 1439 1155 1482 potestatis
1183 1438 1320 1470 libenter
1347 1441 1381 1470 et
1406 1437 1584 1470 liberaliter
1613 1438 1811 1472 libertaverit
1844 1443 1878 1472 et

229 1491 354 1525 eisdem
386 1492 465 1525 locis
499 1502 627 1524 omnem
662 1493 872 1523 emunitatem
904 1491 1111 1532 concesserit,
1147 1501 1210 1533 qua
1237 1490 1449 1532 imperatores
1478 1494 1510 1522 et
1538 1501 1632 1532 reges
1660 1490 1877 1523 Romanorum

227 1544 476 1588 predecessores
498 1544 597 1576 nostri
621 1543 694 1576 dive
717 1545 871 1576 memorie
894 1543 1087 1575 munitiones
1109 1545 1341 1574 consueverant
1362 1541 1529 1582 libertare,
1553 1541 1722 1584 indulgens
1746 1547 1778 1574 et
1801 1554 1877 1575 con-

229 1596 347 1630 cedens
370 1595 493 1629 eisdem
516 1595 594 1628 locis
618 1598 651 1627 et
673 1595 794 1627 civibus
810 1594 998 1627 eorumdem
1014 1605 1138 1626 necnon
1155 1594 1270 1626 ceteris
1286 1594 1430 1635 personis
1446 1603 1719 1636 quorumcumque
1735 1594 1877 1627 locorum

229 1648 272 1682 ad
298 1648 385 1681 dicta
417 1647 491 1680 loca
517 1657 552 1680 se
580 1647 753 1680 transferre
782 1646 977 1688 volentibus,
1006 1649 1041 1678 ut
1063 1645 1149 1678 omni
1172 1646 1255 1686 iure,
1278 1645 1399 1677 honore
1424 1647 1456 1677 et
1478 1644 1615 1676 honesta
1638 1646 1877 1682 consuetudine,

185 1712 211 1733 ss
230 1700 345 1744 quibus
377 1702 487 1732 cetera
519 1699 647 1741 imperii
681 1699 779 1741 opida
812 1699 1013 1738 muniuntur,
1044 1697 1223 1740 gauderent
1253 1700 1286 1728 et
1316 1700 1497 1737 uterentur,
1527 1700 1560 1728 et
1591 1696 1632 1728 ad
1660 1697 1721 1728 hoc
1751 1697 1880 1730 dederit

229 1751 375 1796 predicto
407 1751 651 1794 archiepiscopo
680 1754 713 1784 et
743 1751 808 1783 suis
835 1749 1086 1790 successoribus,
1114 1749 1156 1781 ad
1186 1759 1265 1791 quos
1288 1747 1373 1780 dicta
1396 1747 1494 1790 opida
1516 1748 1642 1780 devolvi
1666 1749 1878 1791 contingeret,

196 1803 200 1807 '
229 1803 358 1847 plenam
382 1807 415 1837 et
437 1803 572 1836 liberam
595 1805 791 1845 potestatem
814 1813 873 1845 per
895 1812 930 1834 se
952 1802 1004 1835 vel
1027 1811 1086 1844 per
1108 1801 1261 1833 vicarium
1293 1799 1570 1831 animadvertendi
1600 1801 1630 1831 in
1662 1800 1878 1832 facinerosos·

231 1858 265 1890 et
285 1855 399 1899 punire
422 1855 545 1888 scelera
567 1865 691 1887 necnon
714 1855 855 1887 iusticias
879 1854 959 1886 alias
983 1863 1150 1893 exercere,
1179 1852 1268 1884 salva
1295 1852 1422 1884 iusticia
1451 1855 1485 1884 et
1507 1851 1726 1883 iurisdictione
1749 1853 1780 1884 in
1804 1863 1878 1894 pre-

227 1906 324 1940 dictis
346 1906 450 1950 opidis
472 1907 541 1939 iure
564 1907 616 1939 vel
639 1906 870 1939 consuetudine
894 1905 1152 1948 competentibus
1162 1905 1183 1946 ¹,
1268 1903 1426 1935 Adolfush
1448 1913 1526 1934 vero
1550 1906 1583 1935 et
1598 1903 1752 1935 Albertus
1775 1904 1878 1936 eciam

187 1969 213 1990 ω
231 1957 448 1992 Romanorum
482 1968 576 2000 reges
609 1957 856 2000 predecessores
889 1957 988 1989 nostri
1022 1956 1201 1988 successive
1237 1959 1271 1987 et
1304 1965 1415 1987 eorum
1449 1954 1585 1997 quilibet
1620 1966 1679 1997 per
1705 1965 1739 1986 se
1771 1955 1879 1987 eidem

230 2008 419 2043 Boemundo
453 2013 586 2052 propter
617 2009 720 2042 multa
755 2012 788 2042 et
819 2009 946 2041 diversa
979 2008 1150 2050 obsequia,
1180 2017 1243 2049 que
1277 2007 1442 2038 immensis
1475 2006 1638 2038 laboribus
1666 2011 1699 2038 et
1728 2006 1881 2048 gravibus

231 2062 380 2105 expensis
417 2061 505 2094 idem
548 2060 810 2103 archiepiscopus
847 2060 981 2103 prefatis
1018 2060 1134 2091 nostris
1170 2057 1453 2101 predecessoribus
1492 2057 1712 2090 Romanorum
1750 2059 1880 2100 regibus

230 2113 385 2146 hactenus
414 2113 559 2146 exhibuit
588 2116 622 2145 et
643 2112 818 2155 impendit,
847 2111 1023 2154 specialem
1046 2110 1206 2144 fecerunt*
1229 2111 1382 2153 gratiam,
1406 2109 1557 2142 videlicet
1579 2109 1665 2151 quod
1689 2121 1800 2142 omnes
1822 2121 1878 2142 ex·

231 2165 483 2198 communicatos
506 2168 540 2197 et
562 2163 887 2197 excommunicandos
910 2163 1054 2196 eiusdem
1077 2163 1309 2205 archiepiscopi
1333 2165 1367 2194 et
1388 2161 1587 2193 subditorum
1604 2162 1672 2193 eius
1687 2163 1878 2194 auctoritate

187 2229 214 2250 u
231 2217 315 2250 ultra
337 2226 455 2249 anuum
484 2218 517 2247 et
544 2215 631 2248 diem
653 2217 686 2248 in
709 2216 1040 2248 excommunicatione
1064 2215 1272 2257 pertinaciter
1293 2217 1541 2256 perseverantes
1569 2216 1686 2244 extunc
1715 2213 1756 2245 ad
1780 2214 1879 2255 ipsius

231 2268 462 2311 archiepiscopi
490 2271 523 2300 et
549 2267 750 2300 subditorum
777 2278 905 2300 suorum
937 2267 1179 2310 requisitionem
1212 2266 1418 2308 promiserint
1448 2265 1605 2297 subiicere
1639 2265 1879 2297 sentencialiter

230 2319 337 2353 banno
366 2320 470 2362 regali
499 2319 585 2362 quod
612 2319 789 2362 vulgariter
819 2319 935 2351 dicitur
961 2319 1036 2351 ‘dun
1066 2320 1098 2350 in
1121 2316 1184 2350 de*K
1211 2316 1316 2349 achte²
1345 2319 1378 2348 et
1403 2317 1436 2348 in
1459 2316 1516 2348 tali
1544 2315 1649 2348 banno
1677 2326 1733 2347 eos
1757 2319 1879 2357 tenere,

231 2381 397 2416 quousque
420 2371 562 2404 redirent
585 2371 626 2404 ad
650 2371 785 2404 ecclesie
808 2371 996 2411 unitatem²‚
1083 2371 1162 2402 item
1185 2368 1271 2411 quod
1295 2367 1418 2400 omnes¹
1442 2367 1595 2399 ecclesias
1617 2372 1651 2399 et
1674 2369 1878 2407 monasteria,

335 2465 398 2493 164.
424 2468 446 2498 ι“)
464 2474 588 2500 umquam
607 2465 631 2492 3.
734 2467 755 2498 ⁸)
773 2466 843 2491 decet
859 2464 883 2491 3.
986 2465 1007 2497 ὓ)
1027 2468 1114 2499 ρειςῐιί
1134 2465 1155 2492 1.
1255 2463 1281 2496 ¹¹)
1299 2467 1404 2498 preter
1427 2463 1489 2489 aad.
1508 2463 1533 2489 8.
1632 2463 1656 2490 V)
1675 2471 1751 2495 quon
1773 2462 1835 2488 add.
1854 2463 1878 2488 3.

191 2517 218 2538 ω
234 2509 267 2544 ¹¹)
284 2511 384 2544 ipsum
399 2510 548 2536 mulctam
563 2514 688 2536 centum
704 2509 857 2535 librarum
875 2509 946 2535 auri
963 2509 1030 2542 ipso
1047 2510 1133 2534 facto
1145 2508 1343 2534 deceruimus
1356 2508 1570 2538 incursurum,
1587 2506 1786 2531 medietatem
1800 2507 1879 2531 fiseo

233 2558 355 2586 nostro,
381 2553 476 2579 alium
503 2553 704 2579 medietatem
731 2560 850 2578 camere
877 2552 1114 2585 archiepiscopi
1138 2552 1346 2577 Treverensis
1373 2550 1522 2575 totaliter
1548 2549 1747 2574 inserendam
1775 2549 1836 2574 aad.
1855 2548 1880 2574 8.

230 2597 258 2628 ⁸)
274 2597 366 2631 regie
383 2596 444 2623 add.
463 2595 488 2622 8.
575 2595 600 2628 Υ)
619 2596 670 2621 1111
687 2594 711 2621 2.
729 2595 754 2621 3.
842 2595 864 2628 ¹)
883 2595 1050 2620 mcccxuu
1068 2594 1094 2620 ⁶2.

337 2663 401 2692 165.
429 2663 453 2698 ⁸)
472 2665 625 2691 Ludewicus
642 2663 667 2690 3.
771 2662 797 2695 ¹³)
816 2664 966 2697 Rudolphus
983 2663 1008 2689 3.
1109 2663 1133 2694 ⁰)
1151 2662 1295 2689 Sarbourch
1313 2661 1337 2688 3.
1438 2659 1464 2692 ⁴¹)
1483 2660 1608 2686 Philliche
1626 2659 1650 2684 2.
1743 2661 1766 2689 ⁸)
1786 2660 1877 2685 Boreu—

233 2708 317 2735 kuoel
329 2707 353 2734 2.
367 2707 391 2734 8.
462 2706 482 2739 ἴ)
500 2707 561 2733 -bur
572 2706 603 2738 23
621 2707 698 2732 -bour
709 2706 732 2732 3.
804 2706 829 2738 Ι)
847 2708 1003 2733 facinorosos
1021 2706 1045 2733 3.
1116 2705 1142 2738 ¹²)
1161 2706 1294 2739 Adolplms
1311 2705 1427 2730 ein-iliter
1440 2712 1537 2736 tempu
1549 2703 1574 2728 3.
1660 2702 1677 2733 ¹)
1697 2702 1803 2728 fecerint
1814 2701 1838 2727 2.
1851 2701 1876 2726 3.

190 2758 216 2779 ιθ
234 2749 263 2784 ι)
279 2747 333 2777 ᾱῧιι
350 2751 378 2776 in
395 2750 436 2776 die
453 2749 478 2776 8.
565 2748 585 2779 ¹)
603 2748 662 2776 0853
680 2749 746 2775 mle
763 2749 788 2775 2.

337 2827 364 2860 1)
383 2826 447 2861 1309.
466 2826 529 2860 imp.
548 2825 594 2860 Vl,
614 2828 758 2853 2465—68.
845 2826 872 2860 2)
891 2825 981 2859 Supra
1000 2828 1059 2852 tom.
1074 2825 1123 2851 m
1138 2833 1180 2851 nr.
1194 2827 1248 2851 488
1264 2832 1323 2858 cap.
1335 2828 1350 2851 5
1367 2826 1390 2850 et
1410 2822 1455 2850 IV
1472 2829 1514 2849 nr.
1527 2824 1559 2848 23
1578 2829 1636 2854 cap.
1652 2825 1676 2848 3.

1625 2872 1672 2898 19·
