2190 3172
276 275 339 306 286
509 270 607 298 ACTA
625 269 738 297 REGNI
758 267 941 296 LUDEWICI
958 266 1006 294 1v.
1024 265 1070 292 ΕΤ
1089 263 1271 291 FRIDERICI
1290 263 1339 290 111.
1376 262 1450 289 1316.
1486 260 1536 288 Nr.
1548 260 1607 288 339.
1626 260 1686 288 340.

277 362 384 391 autem
412 358 454 390 ad
481 357 542 389 hoc
564 360 707 389 mentem
728 357 884 394 nostram,
911 352 1061 393 vidimus,
1089 353 1115 383 si
1144 351 1222 383 talia
1249 353 1361 382 extant
1383 352 1492 391 pacta,
1520 348 1691 390 negocium
1715 346 1802 389 quod
1824 347 1922 389 signi-

277 410 395 442 ficastis
416 409 508 441 nobis
530 419 593 440 non
615 417 711 449 posse
727 405 903 448 procedere
925 415 985 437 nec
1009 404 1129 436 debere
1152 413 1256 445 neque
1278 412 1336 434 nos
1359 411 1453 443 posse
1470 399 1640 432 commode
1655 399 1855 430 intromitere
1879 398 1922 430 de

278 461 405 493 eodem.
450 460 681 492 Verumtamen
708 459 734 489 si
757 468 813 489 vos
842 457 904 488 hiis
931 456 1049 488 auditis
1077 455 1164 487 aliud
1187 454 1379 486 sentiveritis
1402 453 1453 484 vel
1477 451 1564 483 aliud
1587 462 1646 483 nos
1667 450 1810 482 facturos
1831 449 1922 482 vide·-

277 513 356 553 ritis,
379 511 571 543 rescribatis.
653 511 699 551 (3)
722 510 838 541 Tereia
853 510 962 540 autem
986 510 1019 539 et
1034 507 1146 539 ultima
1162 517 1236 548 pars
1252 505 1337 537 dicte
1353 505 1461 536 littere
1477 515 1535 535 nos
1552 503 1592 535 de
1608 502 1723 534 vestris
1739 501 1924 534 succesibus

279 567 312 595 et
334 563 535 606 processibus
557 562 754 602 informavit,
789 571 869 602 quos
896 560 1008 601 utique
1036 559 1119 590 letos
1141 558 1312 589 habuimus
1345 559 1379 588 et
1405 555 1569 587 iocundos.
1619 554 1662 586 Et
1691 554 1766 595 quia
1795 563 1852 584 vos
1882 552 1923 584 de
1955 564 1967 583 5

278 615 491 656 prosperitate
515 616 616 645 status
638 613 738 645 nostri
755 612 867 643 audire
884 611 1034 650 delectat,
1055 610 1221 642 serenitati
1243 612 1349 641 vestre
1372 607 1414 639 ad
1430 607 1583 650 gaudium
1599 605 1812 646 intimamusb‚
1837 603 1924 646 quod

278 669 394 708 agente
417 666 472 697 illo
496 676 515 696 a
539 675 601 706 quo
625 664 709 696 bona
731 667 846 695 cuncta
865 662 1044 704 procedunt
1066 673 1124 693 nos
1145 672 1209 693 una
1232 671 1303 693 cum
1325 660 1436 692 liberis
1458 659 1574 691 nostris
1589 658 1750 690 karisimis
1773 656 1870 699 plena
1893 658 1926 688 et

279 719 386 749 votiva
411 718 565 758 sospitate
587 717 742 757 vigemua

385 768 505 799 Datum
528 768 740 807 Barchinone,
763 766 819 798 VI.
837 765 915 797 Idus
940 765 1091 806 Ianuarii,
1115 774 1198 796 anno
1221 763 1353 795 Domini
1375 762 1494 795 MCCG
1519 761 1768 804 quintodecimo.

797 825 982 857 Bernardus
1006 824 1046 856 de
1069 825 1235 856 Aversone
1258 822 1436 862 m(andato)
1459 822 1572 864 r(egis)
1597 826 1629 854 et
1652 821 1712 853 fuit
1735 821 1764 853 ei
1787 821 1882 852 lecta.
1947 830 1971 850 ιο

528 949 613 985 340.
655 949 811 984 Litterae
838 948 968 984 alterae
995 948 1042 983 ad
1072 946 1248 983 Elisabeth
1274 946 1438 992 reyinam.
1544 945 1623 981 Ian.
1643 946 1679 980 8.

391 1019 489 1059 Copia
505 1019 561 1061 (c.)
583 1019 696 1050 ibidem
718 1018 738 1050 l.
755 1029 779 1050 c.
805 1017 859 1056 fol.
877 1018 939 1049 13¹.
963 1035 1001 1040 —
1028 1017 1090 1049 Ed.
1109 1017 1269 1057 Zeissberssq
1291 1016 1311 1048 Ζ.
1328 1027 1353 1048 c.
1372 1026 1407 1056 p.
1424 1017 1467 1047 43
1488 1026 1538 1047 nr.
1555 1017 1599 1047 37
1620 1025 1659 1047 ex
1681 1025 1707 1046 c.
1747 1014 1928 1047 Editionem

279 1071 455 1110 repetimus.

387 1139 526 1171 Iacobus
548 1139 610 1170 Dei
638 1139 746 1180 gracia
775 1147 834 1168 rex
857 1137 1046 1178 Aragonum
1070 1140 1131 1168 etc.
1200 1136 1373 1167 excellenti
1406 1145 1463 1166 sue
1494 1134 1663 1166 karissime
1694 1135 1760 1166 filie
1783 1134 1931 1167 Elizabet

281 1200 340 1231 per
369 1190 507 1222 eandem
529 1189 749 1220 Romanorum
776 1187 886 1228 regine
918 1196 1048 1228 semper
1078 1189 1215 1228 auguste
1282 1186 1421 1217 salutem
1452 1188 1485 1217 et
1513 1196 1586 1217 cum
1614 1189 1749 1228 paterne
1776 1186 1929 1218 benedic·
1950 1199 1974 1218 15

281 1242 380 1272 cionis
403 1240 602 1282 plenitudine
624 1249 797 1281 prosperos
819 1238 862 1269 ad
884 1240 961 1268 vota
984 1247 1143 1269 succesus.

387 1292 547 1323 Litteram
570 1294 710 1321 vestram
733 1290 859 1320 noviter
881 1289 974 1320 nobis
996 1289 1127 1320 missam
1150 1289 1217 1320 leta
1239 1298 1337 1319 manu
1360 1288 1553 1329 recepimus,
1577 1289 1646 1319 eius
1669 1289 1787 1320 seriem
1810 1290 1933 1321 intente

281 1341 486 1385 audi[vi]mus
509 1345 542 1373 et
564 1341 708 1383 plenario
730 1340 920 1382 collegimus
934 1340 1111 1372 intellectu.
1149 1339 1202 1371 Ad
1223 1342 1375 1371 contenta
1395 1342 1503 1371 autem
1527 1340 1559 1370 in
1582 1340 1687 1381 prima
1709 1343 1802 1382 parte
1825 1340 1934 1373 littere

282 1393 477 1435 supradicte,
501 1402 560 1434 per
583 1402 679 1434 quam
704 1392 860 1433 expositis
882 1392 1035 1423 virtutum
1058 1391 1213 1433 insigniis,
1237 1391 1354 1433 quibus
1376 1390 1548 1432 magnifica
1571 1395 1604 1422 et
1627 1391 1761 1433 egregia
1782 1391 1936 1424 Oaterina

281 1445 412 1476 Austrie
436 1447 469 1476 et
485 1443 591 1486 Styrie
615 1443 742 1475 ducissa
764 1453 855 1474 soror
870 1446 977 1475 vestra
992 1442 1164 1485 prefulget,
1189 1443 1385 1485 postulastis,
1408 1446 1444 1474 ut
1467 1443 1537 1474 eius
1552 1443 1751 1485 promocioni
1771 1446 1805 1475 et
1820 1443 1934 1476 honori
1953 1453 1979 1474 ro

280 1497 339 1528 viis
363 1500 395 1528 et
417 1496 522 1528 modis
545 1496 660 1538 quibus
689 1495 823 1537 expedit
842 1495 1092 1537 intenderemus,
1115 1495 1158 1527 ad
1181 1506 1244 1538 que
1267 1495 1419 1527 filiacioni
1434 1497 1540 1526 vestre
1563 1494 1672 1527 taliter
1692 1495 1937 1538 respondemus,

383 1582 449 1610 389.
478 1583 502 1615 b)
520 1583 554 1609 ad
571 1583 694 1616 gaudium
713 1583 863 1608 intimamus
881 1591 963 1615 supra
981 1582 1076 1608 lineam
1094 1582 1157 1608 add.
1175 1591 1195 1608 c.

280 1657 373 1683 nostre
391 1657 420 1683 et
438 1655 557 1682 illustris
575 1655 680 1682 domini
699 1655 831 1682 Iohannis
849 1655 924 1690 regis
943 1654 1076 1682 Bohemie
1099 1656 1129 1682 et
1148 1653 1260 1682 Polonie
1277 1653 1389 1688 nepotis
1406 1653 1496 1680 nostri
1514 1661 1547 1680 ac
1566 1653 1665 1680 inclite
1683 1653 1751 1680 Im.-
1767 1653 1824 1681 filie
1842 1656 1935 1682 vestre

280 1700 364 1733 grata
381 1707 455 1725 nova
473 1698 560 1725 vestri
578 1698 676 1733 gracia
688 1698 810 1725 libenter
821 1698 974 1733 suscipitis,
993 1706 1056 1725 eum
1075 1697 1155 1725 vobis
1173 1697 1286 1724 favente
1304 1696 1402 1723 divina
1421 1696 1574 1723 clemencia.
1591 1696 1759 1723 incolumem
1770 1696 1934 1724 nunciamus

282 1743 311 1769 et
334 1741 364 1768 id
385 1742 478 1776 ipsum
501 1741 535 1768 de
558 1741 637 1768 vobis
662 1741 733 1768 scire
757 1740 851 1775 sepius
877 1741 1050 1768 affectamus.
1086 1740 1174 1774 Super
1198 1748 1231 1767 eo
1258 1739 1344 1772 enim,
1366 1739 1442 1773 quod
1464 1738 1592 1766 inclitam
1613 1738 1794 1772 B(eatricem)
1819 1741 1935 1774 neptem
1953 1747 1979 1766 2⁵

280 1785 433 1816 nostramb,
451 1786 548 1811 natam
560 1783 652 1811 felicis
671 1784 875 1811 recordacionis
887 1782 995 1810 domini
1007 1782 1147 1817 quondam
1159 1782 1294 1815 H(enrici)
1313 1781 1491 1816 imperatoris
1502 1781 1691 1808 Romanorum
1708 1781 1797 1808 nostri
1809 1782 1935 1817 germani
1964 1779 1970 1785 ’

282 1827 430 1859 karissimi,
449 1836 500 1862 pro
519 1826 617 1854 inclito
636 1827 740 1860 P(etro)
760 1828 852 1854 vestro
871 1826 1058 1861 primogenito
1083 1826 1119 1852 ad
1137 1824 1344 1852 matrimoniale
1363 1823 1532 1858 coniugium,
1555 1824 1630 1858 qnod
1647 1825 1731 1858 prout
1749 1833 1799 1858 per
1817 1825 1935 1853 eundem

282 1871 425 1898 dominum
448 1871 573 1897 nostrum
595 1870 792 1904 imperatorem
814 1871 970 1897 tractatum
988 1868 1098 1900 extitit,
1120 1868 1214 1895 incliti
1231 1869 1322 1895 mater
1340 1868 1369 1894 et
1387 1875 1473 1901 nepos
1491 1866 1579 1893 nostri
1597 1875 1631 1893 ac
1648 1875 1698 1893 nos
1715 1866 1886 1895 ratificamus
1905 1870 1935 1896 et

282 1914 482 1948 approbamus,
506 1915 600 1940 vestra
618 1912 752 1940 serenitas
776 1914 836 1940 tam
859 1912 1051 1946 sollempniter
1073 1911 1213 1945 requirere
1236 1910 1354 1945 dignata
1377 1911 1431 1941 est,
1457 1910 1711 1937 animadvertentes
1733 1911 1831 1944 procul
1851 1911 1936 1939 dubio

283 1958 335 1984 hoc
362 1966 396 1984 ex
422 1956 555 1984 ferventis
577 1955 735 1983 dilectionis
758 1956 829 1987 zelo,
857 1963 941 1989 quam
969 1963 1036 1989 erga
1060 1954 1199 1988 quondam
1227 1953 1384 1987 predictum
1411 1952 1553 1979 dominum
1575 1952 1773 1987 imperatorem
1800 1954 1934 1988 gessistis,
1954 1961 1980 1982 ⁸⁰

283 2000 432 2034 procedere
465 1998 596 2033 speciali,
630 2001 720 2025 vestre
748 1998 935 2024 dominacioni
961 1997 1089 2024 acciones
1120 2005 1189 2031 quas
1222 2005 1367 2030 possumus
1394 1996 1565 2023 incessanter
1594 1996 1739 2023 referimus
1769 1997 1935 2031 graciarum.

283 2042 354 2069 Sane
379 2042 502 2076 predicti
528 2041 734 2068 ambaxiatores
758 2049 842 2074 super
869 2041 1008 2074 tempore,
1035 2048 1090 2073 quo
1113 2039 1229 2066 eandem
1255 2041 1370 2073 neptem
1396 2040 1518 2066 nostram
1545 2039 1582 2065 ad
1609 2047 1657 2066 vos
1685 2039 1819 2067 vellemus
1846 2042 1935 2068 trans-

285 2084 409 2116 mittere,
441 2092 547 2111 necnon
575 2084 608 2110 de
635 2083 709 2115 loco,
743 2083 792 2109 ubi
821 2083 911 2109 vestre
938 2082 1082 2109 maiestati
1111 2082 1261 2109 debeamus
1287 2084 1460 2116 presentare,
1495 2081 1568 2109 inter
1602 2084 1695 2109 cetera
1723 2083 1862 2111 duxerunt
1885 2093 1936 2112 nos

285 2126 472 2160 requirendos,
495 2135 578 2160 super
595 2125 696 2159 quibus
715 2125 755 2151 sic
773 2124 907 2159 expositis
926 2125 1052 2152 volentes
1070 2124 1282 2160 magnificencie
1301 2126 1393 2152 vestre
1412 2126 1533 2151 mentem
1552 2127 1675 2152 nostram
1693 2125 1855 2160 exprimere,
1875 2136 1935 2162 pre-

286 2168 383 2196 habito
401 2168 532 2202 diligenti
550 2167 666 2195 consilio
684 2167 718 2195 de
739 2167 921 2194 connivencia
939 2167 1038 2195 inclite
1057 2167 1167 2194 domine
1186 2167 1284 2194 matris
1303 2169 1396 2194 nostre
1414 2176 1521 2194 necnon
1537 2168 1657 2195 illustris
1675 2169 1810 2203 principis
1829 2170 1935 2198 domini
1954 2175 1980 2196 ³5

286 2210 439 2244 Io(hannis)
459 2211 590 2238 Bohemie
609 2212 638 2237 et
656 2210 770 2237 Polonie
796 2210 870 2245 regis
894 2219 956 2237 cum
980 2210 1115 2244 predictis
1134 2210 1234 2237 vestris
1252 2210 1492 2237 ambaxiatoribus
1511 2210 1608 2238 extitit
1626 2211 1797 2243 ordinatum,
1821 2213 1894 2246 quod
1917 2222 1935 2240 a

286 2262 379 2280 mense
392 2252 498 2287 Aprilis
511 2255 626 2279 venturo
638 2252 765 2287 proximo
778 2261 850 2279 anno
862 2253 998 2284 revoluto,
1017 2262 1080 2279 cum
1098 2255 1208 2288 tempus
1226 2253 1382 2287 anticipare
1394 2262 1563 2287 nequeamus
1582 2254 1710 2289 inspecta
1727 2255 1830 2289 puerili
1846 2255 1936 2290 ipsius

287 2297 364 2322 etate
389 2297 418 2322 et
435 2297 571 2322 terrarum
588 2297 744 2322 nostrarum
763 2295 986 2327 condicionibus,
1010 2295 1034 2322 si
1053 2296 1126 2323 votis
1144 2296 1245 2323 nostris
1264 2297 1359 2323 faveat
1377 2296 1551 2329 Altissimus,
1576 2296 1685 2331 [ipsam]
1705 2297 1935 2326 transmittemus.

288 2338 327 2365 De
346 2338 407 2365 loco
426 2338 575 2371 siquidem,
599 2337 648 2364 ubi
672 2337 821 2365 deliberari
841 2338 956 2369 debeat,
982 2347 1030 2365 vos
1049 2340 1137 2366 certos
1155 2339 1268 2366 reddere
1287 2348 1343 2366 non
1362 2348 1505 2373 possumus
1524 2348 1557 2366 ea
1576 2339 1644 2372 vice,
1663 2342 1706 2367 set
1724 2341 1793 2367 satis
1813 2341 1936 2369 breviter

289 2381 494 2408 ambaxiatores
516 2381 619 2415 prefati
642 2380 759 2407 illustris
777 2381 852 2415 regis
870 2381 1015 2413 Bohemie,
1044 2382 1183 2409 attributa
1208 2382 1267 2409 eius
1291 2384 1434 2417 potestate
1459 2382 1586 2417 plenaria
1614 2383 1708 2410 dotem
1734 2392 1783 2417 pro
1807 2384 1934 2419 sepefata
1953 2392 1980 2411 40

289 2425 383 2451 nostra
402 2425 487 2457 nepte
499 2422 682 2457 promittendi
700 2432 733 2450 ac
746 2424 970 2458 assignacionem
988 2424 1149 2452 donacionis
1168 2427 1283 2460 propter
1300 2426 1415 2460 nuptias
1428 2426 1539 2453 nomine
1551 2425 1640 2460 ipsius
1654 2426 1738 2453 vestri
1753 2427 1935 2462 primogeniti

289 2466 325 2493 ad
348 2475 417 2500 opus
439 2465 562 2493 eiusdem
585 2466 677 2492 nostre
699 2466 793 2500 neptis
814 2466 968 2500 recipiendi
990 2476 1097 2494 necnon
1120 2468 1154 2495 de
1177 2469 1238 2495 loco
1263 2468 1459 2500 conveniendi,
1489 2469 1518 2495 in
1545 2477 1600 2502 quo
1624 2469 1703 2496 vobis
1727 2470 1801 2497 tradi
1825 2470 1936 2504 debeat,

290 2510 458 2543 cooperante
481 2517 563 2543 super
587 2508 640 2535 hoc
663 2511 754 2536 vestro
781 2510 908 2542 consilio,
926 2510 1092 2537 'curabimus
1115 2511 1263 2539 destinare.
1304 2511 1442 2546 Dignetur
1465 2514 1559 2539 autem
1584 2514 1677 2539 vestra
1700 2512 1832 2540 maiestas
1857 2513 1937 2549 regia

290 2552 416 2579 inclitam
440 2551 579 2578 dominam
601 2553 719 2578 matrem
740 2554 863 2578 nostram
886 2554 915 2580 et
939 2553 1031 2588 ipsum
1055 2554 1196 2581 dominum
1218 2564 1313 2590 regem
1331 2555 1465 2582 Bohemie
1489 2555 1593 2582 habere
1618 2555 1771 2583 efficaciter
1788 2559 1935 2584 excusatos

290 2603 374 2628 super
392 2602 431 2625 eo,
450 2593 524 2627 quod
535 2594 716 2628 singulariter
729 2594 807 2621 vobis
825 2595 935 2622 litteras
947 2605 1011 2623 suas
1028 2605 1083 2623 non
1096 2596 1228 2632 dirigunt.
1248 2607 1310 2625 cum
1323 2600 1447 2632 tempore
1461 2598 1614 2626 emissionis
1626 2598 1801 2633 presencium
1819 2608 1837 2626 a
1854 2599 1935 2626 nobis
1952 2606 1979 2626 4⁵

292 2636 408 2671 dispersi
427 2636 531 2663 fuerint
554 2645 605 2663 nec
632 2636 720 2663 eciam
742 2637 822 2664 nobis
845 2638 910 2665 hinc
928 2638 991 2666 inde
1017 2639 1094 2674 prius
1120 2640 1219 2667 vestris
1239 2641 1311 2668 votis
1329 2641 1450 2668 facultas
1475 2641 1573 2668 aderat
1591 2642 1783 2676 respondendi.
1821 2642 1849 2669 Si
1868 2641 1936 2676 quid

291 2678 364 2706 enim
383 2681 473 2706 vestre
491 2678 659 2706 excellencie
677 2687 726 2705 nos
739 2679 860 2707 facturos
874 2681 1019 2715 placuerit,
1039 2682 1118 2709 nobis
1138 2683 1231 2710 velitis
1244 2683 1412 2712 fiducialiter
1430 2684 1568 2717 intimare,
1587 2685 1623 2712 ad
1641 2693 1695 2719 que
1708 2685 1869 2719 exequenda
1886 2693 1936 2712 nos

292 2731 342 2757 pro
361 2722 465 2748 viribus
483 2724 607 2756 promtos
626 2724 655 2749 et
674 2723 844 2750 voluntarios
864 2724 1033 2752 exhibemus.

396 2765 497 2791 Datum
519 2765 673 2798 Trev(eris),
693 2765 736 2792 die
755 2765 881 2794 XXVIII.
896 2768 1075 2802 Septembris.

396 2811 437 2844 Cf.
456 2813 535 2839 etiam
553 2820 584 2838 ea
603 2820 671 2846 quae
688 2815 764 2839 notat
782 2814 919 2849 Zeissbery
938 2816 954 2842 l.
968 2824 988 2842 c.
998 2825 1027 2850 p.
1041 2820 1076 2843 43
1085 2825 1122 2850 sq.
1954 2819 1980 2839 ⁵⁰

394 2882 417 2914 Β)
437 2883 472 2908 sic
491 2882 522 2907 L.
608 2881 633 2914 b)
652 2883 790 2914 predictam
809 2884 870 2910 add.
888 2885 919 2910 L.
