2190 3172
439 190 534 219 ACTA
553 190 664 218 REGNI
684 190 870 218 LUDEWICI
890 189 935 217 IV.
954 189 999 217 ET
1020 189 1202 217 FRIDERICI
1223 189 1269 216 111.
1309 190 1381 217 1317.
1419 190 1466 217 Nr.
1479 190 1538 218 403.
1556 191 1616 219 404.
1789 195 1850 224 343

313 276 386 309 Wir
408 277 582 310 Ludowich
613 288 674 309 von
697 276 799 308 Gotes
827 275 955 318 gnadcn
980 276 1170 308 Romischer
1200 276 1317 308 kunich
1346 287 1382 307 ze
1413 276 1497 308 allen
1527 277 1630 308 zeiten
1661 287 1766 308 mcrcr
1794 277 1851 309 des

205 329 310 361 riches
344 328 496 370 verjehen
526 329 675 361 offenlich
712 338 752 360 an
789 327 891 359 disem
910 327 1004 373 ¹brief
1034 327 1099 360 und
1138 326 1194 360 tfin
1223 328 1322 359 chunt
1349 327 1436 360 allen
1471 327 1533 360 den
1566 327 1619 360 die
1650 328 1739 361 disen
1769 329 1856 361 brief

205 382 362 415 ansehent
385 381 463 414 oder
486 381 601 414 librent
623 381 727 420 lesen,
751 379 810 412 daz
833 379 884 411 fur
906 389 965 411 uns
988 379 1081 412 chom
1104 380 1136 411 in
1159 379 1285 422 gerihte
1310 379 1368 411 der
1391 390 1501 412 erwoer
1523 379 1670 422 geistlich
1695 391 1767 413 man
1793 380 1851 412 der

205 437 282 475 apte
312 444 374 465 von
405 431 610 475 Halsprilnne
639 442 701 464 von
734 432 839 463 seines
869 430 1025 463 chlosters
1057 441 1171 474 wegen
1204 431 1269 463 und
1300 435 1393 473 vrsgt
1425 432 1484 463 mit
1517 431 1724 474 ffirsprechen
1760 433 1850 465 einer

173 497 186 516 ³
204 484 323 526 flrtayl:
390 495 455 516 swa
478 483 625 526 geistlich
646 483 848 515 closterleute
873 482 969 514 etlich
994 492 1097 524 eygen
1120 482 1217 515 heten
1240 483 1362 524 gehabt
1384 484 1414 515 in
1438 493 1547 526 gewer
1568 483 1634 515 und
1656 484 1688 515 in
1711 484 1850 526 gewelte

201 537 254 577 ,iar
282 536 348 569 und
379 536 452 568 taoh
480 535 562 568 nach
589 534 702 567 landes
732 534 804 566 teht
831 534 1196 576 unversprochenlichen
1226 545 1283 566 vor
1310 534 1396 567 allen
1426 535 1488 567 den
1518 534 1571 567 die
1606 535 1638 566 in
1665 535 1739 568 dem
1774 536 1850 567 land

205 591 332 620 wonent
354 587 419 619 und
446 588 522 627 sint,
550 586 590 619 ob
619 586 672 618 die
696 586 807 618 furbaz
829 586 896 618 icht
918 585 1026 628 pillich
1051 586 1119 617 suin
1143 586 1201 617 mit
1224 585 1354 627 gerfitcr
1376 586 1454 618 hant
1476 587 1575 618 sitzen
1598 597 1638 618 an
1661 588 1850 629 ansprache.

204 639 272 672 Daz
288 642 368 672 wart
389 639 432 671 im
449 638 588 680 ertaylet
610 637 651 670 da
674 638 738 670 und
754 637 802 670 als
818 637 861 669 vil
884 648 966 669 mer:
1033 637 1092 669 daz
1115 638 1141 669 si
1164 639 1292 670 nieman
1308 637 1419 670 ffirbaz
1442 638 1565 671 scholte
1581 639 1663 671 noch
1679 640 1850 672 emnechte

203 690 433 734 angevertigen
463 689 542 722 oder
572 689 813 732 angesprechen
843 688 977 720 darumb
1000 699 1056 720 vor
1083 688 1255 721 dehainem
1278 689 1476 722 werltlichen
1499 690 1625 732 gerihte
1653 689 1772 723 sunder
1794 702 1852 723 vor

163 755 186 774 ιο
203 743 232 774 ir
254 742 332 775 ober
354 741 503 784 geistlich
525 741 657 782 rihtern,
680 751 738 772 vor
761 740 824 772 den
847 741 873 771 si
896 739 1006 781 pillich
1029 740 1175 772 scholten
1198 751 1234 772 ze
1258 741 1331 773 reht
1353 744 1432 773 sten.
1479 741 1542 773 Diu
1566 743 1670 784 urtayl
1693 743 1851 784 sprachen

204 794 258 827 die
286 793 381 827 edeln
408 792 532 826 erbaern
566 793 658 825 ritter
690 791 756 824 und
789 792 852 823 sint
881 791 1020 823 danaber
1051 792 1144 834 ziuge
1173 791 1301 825 Gctfrid
1329 803 1390 825 von
1420 792 1598 835 Haydekk,
1633 793 1761 826 Gctfrid
1789 805 1851 827 von

203 844 392 885 Wolfstain,
419 843 590 877 Romiinch
618 853 680 876 von
703 842 938 883 Vestenberch,
967 842 1112 875 Districh
1141 853 1202 875 von
1225 843 1420 886 Parsperch,
1450 845 1605 877 Heinrich
1633 856 1694 877 von
1723 845 1850 887 Salach,

203 896 322 930 Seifrid
345 897 402 930 der
425 895 647 938 Swepferman
674 894 740 926 und
762 893 918 926 Lfidwich
941 904 1002 926 von
1025 893 1128 936 Eybe.
1229 894 1379 927 Daruber
1407 907 1442 928 ze
1473 896 1637 928 urchfinde
1666 896 1772 939 geben
1794 898 1851 929 wir

203 947 295 980 disen
317 947 405 980 brief
423 948 482 980 mit
503 957 633 979 unserm
655 946 772 988 insigel
794 946 998 988 versigelten.

161 1020 185 1039 is
310 1008 379 1040 Der
401 1007 508 1050 geben
534 1009 576 1039 ist
602 1017 638 1039 ze
663 1006 857 1047 Winsheim,
887 1006 945 1038 des
967 1006 1144 1049 Pfintztags
1166 1006 1249 1038 nach
1276 1010 1348 1039 sant
1371 1006 1494 1049 Jorgen
1518 1012 1586 1050 tag,
1617 1007 1657 1039 do
1687 1019 1761 1040 man
1787 1009 1851 1041 zalt

202 1069 265 1092 von
293 1058 413 1092 Oristes
441 1058 558 1102 gebfirt
584 1058 897 1091 driuzehenhundert
919 1060 972 1100 jar
998 1058 1140 1091 dai-nach
1169 1059 1201 1090 in
1233 1059 1306 1091 dem
1334 1059 1593 1092 sibenzehenden
1617 1061 1683 1101 jar,
1716 1061 1747 1092 in
1775 1061 1849 1093 dem

203 1111 322 1144 dritten
342 1112 394 1152 jar
415 1121 527 1143 unsers
549 1111 664 1143 riches.

293 1334 540 1380 404-406.
582 1333 918 1379 MANDATA
945 1331 1146 1380 REGIS
1179 1332 1519 1380 FRANCIAE
1555 1334 1762 1380 SUPER

331 1397 788 1452 INQUISITIONE
816 1397 1107 1443 LIMITUM
1134 1397 1397 1443 IMPERII
1424 1398 1725 1444 ITER-ATA.

159 1503 186 1524 πο
815 1482 923 1518 1317.
965 1482 1048 1518 Mai.
1073 1481 1244 1518 15.—16.

316 1570 364 1611 Cf.
387 1580 486 1612 supra
508 1581 558 1602 nr.
575 1570 640 1602 322
662 1572 691 1602 et
714 1569 786 1602 323.

632 1688 719 1725 404.
761 1688 974 1724 Mandatum
994 1690 1159 1734 primum.
1264 1689 1356 1725 Mai.
1375 1690 1431 1724 15.

315 1762 495 1805 Originaw
518 1764 554 1795 in
575 1763 733 1796 tabulario
748 1762 909 1796 Insulensi
931 1762 972 1795 B.
997 1765 1081 1795 1171
1103 1774 1152 1796 nr.
1170 1763 1263 1795 5146.
1305 1763 1503 1796 Contulimus
1517 1774 1582 1796 nos.
1622 1764 1740 1796 Pendet
1755 1764 1852 1805 siyilli

205 1817 417 1858 fraqmentum
438 1813 504 1848 boro
519 1826 557 1848 ex
571 1816 642 1855 ipsa
657 1815 838 1847 membrana
853 1818 980 1847 exsecto.
1023 1814 1122 1855 Copia
1138 1815 1193 1859 (c.)
1216 1815 1253 1847 in
1270 1814 1452 1848 cartulario
1469 1815 1678 1856 Haynonensi
1692 1816 1737 1848 II
1747 1826 1796 1848 nr.
1810 1816 1853 1847 93

161 1883 187 1904 a
205 1867 341 1900 eiusdem
360 1866 522 1899 tabularii.
546 1886 588 1890 -—
609 1866 672 1900 Ed.
686 1866 841 1899 Devillers
860 1866 923 1900 loco
943 1877 1043 1908 supra
1061 1867 1106 1899 ad
1123 1878 1174 1900 nr.
1187 1868 1249 1899 131
1270 1867 1366 1899 citato
1382 1867 1451 1906 III,
1469 1869 1510 1899 76
1529 1878 1578 1899 nr.
1593 1868 1654 1899 159
1676 1879 1715 1900 ex
1737 1878 1763 1900 c.

311 1961 480 2004 Philippus
494 1961 558 1994 Dei
573 1962 678 2004 gratia
692 1961 828 1995 Francis
845 1965 878 1994 et
892 1962 1037 1994 Navarre
1053 1973 1111 1995 rex
1192 1962 1317 1994 dilectis
1337 1966 1371 1994 et
1389 1962 1539 1994 fidelibus
1554 1963 1670 1994 nostris
1690 1987 1698 1994 .
1713 1987 1721 1994 .
1742 1962 1852 1995 abbati

203 2014 389 2046 monasterii
422 2012 531 2046 Sancti
558 2012 712 2046 Germani
746 2013 787 2046 de
822 2013 929 2045 Pratis
955 2013 1145 2046 Parisiensis
1179 2015 1213 2045 et
1245 2013 1417 2046 Bochardo
1452 2013 1492 2046 de
1525 2014 1851 2054 Montemorenciaco,

204 2065 341 2098 Iohanni
364 2064 405 2098 de
428 2064 557 2098 Gaillon
579 2075 618 2098 ac
641 2065 815 2106 Guillelmo
839 2065 879 2097 de
902 2065 1100 2098 Marcilliaco
1124 2065 1279 2097 militibus
1365 2065 1502 2097 salutem
1527 2069 1560 2097 et
1582 2065 1797 2097 dilectionem.

311 2116 501 2149 Mandemus
524 2116 615 2149 vobis
637 2119 671 2150 et
685 2117 913 2149 committimus
935 2127 994 2159 per
1008 2120 1185 2159 presentes,
1209 2117 1357 2159 quatinus
1379 2127 1437 2149 vos
1453 2127 1564 2149 omnes
1587 2119 1643 2149 aut
1665 2117 1772 2149 saltim
1795 2127 1853 2149 vos

164 2181 190 2202 no
207 2166 308 2200 abbas
330 2177 402 2201 eum
418 2168 520 2201 altero
536 2168 692 2201 dictorum
708 2168 844 2201 milit-um
865 2169 896 2201 in
913 2170 1082 2201 commisso
1103 2168 1222 2201 (ludum
1246 2178 1305 2211 per
1323 2169 1522 2201 carissimum
1543 2169 1708 2201 dominum
1728 2194 1735 2200 .
1750 2194 1757 2200 .
1778 2179 1852 2211 ger-

207 2224 336 2252 manum
351 2222 492 2252 nostrum
511 2244 520 2252 .
538 2245 544 2252 .
567 2221 718 2263 episcopo
735 2219 967 2262 Suessionensi,
990 2220 1061 2252 loco
1077 2221 1166 2252 cuius
1182 2230 1237 2252 vos
1254 2219 1406 2257 abbatem
1422 2220 1667 2263 subrogavimus
1690 2223 1724 2252 et
1738 2220 1851 2252 subro-

209 2280 321 2313 gamus
343 2280 384 2303 ex
406 2281 516 2312 censa,
539 2281 576 2304 ac
598 2271 734 2304 Iohanni
756 2271 797 2304 de
819 2271 957 2304 Varenis
979 2272 1086 2313 militi,
1115 2272 1186 2304 loco
1208 2273 1298 2304 cuius
1319 2282 1376 2304 vos
1399 2271 1636 2315 G(uillelmum)
1659 2272 1700 2304 de
1723 2271 1851 2304 Marcil-

209 2321 292 2354 liacc
314 2321 537 2365 subrogamus,
570 2323 706 2366 negocio
728 2333 826 2366 super
847 2323 966 2356 debato
997 2323 1038 2356 de
1061 2323 1241 2356 Sollemens
1271 2326 1304 2356 et
1333 2323 1374 2356 de
1397 2323 1526 2366 Faimy,
1560 2334 1580 2356 a
1603 2323 1717 2366 quibus
1739 2333 1853 2355 manus

209 2373 301 2416 regia
326 2375 376 2406 est
397 2378 519 2415 amota,
547 2375 638 2407 iuxta
659 2375 796 2407 formam
824 2374 910 2408 dicte
933 2375 1166 2407 commissionis
1195 2378 1229 2407 et
1250 2375 1468 2408 confectarum
1491 2385 1589 2418 super
1613 2375 1675 2407 hoc
1699 2375 1853 2407 carissimi

166 2438 192 2459 su
210 2424 330 2456 domini
361 2427 395 2456 et
419 2426 563 2467 germani
588 2425 724 2468 predicti
751 2426 930 2459 littei-anun
938 2427 962 2468 ²,
996 2427 1037 2459 de
1065 2426 1180 2469 quibus
1202 2426 1339 2469 liquebit
1363 2426 1512 2469 indilate,
1545 2428 1668 2460 vocatis
1690 2426 1851 2467 vocandis,

211 2475 387 2518 procedere
417 2475 573 2509 studeatis
600 2477 847 2520 huiusmodique
880 2479 1050 2521 negocium
1078 2478 1248 2521 diligenter
1274 2478 1430 2521 perficere
1465 2482 1499 2510 et
1531 2478 1694 2521 complere
1724 2478 1851 2517 curetis,

212 2527 288 2570 quid
309 2537 405 2569 super
426 2526 487 2559 hoc
504 2527 654 2569 feceritis,
676 2529 767 2562 nobis
781 2529 920 2562 fideliter
935 2529 1067 2562 relaturi
1089 2529 1141 2562 vel
1156 2530 1282 2562 missuri
1304 2529 1364 2562 sub
1378 2531 1493 2562 vestris
1508 2530 1714 2562 interclusum
1730 2529 1850 2572 sigillis.

317 2587 436 2619 Datum
458 2586 599 2628 Parisiis,
622 2588 695 2621 XV.
718 2588 771 2622 die
793 2589 881 2630 Maii,
904 2599 986 2622 anno
1010 2589 1140 2622 Domini
1163 2589 1333 2622 millesimo
1357 2589 1439 2622 CCC
1463 2589 1588 2622 decimo
1610 2590 1757 2632 septimo.

254 2657 313 2689 per
335 2657 391 2680 vos
414 2646 547 2680 Gervas.

166 2774 194 2793 ιο
258 2810 296 2838 Su
317 2768 342 2802 1)
365 2767 433 2795 Olim
450 2767 482 2794 in
499 2766 633 2795 tamam-60
651 2767 789 2795 Hortensi
812 2767 842 2795 in
860 2767 952 2802 D423
977 2768 1014 2801 cf.
1032 2767 1239 2796 Safini-Gemi·
1262 2768 1320 2795 loco
1342 2776 1427 2803 supra
1453 2769 1490 2796 ad
1516 2773 1620 2796 osv-‚105
1642 2769 1724 2796 citato
1749 2769 1775 2801 1,
1794 2772 1852 2795 244.

211 2811 239 2846 2)
293 2819 347 2846 pra
365 2812 475 2838 m.328.
