2184 3126
307 198 368 228 726
580 191 677 218 ACTA
696 189 808 216 REGNI
828 187 1012 215 LUDEWICI
1031 187 1078 213 IV.
1097 186 1145 213 ΕΤ
1165 184 1351 212 FRIDERICI
1370 185 1418 211 111.
1455 184 1530 211 1324.
1569 184 1616 211 Nr.
1629 183 1688 211 909.

416 283 463 311 11.
498 284 512 302 Ρ
527 278 636 310 Primo
653 277 728 318 quia
744 275 798 307 ille
815 276 963 306 censetur
986 275 1017 304 in
1034 272 1205 304 concordia
1222 273 1344 304 electus
1360 270 1402 303 ad
1417 271 1600 312 imperium,
1624 271 1678 312 qui
1702 281 1721 302 a
1737 271 1851 302 maiori
1866 274 1960 312 parte

307 333 491 370 electorum,
509 332 587 371 puta
602 339 622 359 a
638 330 775 369 quatuor
788 327 908 357 electus
925 324 1051 356 fueriti.
1082 324 1124 355 Et
1139 327 1248 355 tamen
1261 333 1334 354 cum
1350 333 1408 354 nos
1423 322 1595 354 fuerimus*
1609 332 1674 354 non
1690 322 1794 354 solum
1811 332 1830 354 a
1846 323 1959 354 maiori

306 386 396 425 parte
405 387 425 423 Β,
448 382 546 412 immo
563 391 581 411 a
598 378 721 410 duabus
737 376 881 419 partibus
896 376 1075 417 principum
1093 375 1268 406 electorum
1283 374 1431 414 electum,
1453 374 1536 405 sicut
1550 374 1711 405 notorium
1727 376 1807 415 est¹¹‚
1830 376 1961 406 tamen*

307 433 494 466 temerarius
518 434 551 463 et
574 429 721 462 falsitatis
745 430 870 460 amator
892 431 925 458 et
940 427 1084 458 veritatis
1109 429 1142 458 et
1162 426 1286 457 iusticie
1306 425 1453 456 inimicus
1473 424 1554 456 falso
1575 424 1711 457 dicere*
1726 425 1850 463 dicitur,
1873 425 1959 457 elec-

306 486 425 516 tionem
439 486 579 514 nostram
591 482 623 512 in
634 479 791 511 discordia
804 479 922 510 factam
935 488 1005 510 esse
1013 479 1061 518 ¹·¹‚
1080 477 1166 519 quod
1179 481 1228 509 est
1240 480 1351 508 contra
1364 476 1612 508 consuetudines
1624 477 1822 519 approbatas
1832 477 1961 519 imperii
1992 484 2004 504 ⁵

307 540 340 567 et
354 536 385 566 in
400 534 612 576 preiudicium
629 532 805 573 principum
822 531 950 571 imperii
966 530 1141 561 electorum
1162 534 1196 560 et
1215 529 1245 560 in
1262 528 1475 570 preiudicium
1495 529 1578 560 sacri
1592 529 1721 571 imperii
1737 532 1770 561 et
1785 539 1960 571 gravamen

306 591 403 628 atque
427 588 568 616 nostrum
593 587 625 614 et
648 583 787 614 omnium
804 581 921 613 Christi
944 581 1107 612 fideliumy
1130 580 1282 622 precipue
1298 580 1471 612 Alemanie
1490 580 1678 612 scandalum
1694 580 1909 612 manifestum.

417 638 463 668 12.
496 641 508 654 ²
525 635 608 666 Item
633 644 704 665 cum
729 632 927 664 consuetudo
951 633 1077 674 imperii
1101 631 1315 673 approbata·‚
1339 642 1402 673 que
1425 631 1512 673 apud
1535 642 1594 663 nos
1616 643 1675 673 pro
1699 633 1767 664 iure
1784 631 1960 672 servatura

306 689 425 720 habeat
448 687 629 725 manifeste,
653 685 738 727 quod
763 685 884 717 electus
906 685 937 715 in
954 685 1024 715 loco
1041 683 1083 715 ad
1100 683 1285 725 eligendum
1301 693 1412 725 regem
1427 683 1649 715 Romanorum
1666 684 1716 715 ine
1730 684 1961 725 imperatorem

306 739 510 781 postmodum
533 736 799 779 promovendum,
825 735 997 767 videlicetd
1020 736 1051 766 in
1069 735 1165 777 opido
1182 734 1241 766 dec
1258 734 1523 776 Franchenfuw,
1546 735 1588 766 ab
1605 734 1752 767 omnibus
1769 734 1962 767 electoribus
1981 742 2008 762 1⁰

307 792 373 823 sive
397 802 416 822 a
440 790 551 821 maiori
575 793 666 830 parte
689 789 831 831 ipsorum
855 788 923 818 sive
947 788 1045 818 etiam
1069 797 1089 818 a
1111 787 1237 827 minori,
1260 786 1435 818 dummodo
1458 786 1516 818 fiat
1532 787 1648 819 electio
1665 798 1685 819 a
1700 787 1825 819 duobus
1841 787 1962 818 electo-

305 843 393 874 ribus
417 841 537 873 ibidem
561 839 777 882 presencium‘
796 839 838 870 ad
866 840 969 870 minus
993 842 1025 870 et
1047 839 1079 869 in
1103 838 1155 869 die
1179 838 1221 869 ad
1245 837 1429 880 eligendum
1454 838 1578 879 prefixa
1600 849 1660 881 per
1683 848 1771 880 eum⁷
1800 838 1841 870 ad
1865 848 1962 880 quem

306 897 433 935 spectat
456 893 626 934 prefigere,
648 890 831 923 huiusmodi
855 891 977 922 electus
1002 894 1051 921 est
1073 889 1242 921 habendus
1270 893 1436 932 tamquam
1459 890 1512 921 in!
1534 900 1612 922 vera
1639 889 1811 923 concordia
1839 890 1962 922 electus

308 950 340 977 et
363 945 424 976 sibi
447 944 546 976 debet
570 943 692 975 obediri
719 942 777 974 uth
800 943 869 983 regi
897 953 915 973 a
943 941 1078 973 subditis
1106 944 1140 973 et
1162 941 1291 972 vasallis
1318 941 1446 983 imperii
1473 945 1506 974 et
1536 952 1654 974 corona
1682 942 1812 983 preberi
1840 941 1901 974 sibi
1929 942 1963 974 in

306 997 512 1038 Aquisgrani,
538 995 792 1037 quandocunque
813 993 959 1033 voluerit,
984 996 1016 1024 et
1039 994 1065 1024 si
1088 994 1143 1035 qui
1165 993 1278 1024 vasalli
1302 996 1334 1025 et
1357 993 1470 1025 fideles
1493 994 1641 1036 imperiiss
1663 993 1771 1026 eidem
1793 1004 1857 1026 non
1881 993 1960 1026 obe·
1980 1000 2007 1020 ιδ

308 1048 446 1089 dierinti,
470 1051 543 1078 sunt
565 1047 635 1088 ipso
659 1047 743 1077 facto
768 1045 915 1076 omnibus
939 1056 1001 1087 que
1025 1048 1136 1077 tenent
1159 1044 1200 1076 ab
1217 1045 1353 1086 imperio
1370 1045 1527 1086 privandi.
1572 1045 1659 1078 Iste¹¹
1675 1048 1785 1077 autem
1802 1045 1962 1087 malignus

308 1100 448 1140 maligne
480 1098 521 1129 ad
556 1097 780 1130 exterminium
813 1097 948 1129 tendens
982 1097 1063 1128 sacri
1094 1097 1221 1138 imperii
1255 1099 1289 1128 et
1317 1097 1498 1138 principum
1525 1097 1668 1140 imperii¹
1695 1097 1872 1130 electorum
1902 1099 1962 1129 et¹'¹

311 1151 559 1182 destructionem
585 1152 618 1181 et
640 1148 900 1180 subversionemn
923 1151 1031 1180 nostre
1048 1149 1172 1180 iusticie
1189 1152 1286 1190 atque
1303 1149 1379 1180 iuris
1396 1152 1429 1180 et
1445 1148 1712 1181 consuetudinum
1729 1152 1762 1181 et
1776 1148 1963 1182 libertatum

308 1202 579 1243 aipprobatarum⁰
603 1201 738 1241 imperii,
763 1200 954 1231 electionem
979 1200 1019 1231 de
1043 1200 1136 1231 nobis
1159 1200 1278 1232 factam
1301 1210 1365 1231 non
1388 1201 1492 1232 solum
1515 1211 1534 1232 a
1556 1201 1672 1233 maiori
1694 1204 1797 1243 parte,
1820 1201 1929 1233 immo«
1943 1211 1963 1233 a

308 1253 430 1284 duabus
445 1252 588 1294 partibus
604 1253 780 1283 electorum
797 1254 849 1282 et¹¹
873 1252 904 1282 in
921 1252 992 1283 loco
1016 1252 1076 1283 dep
1094 1251 1349 1284 Franchenfurt‘1
1363 1252 1406 1284 ad
1422 1252 1482 1284 hoc
1503 1253 1679 1295 antiquitus
1694 1252 1851 1295 deputato
1875 1256 1909 1284 et
1930 1253 1963 1284 in
1980 1257 2009 1278 ὓ

308 1306 359 1336 ‹lie
383 1304 423 1336 ad
448 1303 631 1345 eligendum
656 1303 797 1344 prefixa‘
819 1313 878 1344 per
901 1313 986 1343 eum,
1010 1305 1064 1345 qui
1088 1304 1248 1345 prefigere
1271 1305 1386 1345 potuit,
1411 1303 1493 1336 falso
1518 1307 1552 1336 et
1565 1304 1767 1336 mendaciter
1789 1304 1868 1336 dicit
1891 1314 1962 1336 esse

307 1357 339 1387 in
363 1355 521 1387 discordia
544 1355 738 1386 celebratam
764 1358 797 1386 et
819 1365 876 1386 nos
899 1356 945 1386 sic
962 1354 1101 1386 electum
1117 1355 1341 1388 administrare
1364 1366 1428 1388 non
1443 1366 1539 1398 posse
1555 1366 1616 1388 nec
1633 1356 1808 1398 legittime·
1824 1355 1962 1388 admini-

309 1411 425 1439 strasse
450 1411 483 1438 et
504 1407 671 1447 homagia.t
695 1409 727 1437 et
749 1406 928 1437 iuramenta
952 1406 1144 1438 fidelitatum
1169 1410 1201 1438 et
1224 1407 1294 1438 iura
1317 1407 1404 1439 alian
1426 1408 1552 1449 imperii
1574 1418 1638 1439 non
1653 1407 1796 1449 potuisse
1813 1408 1963 1450 exegisse

308 1469 367 1490 nec
390 1469 484 1500 posse
508 1457 682 1499 recipere2.
729 1457 822 1494 Quod
852 1461 979 1489 tamenv
1003 1461 1127 1489 constat
1154 1459 1185 1489 in
1218 1459 1367 1490 omnibus
1390 1469 1462 1491 esse
1490 1459 1697 1491 falsissimum
1725 1463 1758 1491 et
1784 1469 1804 1491 a
1826 1460 1963 1492 veritate

310 1510 519 1542 omnimodew
543 1510 682 1541 alienum
706 1512 739 1541 et
762 1513 872 1540 contra
894 1509 1141 1541 eonsuetudines
1164 1510 1348 1551 predictas¹
1370 1511 1496 1553 imperii
1519 1510 1726 1554 approbatas.
1981 1516 2009 1538 ’ὓ

418 1564 466 1594 13.
499 1567 512 1585 ³⁷
528 1561 612 1592 Item
635 1571 707 1592 cum
731 1562 775 1592 sic
799 1561 941 1592 electusz
970 1562 1113 1593 coronati
1136 1562 1290 1594 fuerimus
1314 1566 1346 1595 et
1369 1563 1491 1595 inuncti
1518 1564 1551 1594 in
1573 1562 1646 1595 loco
1674 1562 1717 1594 ad
1745 1561 1964 1594 coronandum

309 1618 341 1645 et
363 1613 580 1655 inungendum
601 1623 694 1654 reges
709 1612 954 1653 Romanorum>
979 1613 1100 1645 electos
1123 1614 1155 1645 in
1178 1614 1391 1655 imperatores
1410 1615 1647 1657 promovendos
1662 1615 1839 1656 antiquitus
1861 1613 1964 1655 depu-

309 1669 386 1707 tato,
409 1664 559 1696 videlicet
582 1665 614 1694 in
630 1663 745 1705 opido·
760 1664 967 1706 Aquisgrani‚
991 1676 1032 1696 ex
1049 1675 1112 1706 quo
1129 1665 1183 1696 ctb
1202 1665 1361 1698 electione
1381 1666 1573 1708 predicta⁰·‘¹
1592 1677 1612 1698 a
1630 1666 1819 1709 precedenti
1837 1666 1966 1698 statim⁹

309 1717 482 1749 secundum
499 1716 659 1757 predictas
675 1716 921 1747 consuetudines
938 1717 1143 1758 approbatas,
1163 1728 1225 1759 que
1239 1729 1297 1759 pro
1315 1718 1388 1760 lege
1402 1723 1580 1761 servantur,
1597 1722 1646 1751 est
1661 1719 1784 1751 electus
1796 1729 1891 1751 verus
1905 1727 1965 1756 rex

309 1768 526 1800 Romanorum
554 1772 586 1798 et
613 1767 672 1798 sibi
694 1771 730 1798 ut
752 1777 827 1798 vero
851 1768 921 1809 regi
944 1767 1061 1799 debetf
1087 1779 1106 1800 a
1129 1769 1264 1800 subditis
1294 1773 1327 1801 et
1350 1770 1479 1802 vasallis
1502 1771 1630 1813 imperii
1652 1770 1779 1803 obediri
1802 1773 1843 1802 et·
1858 1769 1963 1802 eidem
1983 1774 2012 1795 ⁸0

309 1821 459 1861 homagia
479 1822 512 1850 et
526 1819 689 1850 fidelitatis
704 1820 884 1851 iuramenta
900 1821 1035 1861 prestari
1059 1824 1092 1852 et
1115 1821 1184 1852 iura
1203 1822 1330 1863 imperii
1347 1823 1513 1864 assignari.
1551 1823 1641 1855 Isteg
1656 1826 1764 1855 autem
1781 1822 1966 1854 maliciosus

310 1871 478 1903 subversor
501 1881 656 1902 canonum
681 1875 714 1902 et
735 1871 851 1902 iurium
874 1871 1012 1903 violator
1035 1875 1068 1904 et
1091 1873 1356 1906 consuetudinum
1379 1874 1608 1916 predictarum,
1630 1874 1800 1906 intendens
1822 1873 1967 1906 totaliter

309 1923 351 1954 ad
381 1923 603 1954 exterminium
627 1923 708 1953 sacri
730 1923 855 1964 imperii
881 1926 914 1954 et
940 1923 1085 1965 imperiie
1113 1924 1299 1957 libertatum
1329 1930 1363 1958 et
1390 1925 1583 1968 dignitatum
1607 1930 1640 1958 et
1666 1926 1708 1958 ad
1737 1925 1966 1958 exterminium

311 1979 343 2006 et
365 1974 613 2005 annullationem
636 1975 815 2015 principum
837 1975 964 2016 imperii
989 1975 1164 2008 electorum
1193 1980 1226 2008 et
1250 1977 1391 2009 omnium
1415 1979 1543 2019 imperii
1566 1978 1784 2010 subiectorum
1808 1977 1863 2009 eth
1888 1976 1966 2009 Ala·

309 2026 414 2057 manie
452 2025 574 2066 totius',
612 2026 691 2056 falso
730 2026 844 2057 dicitur
877 2026 1038 2058 affirmare
1072 2027 1127 2058 ink
1160 2038 1324 2070 processu,
1359 2030 1385 2061 si
1415 2032 1529 2062 tamen
1554 2039 1724 2072 processus
1755 2029 1818 2061 diei
1847 2031 1965 2071 potest,
1984 2038 2012 2058 ει

311 2078 363 2118 qui
386 2078 498 2119 pocius
522 2087 672 2109 excessus
696 2081 745 2109 est
767 2078 1023 2119 nuncupandus1,
1047 2079 1134 2120 quod
1156 2080 1249 2112 nobis
1273 2081 1385 2113 electis
1408 2081 1516 2114 taliter
1539 2085 1572 2113 et
1591 2082 1728 2113 inunctis
1751 2084 1784 2113 et
1806 2083 1967 2114 coronatis
2046 2072 2048 2074 .

311 2129 341 2159 in
364 2139 473 2170 regem
497 2129 600 2160 adhuc
624 2132 717 2160 vacat
739 2130 919 2170 imperium,
944 2131 1032 2161 cuius
1048 2131 1175 2172 imperii
1197 2133 1242 2164 sic
1264 2134 1409 2164 vacantis
1424 2134 1570 2175 regimen
1585 2133 1627 2165 ad
1650 2139 1714 2165 se¹¹²
1731 2134 1836 2175 ipsum
1852 2134 1968 2166 asserit

312 2181 471 2220 pertinere
481 2180 503 2211 ².
550 2180 643 2216 Quod
667 2184 791 2212 constat
814 2192 884 2213 esse
908 2181 1114 2214 falsissimum
1138 2187 1170 2215 et
1193 2184 1234 2215 ab
1251 2185 1339 2216 omni
1353 2185 1490 2217 veritate
1507 2185 1636 2217 omnino
1651 2185 1803 2225 alienum,
1827 2185 1909 2217 sicut
1925 2195 1967 2217 ex

312 2231 461 2271 predictis
484 2234 595 2272 patere
618 2235 725 2273 potest
747 2232 878 2264 cuilibet
899 2233 1043 2265 intuenti.
1090 2233 1132 2265 Et
1156 2235 1242 2276 quod
1262 2246 1320 2267 nos
1336 2236 1591 2268 marchionatum
1607 2236 1967 2278 Brandeburgensem¹²‚

415 2316 480 2342 909.
507 2318 532 2350 P)
551 2327 617 2343 'nova
636 2319 705 2344 linea
724 2319 751 2349 1;
778 2327 833 2344 cum
852 2319 923 2351 siqno
937 2321 1106 2353 paragraphi
1129 2321 1152 2347 ⁶2.
1259 2323 1283 2355 ¹³)
1302 2324 1352 2349 fuit
1369 2323 1393 2350 4.
1499 2326 1521 2356 ¹”)
1540 2325 1637 2350 fuimus
1654 2323 1679 2349 4.
1785 2326 1806 2355 ⁸)
1825 2324 1966 2351 electorum
1983 2326 2013 2347 ⁴0

313 2359 374 2384 add.
392 2359 416 2384 4.
430 2360 453 2385 5.
546 2361 565 2391 t)
585 2362 658 2386 electi
676 2361 700 2387 4.
717 2361 742 2387 5.
839 2361 866 2394 ¹¹)
884 2364 938 2395 ipse
957 2363 1018 2389 add.
1037 2363 1062 2390 4.
1075 2364 1100 2390 5.
1193 2365 1218 2397 v)
1237 2370 1361 2399 tanquam
1384 2367 1446 2392 add.
1465 2366 1490 2393 4.
1503 2367 1527 2393 5.
1615 2365 1647 2400 W)
1666 2367 1738 2392 sitire
1756 2366 1780 2393 1.
1867 2366 1894 2400 ¹)
1910 2375 1967 2393 esse

313 2403 405 2426 factam
414 2402 438 2427 4.
491 2402 516 2434 y)
534 2407 559 2428 et
571 2404 633 2429 add.
644 2404 667 2429 4.
678 2404 702 2429 5.
756 2404 778 2437 z)
798 2413 854 2429 cum
867 2406 939 2438 aiyno
951 2407 1116 2439 paragraphi
1127 2407 1150 2433 1.
1160 2407 1184 2433 2.
1239 2410 1262 2441 ⁸)
1280 2410 1385 2443 appi-ob.
1399 2411 1459 2443 imp.
1467 2409 1492 2436 4.
1546 2409 1572 2442 b)
1590 2418 1636 2443 pro
1648 2411 1705 2436 iure
1717 2418 1783 2435 serv.
1795 2417 1837 2443 ap.
1849 2418 1897 2436 nos
1906 2409 1931 2436 4.
1941 2409 1966 2436 5.

314 2444 336 2476 c)
354 2445 422 2470 deest
440 2444 463 2471 1.
550 2445 576 2478 d)
595 2447 692 2472 scilicet
709 2446 733 2472 4.
746 2447 770 2472 5.
860 2448 882 2480 e)
901 2450 1092 2476 Franckenfurt
1110 2449 1140 2481 2;
1163 2452 1337 2478 Frankenfort
1354 2452 1383 2483 4;
1402 2453 1556 2479 Frankefort
1573 2453 1598 2479 5.
1686 2451 1706 2485 s)
1724 2453 1888 2486 presentibus
1904 2451 1929 2479 4.
1941 2451 1967 2479 5.

315 2486 338 2517 8)
358 2487 425 2512 deest
442 2487 466 2513 5.
546 2488 570 2521 h)
590 2490 656 2515 sicut
675 2490 699 2515 5.
779 2489 798 2521 i)
817 2491 949 2517 obedirent
966 2492 992 2518 4.
1071 2491 1096 2525 ¹¹)
1116 2495 1173 2526 Ipse
1191 2494 1215 2520 4.
1229 2494 1254 2520 5.
1337 2495 1356 2527 ¹)
1375 2497 1474 2529 imperii
1492 2497 1561 2522 deest
1577 2496 1602 2522 4.
1615 2496 1641 2522 5.
1697 2518 1700 2521 .
1720 2495 1753 2528 m)
1771 2497 1805 2522 ad
1823 2496 1886 2523 add.
1903 2494 1929 2522 4.
1941 2495 1966 2522 5.

315 2528 339 2560 ¹¹)
358 2530 543 2556 sublisionem?
561 2531 586 2558 2.
675 2533 699 2564 0)
718 2533 785 2558 deest
803 2533 827 2559 2.
926 2534 950 2566 1‘)
969 2536 1036 2561 deest
1056 2536 1078 2562 1.
1177 2539 1202 2567 ⁴1)
1221 2539 1393 2565 Frankensort
1410 2538 1439 2570 4;
1458 2540 1612 2565 Frankefort
1628 2538 1652 2565 5.
1748 2538 1771 2572 ¹”)
1789 2540 1887 2573 prefixo
1903 2538 1928 2564 4.
1941 2538 1966 2565 5.
1984 2541 2012 2561 4⁵

314 2572 336 2604 ⁸)
353 2573 482 2605 legiptime
500 2574 524 2599 4.
612 2575 631 2606 ι)
653 2576 754 2607 omagia
772 2576 888 2602 similiter
906 2586 1003 2610 semper
1021 2578 1045 2604 2.
1058 2579 1083 2605 4.
1171 2579 1197 2613 u)
1215 2582 1266 2606 alia
1284 2582 1341 2607 iura
1358 2582 1383 2608 4.
1395 2583 1420 2609 5.
1502 2583 1527 2615 v)
1546 2583 1614 2609 deest
1632 2581 1656 2608 4.
1670 2582 1695 2610 5.
1772 2581 1804 2615 w)
1821 2582 1968 2608 omnimo&

315 2615 416 2640 omnino
441 2615 464 2641 4.
482 2616 506 2642 5.
612 2617 637 2647 Χ)
656 2618 725 2650 pred.
742 2626 811 2644 cons.
833 2618 858 2645 4.
876 2619 899 2644 5.
1006 2621 1031 2653 Υ)
1049 2631 1117 2647 nova
1135 2624 1205 2648 linea
1224 2624 1235 2649 1
1245 2633 1252 2655 ;
1280 2633 1337 2650 cum
1355 2626 1428 2658 eiyno
1445 2626 1614 2659 paragraphi
1635 2625 1661 2651 2.
1766 2625 1790 2658 ⁸)
1808 2625 1883 2651 electi
1900 2624 1926 2651 4.
1941 2625 1967 2651 5.

315 2658 337 2688 a)
357 2658 387 2682 de
406 2659 467 2685 add.
487 2658 511 2685 4.
525 2660 548 2685 5.
643 2659 670 2692 b)
688 2668 720 2685 ex
737 2660 761 2686 4.
782 2661 806 2687 ἴ).
904 2662 926 2693 c)
946 2665 1096 2696 precedente
1114 2664 1139 2691 4.
1156 2666 1181 2692 5.
1279 2666 1305 2700 d)
1324 2669 1471 2694 huiusmodi
1490 2670 1679 2695 coronationem
1698 2668 1874 2701 (coronatione
1891 2667 1919 2701 ὃ)
1937 2676 1968 2695 nc

316 2700 465 2745 inunctione
484 2702 655 2734 subsequente
673 2703 735 2729 add.
753 2703 777 2729 4.
791 2704 815 2729 5.
915 2705 939 2737 Β)
958 2706 1025 2731 deest
1039 2707 1064 2733 4.
1160 2708 1180 2741 s)
1199 2708 1295 2744 de[bet]
1315 2711 1338 2736 1.
1442 2711 1468 2744 Β)
1486 2713 1544 2745 Ipse
1561 2711 1586 2738 4.
1599 2712 1624 2739 5.
1723 2710 1750 2744 11)
1769 2711 1839 2737 dee-st
1855 2710 1880 2738 2.
1898 2710 1923 2737 4.
1941 2711 1967 2738 5.

314 2742 333 2774 ¹)
352 2747 396 2768 tot.
410 2744 451 2769 Al.
471 2744 494 2770 5.
583 2744 608 2776 k)
628 2746 695 2771 deest
714 2746 737 2772 1.
824 2746 844 2778 ¹)
863 2757 940 2773 nunc.
955 2753 993 2774 est
1011 2749 1035 2775 4.
1048 2750 1073 2776 5.
1162 2752 1194 2784 ¹¹¹)
1213 2753 1282 2779 deest
1299 2753 1323 2780 2.
1338 2754 1362 2779 4.
1374 2754 1399 2781 5.
1487 2754 1513 2787 ¹¹)
1531 2755 1728 2788 Brandenburg.
1746 2754 1772 2781 2.
1984 2756 2012 2776 ⁵⁰

421 2803 446 2835 1)
466 2802 556 2836 Supra
574 2811 615 2830 nr.
631 2808 675 2831 792
693 2813 750 2838 cap.
766 2811 788 2833 1.
877 2807 902 2839 2)
922 2807 994 2834 Ιὺίᾱ.
1014 2817 1072 2843 cap.
1087 2814 1110 2837 2,
