2158 3138
342 199 403 228 102

448 281 493 314 ‘In
514 287 628 314 nomine
650 282 782 314 Domini
804 295 894 314 amen.

448 339 517 366 Cum
533 340 652 366 vacante
667 334 815 366 Romano
838 347 925 373 regno
946 346 995 365 seu
1011 337 1138 365 Romano

384 391 503 425 imperio
537 399 588 425 per
617 391 738 417 mortem
771 385 875 417 felicis
903 384 1140 416 recordacionis

384 438 579 469 serenissimi
597 441 705 468 domini
720 436 855 468 Henrici
876 441 1018 475 quondam
1038 440 1139 468 Roma·

383 503 484 521 norum
505 489 718 530 imperatoris,
740 492 847 519 vocatis
863 492 913 526 qui
931 492 1060 519 fuerunt
1075 500 1139 519 evo-

383 545 467 572 candi
489 546 519 572 et
541 544 590 578 qui
612 544 642 571 in
665 544 826 571 electione*
851 543 926 578 regis
949 543 1139 571 Romanorum

383 597 427 623 ius
449 596 553 623 habere
576 596 769 628 dinoscuntur,
792 604 831 622 ac
853 595 1032 630 presentibus
1053 590 1140 623 diota

383 648 429 675 die
453 644 636 674 continuata
659 647 695 674 ad
722 647 902 681 eligendum*
925 647 1066 680 omnibus,
1089 647 1139 681 qui

385 700 550 732 voluerunt,
578 700 733 734 potuerunt
761 700 791 725 et
813 699 972 726 debuerunt
987 699 1139 739 'commode

384 751 530 783 interesse,
547 751 704 785 placuerat
720 750 849 777 omnibus
867 749 901 777 et
916 746 1048 787 singulis
1064 756 1138 787 pre-

349 819 350 823 «
385 798 529 829 sentibus
544 802 580 829 ad
596 802 764 830 electionem
778 802 930 837 procedere
951 802 1039 829 futuri
1055 801 1138 836 regis,

383 854 528 888 inquisitis
548 854 623 881 votis
646 853 770 882 omnium
793 855 823 881 et
845 853 1021 888 singulorum
1042 853 1086 880 ius
1109 853 1139 880 in

385 906 524 933 electione
545 905 634 940 ipsius
657 905 731 940 regis
757 905 927 932 habencium
950 904 984 932 et
1005 911 1139 942 pressu-¹

386 953 480 994 cium,
504 966 601 985 omnes
627 959 657 985 et
684 957 810 992 singulos
837 957 974 984 electores
996 957 1139 991 predictos

384 1011 522 1044 appareat
545 1005 599 1036 exd
626 1009 770 1044 premissis
801 1008 936 1036 direxisse
962 1008 1140 1036 concorditer

388 1063 456 1089 vota
479 1069 530 1088 sua
551 1061 582 1087 in
603 1061 758 1088 illustrem*
777 1056 1015 1096 Lud(owicum)
1039 1056 1138 1087 comi-

386 1111 452 1141 tem
477 1108 656 1150 palatinum
683 1107 766 1139 Reni
793 1108 909 1140 ducem
938 1108 1086 1139 Bawarie
1108 1112 1139 1139 in

386 1173 450 1192 eum
483 1164 687 1192 consenciendo
721 1166 751 1191 et
783 1164 876 1198 ipsum
902 1163 1075 1191 nominando
1108 1163 1139 1190 in

349 1235 351 1237 ·
386 1216 578 1243 Romanorum
600 1224 695 1250 regem
712 1215 881 1250 eligendum,
904 1224 955 1250 per
977 1215 1056 1242 cuius
1078 1215 1139 1249 qui-

385 1268 448 1295 dem
470 1263 664 1304 Lud(owiei)
692 1262 831 1304 predicti
860 1268 977 1301 experte
999 1266 1139 1293 strennui-

385 1320 455 1347 tatis
477 1319 587 1352 merita,
611 1319 696 1346 *fidei
718 1319 872 1354 puritatem
896 1320 926 1346 et
948 1318 1140 1345 constanciam

385 1372 514 1404 speratur
543 1372 720 1396 sacrosancta
747 1369 873 1396 Romana
902 1379 942 1397 ac
975 1368 1142 1396 universalis

385 1422 505 1449 ecclesia
523 1423 653 1456 potenter
671 1424 700 1448 et
722 1422 833 1448 utiliter
855 1421 976 1456 [posse]⁰
999 1422 1141 1449 defensari

385 1483 417 1502 ac
450 1474 481 1501 in
514 1474 709 1509 spiritualibus
743 1476 773 1501 et
806 1473 1010 1508 temporalibus
1043 1473 1142 1500 votiva.

386 1526 527 1560 suscipere
542 1526 717 1553 incrementa
733 1527 767 1553 et
783 1525 872 1553 eciam
892 1534 937 1553 res
951 1525 1066 1560 publica
1077 1534 1141 1560 pro-

387 1577 450 1605 vide
473 1577 558 1612 dirigi
581 1579 611 1605 et
625 1578 732 1612 pariter
753 1577 807 1604 sibi
829 1586 950 1612 superno
968 1578 1140 1612 suffragante

763 1638 816 1664 ego
839 1625 956 1656 Petrus
980 1624 1140 1666 archiepi-

385 1687 501 1718 scopus
516 1677 722 1719 Maguntinus
738 1676 919 1708 antedictus
943 1681 1003 1708 vice
1023 1690 1087 1708 mea
1102 1689 1142 1708 ac

386 1734 574 1761 coelectorum
589 1742 716 1760 meorum
731 1728 951 1770 predictorum
966 1733 1011 1759 ius
1033 1733 1063 1759 in
1078 1733 1141 1767 ipsa

386 1785 524 1812 electione
547 1785 716 1814 habencium
744 1794 777 1812 ex
799 1785 945 1819 potestate
973 1785 1060 1811 michi
1083 1790 1143 1822 per

385 1629 492 1656 auxilio
514 1629 676 1664 gubernari,

386 1844 442 1864 eos
468 1837 576 1864 tradita
602 1837 764 1871 specialiter
797 1839 826 1865 et
859 1845 992 1865 concessa
1021 1837 1142 1864 eundem

383 1884 646 1926 Lud(owicum)*‚
656 1889 789 1917 invocata
801 1889 893 1916 sancti
901 1889 1024 1924 Spiritus
1035 1888 1141 1923 gracia,

385 1941 415 1968 in
437 1941 627 1968 Romanorum
656 1950 751 1976 regem
779 1941 853 1976 eligo
882 1941 913 1968 in
940 1940 1141 1974 imperatorem

387 1993 514 2019 futurum
536 1988 795 2027 promovendum.³*

410 2042 440 2071 6.
463 2044 608 2072 Electione
625 2047 720 2072 autem
733 2045 893 2072 huiusmodi
909 2044 1062 2077 celebrata,
1078 2052 1141 2071 eam

342 2102 401 2122 nos
428 2105 524 2124 omnes
551 2098 580 2124 et
607 2097 711 2131 singuli
739 2097 895 2123 electores*
923 2095 1042 2130 predicti
1065 2101 1140 2133 pre-

343 2146 450 2174 sentes
482 2148 700 2182 approbavimus
728 2150 758 2176 et
784 2142 834 2175 ‘Te
864 2148 954 2175 Deum
981 2142 1142 2175 laudamus’

342 2199 403 2226 alta
426 2208 493 2227 voce
516 2200 633 2227 fecimus
656 2200 802 2228 decantari
831 2202 860 2227 et
883 2200 990 2227 dictum
1012 2201 1140 2227 nostrum

343 2251 476 2284 electum,
505 2252 553 2285 qui
580 2261 695 2286 presens
724 2252 822 2279 extitit
844 2253 874 2279 et
897 2251 1031 2279 electioni
1054 2251 1089 2278 de
1111 2260 1140 2278 se

342 2302 416 2329 facte
439 2303 534 2330 divine
556 2305 655 2331 nolens
679 2305 810 2332 resistere
837 2303 979 2331 voluntati
1006 2303 1140 2337 interpel-

343 2354 418 2381 latus
447 2360 518 2382 cum
546 2352 703 2383 instancia
730 2365 747 2382 a
775 2356 858 2383 nobis
884 2357 1047 2383 reverenter
1076 2363 1140 2382 con-

343 2401 456 2438 sensit¹‚
480 2408 509 2433 et
531 2407 632 2435 deinde
655 2408 823 2435 electionem
841 2407 933 2442 ipsam
954 2407 1029 2434 clero
1046 2408 1076 2434 et
1093 2415 1142 2441 po-

342 2458 410 2491 pulo
433 2458 628 2493 sollempniter
654 2460 770 2487 fecimus
798 2459 946 2494 publicari.
991 2454 1142 2486 Postmo-

344 2504 422 2536 dum
458 2516 537 2537 vero
579 2507 684 2547 ipsum
723 2507 861 2538 electum
905 2507 937 2538 in
976 2507 1141 2538 civitatem

344 2556 688 2590 Frankenvordensem
719 2558 962 2590 introducentes
992 2563 1028 2589 in
1054 2563 1140 2590 eccle-

344 2612 414 2639 siam
435 2610 535 2640 sancti
550 2610 770 2642 Bartholomei
791 2615 958 2642 deduximus
982 2616 1012 2642 et
1033 2611 1139 2652 ipsum

343 2671 441 2702 super
463 2661 565 2693 altare
588 2663 700 2702 maius,
724 2665 820 2704 prout
841 2663 939 2693 moris
955 2665 988 2694 et
1004 2672 1138 2693 consue-

447 2754 513 2782 102.
541 2755 566 2788 d)
585 2766 651 2782 corr.
665 2766 696 2782 ex
713 2758 739 2782 in
758 2757 850 2783 eraso?
868 2757 901 2783 A.
990 2757 1013 2790 Β)
1031 2757 1124 2782 excidit
1141 2756 1174 2782 A.

446 2823 512 2850 103.
525 2845 528 2847 .
540 2824 563 2858 ⁶)
582 2831 722 2859 consensqt
739 2827 771 2851 B.

571 195 670 223 ACTA
687 195 802 223 REGNI
821 194 1005 222 LUDEWICI
1024 194 1072 222 IV.
1090 194 1137 222 ΕΤ
1155 193 1342 222 FRIDERICI
1361 193 1409 221 111.
1446 193 1538 221 1314„
1557 193 1679 222 Nr;.102.
1699 193 1758 221 los.

1299 281 1344 312 ‘In
1365 284 1476 312 nomine
1498 281 1629 313 Domini
1652 294 1743 312 amen.
1799 301 1801 303 ·
1819 301 1822 303 Δ
1901 306 1903 309 f

1302 336 1371 363 cum
1383 338 1504 363 vacante
1516 332 1693 373 Roman(o)
1708 344 1794 371 reguo
1806 344 1854 363 scu
1866 335 1995 363 Eoum

1233 387 1352 422 imperio
1382 396 1432 422 per
1462 390 1577 415 mortem
1615 383 1718 416 felicis
1754 383 1995 423 recordacionis

1235 436 1430 468 serenissimi
1453 439 1559 466 domini
1579 435 1715 467 Henrici
1736 440 1876 473 quondam
1894 439 1994 466 Roma-

1234 499 1331 518 norum
1354 488 1568 530 imperatoris,
1597 490 1706 518 vocatis
1722 491 1915 525 quisset-unt
1929 499 1995 524 svnt

1237 542 1319 570 candi
1344 545 1374 570 et
1400 542 1449 577 qui
1474 542 1503 569 in
1528 543 1684 570 electione*
1708 542 1783 578 regis
1807 537 1994 570 ltomanbmrfi

1234 594 1278 620 ius
1303 595 1407 622 habere
1433 594 1616 622 dinoscuntur
1637 603 1676 623 ac
1701 595 1880 631 presentibus
1906 589 1997 622 (liciasv

1235 645 1281 673 die
1293 645 1330 672 ad
1348 645 1526 681 eligendum*
1544 646 1681 674 omnibus.
1700 646 1749 680 qui
1768 646 1992 680 voluerunt,]po'÷

1234 699 1349 725 tuerunt
1362 699 1391 724 et
1402 698 1559 726 debuerunt
1571 698 1715 725 commode
1726 698 1868 729 interesse,
1882 696 1994 731 placue-

1235 752 1290 778 rat
1321 749 1450 776 omnibus
1484 749 1518 778 et
1555 746 1688 788 singulis
1718 745 1932 788 presentibus·
1955 749 1994 776 sd

1237 800 1402 828 electionem
1421 802 1569 836 procedere
1587 801 1675 828 futuri
1688 801 1771 836 regis,
1787 799 1931 835 inquisitis
1948 807 1996 827 vo-

1235 852 1273 879 tis
1291 853 1414 879 omnium
1433 855 1463 880 et
1480 853 1655 888 singulorum
1676 852 1720 880 ius
1742 852 1773 879 in
1797 851 1935 880 electione
1952 851 1994 886 ip-

1236 903 1293 930 sius
1310 904 1384 939 regis
1403 905 1570 932 habencium
1595 905 1628 933 et
1654 902 1876 943 presencium,
1899 911 1996 931 omnes

1237 957 1267 982 et
1284 955 1408 990 singulos
1422 957 1556 984 electores
1568 957 1711 991 predictos
1725 957 1865 991 appareat
1881 964 1915 982 ex
1933 963 1995 990 pre-

1235 1007 1327 1034 missis
1351 1007 1484 1035 direxisse
1507 1008 1681 1035 coneorditer
1702 1010 1770 1035 vota
1787 1016 1837 1035 sua
1854 1007 1885 1034 in
1902 1007 1994 1034 illust-

1237 1059 1310 1086 rem*
1322 1056 1533 1088 Ludowicum
1550 1057 1701 1088 comitem
1716 1056 1895 1098 palatinum
1909 1055 1995 1087 Rsni

1237 1106 1352 1139 ducem
1359 1108 1518 1146 Bawarie,
1530 1111 1559 1137 in
1573 1119 1636 1138 eum
1649 1110 1849 1138 consenciendo
1861 1111 1891 1138 et
1901 1110 1995 1145 ipsum

1236 1161 1404 1189 nominando
1435 1162 1465 1189 in
1493 1162 1678 1190 Romanorum
1704 1163 1806 1198 regem'
1826 1161 1995 1197 eligendum.

1236 1221 1286 1247 per
1304 1213 1382 1240 cuius
1399 1214 1515 1248 quidem
1529 1210 1696 1242 Ludowici
1718 1210 1855 1252 predicti
1878 1215 1997 1249 experts

1236 1265 1433 1292 strennuitatis
1458 1266 1571 1298 merita,
1598 1266 1682 1292 *fidei
1699 1266 1852 1300 puritatem
1871 1267 1901 1292 et
1930 1262 1995 1292 con?

1238 1316 1378 1344 stanciam
1395 1319 1525 1351 speratur
1541 1319 1719 1345 sacrosancta
1737 1317 1863 1344 Romana
1879 1326 1919 1345 ac
1933 1316 1997 1344 uni«

1237 1368 1353 1395 vei-salis
1375 1369 1495 1396 ecclesia
1519 1371 1651 1404 potenter
1672 1371 1702 1397 et
1719 1368 1830 1396 utiliter
1847 1376 1928 1403 posse
1946 1367 1998 1395 de-

1237 1418 1340 1446 fensari
1358 1429 1391 1448 ac
1411 1421 1440 1447 in
1459 1420 1654 1456 spiritualibus
1679 1422 1709 1448 et
1726 1419 1929 1455 temporalibus
1947 1427 1997 1446 vo-

1237 1470 1297 1498 tiva
1315 1472 1455 1507 suscipere
1473 1473 1646 1500 incrementa
1667 1475 1705 1501 et
1725 1472 1815 1500 eciam
1833 1470 1996 1506 respublica

1236 1523 1352 1557 provide
1378 1524 1463 1560 dirigi
1491 1527 1520 1552 et
1545 1524 1652 1560 pariter
1674 1532 1795 1559 superno
1816 1523 1872 1550 sibi
1896 1522 1999 1550 suffi'ar:

1237 1577 1324 1609 gante
1343 1576 1448 1603 auxilio
1466 1576 1626 1611 gubernari,
1695 1584 1748 1611 ego
1777 1572 1895 1604 Petrus
1921 1571 1992 1603 Mn-

1237 1624 1390 1666 guntinus
1423 1624 1684 1667 archiepiscopus
1717 1623 1900 1656 antedictus
1931 1627 1994 1655 vioe

1235 1688 1298 1707 mea
1315 1682 1345 1707 et
1363 1680 1550 1707 coelectorum
1569 1688 1691 1721 meorum
1709 1675 1929 1718 predictorum
1949 1679 1994 1706 ius

1236 1732 1265 1758 in
1283 1732 1346 1766 ipsa.
1364 1731 1502 1759 electione
1519 1731 1686 1758 habeucium
1705 1740 1739 1759 ex
1752 1732 1895 1766 potestate
1906 1729 1994 1757 michi

1237 1791 1297 1822 per
1312 1790 1368 1812 eos
1384 1783 1492 1810 tradita
1509 1782 1672 1818 specialiter
1684 1784 1713 1810 et
1726 1791 1858 1809 concessa
1876 1782 1995 1809 eundem

1237 1832 1447 1864 Ludowioum
1454 1837 1477 1871 ²⁸,
1496 1835 1628 1862 invocata
1641 1834 1762 1869 Spiritus
1779 1833 1871 1861 sancti
1887 1833 1995 1869 gracia,

1237 1888 1267 1914 iu
1287 1887 1475 1915 Romanorum
1486 1895 1580 1922 regem
1598 1886 1674 1921 eligo
1691 1885 1722 1912 in
1739 1886 1936 1920 imperatorem
1953 1884 1995 1912 fu«

1239 1941 1332 1966 turum
1351 1938 1606 1973 promovendumff*

2020 497 2038 518 ἱ

2011 754 2039 774 m

2011 1013 2040 1035 1¹¹

1259 2041 1290 2071 6.
1320 2042 1466 2069 Electione
1483 2044 1578 2069 autem
1591 2041 1751 2069 huiusmodi
1763 2041 1914 2075 celebrata,
1932 2050 1995 2068 eam
2027 2051 2029 2053 ·

1193 2102 1252 2123 nos
1265 2102 1360 2122 omnes
1373 2097 1402 2121 et
1414 2094 1519 2129 singuli
1531 2094 1682 2121 electores*
1691 2093 1812 2128 predicti
1825 2092 1994 2131 presentes

1194 2146 1412 2181 approbavimus
1437 2148 1466 2173 et
1489 2145 1543 2172 ‘Te
1562 2145 1650 2172 Deum
1667 2144 1828 2172 laudamus'
1846 2145 1908 2172 altu.
1926 2152 1994 2172 voce

1193 2198 1310 2226 fecimus
1328 2197 1472 2226 decantari
1491 2199 1520 2225 et
1538 2197 1645 2224 dictum
1661 2198 1785 2224 nostrum
1797 2196 1926 2229 electum,
1944 2195 1994 2230 qui

1194 2237 1306 2285 presens
1333 2249 1430 2277 extitit
1462 2251 1491 2276 et
1518 2248 1650 2277 electioni
1677 2248 1710 2276 de
1737 2257 1767 2275 ss
1794 2248 1870 2275 facte
1897 2247 1994 2275 divine

1194 2302 1291 2329 nolens
1313 2301 1441 2329 resistere
1462 2301 1602 2328 voluntati
1622 2300 1820 2335 interpellatus
1843 2306 1917 2328 cum
1943 2296 1993 2327 in-

1195 2351 1317 2382 stancia
1340 2362 1358 2380 a
1380 2353 1460 2380 nobis
1484 2354 1643 2380 reverenter
1660 2351 1825 2384 consensit·,
1844 2353 1874 2378 et
1891 2350 1993 2378 deinde

1195 2405 1360 2433 electionem
1387 2405 1479 2439 ipsam
1507 2405 1581 2432 clero
1608 2406 1638 2432 et
1665 2403 1770 2439 populo
1799 2401 1996 2436 sollempniter

1194 2457 1309 2485 fecimus
1331 2456 1479 2492 publicari.

1195 2506 1334 2538 electum
1374 2506 1406 2537 in
1450 2506 1613 2537 civitatem
1650 2501 1995 2535 Frankenvordensem

1192 2557 1433 2589 introducentes
1460 2561 1496 2588 in
1523 2561 1672 2589 ecelesiam
1698 2555 1800 2587 sancti
1821 2553 1994 2586 Bartholo-

1194 2609 1258 2641 mei
1281 2612 1446 2640 deduximus
1470 2615 1499 2640 et
1522 2609 1627 2650 ipsum
1643 2617 1740 2649 super
1754 2607 1857 2638 altare
1879 2605 1993 2646 maius,

1192 2664 1288 2703 prout
1310 2661 1408 2692 moris
1432 2663 1466 2692 et
1488 2659 1726 2692 consuetudinis
1749 2661 1812 2699 est,
1838 2656 1995 2689 adhibitis

1261 2755 1281 2788 ἶ)
1300 2760 1444 2788 consensi-lt
1462 2756 1495 2781 A.

1534 2452 1747 2485 Postmodum
1777 2461 1855 2482 vero
1889 2451 2002 2492 ipsum>

2010 2354 2040 2374 4⁰

2011 2617 2045 2636 db
