2158 3138
628 138 843 166 TRACTATUS
861 138 908 165 DE
926 137 1139 165 ELECTIONE.
1176 138 1250 165 1314.
1287 138 1335 165 Nr.
1348 138 1389 166 87.
1408 138 1449 166 88.
1821 144 1860 174 83

321 231 350 261 3.
384 227 417 260 Si
441 237 517 259 vero
540 227 572 258 in
596 229 719 258 tantum
742 225 983 257 coronationem
1006 228 1147 256 nostram
1172 224 1276 256 differi
1293 226 1504 267 contingeret,
1522 232 1638 258 extunc
1656 229 1714 269 ipsi
1733 228 1861 261 domino
1877 238 1925 257 αι.

211 279 321 312 abbati
344 280 478 311 terciam
501 280 627 320 partem
650 277 683 309 in
705 277 788 308 festo
813 275 988 307 nativitatis
1004 275 1134 307 Domini
1158 277 1315 318 proximo,
1340 277 1515 309 secundam
1539 280 1670 310 terciam
1696 280 1725 311 in
1749 280 1859 312 subse·
1876 288 1926 308 im„
1941 290 1972 309 τε.

210 332 321 374 quenti
343 331 426 363 festo
449 329 590 369 Pascha,
613 328 774 361 residuam
798 338 875 360 vero
900 329 1033 359 terciam
1057 327 1143 360 dicte
1166 329 1301 369 pecunie
1332 329 1363 360 in
1388 329 1470 361 festo
1494 330 1580 361 beati
1605 330 1756 363 Iohannis
1781 332 1859 374 bap·
1876 317 1982 362 »ιἰἷῗύ.

211 384 285 414 tiste
307 382 454 425 proximo
478 381 708 423 persolvemus.
1876 365 1922 386 ¹⁰⁶⁴
1936 368 1969 386 π’

180 443 191 463 ³
319 437 348 466 4.
383 433 518 475 Insuper
540 431 719 464 honorabili
744 432 811 463 viro
835 432 987 472 magistro
1011 430 1156 472 Nycolao
1180 431 1302 473 phisico
1326 433 1479 464 canonico
1504 433 1534 464 in
1555 433 1682 475 Howge
1708 439 1741 466 et
1764 435 1861 467 nobili
1877 446 1925 464 c-s.

211 487 279 519 viro
303 484 434 527 Symoni
458 484 498 516 de
521 483 755 516 Blankenwald
779 483 967 515 consiliariis
990 482 1126 524 predicti
1142 483 1262 515 domini
1279 482 1407 515 abbatis
1426 484 1581 516 ducentas
1598 496 1721 517 marcas
1737 488 1861 528 argenti

212 537 427 580 promittimus
449 547 508 568 nos
531 535 673 568 daturos.

318 589 356 621 In
384 588 473 620 cuius
503 588 550 620 rei
578 586 796 619 testimonium
820 590 988 628 presentes
1014 587 1138 618 litteras
1161 586 1258 628 sigilli
1282 588 1381 619 nostri
1406 588 1582 620 munimine
1607 589 1763 622 tradimus
1786 601 1861 622 con-

212 641 365 683 signatas.

170 703 193 723 ιο
317 691 438 725 Datum
460 692 494 731 in
520 691 632 722 castris
658 690 745 732 apud
768 689 1018 731 Frankenvord,
1042 700 1125 721 anno
1149 689 1279 722 Domini
1303 691 1475 723 millesimo
1501 692 1582 724 OOC
1610 693 1863 735 quartodecimo,

211 741 446 776 xxc-Karena
470 742 673 775 Novembris.

253 919 313 955 88.
353 918 527 964 Scriptum
554 918 802 964 archiepiscopi
831 917 1030 963 Moyemtini
1051 930 1120 964 pro
1147 918 1315 954 nobilibus
1338 918 1571 955 VVctteraviae.
1678 921 1750 957 Oct.
1770 923 1827 957 15.

324 993 423 1033 Copia
438 992 493 1035 (c.)
508 993 545 1024 in
563 991 710 1032 Copiario
726 991 1000 1024 Falkensteinensi
1014 992 1068 1031 fol.
1082 993 1124 1023 25
1141 991 1294 1024 tabularii
1309 993 1387 1033 reyii
1402 993 1648 1033 Herbipolensis.
1684 994 1864 1036 Descripsi-

213 1056 284 1078 mus
305 1055 371 1077 nos.
395 1066 437 1070 —
459 1044 522 1076 Ed.
541 1043 668 1076 Reimer
691 1043 884 1076 ‘Hessisches
906 1044 1168 1077 Urkundenbuch'
1191 1044 1240 1081 ΙΙ,
1256 1046 1279 1075 2
1294 1055 1328 1084 p.
1347 1046 1410 1075 130
1432 1055 1483 1077 nr.
1500 1046 1562 1077 134
1585 1057 1624 1077 ex
1647 1057 1672 1078 c.

168 1117 192 1138 u»
321 1105 472 1146 Reqesten
494 1105 550 1136 der
572 1103 779 1145 Psalzyrafen
801 1115 850 1136 nr.
870 1104 962 1136 1918.

318 1199 408 1245 [mos
431 1201 548 1233 Petrus
570 1199 634 1231 Dei
664 1199 773 1242 gracia
802 1202 911 1230 sancte
935 1199 1124 1242 Moguntine
1148 1199 1234 1230 sedis
1257 1199 1520 1241 archiepiscopus
1550 1201 1631 1231 sacri
1656 1201 1781 1243 imperii
1807 1212 1866 1244 per

209 1252 417 1285 Germaniam
444 1251 746 1284 archicancellarius
774 1251 1033 1292 recognoscimus
1061 1252 1094 1282 in
1121 1251 1182 1282 hiis
1212 1251 1354 1292 scriptis,
1378 1251 1465 1293 quod
1490 1253 1711 1294 procuratorio
1735 1255 1865 1286 nomine

210 1315 268 1347 pro
299 1305 414 1336 illustri
441 1303 570 1336 domino
598 1302 773 1335 Ludewico
797 1303 914 1334 comite
938 1303 1102 1344 palentino
1125 1302 1209 1334 Reni
1233 1302 1314 1334 duce
1338 1302 1476 1334 Bavarie
1507 1303 1648 1345 speciale
1676 1304 1863 1337 mandatum

210 1356 252 1389 ad
279 1355 340 1388 hoc
367 1355 525 1388 habentes
552 1349 624 1386 cum
652 1354 813 1387 nobilibus
841 1355 916 1386 viris
940 1353 1058 1386 sifrido
1082 1353 1122 1386 de
1146 1353 1360 1396 Eppenstein,
1384 1354 1567 1397 Ph(ilippo)
1591 1355 1632 1386 de
1650 1355 1862 1388 Valkenstein

168 1415 194 1436 20
211 1409 326 1441 iuniori
357 1410 390 1439 et
416 1407 527 1439 Ulrico
557 1405 598 1438 de
627 1405 774 1438 Hanawe
804 1406 1016 1438 conduximus
1047 1416 1104 1438 seu
1136 1406 1343 1437 tractavimus
1371 1407 1402 1437 in
1432 1406 1516 1438 hunc
1539 1407 1684 1439 modum:
1776 1409 1862 1451 quod

211 1460 348 1503 quilibet
374 1469 486 1492 eorum
514 1457 660 1500 predicto
689 1457 820 1490 domino
848 1457 1051 1499 Lud(ewico)
1083 1461 1228 1499 tempore
1260 1458 1446 1489 electionis·
1475 1459 1560 1500 regis
1589 1459 1807 1492 Romanorum
1832 1461 1864 1492 in

209 1510 389 1544 Francfurd
413 1513 446 1542 et
468 1513 615 1552 tempore
643 1510 863 1541 coronacionis
890 1520 947 1541 sue
975 1509 1078 1551 Aquis
1107 1520 1178 1541 cum
1209 1509 1340 1551 triginta
1363 1509 1535 1542 dextrariis
1558 1521 1615 1542 seu
1639 1511 1772 1543 caballis
1795 1523 1862 1543 ser-

210 1565 277 1596 vire
299 1564 446 1607 promisit
467 1563 609 1596 fideliter
631 1567 664 1595 et
686 1566 803 1595 astare.
848 1563 962 1595 Dictus
986 1573 1113 1605 quoque
1143 1562 1290 1594 dominus
1317 1561 1509 1593 Ludewicus
1538 1566 1670 1604 propter
1693 1564 1807 1595 merita
1831 1567 1864 1595 et

210 1619 305 1660 grata
328 1626 439 1648 eorum
462 1615 597 1647 servicia
619 1614 680 1646 sibi
702 1615 735 1646 in
758 1614 851 1646 dictis
873 1615 953 1646 locis
978 1617 1010 1645 et
1034 1607 1232 1655 temporibus
1255 1612 1461 1655 inpendenda
1485 1613 1616 1645 cuilibet
1639 1625 1750 1646 eorum
1775 1614 1863 1646 mille

167 1675 192 1696 25
211 1670 244 1700 et
270 1667 425 1700 ducentas
456 1677 581 1698 marcas
610 1667 736 1708 argenti
763 1669 796 1699 et
825 1666 950 1698 duobus
976 1665 1132 1697 militibus
1159 1664 1329 1696 cuiuslibet
1352 1663 1508 1696 dictorum
1532 1666 1626 1697 trium
1651 1665 1863 1706 dominorum,

211 1730 291 1762 quos
318 1718 359 1751 ad
387 1719 448 1751 hoc
477 1718 626 1760 eligerint
654 1728 711 1750 seu
738 1717 979 1760 deputaverint,
1008 1718 1162 1750 ducentas
1193 1718 1292 1750 libras
1320 1717 1522 1749 Hallensium
1552 1717 1643 1749 dabit
1671 1721 1703 1749 et
1731 1718 1864 1750 donabit

211 1769 437 1815 expedit[as].'
462 1769 559 1802 Cuius
585 1770 722 1812 pecunie
750 1769 892 1801 mediam
922 1772 1048 1812 partem
1076 1770 1108 1801 in
1138 1769 1285 1811 proximo
1314 1769 1396 1801 festo
1420 1769 1596 1800 nativitatis
1620 1768 1748 1801 Domini
1774 1776 1806 1802 et
1828 1771 1861 1802 in
1878 1781 1975 1804 emsa.

210 1822 439 1865 subsequentib
462 1822 544 1854 festo
568 1821 672 1853 Pasce
700 1821 863 1853 residuam
886 1821 1096 1853 medietatem
1119 1821 1283 1863 persolvet
1310 1820 1471 1852 nobilibus
1500 1820 1679 1852 antedictis.
1726 1821 1860 1863 Insuper
1877 1823 1980 1868 „3223

211 1878 277 1907 est0
306 1874 483 1915 adiectum,
511 1872 598 1916 quod
621 1872 764 1916 prefatus
793 1873 941 1905 dominus
970 1873 1036 1904 dux
1066 1873 1107 1904 ad
1135 1873 1331 1904 refusionem
1362 1873 1503 1904 omnium
1536 1871 1748 1914 dampnorum
1772 1876 1862 1905 tene-

169 1934 195 1955 ³⁰
211 1926 310 1966 bitur,
345 1927 371 1958 si
405 1936 467 1969 que
498 1925 642 1968 prefatos
677 1924 802 1956 nobiles
835 1925 887 1957 vel
922 1935 1146 1967 quemcunque
1181 1935 1292 1956 eorum
1323 1925 1483 1956 incurrere
1514 1924 1714 1965 contingeret
1741 1925 1772 1955 in
1799 1925 1865 1956 suis

211 1978 352 2011 serviciis
375 1976 561 2020 prenotatis.
607 1976 738 2008 Debent
761 1977 863 2008 eciam
887 1976 1044 2018 sepedicti
1060 1976 1185 2008 nobiles
1205 1976 1284 2008 locis
1308 1978 1341 2007 et
1364 1975 1564 2017 temporibus
1587 1975 1752 2017 prelibatis
1778 1975 1864 2018 apud

210 2041 268 2062 nos
290 2028 424 2062 Petrum
448 2027 725 2070 archiepiscopum
747 2028 972 2071 Maguntinum
995 2027 1174 2070 predictum
1199 2031 1284 2059 stare
1309 2031 1341 2059 et
1363 2038 1494 2059 manere
1526 2037 1598 2058 cum
1621 2038 1678 2058 suo
1702 2027 1861 2058 adiutorio

210 2084 399 2114 memorato.
444 2080 487 2113 Et
510 2090 607 2122 super
629 2081 697 2111 istis
725 2080 873 2111 omnibus
896 2079 1044 2111 tenendis
1066 2090 1124 2122 per
1146 2079 1347 2121 sepedictum
1371 2079 1534 2110 dominum
1564 2078 1679 2110 ducem
1708 2083 1740 2110 et
1762 2079 1863 2110 invio-

210 2133 351 2169 labiliter
374 2131 583 2165 observandis
605 2143 664 2164 nos
686 2131 803 2163 Petrus
827 2131 1087 2174 archiepiscopus
1102 2135 1299 2163 memoratus
1322 2130 1408 2172 apud
1433 2131 1519 2172 ipsos
1544 2130 1667 2161 nobiles
1692 2141 1748 2161 nos
1771 2128 1863 2161 debi-

169 2193 194 2214 ⁸⁵
212 2189 316 2218 torem
349 2184 484 2217 facimus
517 2187 551 2216 et
584 2184 752 2215 statuimus
785 2183 1009 2225 principalem,
1044 2193 1211 2225 quousque
1247 2182 1339 2214 dictis
1370 2181 1530 2213 nobilibus
1560 2192 1656 2223 super
1683 2181 1864 2212 huiusmodi

213 2237 417 2270 ordinacione
454 2239 487 2268 et
524 2235 712 2268 tractatibus
745 2235 869 2267 litteras
903 2234 1111 2278 obligacionis
1145 2234 1302 2276 sepedicti
1341 2234 1429 2265 ducis
1464 2238 1538 2265 ante
1574 2234 1676 2265 dictos
1710 2233 1864 2264 terminos

212 2289 383 2322 solucionis
410 2287 554 2331 predicte
582 2288 718 2330 pecunie
746 2287 987 2330 procurabimus
1019 2287 1207 2328 presentari.
1259 2286 1330 2323 Quo
1363 2285 1449 2317 facto
1478 2297 1497 2317 a
1529 2286 1692 2328 premissis
1716 2284 1863 2316 omnibus

213 2345 246 2374 et
267 2340 401 2383 singulis
424 2351 495 2373 esse
518 2341 665 2373 volumus
687 2340 781 2372 liberi
812 2345 845 2372 et
867 2341 972 2372 soluti.
1060 2340 1099 2371 In
1123 2341 1211 2372 cuius
1235 2340 1281 2371 rei
1305 2339 1525 2370 testimonium
1549 2342 1716 2380 presentes
1739 2337 1862 2369 litteras

212 2393 366 2436 predictis
389 2392 547 2424 nobilibus
570 2392 666 2434 sigilli
689 2393 789 2424 nostri
812 2393 986 2424 munimine
1010 2392 1166 2424 tradimus
1190 2392 1400 2423 conmunitas.

169 2451 196 2472 ⁴⁰
319 2443 395 2476 Dat.
420 2443 687 2486 Aschaffenburg‚
711 2455 794 2476 anno
818 2443 948 2476 Domini
971 2443 1201 2485 MCCCXIIII,
1226 2443 1302 2474 Idus
1327 2442 1459 2474 Octobr.

321 2521 380 2553 Est
407 2522 509 2554 eciam
541 2524 728 2562 tractatum,
760 2521 845 2563 quod
875 2521 994 2552 habitis
1025 2521 1140 2552 litteris
1170 2520 1286 2562 prefati
1316 2519 1435 2551 domini
1469 2519 1558 2550 ducis
1581 2517 1716 2560 predicti
1741 2517 1865 2548 nobiles

215 2573 307 2606 nobis
330 2577 500 2606 teneantur
522 2573 564 2605 ad
588 2574 824 2605 restitutionem
847 2574 1044 2615 presentium
1068 2573 1257 2604 litterarum.

322 2625 396 2656 Dat.
420 2628 456 2657 ut
479 2636 586 2668 supra.

319 2728 365 2755 88.
394 2727 418 2762 ·)
436 2729 545 2754 electo—es
564 2737 584 2754 ο.
672 2727 697 2760 b)
716 2729 888 2761 subsequente
907 2737 927 2753 c.
1016 2729 1038 2757 ⁰)
1056 2735 1106 2759 qus
1125 2736 1146 2752 c.

1610 2818 1657 2843 11*
