2184 3126
345 190 408 219 456
543 184 638 212 ACTA
657 183 770 211 REGNI
789 180 971 209 LUDEWICI
991 179 1038 206 IV.
1056 178 1102 205 ΕΤ
1120 177 1306 205 FRIDERICI
1324 177 1374 204 ΙΙΙ.
1411 176 1486 204 1320.
1522 176 1571 204 Nr.
1584 177 1643 204 567.
1661 176 1721 204 568.
1739 177 1798 205 569.

722 315 807 350 567.
848 314 1003 349 Litterae
1029 311 1179 346 eiusdem
1206 309 1343 344 alterae.
1451 309 1540 354 Apr.
1556 309 1620 344 24.

457 393 555 432 Copia
578 391 633 434 (c.)
657 389 779 421 ibidem.
805 408 846 411 —
869 386 932 418 Ed.
956 386 974 417 l.
990 396 1015 417 c.
1039 395 1077 416 ex
1100 395 1127 416 c.
1173 383 1355 415 Editionem
1377 383 1555 423 repetimus.

453 469 634 500 Fridericus
649 467 712 498 Dei
735 466 838 507 gratia
858 464 1078 495 Romanorum
1101 472 1159 493 rex
1183 471 1311 502 semper
1334 463 1488 503 augustus
1569 462 1708 492 strenuis
1731 463 1764 492 et
1786 460 1998 503 prudentibus

345 522 420 552 viris
440 520 602 562 potestati,
626 518 777 556 ancianis,
801 515 995 554 consulibus,
1020 513 1151 560 consilio
1176 516 1209 544 et
1234 513 1381 544 comuni·
1404 511 1460 556 [et]
1482 512 1604 554 populo
1625 513 1763 545 civitatis
1783 512 1908 552 Padue,
1931 512 1997 544 suis

346 576 378 604 et
400 572 527 613 imperii
550 569 697 601 fidelibus
721 568 846 599 dilectis
934 567 1071 608 gratiam
1095 575 1186 596 suam
1210 567 1244 596 et
1267 574 1361 596 omne
1385 563 1515 596 bonum.
2026 579 2039 598 5

451 623 540 654 Inter
562 619 691 663 varia[s]
715 623 748 651 et
770 618 964 660 multiplices
987 617 1220 657 solicitudines,
1245 626 1307 657 que
1331 618 1441 647 nostra
1464 615 1614 647 continue
1638 615 1861 647 circumfluunt
1882 615 1996 657 latera,

344 675 404 707 hec
426 674 517 705 nobis
541 673 648 704 extitit
663 671 817 713 precipua
832 673 1005 710 nostraque
1022 668 1168 709 exagitat
1183 667 1354 709 precordia
1368 668 1575 708 incessanter,
1599 667 1738 708 qualiter
1760 667 1843 698 sacri
1858 666 1998 699 Romani

345 726 470 767 imperii
493 724 642 756 fidelibus
665 724 754 764 pacis
777 720 1040 762 tranquilitatem,
1065 730 1162 761 quam
1185 720 1216 750 in
1240 719 1362 750 cunctis
1385 717 1534 760 gentibus
1557 729 1682 750 summo
1698 719 1810 760 vigore
1826 718 1998 750 desiderii»

344 777 547 817 affectamus,
578 784 734 816 generare
763 773 900 804 feliciter
922 772 1103 812 valeamus,
1138 771 1212 812 quia
1246 770 1288 802 ad
1322 770 1385 802 hoc
1420 770 1626 802 efficiendum
1659 770 1777 802 multas
1807 773 1919 802 noctes
1947 771 1996 802 in-

344 838 494 870 sompnes
517 827 676 867 ducimus,
710 828 806 867 prout
833 835 874 856 ex
898 824 1074 866 imperialis
1097 823 1358 864 magnificencie,
1389 821 1431 853 ad
1454 832 1551 864 quam
1576 821 1727 853 divinitus
1749 822 1855 854 vocati
1877 832 1997 862 sumus,
2015 835 2042 856 ιο

345 879 454 911 debito
485 878 674 920 obligamur.
725 876 776 908 Ex
805 877 1034 918 premissorum
1064 875 1162 916 igitur
1189 874 1463 916 contemplatione
1493 884 1556 904 non
1585 873 1735 904 inmerito
1764 873 1865 915 quieti
1891 877 1998 906 vestre

344 930 488 962 comodis
516 933 549 961 et
571 929 744 960 honoribus
768 931 933 969 tamquam
957 931 1137 958 nostrorum
1174 929 1207 957 et
1235 925 1363 967 imperii
1391 924 1536 957 fidelium
1571 935 1614 957 ex
1640 925 1760 956 intimis
1782 925 1998 967 intendentes,

344 985 451 1014 nostre
474 981 591 1013 mentis
614 980 754 1011 studium
782 979 823 1010 ad
851 979 912 1010 hoc
936 978 1109 1020 diligenter
1132 987 1170 1009 co
1215 980 1321 1008 ertere
1345 976 1543 1017 curabimus,
1573 979 1608 1008 ut
1630 976 1722 1008 vobis
1750 986 1828 1018 erga
1856 976 1999 1009 nobilem

343 1035 446 1065 virum
470 1032 592 1064 Canem
615 1031 779 1063 Grandem
809 1030 849 1061 de
877 1030 910 1061 la
933 1029 1028 1061 Scala
1054 1040 1118 1060 non
1149 988 1213 1059 εἴ
1225 1032 1275 1060 set
1301 1028 1402 1059 nostri
1426 1038 1522 1060 causa
1545 1028 1704 1070 possimus
1726 1038 1842 1070 pacem
1865 1031 1899 1059 et
1921 1038 1998 1060 con-

344 1085 485 1116 cordiam
500 1093 673 1125 procurare
698 1085 731 1113 et
753 1082 785 1113 111
801 1084 919 1113 statum
935 1080 1026 1112 vobis
1041 1080 1204 1112 salubrem
1221 1083 1255 1111 et
1269 1080 1481 1111 honorificum
1498 1082 1606 1112 vestra
1620 1079 1792 1111 incomoda
1807 1079 1996 1112 reformare.
2014 1089 2042 1109 u

343 1136 464 1167 Verum
489 1136 515 1166 si
538 1135 640 1166 dictus
665 1133 760 1165 Oanis
788 1143 822 1164 se
851 1133 884 1163 in
912 1133 991 1164 1108Ω
1014 1135 1122 1163 nostre
1156 1131 1337 1163 celsitudini
1362 1131 1605 1163 inobedientem
1631 1134 1834 1172 presumeret
1858 1131 1998 1163 reddere

344 1191 377 1219 et
399 1187 564 1224 rebellem,
588 1196 645 1217 vos
668 1186 744 1216 totis
768 1185 886 1216 viribus
910 1186 943 1215 et
965 1184 1111 1225 potentia
1134 1187 1244 1215 nostra
1267 1183 1309 1214 ad
1332 1183 1567 1215 humiliandum
1591 1183 1660 1214 eius
1683 1182 1845 1215 maliciam
1865 1182 1999 1215 viriliter

344 1238 569 1278 defendemus,
604 1247 675 1269 cum
700 1247 756 1268 vos
786 1236 826 1268 ab
854 1237 924 1277 ipso
953 1235 1089 1267 adversa
1117 1245 1319 1277 quecumque
1344 1238 1510 1277 tamquam
1541 1235 1575 1266 in
1601 1245 1740 1276 persona
1769 1234 1901 1276 propria
1930 1234 1999 1276 pati

342 1290 429 1321 nullo
456 1289 552 1320 modo
581 1289 746 1330 paciamur
768 1287 852 1319 necd
875 1287 995 1319 offendi
1024 1288 1105 1318 sicut
1132 1287 1277 1328 pupilam
1310 1287 1411 1318 nostri
1440 1286 1524 1318 oculi
1547 1285 1791 1318 concedamus⁶.
1837 1285 1881 1317 Et
1903 1285 1998 1328 quid-

343 1341 419 1383 quid
453 1340 567 1372 nobilis
596 1340 644 1371 vir
674 1339 828 1370 Nicolaus
860 1339 900 1371 de
929 1339 1082 1371 Cararia¹
1113 1342 1224 1370 noster
1251 1338 1444 1369 secretarius
1476 1341 1509 1369 et
1542 1338 1710 1369 familiaris
1741 1337 1878 1369 dilectus
1907 1337 1999 1369 vobis
2016 1350 2044 1370 so

343 1402 439 1434 super
462 1392 623 1434 premissis
647 1401 689 1422 ex
712 1393 803 1432 parte
827 1393 934 1422 nostre
955 1390 1152 1421 celsitudinis
1173 1389 1330 1430 retulerit,
1354 1389 1454 1420 fidem
1474 1388 1632 1420 studeatis
1648 1388 1814 1420 credulam
1830 1387 1998 1422 adhibere.

448 1443 537 1475 Dat.r
558 1444 589 1474 in
612 1442 778 1483 Brixinass,
802 1441 895 1473 VIII.
913 1442 986 1473 Kal.
1002 1441 1091 1481 Maii,
1115 1442 1207 1483 regni
1229 1441 1329 1472 nostri
1352 1451 1436 1472 auno
1460 1440 1519 1472 VI.

486 1566 572 1602 568.
616 1564 792 1610 Scriptum
818 1566 942 1600 ducum
970 1549 1135 1600 Austriae
1156 1575 1226 1609 pro
1254 1563 1371 1600 comite
1401 1552 1576 1599 Groriciae.
1682 1564 1771 1609 Apr.
1792 1563 1854 1599 25.

453 1639 614 1681 originale
651 1641 688 1671 in
721 1639 878 1671 tabulario
912 1649 1055 1670 caesareo
1093 1638 1335 1670 Vindobonensi.
1396 1638 1498 1670 Iussu
1523 1637 1684 1678 praefecti
1717 1637 1908 1676 descriptum
1941 1639 1995 1669 est.

343 1691 526 1732 Siyillorum
549 1693 730 1732 fraymenta
747 1691 886 1730 pendent
908 1690 986 1722 loris
1009 1690 1262 1722 membranaceis.
2015 1694 2043 1715 25
2075 1706 2078 1707 ν

450 1751 525 1792 Rey.
542 1751 751 1792 Licknowsky
772 1750 970 1783 ‘Geschichte
991 1750 1046 1782 des
1067 1750 1196 1782 Hauses
1218 1749 1400 1789 HabsburgJ’
1424 1749 1490 1782 III
1502 1760 1536 1790 p.
1556 1748 1740 1782 OCCLXX
1746 1748 1837 1781 VIII
1854 1759 1903 1782 nr.
1922 1731 1995 1782 53¹5.

454 1812 503 1850 Cf.
528 1811 548 1843 l.
565 1823 590 1844 c.
609 1823 644 1852 p.
665 1811 849 1844 CCCLXX
856 1811 927 1843 VII
943 1821 994 1843 nr.
1011 1810 1085 1842 534.

449 1889 522 1920 Wir
544 1884 665 1930 Lupolt
686 1888 750 1920 und
774 1888 929 1920 Heinrich
951 1898 1013 1919 von
1038 1887 1120 1919 Gotz
1143 1887 1272 1929 gnaden
1295 1887 1472 1929 hertzogen
1493 1898 1530 1919 ze
1555 1874 1739 1919 Osterreich
1771 1887 1836 1918 und
1863 1897 1900 1918 ze
1924 1886 1999 1929 Styr

341 1940 495 1981 verjehen
518 1940 584 1971 und
607 1940 663 1971 tfin
686 1940 768 1971 kunt
791 1940 878 1971 allen
901 1939 965 1971 den
988 1939 1040 1971 die
1065 1939 1156 1970 disen
1183 1939 1270 1970 brief
1293 1938 1452 1970 ansehent
1475 1939 1554 1971 oder
1579 1939 1697 1970 herent
1724 1938 1824 1978 lesen,
1855 1938 1914 1970 daz
1939 1938 1999 1970 wir

342 2002 459 2023 unsern
482 1991 591 2023 lieben
614 1991 722 2023 &heim
745 2002 868 2033 graven
890 1991 1047 2023 Heinrich
1070 2002 1133 2022 von
1149 1990 1269 2022 Gdrtze
1291 1990 1414 2022 trbsten
1439 1990 1520 2022 aller
1543 1990 1602 2022 der
1625 1990 1733 2032 dinge,
1757 2001 1792 2022 so
1817 1990 1875 2022 der
1896 1990 1997 2022 hoeh-
2015 2003 2043 2024 ω

341 2043 455 2085 wirdig
476 2054 573 2074 unser
595 2043 699 2075 lieber
721 2043 814 2075 herre
837 2043 903 2075 und
926 2042 1045 2074 brfider
1067 2042 1169 2084 kunig
1190 2042 1337 2074 Fridrich
1362 2053 1425 2073 von
1440 2042 1544 2074 Rome
1567 2042 1626 2073 mit
1649 2043 1692 2073 im
1715 2041 1792 2074 umb
1809 2042 1922 2073 Tervis
1945 2041 1998 2073 die

343 2098 407 2126 stat
421 2094 660 2134 fibereinkumt,
683 2094 749 2126 und
766 2095 882 2126 wellen
905 2095 946 2126 im
973 2095 1031 2126 dar
1051 2094 1091 2125 zfi
1114 2098 1206 2126 raten
1228 2094 1294 2125 und
1317 2093 1437 2125 helfen.
1526 2094 1601 2126 Und
1625 2094 1683 2126 dez
1702 2104 1739 2125 ze
1764 2094 1827 2125 eim
1849 2093 1998 2125 urkfinde

346 2146 452 2187 geben
475 2148 532 2177 wir
555 2148 597 2177 im
622 2147 711 2178 disen
735 2147 822 2179 brief
840 2146 980 2188 besigelt
1002 2147 1062 2178 mit
1082 2156 1201 2177 unsern
1223 2146 1369 2188 insigeln.

428 2197 496 2228 Der
511 2202 591 2228 wart
614 2198 764 2239 gegeben
787 2209 822 2230 ze
839 2198 1005 2238 Brichsen,
1031 2208 1074 2229 an
1097 2197 1176 2229 sand
1195 2197 1291 2229 Marx
1311 2200 1378 2239 tag,
1403 2197 1444 2228 do
1468 2207 1544 2228 man
1566 2197 1630 2228 zalt
1652 2207 1715 2228 von
1730 2197 1856 2229 Kristes
1871 2196 1999 2239 geburd

345 2248 659 2280 drutzehenhundert
678 2250 730 2289 jar
754 2249 894 2281 darnaoh
915 2250 949 2281 in
971 2249 1046 2282 dem
1068 2250 1332 2291 zweintzigistem
1353 2249 1414 2289 jar.
2016 2263 2042 2284 ω

496 2371 580 2407 569.
623 2372 803 2408 Revocatio
829 2373 1013 2408 sententiae
1039 2373 1202 2408 Heinrici
1227 2372 1310 2408 VII.
1338 2372 1570 2418 imperatoris.
1678 2371 1767 2407 Mai.
1786 2374 1848 2407 29.

456 2444 553 2484 Copia
569 2445 622 2487 (c.)
646 2446 681 2477 in
699 2447 801 2478 codice
823 2447 867 2478 ad
889 2457 938 2479 nr.
956 2447 1020 2478 556
1042 2447 1137 2478 citato
1159 2446 1215 2485 fol.
1231 2446 1305 2477 169¹
1329 2445 1368 2486 (l.
1384 2445 1484 2478 XIV.
1508 2456 1575 2486 cap.
1593 2446 1637 2486 4).
1661 2465 1703 2470 —
1726 2445 1787 2478 Ed.
1812 2445 1832 2478 l.
1849 2456 1874 2477 c.
1891 2455 1928 2486 p.
1945 2445 1997 2477 88.

345 2495 527 2528 Editio‘nem
550 2498 726 2536 repetimus

452 2564 635 2596 Friderious
659 2565 720 2597 Dei
744 2567 847 2608 gratia
869 2566 1091 2599 Romanorum
1115 2578 1174 2598 rex
1196 2577 1325 2608 semper
1348 2569 1504 2608 augustus
1574 2567 1731 2598 universis
1754 2567 1836 2597 sacri
1858 2565 1999 2598 Romani

345 2616 471 2656 imperii
493 2616 642 2647 fidelibus
664 2622 830 2658 presentes
852 2619 977 2650 litteras
1000 2619 1192 2660 inspecturis
1259 2619 1397 2660 gratiam
1421 2629 1512 2650 suam
1537 2621 1570 2650 et
1593 2629 1687 2650 omne
1710 2618 1841 2650 bonum.
2013 2623 2049 2656 «ej

363 2743 371 2776 )
447 2700 512 2728 567.
540 2702 562 2733 ὃ)
582 2703 669 2728 Padue
687 2704 748 2729 add.
768 2713 788 2729 c.
880 2704 904 2736 b)
923 2706 1048 2730 desiderio
1067 2714 1087 2731 c.
1167 2705 1191 2737 ⁰)
1210 2705 1259 2730 hac
1277 2714 1298 2731 c.
1378 2703 1403 2737 d)
1422 2709 1448 2730 et
1465 2713 1486 2731 c.
1567 2705 1590 2736 ὓ)
1610 2705 1742 2730 deleamus
1759 2713 1780 2731 c.
1850 2702 1871 2737 s)
1889 2705 1958 2729 Data
1975 2711 1996 2729 c.

346 2748 360 2767 8
390 2745 521 2770 berrixina
540 2754 560 2771 c.

449 2795 475 2828 1)
496 2795 536 2829 Cf.
555 2803 640 2829 supra
658 2805 699 2823 nr.
712 2801 756 2823 561
771 2798 940 2830 prooemium.
