2184 3126
459 240 556 269 ACTA
575 224 690 268 REGNI
708 238 893 268 LUDEWICI
912 238 959 266 1v.
978 238 1024 266 ET
1043 237 1230 266 Fsslnssmcl
1248 238 1299 267 111.
1335 237 1411 266 1324,
1447 237 1496 265 Nr.
1509 238 1569 265 909.
1785 240 1846 271 723

299 329 341 361 In
362 328 484 362 duobus
505 328 619 367 formis
645 330 771 360 servata
791 329 847 359 est.
903 326 1050 358 Priorem
1075 326 1195 364 fratres
1223 324 1370 357 Minores
1400 325 1467 365 reyi
1491 324 1671 366 porrexisse
1702 324 1848 357 videntur

190 381 255 422 (nr.
275 381 370 421 909),
400 380 556 422 posterior
580 380 617 411 in
643 378 834 411 cancellaria
863 378 944 419 reyis
972 378 1102 411 redacta
1130 379 1175 409 cst
1204 377 1268 417 (nr.
1286 376 1374 417 910).
1432 375 1484 417 CJ'.
1507 376 1573 407 iam
1607 376 1645 407 de
1672 375 1724 407 his
1753 376 1848 408 rebus

189 431 442 464 dissertationem
468 441 496 464 v.
513 431 551 464 cl.
575 430 692 463 Karoli
714 430 848 463 Zeumer
877 430 957 462 ‘Zur
979 429 1092 462 Kritilc
1116 429 1172 461 der
1194 427 1439 469 AppeHationen
1460 427 1613 470 Ludwiqs
1634 428 1689 461 des
1710 428 1847 460 Baiern’

190 483 226 515 in
249 482 365 515 ‘Neues
385 482 520 515 Archiv‘
546 481 733 515 XXXVII.

160 551 172 571 ⁵
302 542 378 585 Gap.
395 542 438 574 28
459 542 597 575 Formae
613 541 744 582 prioris,
767 541 789 572 i.
806 551 832 573 e.
853 540 1035 573 Tractatum
1050 550 1146 580 super
1160 538 1318 572 altissima
1334 542 1534 581 paupertate,
1557 541 1614 581 qui
1636 541 1846 582 ‘spiritualis-

192 593 305 626 tischer
315 593 465 627 Exlours'
479 593 675 630 nominatur,
690 592 901 633 proponimus
915 602 955 624 ex
969 592 1114 624 omnibus
1127 591 1294 630 codicibus,
1313 601 1392 632 quos
1405 591 1450 624 ad
1463 592 1600 624 edendas
1615 595 1681 624 tam
1697 592 1847 626 Formam

184 645 326 685 priorem
348 645 395 688 (A
414 645 510 687 1—5)
533 654 630 686 quam
652 644 748 676 etiam
764 643 969 685 posteriorem
992 643 1033 684 (B
1051 644 1149 684 1—2)
1171 643 1364 683 adhibemus,
1387 646 1506 676 textum
1528 645 1735 677 emendantes.

490 784 577 821 909.
619 784 753 820 Forma
774 786 878 830 prior
904 796 927 820 a
953 784 1128 830 fratribus
1154 783 1356 820 Minoribus
1383 789 1552 831 concepta.

298 857 480 891 Editionem
502 859 717 891 instruximus
737 868 794 899 ope
814 858 955 891 codicum
977 858 1034 900 qui
1055 860 1246 898 sequuntur:

148 927 173 947 ιο
300 921 314 951 1
341 918 464 951 libellus
485 919 543 960 qui
564 918 697 952 Monaci
722 919 758 951 in
779 918 938 952 tabulario
965 920 1078 952 secreto
1101 918 1212 951 domus
1232 919 1335 959 reyiae
1358 919 1550 952 Bawaricae
1571 923 1731 960 servatur,
1755 921 1849 964 foliis

190 979 298 1002 novem
327 972 474 1003 constans
501 970 627 1002 omnino
653 979 800 1009 coaevus,·
831 969 893 1012 fol.
914 970 945 1001 9‘
973 969 1129 1010 inscripta
1157 972 1233 1002 sunt
1259 970 1336 1003 haec
1365 971 1474 1010 verba,
1506 971 1571 1004 iam
1595 971 1666 1015 fere
1694 973 1849 1006 evanida:

188 1021 350 1054 Alternat.
374 1022 420 1054 uti
445 1021 638 1054 delectabile
663 1025 711 1054 est
735 1045 942 1055 .........
965 1020 1213 1066 [duplicemr?];
1234 1021 1425 1055 contulimus
1446 1033 1521 1062 nos;

302 1079 320 1109 2
343 1076 464 1110 libellus
484 1078 542 1118 qui
562 1080 704 1119 superest
725 1077 762 1109 in
783 1077 848 1110 cod.
866 1076 973 1110 Paris.
990 1076 1044 1110 lat.
1062 1078 1147 1109 5376
1168 1077 1258 1118 (olim
1273 1077 1455 1121 Matar-in.)
1471 1079 1526 1118 sol.
1543 1082 1660 1118 8—13,
1678 1080 1773 1122 foliis
1794 1092 1850 1114 se‘c

192 1131 340 1162 constans
366 1130 439 1161 item
469 1139 614 1168 coaevus,·
641 1128 699 1171 fol.
718 1130 768 1160 13‘
803 1128 952 1170 leguntur
981 1139 1081 1162 manu
1109 1139 1233 1168 coaeva,
1263 1132 1300 1162 ut
1328 1129 1453 1162 videtur
1481 1131 1592 1163 curiae
1612 1132 1848 1171 Amfionem,

150 1190 174 1210 ιιι
192 1180 328 1221 scripta:
357 1180 540 1218 Quaternus
567 1190 663 1219 unus,
691 1180 765 1213 item
793 1182 914 1212 mutato
938 1179 1011 1212 stilo
1039 1183 1068 1213 et
1095 1183 1271 1213 atramento
1297 1181 1449 1220 fusciori:
1477 1182 1559 1215 alius
1586 1186 1636 1215 est
1658 1194 1718 1226 per
1741 1186 1849 1217 omnia

191 1231 303 1264 similis
324 1231 528 1264 Rubricatus.
551 1234 585 1264 et
607 1234 681 1264 sunt
702 1232 776 1264 uine
800 1231 896 1271 data;
924 1232 967 1271 cf.
988 1232 1182 1272 prooemium
1204 1232 1352 1266 editionis
1373 1236 1500 1267 nostrae
1521 1245 1620 1275 supra
1642 1235 1686 1267 ad
1715 1246 1765 1268 nr.
1785 1236 1848 1268 824

191 1283 307 1315 citatae
322 1293 358 1324 p.
376 1284 412 1322 6;
434 1282 624 1315 contulimus
645 1293 722 1323 nos;

299 1340 318 1371 3
343 1338 561 1381 fraqmentum
589 1339 696 1379 sentiae
722 1348 866 1377 coaevae,
898 1338 983 1379 quod
1010 1338 1115 1370 adhuc
1136 1337 1224 1377 soliis
1249 1349 1305 1371 sex
1327 1335 1475 1372 constans
1501 1341 1558 1382 (cs.
1580 1341 1672 1384 infra
1695 1352 1767 1384 paq.
1786 1345 1849 1375 730

191 1390 248 1423 lin.
260 1390 305 1422 42
319 1393 381 1423 not.
394 1401 416 1422 n
437 1393 468 1422 et
485 1400 560 1432 pay.
577 1390 640 1422 744
656 1390 718 1423 lin‘.
735 1390 778 1422 36
798 1393 862 1423 not.
876 1400 909 1430 c;
931 1390 1034 1422 deesse
1052 1390 1200 1423 videntur
1219 1390 1300 1429 solia
1319 1391 1382 1423 duo
1408 1391 1444 1424 in
1463 1392 1566 1431 initio,
1588 1403 1689 1426 unum
1714 1395 1748 1427 in
1769 1395 1848 1434 fine)

148 1451 175 1471 ὀ
192 1445 337 1475 servatur
358 1442 395 1475 in
416 1441 574 1475 tabulario
595 1442 734 1474 civitatis
755 1442 1011 1484 Argentinensis;
1033 1441 1222 1474 contulimus
1242 1452 1316 1481 nos,-

302 1501 319 1529 4
354 1498 419 1530 cod.
451 1497 503 1530 Pl.
530 1498 612 1536 XX,
642 1499 685 1530 12
716 1497 915 1531 bibliothecae
943 1497 1184 1530 Laurentianae
1213 1498 1319 1530 adhue
1352 1509 1431 1531 saec.
1457 1499 1554 1532 XIV.
1588 1500 1643 1539 fol.
1667 1503 1849 1542 11¹—15⁶;

192 1548 382 1581 contulimus
403 1559 479 1587 nos;

300 1608 319 1637 5
343 1605 408 1638 cod.
432 1604 539 1637 Paris.
568 1604 623 1637 lat.
647 1605 731 1637 5154
760 1614 840 1637 saec.
859 1605 956 1638 XIV.
983 1605 1037 1645 sol.
1053 1606 1199 1644 22-33;
1227 1606 1420 1639 contulimus
1447 1607 1492 1639 ad
1519 1608 1723 1649 apoyraphon
1752 1609 1851 1643 huius

192 1656 309 1689 codicis
330 1657 396 1688 iam
418 1656 492 1690 olim
514 1667 535 1688 a
557 1656 758 1689 Bethmanno
781 1656 967 1699 confectum,
990 1657 1075 1697 quod
1096 1656 1243 1690 Berolini
1264 1661 1419 1690 servatur.

148 1727 174 1747 25
299 1717 497 1750 Recentiores
524 1716 644 1749 codices
669 1717 808 1750 eiusdem
835 1716 953 1749 indolis
979 1727 1018 1749 ac
1041 1719 1058 1748 4
1083 1719 1112 1749 et
1134 1720 1168 1756 5,
1199 1716 1372 1750 Vaticanos
1398 1728 1507 1758 nempe
1529 1718 1584 1750 lat.
1602 1719 1688 1751 4008
1713 1723 1742 1752 et
1765 1721 1851 1752 4010

191 1779 271 1800 saec.
290 1768 326 1801 X
333 1768 378 1807 V„
401 1769 536 1808 itemque
558 1768 624 1801 cod.
640 1767 691 1800 Pl.
707 1768 742 1800 X
748 1768 824 1807 VH,
848 1769 889 1799 19
911 1768 1113 1801 bibliothecae
1134 1769 1377 1802 Laurentianus
1399 1771 1541 1809 conferre
1562 1772 1805 1812 supersedimus.

300 1828 404 1861 Initia
437 1828 578 1869 capitum
610 1838 650 1860 ex
682 1828 758 1861 solis
789 1828 948 1861 codicibus
979 1831 1069 1862 1—3
1103 1828 1334 1862 adnotavimus.
1392 1831 1435 1863 In
1467 1841 1536 1872 cap.
1559 1833 1604 1863 28
1627 1833 1851 1874 paragraphos

192 1880 399 1912 distinximus
420 1880 465 1912 ad
485 1880 618 1913 codicem
634 1880 662 1912 B
677 1883 704 1919 1,
727 1883 829 1912 cetera
845 1880 1125 1922 parayraphorum
1140 1881 1232 1922 siqna
1251 1892 1268 1913 e
1287 1882 1446 1915 codicibus
1460 1883 1491 1915 A
1506 1885 1599 1922 1—3,
1622 1883 1650 1916 Β
1664 1886 1683 1916 2
1706 1885 1742 1916 in
1756 1886 1849 1917 varia

192 1931 320 1964 lectione
341 1932 538 1964 adnotantes.

148 1998 175 2018 ⁸⁰
301 1991 356 2024 Ad
376 2002 414 2024 ca
440 2002 522 2032 quae
549 1992 586 2024 in
607 1992 765 2033 capitibus
787 1993 906 2025 nostris
927 1993 1067 2025 31—33
1087 1995 1214 2033 sumpta
1239 1996 1315 2025 sunt
1343 2004 1383 2026 esc
1409 1995 1536 2035 scriptis
1558 2006 1579 2027 a
1603 1995 1753 2039 Philippo
1783 2008 1850 2038 reye

191 2042 355 2076 franciae
380 2053 410 2076 a.
429 2044 524 2077 1303.
547 2046 656 2076 contra
677 2044 889 2083 Bonifacium
919 2044 1016 2077 VIII.
1040 2055 1162 2085 papam
1189 2046 1324 2084 emissis,
1356 2047 1522 2078 enuntiata
1549 2055 1631 2087 quac
1658 2048 1849 2081 concordant

189 2095 227 2128 in
248 2094 507 2128 adnotationibus
521 2096 700 2136 posuimus.

299 2154 396 2188 Hanc
414 2155 554 2196 formam
572 2155 718 2198 forsitan
737 2167 806 2197 reye
820 2156 920 2188 inscio
942 2157 1071 2197 saepius
1085 2157 1321 2198 promulyatam
1343 2168 1417 2196 esse,
1436 2158 1574 2198 probant
1596 2158 1700 2200 ali’qui
1720 2160 1848 2199 codices,

194 2206 228 2239 in
249 2206 364 2247 quibus
385 2206 463 2239 data
485 2207 578 2239 caria
601 2208 702 2240 textui
723 2208 950 2247 adnectuntur;
972 2208 1011 2247 cf.
1034 2208 1134 2248 infra.

149 2274 174 2294 υ
299 2265 363 2300 Ed.
379 2277 410 2300 a.
423 2267 517 2299 1693.
533 2267 694 2300 Balusius
709 2272 717 2285 ‘
726 2268 816 2300 Vitae
824 2278 988 2309 paparum
1000 2268 1276 2301 Awnionensium'
1291 2269 1341 2308 II,
1357 2271 1420 2301 748
1434 2281 1473 2302 esc
1488 2273 1518 2310 2,
1541 2271 1662 2303 additis
1676 2271 1849 2310 nonnullis,
1870 2301 1878 2317 x

193 2317 295 2359 capite
324 2317 459 2359 inteyro,
492 2319 669 2351 enuntiatis
696 2320 900 2360 quibusdam,
934 2319 1134 2352 eschatocollo
1163 2330 1202 2352 esc
1228 2320 1365 2353 Formae
1397 2331 1446 2354 nr.
1471 2323 1535 2353 910
1565 2322 1631 2355 cod.
1655 2326 1668 2355 1
1703 2324 1847 2363 sumptis.

192 2367 288 2402 Extr.
297 2369 428 2409 praebet
442 2369 636 2413 Raynaldus
651 2370 805 2403 ‘Annales
823 2371 1036 2404 ecclesiastici'
1059 2382 1090 2403 a.
1109 2371 1202 2404 1324.
1225 2373 1248 2414 5
1264 2372 1304 2403 14
1327 2383 1366 2405 ez
1381 2373 1540 2406 codicibus
1562 2373 1727 2406 Vaticanis
1748 2385 1849 2415 supra

192 2419 345 2461 alleyatis.

300 2479 447 2519 Bb'hmer,
470 2480 546 2522 Rey.
568 2481 682 2515 Ludw.
698 2492 734 2523 p.
751 2484 794 2515 42
815 2493 865 2515 nr.
882 2483 955 2514 719.

148 2583 175 2603 ιο
304 2577 330 2607 1.
354 2574 422 2608 Nos
435 2575 629 2609 Ludwicus·
643 2577 707 2611 Dei
722 2579 828 2621 gratia
842 2578 1063 2611 Romanorum
1085 2578 1163 2610 rexb
1178 2589 1308 2621 semper
1330 2582 1484 2622 augustus
1506 2581 1714 2622 proponimus
1737 2586 1849 2614 contra

163 2658 168 2663 ,
192 2626 372 2659 Iohannem
395 2627 450 2670 qui
471 2638 506 2660 se
530 2627 610 2662 dicit
630 2639 751 2672 papum
772 2631 959 2663 vicesimum
982 2629 1188 2672 secundum⁰,
1204 2630 1291 2673 quod
1314 2631 1460 2664 inimicus
1482 2632 1523 2664 sit
1545 2633 1635 2674 pacis
1657 2637 1690 2665 et
1712 2633 1849 2666 intendit

193 2678 235 2710 ad
267 2677 442 2711 discordias
472 2682 506 2712 ot
531 2680 684 2713 scandala
712 2682 896 2715 suscitanda
921 2692 984 2714 non
1013 2682 1115 2714 solum
1143 2682 1174 2713 in
1202 2681 1344 2724 Ytnlia⁶‚
1373 2683 1459 2726 quod
1489 2684 1650 2716 notorium
1679 2690 1743 2725 est,
1772 2685 1848 2717 sede

193 2730 292 2762 otiam
319 2730 368 2762 in'
391 2730 600 2773 Alemaniat,
631 2733 834 2765 suscitando*¹
858 2733 999 2777 prelatos
1030 2737 1063 2766 ot
1084 2734 1247 2776 principes
1269 2735 1502 2768 commovendo
1533 2746 1593 2778 per
1621 2737 1754 2768 nuncios
1783 2737 1847 2768 fre-

296 2824 364 2852 909.
391 2825 416 2859 ι)
433 2826 581 2853 Ludoviom
598 2826 623 2853 4.
635 2826 661 2854 ὁ.
752 2827 778 2861 b)
797 2833 822 2855 ot
839 2829 903 2856 add.
920 2829 945 2855 5.
1038 2829 1061 2861 e)
1080 2829 1162 2855 xxu.
1179 2829 1205 2856 5.
1298 2829 1324 2862 d)
1343 2831 1418 2857 ltalia
1435 2831 1460 2857 5.
1550 2832 1574 2864 Ι1)
1590 2836 1629 2857 ost
1647 2832 1683 2857 ita
1702 2832 1805 2864 saepius
1823 2831 1847 2858 2.

146 2875 173 2895 ιε»
192 2866 213 2901 r)
231 2868 299 2895 deese
316 2868 341 2895 5.
431 2870 457 2902 Β)
475 2869 613 2896 Mummi:
630 2871 746 2897 similiter
763 2880 861 2905 semper
877 2871 903 2898 4.
915 2872 939 2899 5.
1029 2872 1055 2905 ¹¹)
1073 2872 1204 2900 incitando
1220 2871 1245 2899 4.
1258 2872 1283 2899 5.

1589 2925 1639 2952 91*
