<?xml version="1.0" encoding="UTF-8"?>
<!DOCTYPE html PUBLIC "-//W3C//DTD XHTML 1.0 Transitional//EN"
    "http://www.w3.org/TR/xhtml1/DTD/xhtml1-transitional.dtd">
<html xmlns="http://www.w3.org/1999/xhtml" xml:lang="en" lang="en">
 <head>
  <title>
</title>
<meta http-equiv="Content-Type" content="text/html;charset=utf-8" />
  <meta name='ocr-system' content='tesseract 3.04.00' />
  <meta name='ocr-capabilities' content='ocr_page ocr_carea ocr_par ocr_line ocrx_word'/>
</head>
<body>
  <div class='ocr_page' id='page_1' title='image "./monumentagerma05geseuoft_0106.png"; bbox 0 0 2158 3138; ppageno 0'>
   <div class='ocr_carea' id='block_1_1' title="bbox 300 169 1517 204">
    <p class='ocr_par' dir='ltr' id='par_1_1' title="bbox 300 169 1517 204">
     <span class='ocr_line' id='line_1_1' title="bbox 300 169 1517 204; baseline 0.002 -9"><span class='ocrx_word' id='word_1_1' title='bbox 300 173 345 204; x_wconf 72' lang='lat'>66</span> <span class='ocrx_word' id='word_1_2' title='bbox 750 169 968 196; x_wconf 75' lang='lat' dir='ltr'>TRACTATUS</span> <span class='ocrx_word' id='word_1_3' title='bbox 987 169 1033 195; x_wconf 87' lang='lat' dir='ltr'>DE</span> <span class='ocrx_word' id='word_1_4' title='bbox 1051 169 1266 197; x_wconf 83' lang='lat' dir='ltr'>ELECTIONE.</span> <span class='ocrx_word' id='word_1_5' title='bbox 1303 170 1377 197; x_wconf 84' lang='lat'>1314.</span> <span class='ocrx_word' id='word_1_6' title='bbox 1414 170 1463 198; x_wconf 89' lang='lat' dir='ltr'>Nr.</span> <span class='ocrx_word' id='word_1_7' title='bbox 1476 171 1517 198; x_wconf 82' lang='lat'>67.</span> 
     </span>
    </p>
   </div>
   <div class='ocr_carea' id='block_1_2' title="bbox 297 256 1964 2723">
    <p class='ocr_par' dir='ltr' id='par_1_2' title="bbox 297 256 1963 906">
     <span class='ocr_line' id='line_1_2' title="bbox 416 256 1960 299; baseline 0.001 -12"><span class='ocrx_word' id='word_1_8' title='bbox 416 259 442 287; x_wconf 90' lang='grc'>1.</span> <span class='ocrx_word' id='word_1_9' title='bbox 477 256 545 288; x_wconf 89' lang='lat' dir='ltr'>Nos</span> <span class='ocrx_word' id='word_1_10' title='bbox 569 256 787 297; x_wconf 87' lang='lat' dir='ltr'>Lud(ewicus)</span> <span class='ocrx_word' id='word_1_11' title='bbox 818 256 882 287; x_wconf 91' lang='lat' dir='ltr'>Dei</span> <span class='ocrx_word' id='word_1_12' title='bbox 909 257 1014 298; x_wconf 86' lang='lat' dir='ltr'>gratia</span> <span class='ocrx_word' id='word_1_13' title='bbox 1041 266 1150 287; x_wconf 91' lang='lat' dir='ltr'>comes</span> <span class='ocrx_word' id='word_1_14' title='bbox 1180 256 1340 297; x_wconf 89' lang='lat' dir='ltr'>palatinus</span> <span class='ocrx_word' id='word_1_15' title='bbox 1369 257 1453 288; x_wconf 87' lang='lat' dir='ltr'>Reni</span> <span class='ocrx_word' id='word_1_16' title='bbox 1483 257 1549 288; x_wconf 87' lang='lat' dir='ltr'>dux</span> <span class='ocrx_word' id='word_1_17' title='bbox 1573 257 1721 289; x_wconf 85' lang='lat' dir='ltr'>Bawarie</span> <span class='ocrx_word' id='word_1_18' title='bbox 1745 258 1960 299; x_wconf 70' lang='lat' dir='ltr'><strong>promittimus</strong></span> 
     </span>
     <span class='ocr_line' id='line_1_3' title="bbox 298 307 1961 350; baseline 0.001 -11"><span class='ocrx_word' id='word_1_19' title='bbox 298 307 369 339; x_wconf 60' lang='lat' dir='ltr'>ffide</span> <span class='ocrx_word' id='word_1_20' title='bbox 399 311 509 340; x_wconf 81' lang='lat' dir='ltr'>nostra</span> <span class='ocrx_word' id='word_1_21' title='bbox 540 308 752 349; x_wconf 82' lang='lat' dir='ltr'><strong>corporaliter</strong></span> <span class='ocrx_word' id='word_1_22' title='bbox 784 307 919 348; x_wconf 87' lang='lat' dir='ltr'>prestita</span> <span class='ocrx_word' id='word_1_23' title='bbox 947 311 980 339; x_wconf 89' lang='lat' dir='ltr'>et</span> <span class='ocrx_word' id='word_1_24' title='bbox 1003 308 1097 339; x_wconf 87' lang='lat' dir='ltr'>tactis</span> <span class='ocrx_word' id='word_1_25' title='bbox 1121 308 1332 340; x_wconf 87' lang='lat' dir='ltr'>sacrosanctis</span> <span class='ocrx_word' id='word_1_26' title='bbox 1355 307 1418 339; x_wconf 88' lang='lat' dir='ltr'>Dei</span> <span class='ocrx_word' id='word_1_27' title='bbox 1442 308 1629 350; x_wconf 85' lang='lat' dir='ltr'>ewangeliis</span> <span class='ocrx_word' id='word_1_28' title='bbox 1651 309 1810 350; x_wconf 88' lang='lat' dir='ltr'>iuramus,</span> <span class='ocrx_word' id='word_1_29' title='bbox 1833 319 1906 341; x_wconf 86' lang='lat' dir='ltr'>cum</span> <span class='ocrx_word' id='word_1_30' title='bbox 1929 310 1961 342; x_wconf 85' lang='lat' dir='ltr'>in</span> 
     </span>
     <span class='ocr_line' id='line_1_4' title="bbox 304 358 1961 401; baseline 0.002 -12"><span class='ocrx_word' id='word_1_31' title='bbox 304 369 417 400; x_wconf 88' lang='lat' dir='ltr'>regem</span> <span class='ocrx_word' id='word_1_32' title='bbox 446 358 666 390; x_wconf 85' lang='lat' dir='ltr'>Romanorum</span> <span class='ocrx_word' id='word_1_33' title='bbox 701 359 795 390; x_wconf 87' lang='lat' dir='ltr'>electi</span> <span class='ocrx_word' id='word_1_34' title='bbox 825 359 980 390; x_wconf 80' lang='lat' dir='ltr'>fuerimus</span> <span class='ocrx_word' id='word_1_35' title='bbox 1009 369 1068 401; x_wconf 89' lang='lat' dir='ltr'>per</span> <span class='ocrx_word' id='word_1_36' title='bbox 1096 358 1253 390; x_wconf 79' lang='lat' dir='ltr'>illustrem</span> <span class='ocrx_word' id='word_1_37' title='bbox 1285 360 1463 401; x_wconf 89' lang='lat' dir='ltr'>principem</span> <span class='ocrx_word' id='word_1_38' title='bbox 1491 360 1656 391; x_wconf 90' lang='lat' dir='ltr'>dominum</span> <span class='ocrx_word' id='word_1_39' title='bbox 1685 359 1864 392; x_wconf 80' lang='lat' dir='ltr'><strong>Iohannem</strong></span> <span class='ocrx_word' id='word_1_40' title='bbox 1897 359 1961 392; x_wconf 85' lang='lat' dir='ltr'>Dei</span> 
     </span>
     <span class='ocr_line' id='line_1_5' title="bbox 298 410 1961 454; baseline 0.001 -13"><span class='ocrx_word' id='word_1_41' title='bbox 298 411 410 452; x_wconf 82' lang='lat' dir='ltr'>gratia</span> <span class='ocrx_word' id='word_1_42' title='bbox 440 410 600 442; x_wconf 90' lang='lat' dir='ltr'>Bohemie</span> <span class='ocrx_word' id='word_1_43' title='bbox 633 413 665 441; x_wconf 89' lang='lat' dir='ltr'>et</span> <span class='ocrx_word' id='word_1_44' title='bbox 695 410 831 442; x_wconf 89' lang='lat' dir='ltr'>Polonie</span> <span class='ocrx_word' id='word_1_45' title='bbox 862 421 973 452; x_wconf 91' lang='lat' dir='ltr'>regem</span> <span class='ocrx_word' id='word_1_46' title='bbox 1002 414 1035 443; x_wconf 89' lang='lat' dir='ltr'>et</span> <span class='ocrx_word' id='word_1_47' title='bbox 1063 412 1208 443; x_wconf 82' lang='lat' dir='ltr'>coronati</span> <span class='ocrx_word' id='word_1_48' title='bbox 1238 412 1270 442; x_wconf 91' lang='lat' dir='ltr'>in</span> <span class='ocrx_word' id='word_1_49' title='bbox 1293 411 1465 443; x_wconf 86' lang='lat' dir='ltr'>concordia</span> <span class='ocrx_word' id='word_1_50' title='bbox 1490 411 1542 443; x_wconf 86' lang='lat' dir='ltr'>vel</span> <span class='ocrx_word' id='word_1_51' title='bbox 1571 412 1639 443; x_wconf 91' lang='lat' dir='ltr'>sine</span> <span class='ocrx_word' id='word_1_52' title='bbox 1663 411 1850 451; x_wconf 89' lang='lat' dir='ltr'>concordia,</span> <span class='ocrx_word' id='word_1_53' title='bbox 1874 411 1961 454; x_wconf 91' lang='lat' dir='ltr'>quod</span> 
     </span>
     <span class='ocr_line' id='line_1_6' title="bbox 304 461 1961 505; baseline 0.001 -13"><span class='ocrx_word' id='word_1_54' title='bbox 304 461 410 493; x_wconf 89' lang='lat' dir='ltr'>eidem</span> <span class='ocrx_word' id='word_1_55' title='bbox 433 461 547 492; x_wconf 79' lang='lat' dir='ltr'>illustri</span> <span class='ocrx_word' id='word_1_56' title='bbox 571 462 707 503; x_wconf 81' lang='lat' dir='ltr'>principi</span> <span class='ocrx_word' id='word_1_57' title='bbox 731 464 799 492; x_wconf 86' lang='lat' dir='ltr'>toto</span> <span class='ocrx_word' id='word_1_58' title='bbox 824 473 919 503; x_wconf 91' lang='lat' dir='ltr'>posse</span> <span class='ocrx_word' id='word_1_59' title='bbox 943 468 1052 494; x_wconf 86' lang='lat' dir='ltr'>nostro</span> <span class='ocrx_word' id='word_1_60' title='bbox 1075 466 1187 494; x_wconf 86' lang='lat' dir='ltr'>contra</span> <span class='ocrx_word' id='word_1_61' title='bbox 1211 473 1322 495; x_wconf 90' lang='lat' dir='ltr'>omncs</span> <span class='ocrx_word' id='word_1_62' title='bbox 1338 463 1485 494; x_wconf 89' lang='lat' dir='ltr'>homines</span> <span class='ocrx_word' id='word_1_63' title='bbox 1501 463 1687 495; x_wconf 77' lang='lat' dir='ltr'>assistemus</span> <span class='ocrx_word' id='word_1_64' title='bbox 1710 463 1741 494; x_wconf 94' lang='lat' dir='ltr'>in</span> <span class='ocrx_word' id='word_1_65' title='bbox 1765 463 1830 494; x_wconf 88' lang='lat' dir='ltr'>suis</span> <span class='ocrx_word' id='word_1_66' title='bbox 1853 463 1961 505; x_wconf 87' lang='lat' dir='ltr'>regnis</span> 
     </span>
     <span class='ocr_line' id='line_1_7' title="bbox 297 512 1963 556; baseline 0.002 -13"><span class='ocrx_word' id='word_1_67' title='bbox 297 516 337 544; x_wconf 36' lang='lat' dir='ltr'>*et</span> <span class='ocrx_word' id='word_1_68' title='bbox 368 512 517 544; x_wconf 89' lang='lat' dir='ltr'>dominiis</span> <span class='ocrx_word' id='word_1_69' title='bbox 548 513 634 553; x_wconf 83' lang='lat' dir='ltr'>aliis,</span> <span class='ocrx_word' id='word_1_70' title='bbox 667 513 842 544; x_wconf 83' lang='lat' dir='ltr'><strong>honoribus</strong></span> <span class='ocrx_word' id='word_1_71' title='bbox 873 516 906 545; x_wconf 91' lang='lat' dir='ltr'>et</span> <span class='ocrx_word' id='word_1_72' title='bbox 936 514 1058 545; x_wconf 88' lang='lat' dir='ltr'>iuribus</span> <span class='ocrx_word' id='word_1_73' title='bbox 1089 513 1331 556; x_wconf 80' lang='lat' dir='ltr'>quibuscunque</span> <span class='ocrx_word' id='word_1_74' title='bbox 1361 514 1480 546; x_wconf 90' lang='lat' dir='ltr'>habitis</span> <span class='ocrx_word' id='word_1_75' title='bbox 1504 524 1541 545; x_wconf 82' lang='lat' dir='ltr'>ac</span> <span class='ocrx_word' id='word_1_76' title='bbox 1564 515 1646 546; x_wconf 89' lang='lat' dir='ltr'>iuste</span> <span class='ocrx_word' id='word_1_77' title='bbox 1672 518 1705 546; x_wconf 88' lang='lat' dir='ltr'>et</span> <span class='ocrx_word' id='word_1_78' title='bbox 1727 514 1963 546; x_wconf 82' lang='lat' dir='ltr'>rationabiliter</span> 
     </span>
     <span class='ocr_line' id='line_1_8' title="bbox 303 564 1962 607; baseline 0.002 -12"><span class='ocrx_word' id='word_1_79' title='bbox 303 564 461 595; x_wconf 81' lang='lat' dir='ltr'>habendis</span> <span class='ocrx_word' id='word_1_80' title='bbox 494 565 578 595; x_wconf 87' lang='lat' dir='ltr'>ultra</span> <span class='ocrx_word' id='word_1_81' title='bbox 605 564 733 595; x_wconf 87' lang='lat' dir='ltr'>Renum</span> <span class='ocrx_word' id='word_1_82' title='bbox 765 567 798 596; x_wconf 88' lang='lat' dir='ltr'>et</span> <span class='ocrx_word' id='word_1_83' title='bbox 828 565 922 606; x_wconf 76' lang='lat' dir='ltr'>citra,</span> <span class='ocrx_word' id='word_1_84' title='bbox 947 565 1204 607; x_wconf 83' lang='lat' dir='ltr'>quandocunque</span> <span class='ocrx_word' id='word_1_85' title='bbox 1229 569 1262 597; x_wconf 84' lang='lat' dir='ltr'>et</span> <span class='ocrx_word' id='word_1_86' title='bbox 1285 566 1560 607; x_wconf 86' lang='lat' dir='ltr'>quotienscunque</span> <span class='ocrx_word' id='word_1_87' title='bbox 1585 566 1683 598; x_wconf 82' lang='lat' dir='ltr'>fuerit</span> <span class='ocrx_word' id='word_1_88' title='bbox 1705 577 1856 606; x_wconf 89' lang='lat' dir='ltr'>necesse,</span> <span class='ocrx_word' id='word_1_89' title='bbox 1885 567 1962 598; x_wconf 89' lang='lat' dir='ltr'>reti-</span> 
     </span>
     <span class='ocr_line' id='line_1_9' title="bbox 304 615 1963 659; baseline 0.002 -13"><span class='ocrx_word' id='word_1_90' title='bbox 304 615 417 647; x_wconf 87' lang='lat' dir='ltr'>nendis</span> <span class='ocrx_word' id='word_1_91' title='bbox 453 618 486 647; x_wconf 89' lang='lat' dir='ltr'>et</span> <span class='ocrx_word' id='word_1_92' title='bbox 519 616 617 647; x_wconf 84' lang='lat' dir='ltr'>etiam</span> <span class='ocrx_word' id='word_1_93' title='bbox 653 616 715 647; x_wconf 88' lang='lat' dir='ltr'>hiis</span> <span class='ocrx_word' id='word_1_94' title='bbox 748 616 978 658; x_wconf 78' lang='lat' dir='ltr'>recuperandis</span> <span class='ocrx_word' id='word_1_95' title='bbox 1006 620 1039 648; x_wconf 89' lang='lat' dir='ltr'>et</span> <span class='ocrx_word' id='word_1_96' title='bbox 1067 616 1297 658; x_wconf 80' lang='lat' dir='ltr'>adipiscendis,</span> <span class='ocrx_word' id='word_1_97' title='bbox 1327 627 1390 658; x_wconf 91' lang='lat' dir='ltr'>que</span> <span class='ocrx_word' id='word_1_98' title='bbox 1418 617 1460 648; x_wconf 88' lang='lat' dir='ltr'>ad</span> <span class='ocrx_word' id='word_1_99' title='bbox 1488 618 1592 659; x_wconf 90' lang='lat' dir='ltr'>ipsum</span> <span class='ocrx_word' id='word_1_100' title='bbox 1623 621 1656 649; x_wconf 91' lang='lat' dir='ltr'>et</span> <span class='ocrx_word' id='word_1_101' title='bbox 1690 617 1776 649; x_wconf 90' lang='lat' dir='ltr'>dicta</span> <span class='ocrx_word' id='word_1_102' title='bbox 1806 628 1907 659; x_wconf 83' lang='lat' dir='ltr'>regna</span> <span class='ocrx_word' id='word_1_103' title='bbox 1930 622 1963 649; x_wconf 86' lang='lat' dir='ltr'>et</span> 
     </span>
     <span class='ocr_line' id='line_1_10' title="bbox 299 666 1961 711; baseline 0.001 -13"><span class='ocrx_word' id='word_1_104' title='bbox 299 666 448 698; x_wconf 85' lang='lat' dir='ltr'>dominia</span> <span class='ocrx_word' id='word_1_105' title='bbox 472 667 592 698; x_wconf 90' lang='lat' dir='ltr'>debent</span> <span class='ocrx_word' id='word_1_106' title='bbox 616 670 650 698; x_wconf 91' lang='lat' dir='ltr'>et</span> <span class='ocrx_word' id='word_1_107' title='bbox 673 671 909 699; x_wconf 85' lang='lat' dir='ltr'>consueverunt</span> <span class='ocrx_word' id='word_1_108' title='bbox 931 669 1104 709; x_wconf 89' lang='lat' dir='ltr'>pertinere.</span> <span class='ocrx_word' id='word_1_109' title='bbox 1149 668 1192 699; x_wconf 88' lang='lat' dir='ltr'>Et</span> <span class='ocrx_word' id='word_1_110' title='bbox 1214 668 1398 710; x_wconf 84' lang='lat' dir='ltr'>specialiter</span> <span class='ocrx_word' id='word_1_111' title='bbox 1421 670 1528 701; x_wconf 87' lang='lat' dir='ltr'>omnia</span> <span class='ocrx_word' id='word_1_112' title='bbox 1552 672 1674 708; x_wconf 87' lang='lat' dir='ltr'>castra,</span> <span class='ocrx_word' id='word_1_113' title='bbox 1698 673 1811 710; x_wconf 85' lang='lat' dir='ltr'>terras,</span> <span class='ocrx_word' id='word_1_114' title='bbox 1834 679 1961 711; x_wconf 90' lang='lat' dir='ltr'>posses-</span> 
     </span>
     <span class='ocr_line' id='line_1_11' title="bbox 304 718 1962 761; baseline 0.001 -12"><span class='ocrx_word' id='word_1_115' title='bbox 304 719 421 759; x_wconf 86' lang='lat' dir='ltr'>siones,</span> <span class='ocrx_word' id='word_1_116' title='bbox 447 718 589 750; x_wconf 90' lang='lat' dir='ltr'>dominia</span> <span class='ocrx_word' id='word_1_117' title='bbox 614 722 646 750; x_wconf 88' lang='lat' dir='ltr'>et</span> <span class='ocrx_word' id='word_1_118' title='bbox 669 719 753 759; x_wconf 85' lang='lat' dir='ltr'>iura,</span> <span class='ocrx_word' id='word_1_119' title='bbox 778 729 840 760; x_wconf 88' lang='lat' dir='ltr'>que</span> <span class='ocrx_word' id='word_1_120' title='bbox 864 730 1006 761; x_wconf 91' lang='lat' dir='ltr'>unquam</span> <span class='ocrx_word' id='word_1_121' title='bbox 1030 719 1174 761; x_wconf 87' lang='lat' dir='ltr'>possedit</span> <span class='ocrx_word' id='word_1_122' title='bbox 1197 719 1269 751; x_wconf 89' lang='lat' dir='ltr'>dive</span> <span class='ocrx_word' id='word_1_123' title='bbox 1292 720 1448 752; x_wconf 88' lang='lat' dir='ltr'>memorie</span> <span class='ocrx_word' id='word_1_124' title='bbox 1477 731 1536 752; x_wconf 87' lang='lat' dir='ltr'>rex</span> <span class='ocrx_word' id='word_1_125' title='bbox 1552 719 1749 752; x_wconf 85' lang='lat' dir='ltr'>Wenzelaus</span> <span class='ocrx_word' id='word_1_126' title='bbox 1772 731 1864 752; x_wconf 87' lang='lat' dir='ltr'>socer</span> <span class='ocrx_word' id='word_1_127' title='bbox 1886 731 1962 751; x_wconf 90' lang='lat' dir='ltr'>suus</span> 
     </span>
     <span class='ocr_line' id='line_1_12' title="bbox 302 770 1963 813; baseline 0.002 -13"><span class='ocrx_word' id='word_1_128' title='bbox 302 770 487 812; x_wconf 87' lang='lat' dir='ltr'>ubicunque</span> <span class='ocrx_word' id='word_1_129' title='bbox 513 770 632 801; x_wconf 88' lang='lat' dir='ltr'>fuerint</span> <span class='ocrx_word' id='word_1_130' title='bbox 655 770 731 802; x_wconf 90' lang='lat' dir='ltr'>dum</span> <span class='ocrx_word' id='word_1_131' title='bbox 760 771 841 802; x_wconf 84' lang='lat' dir='ltr'>vixit</span> <span class='ocrx_word' id='word_1_132' title='bbox 863 771 1014 811; x_wconf 83' lang='lat' dir='ltr'>Polonie,</span> <span class='ocrx_word' id='word_1_133' title='bbox 1043 771 1214 811; x_wconf 84' lang='lat' dir='ltr'>Cracovie,</span> <span class='ocrx_word' id='word_1_134' title='bbox 1242 771 1394 803; x_wconf 78' lang='lat' dir='ltr'>Missen.¹²</span> <span class='ocrx_word' id='word_1_135' title='bbox 1418 775 1451 802; x_wconf 91' lang='lat' dir='ltr'>et</span> <span class='ocrx_word' id='word_1_136' title='bbox 1479 771 1571 812; x_wconf 87' lang='lat' dir='ltr'>alibi,</span> <span class='ocrx_word' id='word_1_137' title='bbox 1600 782 1638 803; x_wconf 91' lang='lat' dir='ltr'>ac</span> <span class='ocrx_word' id='word_1_138' title='bbox 1664 772 1906 813; x_wconf 80' lang='lat' dir='ltr'>procurabimus</span> <span class='ocrx_word' id='word_1_139' title='bbox 1929 775 1963 803; x_wconf 89' lang='lat' dir='ltr'>et</span> 
     </span>
     <span class='ocr_line' id='line_1_13' title="bbox 304 821 1963 865; baseline 0.001 -13"><span class='ocrx_word' id='word_1_140' title='bbox 304 821 482 853; x_wconf 87' lang='lat' dir='ltr'>efficiemus</span> <span class='ocrx_word' id='word_1_141' title='bbox 510 832 568 863; x_wconf 90' lang='lat' dir='ltr'>pro</span> <span class='ocrx_word' id='word_1_142' title='bbox 593 832 689 864; x_wconf 87' lang='lat' dir='ltr'>posse</span> <span class='ocrx_word' id='word_1_143' title='bbox 712 825 837 863; x_wconf 91' lang='lat' dir='ltr'>nostro,</span> <span class='ocrx_word' id='word_1_144' title='bbox 867 822 954 864; x_wconf 91' lang='lat' dir='ltr'>quod</span> <span class='ocrx_word' id='word_1_145' title='bbox 981 822 1068 854; x_wconf 89' lang='lat' dir='ltr'>idem</span> <span class='ocrx_word' id='word_1_146' title='bbox 1097 833 1155 854; x_wconf 81' lang='lat' dir='ltr'>rex</span> <span class='ocrx_word' id='word_1_147' title='bbox 1178 822 1337 854; x_wconf 89' lang='lat' dir='ltr'>Bohemie</span> <span class='ocrx_word' id='word_1_148' title='bbox 1362 822 1507 854; x_wconf 82' lang='lat' dir='ltr'>eisdemb</span> <span class='ocrx_word' id='word_1_149' title='bbox 1531 823 1674 864; x_wconf 85' lang='lat' dir='ltr'>gaudere</span> <span class='ocrx_word' id='word_1_150' title='bbox 1698 824 1831 865; x_wconf 88' lang='lat' dir='ltr'>pacifice</span> <span class='ocrx_word' id='word_1_151' title='bbox 1855 823 1963 855; x_wconf 88' lang='lat' dir='ltr'>valeat</span> 
     </span>
     <span class='ocr_line' id='line_1_14' title="bbox 298 872 1804 906; baseline 0.001 -2"><span class='ocrx_word' id='word_1_152' title='bbox 298 877 336 904; x_wconf 79' lang='lat' dir='ltr'>=et</span> <span class='ocrx_word' id='word_1_153' title='bbox 359 883 434 904; x_wconf 93' lang='lat' dir='ltr'>eum</span> <span class='ocrx_word' id='word_1_154' title='bbox 457 874 489 905; x_wconf 90' lang='lat' dir='ltr'>in</span> <span class='ocrx_word' id='word_1_155' title='bbox 513 872 636 904; x_wconf 86' lang='lat' dir='ltr'>eisdem</span> <span class='ocrx_word' id='word_1_156' title='bbox 662 873 824 905; x_wconf 81' lang='lat' dir='ltr'>tuebimur</span> <span class='ocrx_word' id='word_1_157' title='bbox 847 884 885 905; x_wconf 88' lang='lat' dir='ltr'>ac</span> <span class='ocrx_word' id='word_1_158' title='bbox 909 876 968 905; x_wconf 82' lang='lat' dir='ltr'>eac</span> <span class='ocrx_word' id='word_1_159' title='bbox 992 873 1053 904; x_wconf 89' lang='lat' dir='ltr'>sibi</span> <span class='ocrx_word' id='word_1_160' title='bbox 1077 873 1292 905; x_wconf 84' lang='lat' dir='ltr'>concedemus</span> <span class='ocrx_word' id='word_1_161' title='bbox 1314 874 1346 904; x_wconf 88' lang='lat' dir='ltr'>iu</span> <span class='ocrx_word' id='word_1_162' title='bbox 1369 873 1502 905; x_wconf 84' lang='lat' dir='ltr'>feodum</span> <span class='ocrx_word' id='word_1_163' title='bbox 1526 877 1559 905; x_wconf 89' lang='lat' dir='ltr'>et</span> <span class='ocrx_word' id='word_1_164' title='bbox 1582 874 1804 906; x_wconf 65' lang='lat' dir='ltr'>defendemus</span> 
     </span>
    </p>

    <p class='ocr_par' dir='ltr' id='par_1_3' title="bbox 298 925 1964 1111">
     <span class='ocr_line' id='line_1_15' title="bbox 413 925 1962 968; baseline 0 -12"><span class='ocrx_word' id='word_1_165' title='bbox 413 927 441 956; x_wconf 87' lang='grc'>2.</span> <span class='ocrx_word' id='word_1_166' title='bbox 477 925 561 956; x_wconf 88' lang='lat' dir='ltr'>Item</span> <span class='ocrx_word' id='word_1_167' title='bbox 584 925 811 966; x_wconf 81' lang='lat' dir='ltr'>promittimus,</span> <span class='ocrx_word' id='word_1_168' title='bbox 837 925 923 967; x_wconf 89' lang='lat' dir='ltr'>quod</span> <span class='ocrx_word' id='word_1_169' title='bbox 947 926 1054 956; x_wconf 89' lang='lat' dir='ltr'>omnia</span> <span class='ocrx_word' id='word_1_170' title='bbox 1077 925 1249 967; x_wconf 89' lang='lat' dir='ltr'>privilegia</span> <span class='ocrx_word' id='word_1_171' title='bbox 1273 925 1333 956; x_wconf 91' lang='lat' dir='ltr'>sibi</span> <span class='ocrx_word' id='word_1_172' title='bbox 1358 928 1391 956; x_wconf 91' lang='lat' dir='ltr'>et</span> <span class='ocrx_word' id='word_1_173' title='bbox 1413 926 1478 956; x_wconf 88' lang='lat' dir='ltr'>suis</span> <span class='ocrx_word' id='word_1_174' title='bbox 1493 925 1776 967; x_wconf 86' lang='lat' dir='ltr'>predecessoribus</span> <span class='ocrx_word' id='word_1_175' title='bbox 1799 927 1831 957; x_wconf 90' lang='lat' dir='ltr'>in</span> <span class='ocrx_word' id='word_1_176' title='bbox 1854 927 1962 968; x_wconf 89' lang='lat' dir='ltr'>regnis</span> 
     </span>
     <span class='ocr_line' id='line_1_16' title="bbox 298 976 1962 1020; baseline 0.002 -13"><span class='ocrx_word' id='word_1_177' title='bbox 298 979 336 1007; x_wconf 85' lang='lat' dir='ltr'>et</span> <span class='ocrx_word' id='word_1_178' title='bbox 364 976 513 1008; x_wconf 87' lang='lat' dir='ltr'>dominiis</span> <span class='ocrx_word' id='word_1_179' title='bbox 549 976 723 1009; x_wconf 87' lang='lat' dir='ltr'>antedictis</span> <span class='ocrx_word' id='word_1_180' title='bbox 761 978 953 1008; x_wconf 90' lang='lat' dir='ltr'>coniunctim</span> <span class='ocrx_word' id='word_1_181' title='bbox 988 980 1044 1008; x_wconf 86' lang='lat' dir='ltr'>aut</span> <span class='ocrx_word' id='word_1_182' title='bbox 1077 977 1203 1008; x_wconf 90' lang='lat' dir='ltr'>divisim</span> <span class='ocrx_word' id='word_1_183' title='bbox 1238 987 1389 1009; x_wconf 85' lang='lat' dir='ltr'>concessa</span> <span class='ocrx_word' id='word_1_184' title='bbox 1426 980 1483 1008; x_wconf 88' lang='lat' dir='ltr'>aut</span> <span class='ocrx_word' id='word_1_185' title='bbox 1513 977 1653 1019; x_wconf 88' lang='lat' dir='ltr'>indulta,</span> <span class='ocrx_word' id='word_1_186' title='bbox 1684 988 1796 1010; x_wconf 90' lang='lat' dir='ltr'>omnes</span> <span class='ocrx_word' id='word_1_187' title='bbox 1825 979 1962 1020; x_wconf 83' lang='lat' dir='ltr'>gracias,</span> 
     </span>
     <span class='ocr_line' id='line_1_17' title="bbox 298 1028 1964 1074; baseline 0.001 -15"><span class='ocrx_word' id='word_1_188' title='bbox 298 1028 499 1059; x_wconf 85' lang='lat' dir='ltr'>donaciones</span> <span class='ocrx_word' id='word_1_189' title='bbox 523 1032 556 1059; x_wconf 86' lang='lat' dir='ltr'>et</span> <span class='ocrx_word' id='word_1_190' title='bbox 580 1028 749 1060; x_wconf 83' lang='lat' dir='ltr'>libertates</span> <span class='ocrx_word' id='word_1_191' title='bbox 772 1039 792 1060; x_wconf 91' lang='lat' dir='ltr'>a</span> <span class='ocrx_word' id='word_1_192' title='bbox 815 1029 947 1071; x_wconf 89' lang='lat' dir='ltr'>regibus</span> <span class='ocrx_word' id='word_1_193' title='bbox 971 1040 1029 1060; x_wconf 89' lang='lat' dir='ltr'>seu</span> <span class='ocrx_word' id='word_1_194' title='bbox 1052 1029 1273 1060; x_wconf 86' lang='lat' dir='ltr'>Romanorum</span> <span class='ocrx_word' id='word_1_195' title='bbox 1295 1029 1545 1071; x_wconf 80' lang='lat' dir='ltr'>imperatoribus</span> <span class='ocrx_word' id='word_1_196' title='bbox 1569 1029 1719 1074; x_wconf 81' lang='lat' dir='ltr'>[factas]‘¹</span> <span class='ocrx_word' id='word_1_197' title='bbox 1741 1029 1964 1062; x_wconf 84' lang='lat' dir='ltr'>innovabimus</span> 
     </span>
     <span class='ocr_line' id='line_1_18' title="bbox 298 1079 573 1111; baseline 0.004 -1"><span class='ocrx_word' id='word_1_198' title='bbox 298 1083 335 1111; x_wconf 89' lang='lat' dir='ltr'>et</span> <span class='ocrx_word' id='word_1_199' title='bbox 359 1079 573 1111; x_wconf 78' lang='lat' dir='ltr'>conferemus.</span> 
     </span>
    </p>

    <p class='ocr_par' dir='ltr' id='par_1_4' title="bbox 300 1131 1964 1483">
     <span class='ocr_line' id='line_1_19' title="bbox 414 1131 1962 1175; baseline 0.001 -12"><span class='ocrx_word' id='word_1_200' title='bbox 414 1133 443 1163; x_wconf 87' lang='lat'>3.</span> <span class='ocrx_word' id='word_1_201' title='bbox 478 1131 563 1164; x_wconf 89' lang='lat' dir='ltr'>Item</span> <span class='ocrx_word' id='word_1_202' title='bbox 587 1132 815 1174; x_wconf 86' lang='lat' dir='ltr'>promittimus,</span> <span class='ocrx_word' id='word_1_203' title='bbox 839 1132 865 1163; x_wconf 86' lang='lat' dir='ltr'>si</span> <span class='ocrx_word' id='word_1_204' title='bbox 889 1133 1092 1174; x_wconf 87' lang='lat' dir='ltr'>contingeret</span> <span class='ocrx_word' id='word_1_205' title='bbox 1116 1158 1123 1164; x_wconf 90' lang='lat'>.</span> <span class='ocrx_word' id='word_1_206' title='bbox 1141 1157 1148 1164; x_wconf 94' lang='lat'>.</span> <span class='ocrx_word' id='word_1_207' title='bbox 1174 1132 1288 1164; x_wconf 88' lang='lat' dir='ltr'>ducem</span> <span class='ocrx_word' id='word_1_208' title='bbox 1306 1132 1486 1175; x_wconf 78' lang='lat' dir='ltr'>Lfitringie,</span> <span class='ocrx_word' id='word_1_209' title='bbox 1502 1133 1683 1165; x_wconf 84' lang='lat' dir='ltr'>Brabancie</span> <span class='ocrx_word' id='word_1_210' title='bbox 1708 1135 1742 1164; x_wconf 88' lang='lat' dir='ltr'>ct</span> <span class='ocrx_word' id='word_1_211' title='bbox 1763 1133 1962 1174; x_wconf 80' lang='lat' dir='ltr'>Lympurgie</span> 
     </span>
     <span class='ocr_line' id='line_1_20' title="bbox 300 1183 1964 1226; baseline 0.001 -12"><span class='ocrx_word' id='word_1_212' title='bbox 300 1183 578 1225; x_wconf 86' lang='lat' dir='ltr'>consanguineum</span> <span class='ocrx_word' id='word_1_213' title='bbox 596 1183 673 1215; x_wconf 89' lang='lat' dir='ltr'>dicti</span> <span class='ocrx_word' id='word_1_214' title='bbox 690 1183 811 1215; x_wconf 91' lang='lat' dir='ltr'>domini</span> <span class='ocrx_word' id='word_1_215' title='bbox 827 1184 914 1225; x_wconf 88' lang='lat' dir='ltr'>regis</span> <span class='ocrx_word' id='word_1_216' title='bbox 937 1183 1096 1215; x_wconf 86' lang='lat' dir='ltr'>decedere</span> <span class='ocrx_word' id='word_1_217' title='bbox 1120 1184 1231 1215; x_wconf 92' lang='lat' dir='ltr'>liberis</span> <span class='ocrx_word' id='word_1_218' title='bbox 1254 1185 1375 1226; x_wconf 90' lang='lat' dir='ltr'>proprii</span> <span class='ocrx_word' id='word_1_219' title='bbox 1392 1185 1535 1226; x_wconf 86' lang='lat' dir='ltr'>corporis</span> <span class='ocrx_word' id='word_1_220' title='bbox 1557 1195 1620 1215; x_wconf 93' lang='lat' dir='ltr'>non</span> <span class='ocrx_word' id='word_1_221' title='bbox 1643 1184 1773 1225; x_wconf 83' lang='lat' dir='ltr'>relictis,</span> <span class='ocrx_word' id='word_1_222' title='bbox 1797 1184 1884 1226; x_wconf 90' lang='lat' dir='ltr'>quod</span> <span class='ocrx_word' id='word_1_223' title='bbox 1905 1194 1964 1215; x_wconf 90' lang='lat' dir='ltr'>nos</span> 
     </span>
     <span class='ocr_line' id='line_1_21' title="bbox 301 1234 1962 1277; baseline 0.001 -12"><span class='ocrx_word' id='word_1_224' title='bbox 301 1234 408 1266; x_wconf 90' lang='lat' dir='ltr'>eidem</span> <span class='ocrx_word' id='word_1_225' title='bbox 434 1234 503 1275; x_wconf 88' lang='lat' dir='ltr'>regi</span> <span class='ocrx_word' id='word_1_226' title='bbox 527 1234 686 1266; x_wconf 87' lang='lat' dir='ltr'>Bohemie</span> <span class='ocrx_word' id='word_1_227' title='bbox 710 1235 743 1265; x_wconf 91' lang='lat' dir='ltr'>in</span> <span class='ocrx_word' id='word_1_228' title='bbox 767 1234 937 1266; x_wconf 90' lang='lat' dir='ltr'>ducatibus</span> <span class='ocrx_word' id='word_1_229' title='bbox 960 1235 1131 1266; x_wconf 73' lang='lat' dir='ltr'>antedictis</span> <span class='ocrx_word' id='word_1_230' title='bbox 1148 1246 1219 1266; x_wconf 91' lang='lat' dir='ltr'>cum</span> <span class='ocrx_word' id='word_1_231' title='bbox 1238 1246 1350 1267; x_wconf 91' lang='lat' dir='ltr'>eorum</span> <span class='ocrx_word' id='word_1_232' title='bbox 1372 1235 1496 1267; x_wconf 89' lang='lat' dir='ltr'>iuribus</span> <span class='ocrx_word' id='word_1_233' title='bbox 1516 1239 1549 1267; x_wconf 89' lang='lat' dir='ltr'>et</span> <span class='ocrx_word' id='word_1_234' title='bbox 1565 1236 1766 1277; x_wconf 87' lang='lat' dir='ltr'>pertinentiis</span> <span class='ocrx_word' id='word_1_235' title='bbox 1781 1235 1962 1277; x_wconf 86' lang='lat' dir='ltr'>adipiscen-</span> 
     </span>
     <span class='ocr_line' id='line_1_22' title="bbox 301 1285 1961 1328; baseline 0.001 -12"><span class='ocrx_word' id='word_1_236' title='bbox 301 1285 351 1316; x_wconf 88' lang='lat' dir='ltr'>dis</span> <span class='ocrx_word' id='word_1_237' title='bbox 374 1289 407 1317; x_wconf 90' lang='lat' dir='ltr'>et</span> <span class='ocrx_word' id='word_1_238' title='bbox 429 1285 606 1318; x_wconf 84' lang='lat' dir='ltr'>retinendis</span> <span class='ocrx_word' id='word_1_239' title='bbox 629 1287 712 1317; x_wconf 90' lang='lat' dir='ltr'>sicut</span> <span class='ocrx_word' id='word_1_240' title='bbox 734 1287 923 1328; x_wconf 81' lang='lat' dir='ltr'>proximiori</span> <span class='ocrx_word' id='word_1_241' title='bbox 947 1286 1021 1317; x_wconf 89' lang='lat' dir='ltr'>duci</span> <span class='ocrx_word' id='word_1_242' title='bbox 1045 1290 1112 1318; x_wconf 91' lang='lat' dir='ltr'>toto</span> <span class='ocrx_word' id='word_1_243' title='bbox 1136 1297 1231 1328; x_wconf 87' lang='lat' dir='ltr'>posse</span> <span class='ocrx_word' id='word_1_244' title='bbox 1255 1290 1364 1318; x_wconf 90' lang='lat' dir='ltr'>nostro</span> <span class='ocrx_word' id='word_1_245' title='bbox 1389 1290 1500 1318; x_wconf 91' lang='lat' dir='ltr'>contra</span> <span class='ocrx_word' id='word_1_246' title='bbox 1524 1297 1636 1318; x_wconf 89' lang='lat' dir='ltr'>omnes</span> <span class='ocrx_word' id='word_1_247' title='bbox 1658 1287 1805 1318; x_wconf 87' lang='lat' dir='ltr'>homines</span> <span class='ocrx_word' id='word_1_248' title='bbox 1833 1288 1961 1319; x_wconf 88' lang='lat' dir='ltr'>assiste-</span> 
     </span>
     <span class='ocr_line' id='line_1_23' title="bbox 300 1337 1964 1380; baseline 0.001 -12"><span class='ocrx_word' id='word_1_249' title='bbox 300 1348 372 1368; x_wconf 88' lang='lat' dir='ltr'>mus</span> <span class='ocrx_word' id='word_1_250' title='bbox 401 1341 434 1368; x_wconf 87' lang='lat' dir='ltr'>et</span> <span class='ocrx_word' id='word_1_251' title='bbox 460 1338 492 1369; x_wconf 91' lang='lat' dir='ltr'>in</span> <span class='ocrx_word' id='word_1_252' title='bbox 524 1338 610 1369; x_wconf 88' lang='lat' dir='ltr'>omni</span> <span class='ocrx_word' id='word_1_253' title='bbox 641 1338 705 1369; x_wconf 89' lang='lat' dir='ltr'>alio</span> <span class='ocrx_word' id='word_1_254' title='bbox 735 1337 893 1378; x_wconf 89' lang='lat' dir='ltr'>dominio,</span> <span class='ocrx_word' id='word_1_255' title='bbox 923 1338 954 1368; x_wconf 92' lang='lat' dir='ltr'>in</span> <span class='ocrx_word' id='word_1_256' title='bbox 984 1349 1047 1379; x_wconf 91' lang='lat' dir='ltr'>quo</span> <span class='ocrx_word' id='word_1_257' title='bbox 1080 1348 1246 1370; x_wconf 89' lang='lat' dir='ltr'>successor</span> <span class='ocrx_word' id='word_1_258' title='bbox 1276 1349 1352 1370; x_wconf 89' lang='lat' dir='ltr'>suus</span> <span class='ocrx_word' id='word_1_259' title='bbox 1375 1338 1539 1380; x_wconf 87' lang='lat' dir='ltr'>legitimus</span> <span class='ocrx_word' id='word_1_260' title='bbox 1563 1338 1699 1370; x_wconf 88' lang='lat' dir='ltr'>deberet</span> <span class='ocrx_word' id='word_1_261' title='bbox 1721 1338 1907 1379; x_wconf 84' lang='lat' dir='ltr'>succedere,</span> <span class='ocrx_word' id='word_1_262' title='bbox 1930 1341 1964 1370; x_wconf 89' lang='lat' dir='ltr'>et</span> 
     </span>
     <span class='ocr_line' id='line_1_24' title="bbox 300 1388 1963 1432; baseline 0.001 -12"><span class='ocrx_word' id='word_1_263' title='bbox 300 1399 397 1420; x_wconf 89' lang='lat' dir='ltr'>omne</span> <span class='ocrx_word' id='word_1_264' title='bbox 429 1389 494 1429; x_wconf 88' lang='lat' dir='ltr'>ius,</span> <span class='ocrx_word' id='word_1_265' title='bbox 524 1388 611 1430; x_wconf 90' lang='lat' dir='ltr'>quod</span> <span class='ocrx_word' id='word_1_266' title='bbox 635 1400 693 1420; x_wconf 90' lang='lat' dir='ltr'>nos</span> <span class='ocrx_word' id='word_1_267' title='bbox 721 1390 851 1420; x_wconf 82' lang='lat' dir='ltr'>racione</span> <span class='ocrx_word' id='word_1_268' title='bbox 874 1389 1001 1430; x_wconf 87' lang='lat' dir='ltr'>imperii</span> <span class='ocrx_word' id='word_1_269' title='bbox 1024 1392 1138 1431; x_wconf 88' lang='lat' dir='ltr'>petere</span> <span class='ocrx_word' id='word_1_270' title='bbox 1162 1400 1330 1431; x_wconf 86' lang='lat' dir='ltr'>possemus</span> <span class='ocrx_word' id='word_1_271' title='bbox 1353 1390 1384 1421; x_wconf 93' lang='lat' dir='ltr'>in</span> <span class='ocrx_word' id='word_1_272' title='bbox 1409 1390 1495 1422; x_wconf 89' lang='lat' dir='ltr'>dicta</span> <span class='ocrx_word' id='word_1_273' title='bbox 1518 1390 1735 1431; x_wconf 88' lang='lat' dir='ltr'>successione,</span> <span class='ocrx_word' id='word_1_274' title='bbox 1763 1389 1870 1422; x_wconf 87' lang='lat' dir='ltr'>eidem</span> <span class='ocrx_word' id='word_1_275' title='bbox 1893 1390 1963 1432; x_wconf 85' lang='lat' dir='ltr'>regi</span> 
     </span>
     <span class='ocr_line' id='line_1_25' title="bbox 301 1440 1525 1483; baseline 0.002 -12"><span class='ocrx_word' id='word_1_276' title='bbox 301 1440 459 1472; x_wconf 90' lang='lat' dir='ltr'>Bohemie</span> <span class='ocrx_word' id='word_1_277' title='bbox 484 1441 688 1472; x_wconf 86' lang='lat' dir='ltr'>remittemus</span> <span class='ocrx_word' id='word_1_278' title='bbox 711 1444 745 1472; x_wconf 89' lang='lat' dir='ltr'>et</span> <span class='ocrx_word' id='word_1_279' title='bbox 768 1441 808 1472; x_wconf 89' lang='lat' dir='ltr'>de</span> <span class='ocrx_word' id='word_1_280' title='bbox 833 1440 955 1472; x_wconf 89' lang='lat' dir='ltr'>eisdem</span> <span class='ocrx_word' id='word_1_281' title='bbox 981 1440 1119 1472; x_wconf 88' lang='lat' dir='ltr'>eundem</span> <span class='ocrx_word' id='word_1_282' title='bbox 1142 1451 1256 1483; x_wconf 87' lang='lat' dir='ltr'>regem</span> <span class='ocrx_word' id='word_1_283' title='bbox 1279 1441 1525 1473; x_wconf 80' lang='lat' dir='ltr'>infeodabimus.</span> 
     </span>
    </p>

    <p class='ocr_par' dir='ltr' id='par_1_5' title="bbox 301 1492 1963 1691">
     <span class='ocr_line' id='line_1_26' title="bbox 411 1492 1963 1535; baseline 0.001 -12"><span class='ocrx_word' id='word_1_284' title='bbox 411 1494 440 1523; x_wconf 88' lang='grc'>4.</span> <span class='ocrx_word' id='word_1_285' title='bbox 475 1492 560 1524; x_wconf 90' lang='lat' dir='ltr'>Item</span> <span class='ocrx_word' id='word_1_286' title='bbox 594 1493 821 1534; x_wconf 87' lang='lat' dir='ltr'>promittimus,</span> <span class='ocrx_word' id='word_1_287' title='bbox 857 1492 943 1534; x_wconf 93' lang='lat' dir='ltr'>quod</span> <span class='ocrx_word' id='word_1_288' title='bbox 977 1503 1036 1524; x_wconf 89' lang='lat' dir='ltr'>nos</span> <span class='ocrx_word' id='word_1_289' title='bbox 1073 1493 1178 1534; x_wconf 90' lang='lat' dir='ltr'>ipsum</span> <span class='ocrx_word' id='word_1_290' title='bbox 1210 1503 1322 1535; x_wconf 85' lang='lat' dir='ltr'>regem</span> <span class='ocrx_word' id='word_1_291' title='bbox 1353 1504 1413 1525; x_wconf 92' lang='lat' dir='ltr'>nec</span> <span class='ocrx_word' id='word_1_292' title='bbox 1447 1493 1531 1525; x_wconf 87' lang='lat' dir='ltr'>ultra</span> <span class='ocrx_word' id='word_1_293' title='bbox 1559 1497 1686 1525; x_wconf 88' lang='lat' dir='ltr'>montes</span> <span class='ocrx_word' id='word_1_294' title='bbox 1717 1504 1777 1526; x_wconf 90' lang='lat' dir='ltr'>nec</span> <span class='ocrx_word' id='word_1_295' title='bbox 1807 1494 1887 1525; x_wconf 83' lang='lat' dir='ltr'>citra</span> <span class='ocrx_word' id='word_1_296' title='bbox 1921 1492 1963 1524; x_wconf 84' lang='lat' dir='ltr'>ad</span> 
     </span>
     <span class='ocr_line' id='line_1_27' title="bbox 301 1543 1963 1587; baseline 0.001 -13"><span class='ocrx_word' id='word_1_297' title='bbox 301 1543 539 1585; x_wconf 85' lang='lat' dir='ltr'>parlamentum</span> <span class='ocrx_word' id='word_1_298' title='bbox 569 1544 622 1575; x_wconf 90' lang='lat' dir='ltr'>vel</span> <span class='ocrx_word' id='word_1_299' title='bbox 653 1544 902 1586; x_wconf 86' lang='lat' dir='ltr'>expedicionem</span> <span class='ocrx_word' id='word_1_300' title='bbox 930 1547 1073 1576; x_wconf 88' lang='lat' dir='ltr'>nostram</span> <span class='ocrx_word' id='word_1_301' title='bbox 1097 1545 1255 1586; x_wconf 88' lang='lat' dir='ltr'>privatam</span> <span class='ocrx_word' id='word_1_302' title='bbox 1279 1545 1332 1576; x_wconf 80' lang='lat' dir='ltr'>vel</span> <span class='ocrx_word' id='word_1_303' title='bbox 1359 1545 1520 1587; x_wconf 90' lang='lat' dir='ltr'>publicam</span> <span class='ocrx_word' id='word_1_304' title='bbox 1545 1546 1614 1576; x_wconf 90' lang='lat' dir='ltr'>sine</span> <span class='ocrx_word' id='word_1_305' title='bbox 1638 1546 1706 1577; x_wconf 90' lang='lat' dir='ltr'>eius</span> <span class='ocrx_word' id='word_1_306' title='bbox 1728 1545 1893 1576; x_wconf 84' lang='lat' dir='ltr'>voluntate</span> <span class='ocrx_word' id='word_1_307' title='bbox 1916 1545 1963 1576; x_wconf 89' lang='lat' dir='ltr'>ire</span> 
     </span>
     <span class='ocr_line' id='line_1_28' title="bbox 301 1595 1963 1639; baseline 0.001 -13"><span class='ocrx_word' id='word_1_308' title='bbox 301 1605 456 1637; x_wconf 87' lang='lat' dir='ltr'>cogemus</span> <span class='ocrx_word' id='word_1_309' title='bbox 485 1595 569 1627; x_wconf 85' lang='lat' dir='ltr'>ultra</span> <span class='ocrx_word' id='word_1_310' title='bbox 599 1596 770 1637; x_wconf 87' lang='lat' dir='ltr'>privilegia</span> <span class='ocrx_word' id='word_1_311' title='bbox 800 1595 862 1627; x_wconf 91' lang='lat' dir='ltr'>sibi</span> <span class='ocrx_word' id='word_1_312' title='bbox 884 1596 937 1627; x_wconf 87' lang='lat' dir='ltr'>vel</span> <span class='ocrx_word' id='word_1_313' title='bbox 960 1596 1246 1637; x_wconf 86' lang='lat' dir='ltr'>predecessoribus</span> <span class='ocrx_word' id='word_1_314' title='bbox 1274 1598 1339 1628; x_wconf 89' lang='lat' dir='ltr'>suis</span> <span class='ocrx_word' id='word_1_315' title='bbox 1361 1607 1381 1628; x_wconf 85' lang='lat' dir='ltr'>a</span> <span class='ocrx_word' id='word_1_316' title='bbox 1405 1597 1486 1628; x_wconf 89' lang='lat' dir='ltr'>divis</span> <span class='ocrx_word' id='word_1_317' title='bbox 1508 1597 1727 1628; x_wconf 83' lang='lat' dir='ltr'>Romanorum</span> <span class='ocrx_word' id='word_1_318' title='bbox 1752 1596 1884 1639; x_wconf 83' lang='lat' dir='ltr'>regibus</span> <span class='ocrx_word' id='word_1_319' title='bbox 1905 1606 1963 1628; x_wconf 87' lang='lat' dir='ltr'>seu</span> 
     </span>
     <span class='ocr_line' id='line_1_29' title="bbox 303 1647 1962 1691; baseline 0.001 -13"><span class='ocrx_word' id='word_1_320' title='bbox 303 1647 554 1688; x_wconf 82' lang='lat' dir='ltr'>imperatoribus</span> <span class='ocrx_word' id='word_1_321' title='bbox 583 1658 736 1679; x_wconf 84' lang='lat' dir='ltr'>concessa</span> <span class='ocrx_word' id='word_1_322' title='bbox 762 1658 822 1679; x_wconf 88' lang='lat' dir='ltr'>nec</span> <span class='ocrx_word' id='word_1_323' title='bbox 851 1651 985 1689; x_wconf 85' lang='lat' dir='ltr'>propter</span> <span class='ocrx_word' id='word_1_324' title='bbox 1015 1647 1078 1679; x_wconf 89' lang='lat' dir='ltr'>hoc</span> <span class='ocrx_word' id='word_1_325' title='bbox 1107 1648 1264 1680; x_wconf 84' lang='lat' dir='ltr'>offensam</span> <span class='ocrx_word' id='word_1_326' title='bbox 1287 1652 1429 1680; x_wconf 88' lang='lat' dir='ltr'>nostram</span> <span class='ocrx_word' id='word_1_327' title='bbox 1457 1651 1514 1680; x_wconf 88' lang='lat' dir='ltr'>aut</span> <span class='ocrx_word' id='word_1_328' title='bbox 1535 1648 1790 1691; x_wconf 86' lang='lat' dir='ltr'>indignationem</span> <span class='ocrx_word' id='word_1_329' title='bbox 1812 1649 1962 1680; x_wconf 87' lang='lat' dir='ltr'>incurret.</span> 
     </span>
    </p>

    <p class='ocr_par' dir='ltr' id='par_1_6' title="bbox 300 1699 1963 2051">
     <span class='ocr_line' id='line_1_30' title="bbox 412 1699 1962 1742; baseline 0.001 -13"><span class='ocrx_word' id='word_1_330' title='bbox 412 1702 440 1730; x_wconf 87' lang='lat'>5.</span> <span class='ocrx_word' id='word_1_331' title='bbox 477 1699 559 1730; x_wconf 91' lang='lat' dir='ltr'>Item</span> <span class='ocrx_word' id='word_1_332' title='bbox 583 1699 809 1741; x_wconf 87' lang='lat' dir='ltr'>promittimus,</span> <span class='ocrx_word' id='word_1_333' title='bbox 847 1699 935 1740; x_wconf 90' lang='lat' dir='ltr'>quod</span> <span class='ocrx_word' id='word_1_334' title='bbox 963 1700 1067 1741; x_wconf 91' lang='lat' dir='ltr'>ipsum</span> <span class='ocrx_word' id='word_1_335' title='bbox 1095 1710 1207 1740; x_wconf 89' lang='lat' dir='ltr'>regem</span> <span class='ocrx_word' id='word_1_336' title='bbox 1230 1699 1404 1740; x_wconf 91' lang='lat' dir='ltr'>Bohemie,</span> <span class='ocrx_word' id='word_1_337' title='bbox 1428 1700 1568 1742; x_wconf 88' lang='lat' dir='ltr'>nobiles,</span> <span class='ocrx_word' id='word_1_338' title='bbox 1592 1700 1747 1740; x_wconf 78' lang='lat' dir='ltr'>vasallos,</span> <span class='ocrx_word' id='word_1_339' title='bbox 1772 1702 1962 1739; x_wconf 81' lang='lat' dir='ltr'>castrenses,</span> 
     </span>
     <span class='ocr_line' id='line_1_31' title="bbox 301 1750 1963 1792; baseline 0.002 -12"><span class='ocrx_word' id='word_1_340' title='bbox 301 1750 548 1789; x_wconf 86' lang='lat' dir='ltr'>ministeriales,</span> <span class='ocrx_word' id='word_1_341' title='bbox 579 1750 679 1789; x_wconf 88' lang='lat' dir='ltr'>cives,</span> <span class='ocrx_word' id='word_1_342' title='bbox 708 1750 888 1792; x_wconf 88' lang='lat' dir='ltr'>oppidanos</span> <span class='ocrx_word' id='word_1_343' title='bbox 915 1753 948 1782; x_wconf 91' lang='lat' dir='ltr'>et</span> <span class='ocrx_word' id='word_1_344' title='bbox 979 1761 1187 1792; x_wconf 91' lang='lat' dir='ltr'>quoscunque</span> <span class='ocrx_word' id='word_1_345' title='bbox 1219 1751 1365 1783; x_wconf 89' lang='lat' dir='ltr'>subditos</span> <span class='ocrx_word' id='word_1_346' title='bbox 1389 1751 1625 1784; x_wconf 89' lang='lat' dir='ltr'>ecclesiasticos</span> <span class='ocrx_word' id='word_1_347' title='bbox 1648 1755 1682 1784; x_wconf 88' lang='lat' dir='ltr'>et</span> <span class='ocrx_word' id='word_1_348' title='bbox 1703 1751 1866 1783; x_wconf 87' lang='lat' dir='ltr'>seculares</span> <span class='ocrx_word' id='word_1_349' title='bbox 1888 1761 1963 1784; x_wconf 84' lang='lat' dir='ltr'>suos</span> 
     </span>
     <span class='ocr_line' id='line_1_32' title="bbox 306 1801 1962 1845; baseline 0.001 -13"><span class='ocrx_word' id='word_1_350' title='bbox 306 1812 479 1842; x_wconf 87' lang='lat' dir='ltr'>regnorum</span> <span class='ocrx_word' id='word_1_351' title='bbox 515 1812 644 1833; x_wconf 87' lang='lat' dir='ltr'>suorum</span> <span class='ocrx_word' id='word_1_352' title='bbox 681 1806 714 1833; x_wconf 88' lang='lat' dir='ltr'>et</span> <span class='ocrx_word' id='word_1_353' title='bbox 745 1801 958 1833; x_wconf 88' lang='lat' dir='ltr'>dominiorum</span> <span class='ocrx_word' id='word_1_354' title='bbox 993 1802 1193 1834; x_wconf 86' lang='lat' dir='ltr'>servabimus</span> <span class='ocrx_word' id='word_1_355' title='bbox 1228 1806 1261 1834; x_wconf 86' lang='lat' dir='ltr'>et</span> <span class='ocrx_word' id='word_1_356' title='bbox 1287 1803 1448 1835; x_wconf 88' lang='lat' dir='ltr'>tuebimur</span> <span class='ocrx_word' id='word_1_357' title='bbox 1482 1814 1541 1845; x_wconf 90' lang='lat' dir='ltr'>per</span> <span class='ocrx_word' id='word_1_358' title='bbox 1574 1813 1701 1835; x_wconf 89' lang='lat' dir='ltr'>sacrum</span> <span class='ocrx_word' id='word_1_359' title='bbox 1731 1804 1901 1844; x_wconf 89' lang='lat' dir='ltr'>imperium</span> <span class='ocrx_word' id='word_1_360' title='bbox 1930 1803 1962 1834; x_wconf 90' lang='lat' dir='ltr'>in</span> 
     </span>
     <span class='ocr_line' id='line_1_33' title="bbox 302 1853 1962 1897; baseline 0.001 -13"><span class='ocrx_word' id='word_1_361' title='bbox 302 1853 519 1893; x_wconf 87' lang='lat' dir='ltr'>libertatibus,</span> <span class='ocrx_word' id='word_1_362' title='bbox 544 1853 637 1885; x_wconf 90' lang='lat' dir='ltr'>bonis</span> <span class='ocrx_word' id='word_1_363' title='bbox 661 1853 946 1885; x_wconf 87' lang='lat' dir='ltr'>consuetudinibus</span> <span class='ocrx_word' id='word_1_364' title='bbox 970 1857 1002 1885; x_wconf 89' lang='lat' dir='ltr'>et</span> <span class='ocrx_word' id='word_1_365' title='bbox 1025 1855 1154 1885; x_wconf 88' lang='lat' dir='ltr'>statutis</span> <span class='ocrx_word' id='word_1_366' title='bbox 1177 1855 1241 1886; x_wconf 90' lang='lat' dir='ltr'>suis</span> <span class='ocrx_word' id='word_1_367' title='bbox 1264 1854 1430 1897; x_wconf 86' lang='lat' dir='ltr'>hucusque</span> <span class='ocrx_word' id='word_1_368' title='bbox 1461 1866 1520 1897; x_wconf 91' lang='lat' dir='ltr'>per</span> <span class='ocrx_word' id='word_1_369' title='bbox 1551 1866 1607 1887; x_wconf 88' lang='lat' dir='ltr'>eos</span> <span class='ocrx_word' id='word_1_370' title='bbox 1630 1855 1747 1886; x_wconf 89' lang='lat' dir='ltr'>habitis</span> <span class='ocrx_word' id='word_1_371' title='bbox 1771 1858 1804 1886; x_wconf 87' lang='lat' dir='ltr'>et</span> <span class='ocrx_word' id='word_1_372' title='bbox 1826 1854 1962 1886; x_wconf 87' lang='lat' dir='ltr'>usitatis.</span> 
     </span>
     <span class='ocr_line' id='line_1_34' title="bbox 300 1904 1961 1948; baseline 0.002 -13"><span class='ocrx_word' id='word_1_373' title='bbox 300 1904 344 1936; x_wconf 86' lang='lat' dir='ltr'>Et</span> <span class='ocrx_word' id='word_1_374' title='bbox 373 1905 459 1946; x_wconf 90' lang='lat' dir='ltr'>quod</span> <span class='ocrx_word' id='word_1_375' title='bbox 486 1905 607 1936; x_wconf 91' lang='lat' dir='ltr'>nullum</span> <span class='ocrx_word' id='word_1_376' title='bbox 637 1916 679 1936; x_wconf 83' lang='lat' dir='ltr'>ex</span> <span class='ocrx_word' id='word_1_377' title='bbox 707 1906 871 1947; x_wconf 89' lang='lat' dir='ltr'>premissis</span> <span class='ocrx_word' id='word_1_378' title='bbox 903 1905 944 1937; x_wconf 88' lang='lat' dir='ltr'>ad</span> <span class='ocrx_word' id='word_1_379' title='bbox 974 1905 1128 1937; x_wconf 88' lang='lat' dir='ltr'>iudicium</span> <span class='ocrx_word' id='word_1_380' title='bbox 1160 1907 1248 1938; x_wconf 89' lang='lat' dir='ltr'>curie</span> <span class='ocrx_word' id='word_1_381' title='bbox 1279 1910 1388 1938; x_wconf 91' lang='lat' dir='ltr'>nostre</span> <span class='ocrx_word' id='word_1_382' title='bbox 1413 1908 1620 1938; x_wconf 88' lang='lat' dir='ltr'>evocabimus</span> <span class='ocrx_word' id='word_1_383' title='bbox 1647 1917 1708 1938; x_wconf 90' lang='lat' dir='ltr'>nec</span> <span class='ocrx_word' id='word_1_384' title='bbox 1737 1907 1864 1938; x_wconf 89' lang='lat' dir='ltr'>evocari</span> <span class='ocrx_word' id='word_1_385' title='bbox 1889 1917 1961 1948; x_wconf 90' lang='lat' dir='ltr'>per-</span> 
     </span>
     <span class='ocr_line' id='line_1_35' title="bbox 300 1956 1961 2000; baseline 0.001 -13"><span class='ocrx_word' id='word_1_386' title='bbox 300 1957 478 1996; x_wconf 83' lang='lat' dir='ltr'>mittemus,</span> <span class='ocrx_word' id='word_1_387' title='bbox 505 1967 600 1998; x_wconf 88' lang='lat' dir='ltr'>quam</span> <span class='ocrx_word' id='word_1_388' title='bbox 626 1957 680 1988; x_wconf 88' lang='lat' dir='ltr'>diu</span> <span class='ocrx_word' id='word_1_389' title='bbox 704 1956 789 1988; x_wconf 89' lang='lat' dir='ltr'>idem</span> <span class='ocrx_word' id='word_1_390' title='bbox 814 1967 871 1988; x_wconf 87' lang='lat' dir='ltr'>rex</span> <span class='ocrx_word' id='word_1_391' title='bbox 896 1957 1137 1998; x_wconf 84' lang='lat' dir='ltr'>querelantibus</span> <span class='ocrx_word' id='word_1_392' title='bbox 1166 1958 1205 1989; x_wconf 93' lang='lat' dir='ltr'>de</span> <span class='ocrx_word' id='word_1_393' title='bbox 1234 1958 1281 1989; x_wconf 88' lang='lat' dir='ltr'>eis</span> <span class='ocrx_word' id='word_1_394' title='bbox 1313 1961 1445 2000; x_wconf 89' lang='lat' dir='ltr'>paratus</span> <span class='ocrx_word' id='word_1_395' title='bbox 1472 1959 1569 1990; x_wconf 89' lang='lat' dir='ltr'>fuerit</span> <span class='ocrx_word' id='word_1_396' title='bbox 1593 1958 1701 1990; x_wconf 81' lang='lat' dir='ltr'>facere</span> <span class='ocrx_word' id='word_1_397' title='bbox 1725 1958 1850 1990; x_wconf 87' lang='lat' dir='ltr'>iusticie</span> <span class='ocrx_word' id='word_1_398' title='bbox 1874 1967 1961 1989; x_wconf 91' lang='lat' dir='ltr'>com-</span> 
     </span>
     <span class='ocr_line' id='line_1_36' title="bbox 302 2009 512 2051; baseline -0.005 -11"><span class='ocrx_word' id='word_1_399' title='bbox 302 2009 512 2051; x_wconf 89' lang='lat' dir='ltr'>plementum.</span> 
     </span>
    </p>

    <p class='ocr_par' dir='ltr' id='par_1_7' title="bbox 302 2060 1962 2308">
     <span class='ocr_line' id='line_1_37' title="bbox 417 2060 1962 2103; baseline 0.001 -12"><span class='ocrx_word' id='word_1_400' title='bbox 417 2062 447 2091; x_wconf 86' lang='grc'>6.</span> <span class='ocrx_word' id='word_1_401' title='bbox 477 2060 559 2092; x_wconf 88' lang='lat' dir='ltr'>Item</span> <span class='ocrx_word' id='word_1_402' title='bbox 583 2061 799 2101; x_wconf 89' lang='lat' dir='ltr'>promittimus</span> <span class='ocrx_word' id='word_1_403' title='bbox 825 2071 996 2102; x_wconf 89' lang='lat' dir='ltr'>procurare</span> <span class='ocrx_word' id='word_1_404' title='bbox 1020 2064 1053 2092; x_wconf 88' lang='lat' dir='ltr'>et</span> <span class='ocrx_word' id='word_1_405' title='bbox 1077 2060 1207 2093; x_wconf 88' lang='lat' dir='ltr'>efficere</span> <span class='ocrx_word' id='word_1_406' title='bbox 1231 2073 1289 2103; x_wconf 91' lang='lat' dir='ltr'>pro</span> <span class='ocrx_word' id='word_1_407' title='bbox 1314 2073 1408 2103; x_wconf 87' lang='lat' dir='ltr'>posse</span> <span class='ocrx_word' id='word_1_408' title='bbox 1431 2065 1551 2102; x_wconf 88' lang='lat' dir='ltr'>nostro,</span> <span class='ocrx_word' id='word_1_409' title='bbox 1576 2061 1663 2103; x_wconf 88' lang='lat' dir='ltr'>quod</span> <span class='ocrx_word' id='word_1_410' title='bbox 1688 2085 1720 2093; x_wconf 92' lang='lat'>..</span> <span class='ocrx_word' id='word_1_411' title='bbox 1744 2061 1811 2092; x_wconf 85' lang='lat' dir='ltr'>dux</span> <span class='ocrx_word' id='word_1_412' title='bbox 1831 2061 1962 2092; x_wconf 83' lang='lat' dir='ltr'>Austrie</span> 
     </span>
     <span class='ocr_line' id='line_1_38' title="bbox 302 2111 1961 2155; baseline 0.001 -13"><span class='ocrx_word' id='word_1_413' title='bbox 302 2122 415 2143; x_wconf 90' lang='lat' dir='ltr'>omnes</span> <span class='ocrx_word' id='word_1_414' title='bbox 439 2111 579 2152; x_wconf 87' lang='lat' dir='ltr'>litteras,</span> <span class='ocrx_word' id='word_1_415' title='bbox 611 2122 691 2153; x_wconf 85' lang='lat' dir='ltr'>quas</span> <span class='ocrx_word' id='word_1_416' title='bbox 713 2111 827 2151; x_wconf 89' lang='lat' dir='ltr'>habet,</span> <span class='ocrx_word' id='word_1_417' title='bbox 860 2112 975 2143; x_wconf 86' lang='lat' dir='ltr'>virtute</span> <span class='ocrx_word' id='word_1_418' title='bbox 1000 2123 1134 2154; x_wconf 84' lang='lat' dir='ltr'>quarum</span> <span class='ocrx_word' id='word_1_419' title='bbox 1159 2113 1290 2155; x_wconf 82' lang='lat' dir='ltr'>aliquod</span> <span class='ocrx_word' id='word_1_420' title='bbox 1317 2114 1367 2145; x_wconf 86' lang='lat' dir='ltr'>ius</span> <span class='ocrx_word' id='word_1_421' title='bbox 1395 2114 1457 2145; x_wconf 89' lang='lat' dir='ltr'>sibi</span> <span class='ocrx_word' id='word_1_422' title='bbox 1478 2117 1590 2155; x_wconf 89' lang='lat' dir='ltr'>posset</span> <span class='ocrx_word' id='word_1_423' title='bbox 1610 2113 1782 2145; x_wconf 84' lang='lat' dir='ltr'>vendicare</span> <span class='ocrx_word' id='word_1_424' title='bbox 1806 2113 1838 2144; x_wconf 92' lang='lat' dir='ltr'>in</span> <span class='ocrx_word' id='word_1_425' title='bbox 1861 2123 1961 2154; x_wconf 88' lang='lat' dir='ltr'>regno</span> 
     </span>
     <span class='ocr_line' id='line_1_39' title="bbox 302 2163 1961 2206; baseline 0.001 -12"><span class='ocrx_word' id='word_1_426' title='bbox 302 2163 460 2194; x_wconf 89' lang='lat' dir='ltr'>Bohemie</span> <span class='ocrx_word' id='word_1_427' title='bbox 490 2163 540 2194; x_wconf 88' lang='lat' dir='ltr'>vel</span> <span class='ocrx_word' id='word_1_428' title='bbox 569 2164 638 2194; x_wconf 87' lang='lat' dir='ltr'>eius</span> <span class='ocrx_word' id='word_1_429' title='bbox 666 2163 866 2205; x_wconf 87' lang='lat' dir='ltr'>appendiciis</span> <span class='ocrx_word' id='word_1_430' title='bbox 890 2167 947 2195; x_wconf 90' lang='lat' dir='ltr'>aut</span> <span class='ocrx_word' id='word_1_431' title='bbox 970 2165 1001 2195; x_wconf 90' lang='lat' dir='ltr'>in</span> <span class='ocrx_word' id='word_1_432' title='bbox 1026 2164 1202 2206; x_wconf 90' lang='lat' dir='ltr'>nobilibus,</span> <span class='ocrx_word' id='word_1_433' title='bbox 1228 2165 1350 2197; x_wconf 89' lang='lat' dir='ltr'>civibus</span> <span class='ocrx_word' id='word_1_434' title='bbox 1379 2169 1412 2196; x_wconf 91' lang='lat' dir='ltr'>et</span> <span class='ocrx_word' id='word_1_435' title='bbox 1435 2166 1546 2197; x_wconf 90' lang='lat' dir='ltr'>incolis</span> <span class='ocrx_word' id='word_1_436' title='bbox 1570 2165 1647 2196; x_wconf 84' lang='lat' dir='ltr'>dicti</span> <span class='ocrx_word' id='word_1_437' title='bbox 1669 2165 1776 2206; x_wconf 88' lang='lat' dir='ltr'>regni,</span> <span class='ocrx_word' id='word_1_438' title='bbox 1802 2164 1961 2196; x_wconf 86' lang='lat' dir='ltr'>restituat.</span> 
     </span>
     <span class='ocr_line' id='line_1_40' title="bbox 302 2215 1962 2259; baseline 0.001 -14"><span class='ocrx_word' id='word_1_439' title='bbox 302 2215 390 2251; x_wconf 84' lang='lat' dir='ltr'>Quas</span> <span class='ocrx_word' id='word_1_440' title='bbox 418 2215 514 2246; x_wconf 86' lang='lat' dir='ltr'>etiam</span> <span class='ocrx_word' id='word_1_441' title='bbox 543 2215 670 2246; x_wconf 88' lang='lat' dir='ltr'>vivente</span> <span class='ocrx_word' id='word_1_442' title='bbox 699 2215 829 2246; x_wconf 89' lang='lat' dir='ltr'>domino</span> <span class='ocrx_word' id='word_1_443' title='bbox 858 2215 999 2247; x_wconf 89' lang='lat' dir='ltr'>Henrico</span> <span class='ocrx_word' id='word_1_444' title='bbox 1029 2215 1249 2248; x_wconf 85' lang='lat' dir='ltr'>Romanorum</span> <span class='ocrx_word' id='word_1_445' title='bbox 1283 2218 1482 2259; x_wconf 89' lang='lat' dir='ltr'>imperatore</span> <span class='ocrx_word' id='word_1_446' title='bbox 1520 2217 1603 2248; x_wconf 87' lang='lat' dir='ltr'>bone</span> <span class='ocrx_word' id='word_1_447' title='bbox 1636 2217 1792 2248; x_wconf 88' lang='lat' dir='ltr'>memorie</span> <span class='ocrx_word' id='word_1_448' title='bbox 1824 2215 1962 2247; x_wconf 90' lang='lat' dir='ltr'>reddere</span> 
     </span>
     <span class='ocr_line' id='line_1_41' title="bbox 302 2267 457 2308; baseline -0.006 -10"><span class='ocrx_word' id='word_1_449' title='bbox 302 2267 457 2308; x_wconf 89' lang='lat' dir='ltr'>promisit.</span> 
     </span>
    </p>

    <p class='ocr_par' dir='ltr' id='par_1_8' title="bbox 301 2317 1963 2566">
     <span class='ocr_line' id='line_1_42' title="bbox 410 2317 1962 2362; baseline 0.001 -14"><span class='ocrx_word' id='word_1_450' title='bbox 410 2319 437 2348; x_wconf 92' lang='lat'>7.</span> <span class='ocrx_word' id='word_1_451' title='bbox 473 2317 556 2349; x_wconf 89' lang='lat' dir='ltr'>Item</span> <span class='ocrx_word' id='word_1_452' title='bbox 581 2318 796 2359; x_wconf 87' lang='lat' dir='ltr'>promittimus</span> <span class='ocrx_word' id='word_1_453' title='bbox 820 2328 992 2360; x_wconf 88' lang='lat' dir='ltr'>procurare</span> <span class='ocrx_word' id='word_1_454' title='bbox 1023 2323 1056 2350; x_wconf 91' lang='lat' dir='ltr'>et</span> <span class='ocrx_word' id='word_1_455' title='bbox 1084 2319 1213 2351; x_wconf 85' lang='lat' dir='ltr'>efficere</span> <span class='ocrx_word' id='word_1_456' title='bbox 1242 2331 1300 2362; x_wconf 91' lang='lat' dir='ltr'>pro</span> <span class='ocrx_word' id='word_1_457' title='bbox 1330 2331 1425 2362; x_wconf 89' lang='lat' dir='ltr'>posse</span> <span class='ocrx_word' id='word_1_458' title='bbox 1449 2324 1576 2360; x_wconf 87' lang='lat' dir='ltr'>nostro,</span> <span class='ocrx_word' id='word_1_459' title='bbox 1602 2319 1689 2362; x_wconf 90' lang='lat' dir='ltr'>quod</span> <span class='ocrx_word' id='word_1_460' title='bbox 1713 2319 1874 2351; x_wconf 83' lang='lat' dir='ltr'>Rudolfus</span> <span class='ocrx_word' id='word_1_461' title='bbox 1897 2318 1962 2350; x_wconf 86' lang='lat' dir='ltr'>dux</span> 
     </span>
     <span class='ocr_line' id='line_1_43' title="bbox 302 2369 1963 2414; baseline 0.002 -15"><span class='ocrx_word' id='word_1_462' title='bbox 302 2369 449 2400; x_wconf 85' lang='lat' dir='ltr'>Bawarie</span> <span class='ocrx_word' id='word_1_463' title='bbox 473 2379 645 2410; x_wconf 86' lang='lat' dir='ltr'>germanus</span> <span class='ocrx_word' id='word_1_464' title='bbox 667 2372 775 2401; x_wconf 89' lang='lat' dir='ltr'>noster</span> <span class='ocrx_word' id='word_1_465' title='bbox 799 2380 910 2401; x_wconf 91' lang='lat' dir='ltr'>omnes</span> <span class='ocrx_word' id='word_1_466' title='bbox 933 2370 1058 2402; x_wconf 89' lang='lat' dir='ltr'>litteras</span> <span class='ocrx_word' id='word_1_467' title='bbox 1082 2371 1322 2413; x_wconf 88' lang='lat' dir='ltr'>obligacionum</span> <span class='ocrx_word' id='word_1_468' title='bbox 1353 2376 1386 2403; x_wconf 90' lang='lat' dir='ltr'>et</span> <span class='ocrx_word' id='word_1_469' title='bbox 1408 2373 1673 2414; x_wconf 88' lang='lat' dir='ltr'>promissionum,</span> <span class='ocrx_word' id='word_1_470' title='bbox 1704 2382 1784 2414; x_wconf 90' lang='lat' dir='ltr'>quas</span> <span class='ocrx_word' id='word_1_471' title='bbox 1806 2371 1907 2402; x_wconf 88' lang='lat' dir='ltr'>habet</span> <span class='ocrx_word' id='word_1_472' title='bbox 1930 2375 1963 2402; x_wconf 90' lang='lat' dir='ltr'>et</span> 
     </span>
     <span class='ocr_line' id='line_1_44' title="bbox 302 2420 1961 2465; baseline 0.001 -14"><span class='ocrx_word' id='word_1_473' title='bbox 302 2420 415 2452; x_wconf 85' lang='lat' dir='ltr'>habuit</span> <span class='ocrx_word' id='word_1_474' title='bbox 438 2421 479 2452; x_wconf 87' lang='lat' dir='ltr'>ab</span> <span class='ocrx_word' id='word_1_475' title='bbox 503 2421 620 2453; x_wconf 89' lang='lat' dir='ltr'>eodem</span> <span class='ocrx_word' id='word_1_476' title='bbox 643 2431 719 2463; x_wconf 89' lang='lat' dir='ltr'>rege</span> <span class='ocrx_word' id='word_1_477' title='bbox 745 2424 777 2452; x_wconf 85' lang='lat' dir='ltr'>et</span> <span class='ocrx_word' id='word_1_478' title='bbox 800 2421 948 2452; x_wconf 78' lang='lat' dir='ltr'>domin0⁸</span> <span class='ocrx_word' id='word_1_479' title='bbox 964 2420 1190 2465; x_wconf 70' lang='lat' dir='ltr'>&#39;Bald(ewino)</span> <span class='ocrx_word' id='word_1_480' title='bbox 1207 2423 1418 2464; x_wconf 85' lang='lat' dir='ltr'>Trevir(ensi)</span> <span class='ocrx_word' id='word_1_481' title='bbox 1445 2424 1689 2465; x_wconf 87' lang='lat' dir='ltr'>archiepiscopo</span> <span class='ocrx_word' id='word_1_482' title='bbox 1713 2423 1826 2465; x_wconf 88' lang='lat' dir='ltr'>sigillis</span> <span class='ocrx_word' id='word_1_483' title='bbox 1850 2433 1961 2454; x_wconf 90' lang='lat' dir='ltr'>eorum</span> 
     </span>
     <span class='ocr_line' id='line_1_45' title="bbox 301 2472 1961 2517; baseline 0.001 -14"><span class='ocrx_word' id='word_1_484' title='bbox 301 2472 458 2513; x_wconf 86' lang='lat' dir='ltr'>sigillatas</span> <span class='ocrx_word' id='word_1_485' title='bbox 482 2473 650 2504; x_wconf 83' lang='lat' dir='ltr'>occasione</span> <span class='ocrx_word' id='word_1_486' title='bbox 674 2473 890 2514; x_wconf 87' lang='lat' dir='ltr'>promocionis</span> <span class='ocrx_word' id='word_1_487' title='bbox 920 2473 1069 2505; x_wconf 84' lang='lat' dir='ltr'>faciende</span> <span class='ocrx_word' id='word_1_488' title='bbox 1098 2474 1139 2505; x_wconf 90' lang='lat' dir='ltr'>de</span> <span class='ocrx_word' id='word_1_489' title='bbox 1170 2474 1287 2506; x_wconf 90' lang='lat' dir='ltr'>eodem</span> <span class='ocrx_word' id='word_1_490' title='bbox 1319 2485 1396 2517; x_wconf 91' lang='lat' dir='ltr'>rege</span> <span class='ocrx_word' id='word_1_491' title='bbox 1420 2475 1577 2507; x_wconf 87' lang='lat' dir='ltr'>Bohemie</span> <span class='ocrx_word' id='word_1_492' title='bbox 1601 2475 1634 2506; x_wconf 91' lang='lat' dir='ltr'>in</span> <span class='ocrx_word' id='word_1_493' title='bbox 1656 2485 1771 2516; x_wconf 90' lang='lat' dir='ltr'>regem</span> <span class='ocrx_word' id='word_1_494' title='bbox 1795 2474 1961 2506; x_wconf 86' lang='lat' dir='ltr'>Romano-</span> 
     </span>
     <span class='ocr_line' id='line_1_46' title="bbox 301 2524 1137 2566; baseline 0.001 -11"><span class='ocrx_word' id='word_1_495' title='bbox 301 2535 372 2555; x_wconf 88' lang='lat' dir='ltr'>rum</span> <span class='ocrx_word' id='word_1_496' title='bbox 395 2535 454 2565; x_wconf 88' lang='lat' dir='ltr'>per</span> <span class='ocrx_word' id='word_1_497' title='bbox 476 2525 579 2566; x_wconf 90' lang='lat' dir='ltr'>ipsum</span> <span class='ocrx_word' id='word_1_498' title='bbox 605 2548 636 2556; x_wconf 89' lang='lat'>..</span> <span class='ocrx_word' id='word_1_499' title='bbox 662 2524 787 2563; x_wconf 84' lang='lat' dir='ltr'>ducem,</span> <span class='ocrx_word' id='word_1_500' title='bbox 811 2524 955 2566; x_wconf 84' lang='lat' dir='ltr'>plenarie</span> <span class='ocrx_word' id='word_1_501' title='bbox 979 2525 1137 2556; x_wconf 88' lang='lat' dir='ltr'>restituet.</span> 
     </span>
    </p>

    <p class='ocr_par' dir='ltr' id='par_1_9' title="bbox 299 2576 1962 2723">
     <span class='ocr_line' id='line_1_47' title="bbox 411 2576 1961 2619; baseline 0 -12"><span class='ocrx_word' id='word_1_502' title='bbox 411 2578 439 2607; x_wconf 89' lang='lat'>8.</span> <span class='ocrx_word' id='word_1_503' title='bbox 474 2576 558 2607; x_wconf 92' lang='lat' dir='ltr'>Item</span> <span class='ocrx_word' id='word_1_504' title='bbox 582 2587 654 2607; x_wconf 92' lang='lat' dir='ltr'>cum</span> <span class='ocrx_word' id='word_1_505' title='bbox 679 2599 710 2607; x_wconf 91' lang='lat'>..</span> <span class='ocrx_word' id='word_1_506' title='bbox 736 2576 802 2608; x_wconf 84' lang='lat' dir='ltr'>dux</span> <span class='ocrx_word' id='word_1_507' title='bbox 824 2576 956 2607; x_wconf 87' lang='lat' dir='ltr'>Austrie</span> <span class='ocrx_word' id='word_1_508' title='bbox 981 2579 1092 2608; x_wconf 83' lang='lat' dir='ltr'>teneat</span> <span class='ocrx_word' id='word_1_509' title='bbox 1114 2577 1147 2608; x_wconf 88' lang='lat' dir='ltr'>in</span> <span class='ocrx_word' id='word_1_510' title='bbox 1169 2577 1314 2608; x_wconf 86' lang='lat' dir='ltr'>Moravia</span> <span class='ocrx_word' id='word_1_511' title='bbox 1332 2577 1489 2619; x_wconf 84' lang='lat' dir='ltr'>quasdam</span> <span class='ocrx_word' id='word_1_512' title='bbox 1513 2581 1625 2619; x_wconf 88' lang='lat' dir='ltr'>terras,</span> <span class='ocrx_word' id='word_1_513' title='bbox 1649 2577 1800 2608; x_wconf 85' lang='lat' dir='ltr'>videlicet</span> <span class='ocrx_word' id='word_1_514' title='bbox 1816 2577 1961 2608; x_wconf 86' lang='lat' dir='ltr'>Znoman</span> 
     </span>
     <span class='ocr_line' id='line_1_48' title="bbox 299 2627 1961 2671; baseline 0.001 -13"><span class='ocrx_word' id='word_1_515' title='bbox 299 2630 438 2658; x_wconf 89' lang='lat' dir='ltr'>castrum</span> <span class='ocrx_word' id='word_1_516' title='bbox 471 2632 504 2658; x_wconf 90' lang='lat' dir='ltr'>et</span> <span class='ocrx_word' id='word_1_517' title='bbox 532 2627 687 2669; x_wconf 88' lang='lat' dir='ltr'>oppidum</span> <span class='ocrx_word' id='word_1_518' title='bbox 717 2631 750 2659; x_wconf 89' lang='lat' dir='ltr'>et</span> <span class='ocrx_word' id='word_1_519' title='bbox 779 2628 920 2660; x_wconf 88' lang='lat' dir='ltr'>Boarlitz</span> <span class='ocrx_word' id='word_1_520' title='bbox 950 2629 1121 2670; x_wconf 88' lang='lat' dir='ltr'>oppidum,</span> <span class='ocrx_word' id='word_1_521' title='bbox 1153 2640 1226 2661; x_wconf 90' lang='lat' dir='ltr'>cum</span> <span class='ocrx_word' id='word_1_522' title='bbox 1257 2640 1369 2662; x_wconf 89' lang='lat' dir='ltr'>eorum</span> <span class='ocrx_word' id='word_1_523' title='bbox 1406 2631 1589 2662; x_wconf 89' lang='lat' dir='ltr'>attinenciis</span> <span class='ocrx_word' id='word_1_524' title='bbox 1623 2640 1680 2671; x_wconf 92' lang='lat' dir='ltr'>pro</span> <span class='ocrx_word' id='word_1_525' title='bbox 1716 2633 1805 2660; x_wconf 90' lang='lat' dir='ltr'>certa</span> <span class='ocrx_word' id='word_1_526' title='bbox 1837 2638 1961 2659; x_wconf 89' lang='lat' dir='ltr'>summa</span> 
     </span>
     <span class='ocr_line' id='line_1_49' title="bbox 301 2679 1962 2723; baseline 0.001 -13"><span class='ocrx_word' id='word_1_527' title='bbox 301 2680 436 2721; x_wconf 85' lang='lat' dir='ltr'>pecunie</span> <span class='ocrx_word' id='word_1_528' title='bbox 454 2679 598 2721; x_wconf 83' lang='lat' dir='ltr'>obligata</span> <span class='ocrx_word' id='word_1_529' title='bbox 622 2683 654 2712; x_wconf 90' lang='lat' dir='ltr'>et</span> <span class='ocrx_word' id='word_1_530' title='bbox 679 2680 818 2722; x_wconf 87' lang='lat' dir='ltr'>quedam</span> <span class='ocrx_word' id='word_1_531' title='bbox 841 2691 916 2723; x_wconf 83' lang='lat' dir='ltr'>pars</span> <span class='ocrx_word' id='word_1_532' title='bbox 940 2680 1024 2712; x_wconf 90' lang='lat' dir='ltr'>dicte</span> <span class='ocrx_word' id='word_1_533' title='bbox 1048 2682 1184 2722; x_wconf 88' lang='lat' dir='ltr'>pecunie</span> <span class='ocrx_word' id='word_1_534' title='bbox 1211 2682 1252 2713; x_wconf 90' lang='lat' dir='ltr'>sit</span> <span class='ocrx_word' id='word_1_535' title='bbox 1274 2682 1389 2722; x_wconf 88' lang='lat' dir='ltr'>soluta,</span> <span class='ocrx_word' id='word_1_536' title='bbox 1411 2682 1627 2723; x_wconf 89' lang='lat' dir='ltr'>promittimus</span> <span class='ocrx_word' id='word_1_537' title='bbox 1643 2680 1764 2713; x_wconf 89' lang='lat' dir='ltr'>dictum</span> <span class='ocrx_word' id='word_1_538' title='bbox 1789 2706 1795 2712; x_wconf 91' lang='lat'>.</span> <span class='ocrx_word' id='word_1_539' title='bbox 1814 2705 1820 2721; x_wconf 67' lang='lat'>,</span> <span class='ocrx_word' id='word_1_540' title='bbox 1845 2680 1962 2712; x_wconf 91' lang='lat' dir='ltr'>ducem</span> 
     </span>
    </p>
   </div>
   <div class='ocr_carea' id='block_1_3' title="bbox 303 2747 1962 2824">
    <p class='ocr_par' dir='ltr' id='par_1_10' title="bbox 303 2747 1962 2824">
     <span class='ocr_line' id='line_1_50' title="bbox 404 2747 1962 2784; baseline 0.001 -11"><span class='ocrx_word' id='word_1_541' title='bbox 404 2747 451 2775; x_wconf 69' lang='lat'>(37.</span> <span class='ocrx_word' id='word_1_542' title='bbox 479 2749 503 2779; x_wconf 60' lang='grc' dir='ltr'>ὓ)</span> <span class='ocrx_word' id='word_1_543' title='bbox 522 2749 557 2773; x_wconf 74' lang='lat' dir='ltr'>sic</span> <span class='ocrx_word' id='word_1_544' title='bbox 575 2758 596 2775; x_wconf 82' lang='lat' dir='ltr'>c.</span> <span class='ocrx_word' id='word_1_545' title='bbox 688 2748 712 2780; x_wconf 72' lang='lat'>¹³)</span> <span class='ocrx_word' id='word_1_546' title='bbox 731 2750 843 2782; x_wconf 75' lang='lat' dir='ltr'>sequitur</span> <span class='ocrx_word' id='word_1_547' title='bbox 862 2751 973 2783; x_wconf 79' lang='lat' dir='ltr'>gaudere</span> <span class='ocrx_word' id='word_1_548' title='bbox 992 2751 1126 2777; x_wconf 72' lang='lat' dir='ltr'>cancellat.</span> <span class='ocrx_word' id='word_1_549' title='bbox 1146 2760 1166 2777; x_wconf 88' lang='lat' dir='ltr'>c.</span> <span class='ocrx_word' id='word_1_550' title='bbox 1262 2751 1284 2784; x_wconf 77' lang='lat'>⁰)</span> <span class='ocrx_word' id='word_1_551' title='bbox 1302 2760 1334 2778; x_wconf 82' lang='lat' dir='ltr'>ae</span> <span class='ocrx_word' id='word_1_552' title='bbox 1354 2761 1386 2778; x_wconf 73' lang='lat' dir='ltr'>ea</span> <span class='ocrx_word' id='word_1_553' title='bbox 1407 2760 1462 2776; x_wconf 79' lang='grc' dir='ltr'>ποπ</span> <span class='ocrx_word' id='word_1_554' title='bbox 1484 2751 1590 2776; x_wconf 74' lang='lat' dir='ltr'>omnino</span> <span class='ocrx_word' id='word_1_555' title='bbox 1609 2755 1680 2776; x_wconf 76' lang='lat' dir='ltr'>certa</span> <span class='ocrx_word' id='word_1_556' title='bbox 1697 2759 1718 2776; x_wconf 85' lang='lat' dir='ltr'>c.</span> <span class='ocrx_word' id='word_1_557' title='bbox 1808 2748 1833 2781; x_wconf 83' lang='lat' dir='ltr'>d)</span> <span class='ocrx_word' id='word_1_558' title='bbox 1854 2750 1924 2775; x_wconf 73' lang='lat' dir='ltr'>dcent</span> <span class='ocrx_word' id='word_1_559' title='bbox 1941 2759 1962 2775; x_wconf 79' lang='lat' dir='ltr'>c.</span> 
     </span>
     <span class='ocr_line' id='line_1_51' title="bbox 303 2791 731 2824; baseline 0.005 -8"><span class='ocrx_word' id='word_1_560' title='bbox 303 2791 326 2823; x_wconf 79' lang='lat' dir='ltr'>e)</span> <span class='ocrx_word' id='word_1_561' title='bbox 346 2792 396 2816; x_wconf 64' lang='lat' dir='ltr'>dno</span> <span class='ocrx_word' id='word_1_562' title='bbox 415 2800 497 2824; x_wconf 69' lang='lat' dir='ltr'>cupra</span> <span class='ocrx_word' id='word_1_563' title='bbox 516 2792 610 2817; x_wconf 80' lang='lat' dir='ltr'>lineam</span> <span class='ocrx_word' id='word_1_564' title='bbox 629 2793 692 2818; x_wconf 80' lang='lat' dir='ltr'>add.</span> <span class='ocrx_word' id='word_1_565' title='bbox 711 2802 731 2818; x_wconf 82' lang='lat' dir='ltr'>c.</span> 
     </span>
    </p>
   </div>
   <div class='ocr_carea' id='block_1_4' title="bbox 1982 731 2006 752">
    <p class='ocr_par' dir='ltr' id='par_1_11' title="bbox 1982 731 2006 752">
     <span class='ocr_line' id='line_1_52' title="bbox 1982 731 2006 752; baseline 0 0"><span class='ocrx_word' id='word_1_566' title='bbox 1982 731 2006 752; x_wconf 77' lang='lat'>1⁰</span> 
     </span>
    </p>
   </div>
   <div class='ocr_carea' id='block_1_5' title="bbox 1983 990 2005 1009">
    <p class='ocr_par' dir='ltr' id='par_1_12' title="bbox 1983 990 2005 1009">
     <span class='ocr_line' id='line_1_53' title="bbox 1983 990 2005 1009; baseline 0.045 -1"><span class='ocrx_word' id='word_1_567' title='bbox 1983 990 2005 1009; x_wconf 74' lang='lat'>15</span> 
     </span>
    </p>
   </div>
   <div class='ocr_carea' id='block_1_6' title="bbox 1983 1762 2008 1781">
    <p class='ocr_par' dir='ltr' id='par_1_13' title="bbox 1983 1762 2008 1781">
     <span class='ocr_line' id='line_1_54' title="bbox 1983 1762 2008 1781; baseline 0.04 -1"><span class='ocrx_word' id='word_1_568' title='bbox 1983 1762 2008 1781; x_wconf 80' lang='lat'>³⁰</span> 
     </span>
    </p>
   </div>
   <div class='ocr_carea' id='block_1_7' title="bbox 1981 2021 2006 2039">
    <p class='ocr_par' dir='ltr' id='par_1_14' title="bbox 1981 2021 2006 2039">
     <span class='ocr_line' id='line_1_55' title="bbox 1981 2021 2006 2039; baseline 0.04 -1"><span class='ocrx_word' id='word_1_569' title='bbox 1981 2021 2006 2039; x_wconf 76' lang='lat'>35</span> 
     </span>
    </p>
   </div>
   <div class='ocr_carea' id='block_1_8' title="bbox 1981 2278 2007 2297">
    <p class='ocr_par' dir='ltr' id='par_1_15' title="bbox 1981 2278 2007 2297">
     <span class='ocr_line' id='line_1_56' title="bbox 1981 2278 2007 2297; baseline -0.038 0"><span class='ocrx_word' id='word_1_570' title='bbox 1981 2278 2007 2297; x_wconf 74' lang='lat'>⁴⁰</span> 
     </span>
    </p>
   </div>
   <div class='ocr_carea' id='block_1_9' title="bbox 1981 2543 2007 2562">
    <p class='ocr_par' dir='ltr' id='par_1_16' title="bbox 1981 2543 2007 2562">
     <span class='ocr_line' id='line_1_57' title="bbox 1981 2543 2007 2562; baseline 0.038 -1"><span class='ocrx_word' id='word_1_571' title='bbox 1981 2543 2007 2562; x_wconf 71' lang='lat'>4⁵</span> 
     </span>
    </p>
   </div>
   <div class='ocr_carea' id='block_1_10' title="bbox 1980 2801 2006 2819">
    <p class='ocr_par' dir='ltr' id='par_1_17' title="bbox 1980 2801 2006 2819">
     <span class='ocr_line' id='line_1_58' title="bbox 1980 2801 2006 2819; baseline 0.077 -2"><span class='ocrx_word' id='word_1_572' title='bbox 1980 2801 2006 2819; x_wconf 73' lang='lat'>50</span> 
     </span>
    </p>
   </div>
  </div>
 </body>
</html>
