2184 3126
500 208 597 236 ACTA
616 207 729 236 REGNI
749 207 934 235 LUDEWICI
955 208 1001 236 IV.
1020 206 1066 234 ΕΤ
1086 206 1271 234 FfflDEmcl
1292 206 1342 234 111.
1379 206 1454 234 1320.
1491 206 1539 234 Nr.
1552 207 1611 234 588.
1631 207 1690 235 589.
1861 211 1921 240 471

439 349 525 386 588.
566 348 725 384 Litterae
751 349 800 384 ad
826 349 997 385 cim‘tatem
1023 348 1306 395 Aryentimnsem
1327 348 1475 394 priores.
1581 348 1671 394 Any.
1691 350 1754 385 27.

395 421 558 463 Oriyinale
581 421 657 465 (or.)
680 422 717 454 in
738 421 898 455 tabulario
921 422 1061 454 civitatis
1083 422 1334 464 Aryentinensis.
1381 421 1488 464 savini
1510 422 1689 454 maiestatis
1710 432 1799 455 cerae
1821 422 1925 462 flavae

260 474 354 507 dorso
376 474 522 514 impressi
544 473 675 514 maffia
697 473 826 506 adsunt.
877 474 920 506 In
941 474 1124 506 membrana
1146 484 1239 506 erasa
1265 474 1420 515 seriptum
1445 477 1499 507 esi.
1550 474 1724 514 Inscriptio
1747 477 1813 507 est:
1847 485 1923 517 pru-

262 525 413 559 dentibus
435 526 511 558 viris
536 549 543 557 .
562 550 568 557 .
592 525 763 567 magistro,
789 550 796 557 .
814 550 821 558 .
846 525 1031 558 consulibus
1055 529 1088 558 et
1110 526 1267 558 universis
1290 525 1414 558 civibus
1435 525 1744 569 Argentinensibus,
1772 525 1925 558 fidelibus

230 590 244 611 ι
262 577 380 610 nostris
404 577 541 610 dilectis.
575 594 619 600 —
653 575 716 608 Ed.
740 575 1010 610 ‘Urkundenbuch
1040 577 1096 610 der
1125 577 1221 610 Stadt
1245 577 1446 619 Strassbury‘
1479 577 1525 610 II
1527 602 1536 616 ,
1559 578 1623 609 351
1646 587 1695 610 nr.
1718 577 1783 609 399
1809 588 1849 610 esc
1879 588 1923 610 or.

262 628 445 662 Editionem
467 628 647 669 repetimus.

368 687 517 726 Biihmer‚
541 687 617 729 Rey.
634 686 748 720 Ludw.
769 698 803 729 p.
818 689 862 720 24
884 699 934 721 m.
952 689 1026 721 405.

373 747 422 788 Of.
445 748 538 787 infra
558 758 609 780 nr.
628 747 702 779 595.

369 833 562 866 Ludowicus
585 833 649 866 Dei
677 835 786 876 gracia
808 833 1029 867 Romanorum
1060 844 1119 867 rex
1147 844 1278 877 semper
1305 838 1462 878 augustus
1550 834 1763 878 prudentibus
1790 835 1866 867 viris
1891 859 1898 868 .
1916 858 1924 867 .

217 896 244 917 ιο
259 886 428 928 magistro,
448 910 454 917 .
474 909 480 917 .
499 884 703 917 consulibus·
719 888 753 917 et
767 886 924 918 universis
940 885 1062 918 civibus
1077 885 1379 928 Argentinensibus‚
1395 886 1545 918 fidelibus
1561 887 1627 919 suis
1643 886 1770 919 dilectis
1850 896 1925 928 gra-

260 938 346 970 ciam
369 947 460 970 suam
484 940 518 969 et
540 947 635 969 omne
660 936 789 968 bonum.

369 989 580 1021 Fidelitatem
603 992 761 1031 vestram,
789 999 853 1031 qua
877 999 956 1032 erga
977 988 1162 1022 Romanum
1184 989 1355 1032 imperium
1379 990 1526 1033 viguistis
1549 992 1692 1031 attente,
1719 989 1924 1032 presentibus

260 1051 460 1083 amonemus,
484 1041 634 1083 quatinus
657 1041 757 1072 nostri
780 1041 856 1072 iuris
887 1041 1176 1083 contemplacione,
1199 1052 1272 1074 cum
1295 1045 1406 1084 partes
1430 1041 1559 1074 Alsacie
1582 1052 1641 1074 nos
1664 1042 1796 1073 visitare
1821 1042 1923 1074 conti-

260 1094 346 1136 gerit
368 1103 441 1125 cum
464 1091 664 1135 principibus
687 1096 721 1124 et
743 1091 814 1124 aliis
837 1093 955 1124 nostris
977 1092 1137 1135 fidelibus,
1160 1103 1218 1125 vos
1240 1093 1333 1126 nobis
1356 1096 1390 1126 et
1411 1094 1529 1126 nostris
1552 1093 1749 1126 exercitibus
1772 1093 1926 1125 victualia

218 1155 243 1175 us
261 1155 321 1187 pro
345 1147 454 1176 nostra
476 1145 613 1186 pecunia
629 1144 826 1186 ministretis,
850 1144 930 1176 alias
945 1145 1048 1177 eciam
1065 1144 1297 1187 exhibicionee,
1321 1155 1402 1188 quas
1417 1147 1525 1177 vestra
1539 1144 1717 1187 prudencia
1732 1144 1924 1185 decreverit,

261 1195 356 1228 nobis
378 1198 546 1238 tamquam
568 1205 646 1227 vero
669 1195 740 1237 regi
756 1194 977 1228 Romanorum
1000 1196 1141 1228 fideliter
1163 1196 1357 1229 exhibendo.
1402 1196 1468 1229 Pro
1492 1207 1531 1229 eo
1555 1197 1671 1229 vestris
1693 1196 1869 1228 honoribus
1892 1199 1926 1228 et

260 1247 442 1280 commodis
463 1250 573 1279 nostra
596 1246 753 1279 celsitudo
776 1247 923 1280 intendet
945 1248 1066 1290 iugiter
1088 1258 1162 1280 cum
1191 1248 1320 1280 effectu.
1369 1247 1517 1280 Soientes
1544 1259 1603 1291 pro
1632 1249 1806 1290 constanti,
1837 1247 1925 1290 quod

262 1299 405 1341 dampna
429 1298 517 1330 nulla
541 1309 561 1330 a
584 1299 700 1331 nostris
722 1298 815 1331 vobis
830 1299 958 1341 penitus
980 1299 1169 1341 inferentur,
1193 1299 1251 1332 sed
1274 1302 1385 1332 noster
1406 1299 1564 1332 adventus
1586 1299 1630 1332 ad
1646 1302 1788 1332 vestrum
1803 1299 1924 1332 bonum

261 1352 375 1393 pocius
399 1349 600 1382 ordinabitur
622 1351 677 1391 sic,
702 1350 787 1392 quod
809 1350 902 1383 nobis
924 1351 967 1383 ad
989 1351 1171 1393 graciarum
1194 1351 1384 1384 tenebimini
1406 1351 1560 1384 actiones.
1606 1350 1711 1393 Super
1734 1351 1796 1383 hiis
1818 1355 1925 1383 vestra

217 1412 245 1434 ὀ
262 1402 413 1434 sollercia
437 1402 627 1444 quantocius
650 1401 919 1435 certitudinaliter
941 1413 1000 1435 nos
1021 1402 1183 1435 informet.

369 1461 491 1494 Datum
524 1462 557 1493 in
590 1462 702 1494 castris
740 1471 843 1504 prope
875 1461 1106 1504 Landowiam,
1145 1461 1203 1494 VI.
1234 1461 1402 1495 Kalendas
1437 1462 1658 1505 Septembris,
1695 1462 1788 1504 regni
1822 1461 1923 1494 nostri

260 1523 345 1546 anno
368 1516 473 1546 sexto.

691 1619 778 1656 589.
821 1619 1000 1656 Concessio
1027 1620 1225 1665 feudorum.
1331 1619 1423 1666 Sept.
1441 1621 1498 1657 13.

374 1692 535 1734 Oriqinale
551 1693 758 1734 deperditum.
798 1693 1045 1727 Trans-sumtum
1067 1694 1134 1735 (tr.)
1157 1704 1187 1726 a.
1204 1694 1300 1726 1339.
1323 1695 1405 1735 Apr.
1418 1696 1460 1726 10
1482 1694 1682 1736 confectum¹
1705 1695 1742 1727 in
1763 1694 1924 1727 tabulario

216 1753 243 1774 οι
264 1755 408 1778 caesareo
429 1744 671 1778 Vindobonensi.
715 1744 895 1785 Descripsit
916 1745 964 1778 vel
986 1745 1120 1778 contulit
1141 1745 1185 1778 K.
1201 1745 1314 1778 Honel.
1361 1745 1476 1787 Siyiua
1497 1746 1639 1787 pendent
1665 1746 1742 1779 loris
1770 1746 1923 1779 membra-

261 1797 380 1830 naceis.
424 1797 468 1829 In
484 1796 589 1838 plicae
603 1799 701 1837 parte
722 1796 836 1829 dextra
857 1796 1022 1837 leyuntur:
1051 1796 1240 1839 Registrata
1261 1808 1321 1840 per
1342 1797 1521 1831 Iohannem
1545 1797 1586 1831 de
1608 1797 1717 1831 Glacz.
1751 1816 1793 1822 —
1827 1797 1922 1830 Extr.

261 1849 308 1882 ed.
332 1848 441 1881 Emler
463 1848 607 1890 ‘Reyesta
628 1848 814 1881 Bohemiae’
837 1849 908 1888 III,
930 1849 996 1881 258
1016 1858 1066 1881 nr.
1084 1849 1156 1881 613.

370 1908 517 1947 Bohmer,
541 1907 618 1950 Rey.
632 1907 746 1942 Ludw.
763 1919 799 1949 p.
815 1909 858 1940 24
881 1919 931 1941 nr.
948 1909 1021 1941 407.

370 1995 439 2027 Nos
469 1994 664 2027 Ludowieus
697 1994 761 2027 Dei
794 1995 905 2037 gracia
931 1994 1154 2027 Romanorum
1188 2005 1246 2028 rex
1279 2005 1409 2037 semper
1441 1997 1596 2038 augustus
1628 1994 1670 2027 ad
1701 1995 1923 2027 universorum

215 2058 244 2080 ω
262 2046 416 2079 noticiam
439 2046 644 2088 presentibus
666 2046 814 2078 volumus
837 2047 1021 2088 pervenire,
1046 2046 1134 2088 quod
1156 2057 1215 2078 nos
1236 2046 1368 2078 illustris
1391 2046 1544 2079 Iohannis
1566 2047 1702 2079 Boemie
1730 2050 1764 2079 et
1786 2046 1923 2079 Polonie

262 2099 349 2141 regis
376 2108 414 2130 ao
436 2097 730 2140 Lucemburgensis
757 2098 897 2139 comitis,
920 2098 1073 2140 principis
1096 2101 1130 2130 et
1152 2098 1258 2130 affinis
1280 2098 1381 2130 nostri
1405 2099 1560 2131 carissimi
1583 2098 1736 2130 affectum
1759 2101 1794 2130 et
1815 2099 1926 2141 iugem

262 2148 523 2189 sollicitudinem,
547 2159 645 2191 quem
661 2149 746 2181 circa
761 2159 820 2181 nos
843 2152 877 2182 et
891 2149 1062 2191 imperium
1078 2150 1163 2192 gerit
1178 2149 1317 2190 assidue,
1333 2149 1542 2182 advertentes
1556 2150 1728 2192 ipsumque
1744 2150 1924 2182 Iohannem

261 2200 305 2233 ad
320 2199 582 2243 prosequendum
598 2199 804 2232 commodum
820 2203 853 2232 et
864 2200 1020 2233 honorem
1036 2201 1163 2243 imperii
1179 2201 1360 2243 aliquarum
1372 2201 1624 2234 retribucionum
1639 2211 1777 2244 repensa
1792 2201 1923 2235 allicere

262 2252 448 2295 cupientes,
483 2251 558 2294 sibi,
595 2251 770 2284 heredibus
798 2256 833 2284 et
855 2252 1093 2284 successoribus
1121 2253 1187 2284 suis
1209 2252 1345 2285 Boemie
1368 2252 1499 2295 regibus
1528 2253 1706 2285 marchiam
1738 2257 1772 2285 et
1803 2256 1924 2286 terram

219 2311 244 2331 *ὅ
263 2303 519 2336 Budesinensem
544 2306 577 2336 et
592 2304 754 2336 civitatem
772 2303 928 2336 Gamentz
943 2313 981 2336 ac
996 2305 1181 2336 universum
1198 2303 1374 2336 dominium
1392 2303 1580 2346 earundem,
1603 2314 1667 2348 que
1683 2304 1725 2337 ad
1741 2305 1922 2347 imperium,

365 2396 432 2425 588.
461 2397 485 2431 ⁵)
504 2417 510 2424 ,
525 2418 531 2425 .
551 2398 613 2424 ada.
628 2407 666 2424 or.

367 2465 392 2499 1)
417 2463 503 2491 Verba
519 2465 677 2492 wantsumii
693 2464 738 2492 Mo
750 2465 896 2500 ponimus:

365 2515 425 2543 Nos
443 2515 581 2544 Iohannes
598 2515 651 2544 Dei
667 2516 765 2552 gracia
783 2515 975 2544 olomucensis
994 2516 1144 2552 episeopus
1162 2524 1196 2543 ac
1216 2516 1352 2544 Rudolsus
1369 2516 1495 2552 graciam
1520 2525 1572 2553 per
1589 2517 1707 2545 eandem
1727 2518 1783 2546 dux
1801 2517 1922 2546 Saxonie

262 2558 499 2594 recognoscimus,
517 2558 624 2586 domini
641 2558 787 2587 Ludowiei
805 2559 995 2587 Romanorum
1016 2560 1092 2595 regis
1114 2559 1226 2587 litteras
1248 2567 1297 2587 aue
1315 2559 1475 2588 maiestatis
1492 2559 1588 2595 sigillo
1611 2561 1758 2588 roboratas
1782 2569 1838 2589 non
1861 2569 1924 2589 ean-

219 2611 247 2632 4⁰
265 2600 397 2634 cenatas}
420 2609 475 2629 uon
493 2600 624 2634 viciatus,
645 2609 702 2629 non
719 2601 850 2635 abrasas,
874 2602 923 2630 sed
941 2602 972 2630 in
989 2602 1083 2638 prima
1101 2603 1130 2630 et
1148 2602 1259 2638 integra
1277 2610 1328 2630 aua
1345 2602 1435 2638 figura
1452 2601 1618 2636 existentes,
1636 2612 1755 2638 quarum
1773 2605 1855 2632 tenor
1872 2612 1923 2638 per

265 2643 362 2671 omnia
379 2644 422 2671 est
439 2643 515 2677 talis,
533 2652 583 2672 nos
602 2643 719 2673 vidisse:

365 2685 434 2714 ‘Noe
451 2686 742 2716 Ludowieus—anno
760 2687 860 2716 sexto:

367 2737 398 2764 In
417 2737 495 2766 cuius
514 2737 629 2767 visionis
646 2738 822 2767 evidenoiam
839 2738 936 2775 sigilla
954 2740 1051 2767 noeti-a
1069 2738 1248 2774 presentibus
1266 2739 1394 2768 ducimus
1411 2740 1608 2776 appendenda.

367 2779 471 2807 Datum
489 2780 593 2816 Prage,
616 2789 689 2809 anno
705 2781 818 2809 Domini
836 2781 962 2810 eiusdem
979 2781 1077 2810 Mccc
1096 2782 1238 2810 tricesimo
1256 2791 1340 2815 nono.
1359 2782 1485 2811 Sabbato
1503 2785 1571 2811 ante
1589 2783 1765 2811 Dominieam
1783 2792 1841 2818 qua
1859 2791 1924 2810 can-

219 2827 246 2848 a
266 2822 346 2850 tatur
363 2821 569 2851 Misericordiae
588 2823 707 2852 Domini.
