2184 3126
483 187 580 235 ACTA
599 206 712 235 REGNI
731 207 914 236 LUDEWICI
933 207 979 235 1v.
999 207 1045 235 ΕΤ
1065 207 1251 236 FRIDERICI
1270 208 1319 236 111.
1356 209 1431 236 1324.
1468 208 1517 236 Nr.
1530 209 1589 237 973.
1800 214 1858 244 811

204 294 307 326 altaro
331 294 508 337 principale
535 294 736 327 kathedralis
763 294 902 327 ecclesie
929 295 1038 337 posuit
1065 299 1098 327 et
1125 295 1268 328 recessit.
1325 295 1419 328 Alius
1440 306 1518 328 vero
1541 306 1651 329 cursor
1674 298 1861 340 episcopum

201 344 474 388 Ratisponensem
495 346 616 378 invenit
633 346 822 389 Ratispone‚
845 346 904 378 sed
928 349 1104 388 antequam
1126 346 1264 379 haberet
1285 357 1463 387 accessum,
1487 348 1545 379 ivit
1566 348 1675 380 idemss
1691 350 1864 391 episcopus

202 395 245 428 ad
274 400 415 430 castrum
446 407 540 430 suum
569 398 707 430 vicinum
735 398 768 430 in
799 397 955 430 Stauffob.
1011 397 1076 431 Ubi
1109 408 1182 430 cum
1212 398 1254 430 ad
1284 399 1390 441 ipsum
1422 409 1534 432 cursor
1556 399 1668 432 vellet¹
1692 401 1861 442 accedere,

203 447 362 490 quatuor*
384 449 499 481 armati
522 450 580 482 viri
603 452 725 482 stantes
747 450 780 482 in
802 452 896 492 porta
922 450 1111 492 interrogati
1139 460 1198 492 per
1227 460 1302 482 eum
1330 450 1372 483 de
1400 452 1568 493 presencia
1595 452 1739 495 episcopi
1763 452 1862 485 dubie

172 508 184 529 s
202 499 446 541 responderunt.
486 500 624 542 Cognito
641 511 770 544 quoque
787 500 887 543 quod¹
909 511 1000 533 meas
1017 501 1162 534 deferret
1176 501 1311 543 litteras,
1335 502 1537 535 recluserunt
1553 513 1627 535 eum
1644 504 1675 535 in
1692 503 1861 536 conclavim

182 544 236 582 ‘et
258 550 299 582 de
323 561 419 583 mane
442 553 546 584 iussus
568 552 628 585 fuit
650 553 740 585 abire
763 552 948 595 dictumque
971 553 1033 585 sibi
1056 553 1173 594 extitit,
1198 553 1285 596 quod
1301 557 1439 586 mortem
1462 564 1526 586 non
1549 555 1714 597 evaderet,
1738 556 1764 587 si
1788 566 1861 588 cum

201 601 386 635 huiusmodi
401 602 516 635 litteris
532 603 777 646 prenderetur¹¹‚
801 607 835 637 et
850 615 892 637 ex
907 604 969 637 hoc
985 605 1114 637 territus
1130 606 1241 647 copias
1256 606 1342 647 ipsas
1358 606 1390 638 in
1404 606 1523 638 flumen
1540 607 1678 649 proiecit
1693 608 1831 640 vicinum
1838 614 1861 639 ⁰.

203 652 256 686 Sic
279 653 398 696 prefati
421 664 568 687 cursores
583 655 762 688 retulerunt
777 656 836 688 sub
859 659 1084 688 sacramento?
1100 666 1164 699 quo
1189 659 1367 689 tenentur‘l.
1412 657 1469 689 Id‘
1484 661 1593 690 autem
1617 661 1667 690 est
1689 660 1862 700 notorium,

202 704 290 747 quod
312 705 408 738 ambo
432 706 552 749 prefati
574 707 718 749 episcopi
741 710 774 739 et
802 706 906 740 clerus
927 707 1073 740 illorum·
1096 707 1220 750 absque
1245 713 1396 751 prompto
1421 710 1566 751 periculo
1595 721 1804 752 personarum
1829 715 1862 744 et

158 765 184 786 ιο
201 764 308 789 rerum
331 755 388 790 aut
410 758 514 790 exilii*
537 757 727 801 dispendio*²
750 759 824 792 duci
846 770 910 792 non
933 762 1065 802 possent
1088 761 1238 793 resistere
1262 763 1452 793 memorata
1491 761 1594 794 Porro
1618 763 1649 794 in
1670 763 1862 804 provinciisv

201 808 380 841 eorundem
407 810 635 852 episcoporum
666 820 791 843 necnon
825 814 918 843 extra
949 821 1057 844 meam
1085 812 1284 854 provinciam
1312 813 1344 844 in
1378 812 1488 844 multis
1516 813 1588 845 aliis
1616 814 1799 846 civitatibus
1829 819 1863 848 et

201 859 393 902 dyocesibus
415 870 584 902 processus
607 862 668 904 ipsi
691 862 796 894 adhuc
820 863 943 896 nullum
966 865 1145 896 sorciuntur
1167 864 1329 897 effectum.
1370 865 1405 896 In
1422 865 1484 896 hiis
1500 866 1586 898 enim
1603 866 1776 908 partibusw
1796 866 1862 899 dux

200 911 364 954 predictus
386 922 445 944 rex
467 911 688 946 Romanorum
711 916 944 948 communiterfl
966 915 1150 958 appellatur
1179 917 1276 959 eique
1301 921 1455 959 tanquam
1479 918 1548 960 regi
1579 917 1756 951 intenditur
1779 919 1861 952 sicut

199 963 298 1006 prius,
321 964 452 1006 insuper
474 964 582 997 claves
598 968 867 1008 contempnuntur
890 968 1038 1008 ecclesie,
1061 968 1200 1001 violatur
1215 968 1432 1010 interdictum,
1457 969 1565 1001 divina
1588 969 1695 1002 officia
1718 970 1860 1013 propha-

157 1028 182 1049 ιι
200 1019 326 1057 nentur,
349 1026 458 1058 ymmo
481 1016 568 1058 quod
592 1020 642 1049 est
665 1018 899 1051 execrabilius¹
922 1020 1042 1051 nomini
1066 1022 1204 1060 vestro&
1227 1019 1315 1062 quod
1338 1019 1547 1053 benedictum
1563 1025 1597 1053 et
1618 1021 1795 1064 gloriosum
1812 1024 1861 1054 est

199 1067 232 1098 in
259 1066 378 1108 secula,
406 1067 621 1109 maledicitur,
649 1068 779 1101 honoriz
803 1069 993 1111 detrahitur,
1024 1071 1173 1114 dignitati
1199 1072 1424 1114 multipliciter
1447 1073 1631 1115 derogatur.
1743 1074 1791 1114 (3)
1823 1073 1861 1105 In

199 1117 344 1161 pluribus
364 1118 450 1151 enim
465 1119 648 1152 civitatibus
672 1121 846 1153 maioribus
862 1125 1038 1154 convocata
1061 1123 1138 1155 cleri
1162 1126 1195 1156 et
1210 1124 1320 1165 populi
1336 1123 1543 1157 multitudine
1566 1135 1749 1165 numerosa,
1774 1125 1860 1157 idem

201 1169 266 1202 dux
285 1170 386 1212 regio
415 1174 573 1213 apparatu
600 1172 753 1204 assistens
780 1173 942 1214 quandam
971 1174 1161 1217 scripturam
1189 1175 1382 1217 sacrilegam
1411 1175 1582 1208 verborum
1615 1176 1747 1219 quidem
1776 1177 1861 1208 foliis

200 1221 364 1262 diffusam,
387 1222 445 1254 sed
468 1223 499 1254 in
522 1223 632 1255 radice
648 1225 792 1256 veritatis
815 1224 939 1257 aridam
963 1229 996 1257 et
1018 1227 1162 1266 inanem,
1186 1229 1319 1265 statum,
1343 1227 1480 1269 gloriam
1505 1231 1539 1260 et
1562 1228 1718 1260 honorem
1742 1230 1860 1260 sancti-

145 1285 182 1309 Δ,ο
199 1274 279 1319 tatis
297 1277 404 1306 vestre
428 1277 583 1316 quantum
610 1276 643 1307 in
666 1286 700 1308 se
730 1279 779 1308 est
807 1276 980 1309 crudeliter
1008 1277 1220 1319 lacerantem,
1251 1278 1368 1310 Latino
1400 1289 1550 1311 sermone
1578 1280 1643 1322 legi
1673 1279 1750 1312 fecit
1773 1284 1806 1312 et
1829 1281 1861 1312 in

199 1324 324 1367 vulgari
340 1325 562 1358 Theutunico⁸
577 1327 792 1369 interpretari,
817 1327 998 1361 subiciensb
1015 1329 1178 1371 quandam
1201 1330 1471 1372 appessacionem,
1495 1332 1521 1362 si
1545 1335 1655 1363 tamen
1677 1331 1861 1374 appellacio

199 1379 233 1409 et
254 1387 318 1409 non
340 1377 462 1419 magis⁰
483 1378 704 1420 apostatacio‘1
721 1378 784 1410 dici
807 1379 915 1419 debet,
940 1386 1020 1423 que⁶
1036 1381 1133 1413 credo
1157 1381 1278 1414 dudum
1301 1383 1333 1414 in
1357 1383 1512 1414 vestram‘
1530 1383 1682 1415 noticiam
1706 1387 1859 1426 tanquam

198 1429 344 1461 notoriae
367 1428 568 1462 devenisseb.
615 1429 666 1462 Ex
688 1430 749 1462 hiis
771 1434 881 1463 autem
904 1431 967 1464 Dei
990 1433 1163 1474 sapiencia,
1187 1443 1250 1476 que
1275 1433 1315 1466 de
1338 1434 1424 1466 malo
1445 1435 1505 1467 scit
1527 1435 1647 1467 bonum
1671 1435 1804 1467 elicere¹
1828 1438 1862 1467 et

199 1484 311 1513 contra
337 1482 546 1524 sagittantem
577 1493 804 1525 nonnunquam
834 1483 944 1515 novitk
972 1485 1174 1527 retorquere¹
1204 1486 1371 1528 sagittam,
1402 1487 1502 1519 talem
1538 1486 1629 1519 dedit
1655 1490 1859 1528 proventum,

155 1543 180 1565 ss
199 1533 286 1575 quod
309 1533 426 1565 eadem
449 1534 606 1576 scriptura
629 1535 775 1577 quamvis
791 1535 949 1577 sacrilega
966 1539 999 1568 et
1015 1536 1182 1578 prophana
1198 1547 1407 1579 processuum
1422 1541 1600 1570 vestrorum
1624 1538 1738 1571 crebro
1761 1538 1859 1580 repli-

197 1594 274 1616 cans
303 1586 504 1618 mencionem
533 1585 605 1618 illos
632 1586 805 1618 multorum
836 1587 1007 1619 inculcavit
1030 1588 1163 1629 noticie,
1193 1589 1309 1631 quibus
1332 1590 1413 1622 alias
1443 1590 1596 1633 incogniti
1619 1591 1859 1632 remansissent,

197 1646 257 1668 nec
279 1636 352 1668 illos
375 1639 411 1668 ut
432 1637 575 1669 scribens
598 1637 699 1669 voluit
722 1638 869 1678 extinxit,
893 1639 950 1671 sed
967 1642 1078 1672 contra
1094 1640 1262 1673 scribentis
1277 1642 1477 1684 propositum
1494 1642 1727 1674 notificacionis
1742 1642 1859 1674 robore

196 1687 368 1721 illustravit
397 1690 457 1720 et'¹¹
479 1688 648 1721 audientes
671 1689 781 1721 docuit
808 1689 923 1722 frivola
951 1690 1152 1734 stultiloquia
1175 1693 1251 1724 risui
1274 1693 1479 1735 relinquere¹²
1503 1704 1711 1736 processuum
1742 1703 1858 1725 eorun-

199 1738 284 1772 dem.
379 1739 428 1781 (4)
451 1740 505 1772 Ad
528 1740 588 1773 hec
610 1740 652 1772 ad
676 1743 816 1773 vestram
841 1743 936 1784 cupio
960 1743 1090 1774 venire⁰
1106 1743 1268 1784 noticiam,
1292 1744 1380 1786 quod
1404 1745 1527 1777 eciaml²
1543 1745 1719 1777 illustribus
1741 1745 1858 1787 princi-

156 1801 182 1821 so
199 1790 294 1832 pibus
316 1790 451 1823 ducibus
472 1791 632 1830 inferioris
647 1791 807 1824 Babarie¹¹
823 1795 1068 1836 consanguineis
1083 1795 1239 1827 Ludovici
1261 1795 1351 1828 ducis
1366 1798 1540 1838 pretaxati,
1564 1807 1700 1839 quorum
1723 1797 1858 1829 adhesio

199 1841 421 1875 fortitudinem
443 1842 528 1875 illius
551 1843 708 1876 hactenus
722 1844 934 1877 vehementer
948 1845 1093 1886 adauxit,
1117 1850 1240 1878 vestros
1260 1847 1434 1880 insinuavi*
1449 1859 1629 1890 processus,
1653 1848 1711 1881 sed
1727 1853 1860 1891 propter

199 1893 374 1936 aliqualem
398 1894 591 1927 discordiam
615 1895 699 1927 inter
721 1895 804 1927 hunc
831 1899 865 1928 et
893 1896 966 1929 illos
994 1901 1140 1930 exortam
1165 1898 1306 1930 nondum
1335 1905 1512 1942 apparere⁸
1534 1903 1652 1942 potest,
1680 1911 1720 1932 an
1744 1901 1859 1932 velint*

198 1946 349 1978 resistere
383 1946 435 1978 vel
470 1946 604 1979 obedire
639 1946 772 1979 eisdem.
835 1947 939 1980 Huius
973 1952 1082 1981 tamen
1118 1951 1163 1982 rei
1199 1951 1306 1982 exitus
1335 1951 1391 1983 diu
1425 1951 1523 1984 celari
1557 1963 1620 1984 non
1652 1953 1773 1994 poterit
1806 1953 1858 1984 vel

198 1997 310 2030 latere.
399 1998 448 2039 (5)
471 1997 621 2040 Denique
648 1998 784 2030 multum
800 1999 973 2032 intencioni
988 2005 1095 2033 vestre
1111 2002 1282 2042 conferret,
1307 2003 1333 2034 si
1357 2002 1475 2035 fratres
1498 2003 1647 2035 ordinum
1670 2003 1857 2036 Mendican-

154 2058 179 2079 ει
199 2049 283 2081 cium
306 2050 420 2081 vestris
443 2053 595 2091 parerent
617 2050 820 2092 processibus
848 2054 882 2083 et
904 2053 1045 2084 maxime
1068 2053 1095 2084 si
1124 2063 1292 2086 censuram
1319 2054 1482 2087 interdicti
1512 2055 1722 2088 ecclesiastici
1746 2055 1859 2088 obser·

197 2103 320 2142 vatent,
344 2100 432 2143 quod
447 2100 579 2143 quidem
595 2101 731 2134 comode
747 2102 855 2134 facere
871 2114 935 2135 non
951 2108 1091 2145 possent,
1108 2105 1167 2136 nisi
1184 2105 1300 2137 alicubi
1313 2105 1378 2137 adu
1393 2106 1458 2138 alia
1481 2107 1554 2138 loca
1570 2116 1606 2138 se
1622 2111 1784 2139 mutarent
1799 2118 1858 2149 pro

198 2154 344 2194 tempore
361 2152 494 2185 forsitan
510 2156 543 2184 et
558 2154 779 2195 transferrent,
795 2155 853 2187 sed
863 2155 905 2187 ad
921 2155 1018 2188 talia'
1030 2156 1153 2198 absque
1170 2157 1371 2199 superiorum
1389 2157 1536 2190 ordinum
1554 2158 1730 2191 eorundem
1742 2158 1856 2191 coher-

199 2203 291 2236 cione
313 2214 377 2236 non
393 2204 487 2236 facile
511 2205 783 2247 compellunturvn
822 2206 909 2244 Quid
925 2211 1034 2240 autem
1058 2210 1088 2240 in
1106 2209 1167 2241 hiis
1189 2210 1353 2252 expediat,
1377 2215 1483 2243 vestre
1501 2211 1635 2243 interest
1651 2211 1858 2253 provideneie

199 2253 380 2288 discutere⁸
395 2259 428 2288 et
443 2255 564 2289 videre.
631 2258 678 2298 (6)
695 2257 780 2290 Sane
798 2257 875 2291 licet
891 2259 981 2292 ducis
997 2260 1154 2302 sepedicti
1171 2265 1205 2293 et
1220 2263 1530 2304 consanguineorum
1547 2273 1677 2294 suorum
1693 2262 1856 2305 predicto-

157 2317 183 2338 ω
201 2316 271 2338 rum
286 2307 484 2350 principatus
500 2309 743 2350 patrimoniales
766 2310 863 2342 michi
887 2311 950 2343 sint
973 2314 1162 2344 contermini
1186 2316 1219 2345 et
1241 2314 1336 2345 vicini
1361 2318 1394 2345 et
1418 2313 1535 2346 exinde
1558 2324 1677 2356 urgens
1699 2319 1732 2346 et
1754 2314 1857 2346 ardua

199 2358 375 2390 necessitas
400 2369 452 2392 me
475 2361 687 2403 constringat,
719 2361 806 2394 nulla
829 2366 939 2395 tamen
967 2363 1145 2396 adversitas
1166 2364 1239 2397 Deo
1263 2365 1408 2407 propicio
1437 2370 1510 2398 me’
1532 2375 1552 2397 a
1574 2369 1683 2397 vestra
1710 2369 1743 2398 et
1770 2366 1857 2398 sedis

198 2409 375 2451 apostolice
391 2410 581 2444 obediencia
596 2413 770 2455 separabit.
805 2413 923 2447 Vestre
940 2415 1048 2458 itaque
1064 2416 1284 2448 misericordie
1296 2427 1349 2449 me
1366 2416 1561 2449 fiducialiter
1572 2417 1857 2450 recommendans·

300 2485 366 2513 973.
392 2486 418 2520 Ι)
435 2487 503 2514 deest
521 2487 545 2514 1.
637 2487 663 2522 h)
682 2508 688 2514 .
702 2508 708 2515 .
728 2488 755 2520 1;
774 2499 791 2515 n
810 2489 835 2516 2.
931 2490 949 2524 ἰ)
967 2493 1030 2518 velit
1049 2492 1072 2518 l.
1161 2493 1187 2524 ¹¹)
1206 2495 1257 2520 1111
1275 2493 1300 2520 3.
1390 2493 1409 2526 ¹)
1426 2495 1495 2520 dese!
1511 2493 1536 2520 2.
1625 2494 1658 2527 1Ιὶ)
1678 2495 1734 2521 loco
1752 2504 1811 2522 euni
1831 2497 1856 2521 in

197 2529 314 2555 conclavi
332 2527 361 2556 3:
379 2537 439 2556 eum
455 2530 530 2556 clevi.
617 2531 642 2563 ¹¹)
662 2532 814 2565 penderetur
834 2533 857 2559 1.
871 2533 900 2566 3;
922 2539 1111 2568 presentarstur
1129 2536 1153 2561 2.
1253 2537 1278 2569 ⁰)
1298 2538 1348 2563 vie.
1368 2537 1474 2571 proiecit
1491 2535 1516 2563 3.
1597 2537 1623 2569 Ρ)
1641 2546 1714 2563 sacro
1735 2538 1763 2569 13
1783 2547 1856 2565 sanc-

155 2578 180 2597 45
199 2573 282 2599 triario
299 2571 324 2598 8.
412 2571 438 2606 q)
456 2581 508 2606 quo
525 2577 645 2600 tenentur
662 2574 715 2600 du.
733 2574 758 2601 3.
847 2576 869 2609 1“)
888 2577 948 2603 Ideo
966 2577 990 2603 3.
1089 2579 1110 2611 ⁸)
1128 2587 1216 2605 eorum
1236 2579 1261 2606 3.
1358 2580 1378 2612 ⁸)
1396 2580 1488 2606 auxilii
1506 2579 1531 2606 2.
1628 2580 1655 2613 ¹¹)
1674 2582 1812 2614 suspendio
1831 2582 1856 2607 3.

198 2615 224 2648 ¹⁷)
242 2616 269 2641 in
286 2624 358 2649 prov.
375 2616 428 2642 dcc.
449 2616 472 2642 1.
484 2615 510 2643 3.
597 2615 627 2649 w)
645 2617 714 2643 decet
729 2617 755 2644 3.
843 2618 870 2652 ¹)
888 2620 914 2645 in
933 2629 966 2646 ex
986 2621 1078 2648 addita
1096 2623 1193 2648 lacuna
1210 2622 1235 2649 3.
1317 2623 1343 2656 5)
1361 2632 1423 2650 vero
1442 2624 1465 2650 1.
1476 2622 1501 2650 3.
1591 2623 1614 2656 ¹)
1632 2632 1693 2650 vero
1712 2625 1774 2650 add.
1796 2625 1817 2650 1.
1831 2624 1855 2650 ⁸2.

197 2658 222 2691 δ)
240 2655 368 2685 thetouico
388 2659 414 2692 13
432 2660 571 2686 deutuuico
588 2659 613 2686 3.
735 2659 760 2693 1’)
778 2661 847 2688 dem
865 2662 889 2688 3.
1019 2664 1042 2697 ⁰)
1060 2666 1116 2692 eius
1134 2666 1197 2692 add.
1218 2666 1240 2693 L
1259 2665 1284 2692 3.
1407 2665 1434 2699 cl)
1453 2667 1584 2700 apostecio
1609 2666 1635 2698 1;
1655 2669 1812 2700 apostotacio
1831 2668 1855 2694 3.

198 2701 221 2735 Θ)
240 2710 328 2735 quem
346 2702 372 2728 3.
449 2701 470 2735 ί)
488 2703 567 2729 vestri
585 2701 610 2729 2.
691 2702 718 2736 Ι)
737 2705 895 2731 notorium
913 2705 942 2737 3;
961 2710 1084 2740 tanquam
1103 2709 1203 2735 notoria
1221 2709 1272 2735 da.
1291 2708 1315 2736 2.
1396 2709 1422 2742 h)
1441 2711 1563 2737 devenire
1581 2710 1606 2736 3.
1683 2711 1701 2742 ί)
1721 2711 1817 2744 eligere
1831 2711 1854 2737 3.

198 2743 224 2775 ιι)
243 2753 294 2770 uon
312 2745 385 2771 novit
402 2753 538 2779 nunquam
555 2746 580 2772 3.
664 2745 683 2778 ¹)
703 2750 893 2780 retorquentem
912 2747 936 2774 2.
1015 2751 1048 2784 ¹¹¹)
1066 2752 1144 2778 etiam
1163 2752 1226 2778 aad.
1238 2751 1264 2778 3.
1344 2751 1370 2784 ¹¹)
1389 2756 1415 2779 et
1432 2753 1496 2779 add.
1510 2754 1533 2780 1.
1546 2753 1571 2780 3.
1652 2754 1676 2786 ⁰)
1696 2755 1812 2780 revenire
1831 2754 1855 2780 3.

153 2792 179 2811 50
197 2786 222 2818 r)
241 2792 267 2813 st
283 2786 307 2814 2.
403 2790 430 2821 (ι)
448 2789 556 2814 Βινιι-ἰε
572 2787 602 2819 2:
629 2790 743 2815 Bswarie
761 2789 786 2816 3.
886 2791 907 2824 ¹)
925 2793 1050 2820 insinuari
1068 2793 1093 2820 2.
1190 2793 1211 2827 ⁸)
1229 2796 1328 2829 aperire
1345 2795 1371 2822 3.
1471 2796 1491 2827 ⁸)
1513 2797 1577 2822 velit
1594 2796 1619 2822 3.
1720 2798 1747 2828 ¹¹)
1767 2798 1810 2822 sed
1833 2798 1854 2822 l.

197 2830 222 2861 v)
241 2831 291 2856 ⁸¹5⁸
308 2830 332 2857 2·
413 2831 445 2866 w)
463 2833 631 2859 decuti-entur
651 2831 679 2863 15
697 2833 853 2861 ducerentur
871 2834 895 2861 3.
975 2836 1002 2868 ¹)
1019 2837 1204 2864 discurrere
1224 2837 1247 2865 1.
1259 2837 1284 2864 2.
1364 2840 1388 2871 r)
1407 2840 1476 2865 dem
1493 2839 1518 2865 3.
1589 2839 1612 2871 ¹)
1630 2840 1812 2865 commendans
1831 2840 1855 2865 3.

1582 2890 1648 2917 102*
