2124 3132
105 722 130 745 10

102 980 127 1003 n

594 160 814 189 TRACTATUS
836 161 883 188 DE
905 161 1118 189 ELECTIONE.
1158 162 1233 189 1314.
1270 162 1372 190 Nn58.
1767 170 1807 197 57,

148 301 188 334 de
204 300 358 343 predictis
375 300 488 333 decem
504 299 636 332 milibus
658 309 850 340 marcarum,
874 309 955 342 quas
979 300 1008 331 ei
1033 299 1192 340 dabimus,
1217 303 1356 342 quatuor
1379 301 1467 332 milia
1487 312 1666 333 marcarum
1683 305 1806 343 argenti

138 353 180 385 rin
202 355 371 385 numerata
393 352 532 394 pecunia
554 351 777 394 persolvemus
800 354 833 383 et
857 351 888 382 in
912 350 1058 392 predicto
1082 351 1202 393 oppido
1226 362 1283 383 suo
1301 352 1590 394 Asschaffemburg
1606 353 1807 395 pagabimus.

146 403 191 436 Et
213 406 331 437 extunc
354 403 590 440 nichilominus,
617 413 715 445 quam
745 402 883 444 primum
906 403 1010 444 Aquis
1041 404 1184 435 coronati
1213 403 1368 435 fuerimus
1391 404 1443 435 vel
1471 414 1542 435 cum
1572 405 1670 436 fratre
1700 411 1807 436 nostro

95 481 98 486 Δ
148 455 344 496 concordati,
369 455 452 487 infra
474 458 540 488 tres
563 464 690 487 menses
706 453 836 486 residua
852 453 893 485 de
910 453 1063 495 predictis
1079 454 1227 486 omnibus
1244 455 1458 496 promittimus
1474 455 1614 487 fideliter
1628 456 1807 498 adimplere

138 517 206 539 nec
230 507 260 538 in
285 507 482 540 execucione
506 516 617 538 eorum
643 516 700 548 pro
721 505 934 537 excusacione
952 505 1109 537 debemus
1125 506 1329 547 pretendere,
1353 507 1379 537 si
1396 507 1479 538 forte
1496 517 1566 538 cum
1585 507 1683 539 fratre
1700 511 1807 539 nostro

147 558 275 600 prefato
299 558 408 600 aliqua
431 558 566 590 fecimus
588 561 685 600 pacta
707 557 759 589 vel
787 557 967 589 iuramenta
995 557 1036 589 de
1064 557 1156 589 bonis
1183 558 1299 590 nostris
1323 558 1373 590 vel
1402 558 1583 591 hereditate
1609 563 1718 591 nostra
1746 571 1808 591 non

147 609 336 641 dividendis.

258 663 286 693 7.
318 661 402 693 Item
425 660 583 693 adicimus
606 663 640 692 et
654 661 881 702 promittimus,
905 661 930 692 si
947 660 1087 702 aliquem
1105 660 1146 692 (16
1163 661 1374 703 infrascriptis
1389 661 1629 694 fideiussoribus
1645 664 1810 706 contingat

147 712 318 754 decedere,
336 713 521 754 priusquam
538 711 666 755 prefato
684 711 814 744 domino
831 712 1076 754 archiepiscopo
1093 713 1201 744 omnia
1217 712 1277 744 sibi
1294 723 1353 754 per
1368 724 1427 744 nos
1438 714 1595 755 promissa
1607 715 1809 756 integraliter

148 763 267 796 fuerint
289 763 481 806 adimpleta,
511 763 598 806 quod
620 763 704 795 infra
726 774 871 795 mensem
894 774 914 795 a
938 766 1084 805 tempore
1108 763 1305 796 decessionis
1328 765 1578 807 computandum
1603 766 1700 798 alium
1725 777 1807 809 cquc

147 815 267 848 bonum
298 819 332 849 et
361 814 523 857 ydoneum
550 815 621 848 loco
649 814 839 847 decedentis
865 814 1096 847 substituemus
1124 818 1157 847 et
1185 815 1380 847 substituere
1411 816 1592 848 tenebimur
1625 817 1667 848 ad
1701 819 1808 849 omnia

147 866 312 907 facienda,
342 877 405 908 que
436 867 559 909 primus
587 866 758 899 fideiussor
786 866 895 898 facere
926 865 1102 898 debuisset.
1155 866 1198 898 Et
1227 867 1287 899 hoc
1318 867 1473 900 faciemus
1503 869 1626 900 tociens
1656 870 1809 910 quociens

148 917 289 961 aliquem
315 918 357 950 de
381 918 624 951 fideiussoribus
647 918 807 951 decedere
831 919 1002 960 contigerit
1024 918 1077 950 vel
1101 919 1204 951 eciam
1227 918 1416 950 substitutis.

256 971 284 1002 8.
313 969 360 1002 Et
381 974 417 1002 ut
439 971 597 1012 premissa
620 970 728 1002 omnia
751 970 814 1001 sint
837 969 942 1001 eidem
968 969 1098 1001 domino
1122 969 1366 1011 archiepiscopo
1395 970 1499 1011 magis
1527 973 1597 1001 tuta
1626 974 1660 1002 ct
1688 971 1809 1002 firmius

147 1020 370 1063 observentur,
393 1021 613 1064 infrascriptos
641 1021 702 1054 sibi
729 1020 936 1053 fideiussores
964 1024 997 1052 et
1025 1020 1154 1052 obsides
1181 1020 1321 1062 desuper
1349 1021 1572 1053 constituimus
1600 1022 1632 1053 in
1659 1022 1807 1061 solidum,

148 1072 303 1105 videlicet
326 1073 453 1105 nobiles
467 1074 561 1105 *viros
577 1072 790 1114 Conr(adum)
813 1071 854 1104 de
870 1071 1076 1112 Hohenloch,
1099 1072 1265 1104 Andream
1289 1072 1330 1103 de
1346 1072 1528 1114 Brunecke,
1546 1098 1552 1105 .
1570 1096 1578 1104 .
1594 1074 1807 1115 lantgravium

151 1123 192 1156 (16
208 1124 432 1167 Lukemberg,
455 1123 669 1166 Com-(adum)
692 1123 733 1156 de
749 1123 965 1165 Slusselberg,
988 1123 1178 1155 Bcrtoldum
1202 1123 1243 1155 de
1265 1123 1383 1165 Nyfen,
1406 1123 1633 1165 Frid(ericum)
1657 1125 1806 1156 comitem

147 1175 189 1208 de
213 1175 476 1218 Truwindingen,
499 1175 717 1218 Lud(wicum)
741 1178 775 1207 et
796 1175 1020 1207 Hermannum
1044 1175 1144 1208 duces
1164 1175 1205 1207 de
1221 1175 1343 1215 Tecke,
1365 1175 1588 1208 Hermannum
1605 1177 1808 1208 scolasticum

149 1226 343 1269 Spyrensem
368 1230 401 1259 et
415 1227 588 1259 Albertum
610 1227 744 1259 fratrem
769 1237 872 1266 suum,
896 1225 1107 1258 Gebhardum
1131 1226 1172 1258 de
1191 1226 1356 1267 Bruneke,
1379 1226 1569 1258 Bcrtoldum
1592 1228 1743 1259 comitem
1767 1228 1808 1259 de

89 1298 91 1307 γ
148 1277 337 1319 Greisbach,
354 1278 598 1321 Engelhardum
615 1278 656 1310 de
669 1278 866 1321 Wynsberg,
882 1277 1109 1311 Eberhardum
1126 1278 1167 1310 de
1183 1278 1344 1320 Bruberg,
1356 1278 1568 1310 Wilhelmum
1586 1279 1627 1311 de
1642 1280 1809 1311 Franken-

146 1330 245 1371 stein,
268 1329 482 1362 Wilhelmum
510 1329 746 1362 marschalcum
774 1329 815 1361 (16
843 1329 1044 1370 Biberbach,
1071 1330 1243 1362 Albertum
1272 1329 1390 1362 dictum
1419 1329 1590 1371 Iudeman,
1626 1330 1808 1362 Gotfridum

147 1380 189 1414 de
213 1381 403 1423 Wolfstein,
438 1381 653 1424 Oonr(adum)
679 1382 868 1423 pincernam
903 1381 944 1413 de
974 1381 1200 1422 Richenecke,
1226 1406 1231 1413 .
1257 1406 1263 1413 .
1287 1381 1520 1413 marschalcum
1557 1381 1596 1414 de
1626 1382 1809 1424 Buksberg,

144 1429 322 1466 Henricum
358 1433 398 1465 de
426 1433 600 1475 Erenvels,
623 1433 833 1476 Wigelonem
858 1433 1113 1474 vicedominum,
1143 1433 1332 1465 Bcrtoldum
1357 1433 1533 1474 Stratzere,
1563 1434 1739 1466 Henricum
1768 1434 1808 1466 dc

145 1483 392 1527 swarzemburg
415 1488 449 1517 et
462 1484 724 1517 Bennewardum
748 1484 789 1516 de
813 1483 1012 1527 Straleberg,
1037 1495 1076 1516 eo
1099 1484 1196 1516 modo
1218 1484 1303 1527 quod
1324 1489 1397 1527 post
1418 1485 1596 1527 predictam
1613 1485 1805 1517 dominicam

142 1532 318 1578 Invocavit,
342 1537 368 1568 si
391 1537 424 1568 in
447 1536 611 1568 solucione
635 1539 774 1578 quatuor
796 1537 919 1568 milium
948 1546 1130 1568 marcarum
1153 1537 1280 1578 argenti
1304 1537 1355 1568 vel
1384 1537 1473 1569 mille
1496 1547 1690 1578 marcarum,
1722 1548 1802 1580 quas
1820 1558 1835 1578 ,-

143 1584 332 1620 consiliariis
355 1588 574 1630 promisimus,
604 1588 835 1628 defecerimus,
866 1591 900 1620 et
922 1588 1070 1620 similiter
1099 1591 1171 1630 post
1199 1589 1443 1620 coronacionem
1473 1592 1614 1620 nostram
1650 1590 1699 1621 vel
1734 1596 1806 1631 post

144 1639 351 1672 concordiam
375 1651 447 1672 cum
472 1640 571 1672 fratre
594 1644 704 1672 nostro
728 1641 840 1672 initam
863 1643 900 1671 ut
922 1640 1121 1682 premittitur
1143 1643 1216 1682 post
1240 1644 1303 1672 tres
1326 1650 1469 1681 menses,
1499 1641 1524 1671 si
1547 1640 1675 1672 residua
1699 1641 1806 1672 omnia

142 1686 196 1723 vel
216 1690 357 1733 >aliquod
385 1702 427 1724 ex
463 1692 510 1723 eis
546 1691 586 1724 (16
622 1691 683 1723 hiis
719 1702 781 1734 que
816 1692 973 1734 premissa
1009 1695 1082 1723 sunt
1114 1702 1177 1723 non
1208 1691 1509 1734 adimpleverimus,
1543 1692 1679 1734 predicti
1709 1693 1807 1724 nostri

143 1739 349 1774 fideiussores
369 1743 549 1784 predictum
573 1743 729 1785 oppidum
744 1742 1034 1785 Asachaffemburg
1056 1742 1230 1783 intrabunt,
1255 1746 1319 1774 tam
1345 1742 1398 1774 diu
1422 1743 1543 1775 ibidem
1566 1743 1749 1786 obstagium
1774 1749 1807 1775 et

131 1792 359 1826 ‘fideiussionis
383 1794 530 1827 debitum
558 1794 772 1836 personaliter
798 1795 980 1836 prestituri,
1011 1794 1113 1826 donec
1143 1794 1301 1836 premissa
1332 1795 1440 1826 omnia
1470 1799 1504 1826 et
1531 1796 1658 1837 singula
1689 1794 1806 1827 fuerint

86 1847 89 1855 ¹
144 1845 347 1888 integraliter
369 1845 556 1889 adimpleta.

256 1899 286 1930 9.
320 1897 388 1930 Nos
422 1908 551 1940 quoque
585 1897 724 1940 predicti
754 1897 948 1938 Conr(adus)
984 1897 1025 1929 de
1052 1897 1261 1938 Hohenloch,
1296 1898 1445 1930 Andreas
1478 1899 1519 1930 de
1553 1898 1740 1939 Brunecke,
1764 1925 1771 1932 .
1797 1924 1802 1929 .

145 1948 344 1991 lantgravius
367 1949 408 1982 de
430 1949 653 1992 Lukemberg,
677 1949 871 1990 Con(radus)
895 1949 936 1981 de
957 1948 1170 1991 Slusselberg,
1194 1949 1368 1981 Bertoldus
1391 1950 1431 1981 de
1451 1949 1568 1991 Nyfen,
1590 1949 1804 1992 Frid(ericus)

145 2010 255 2033 comes
288 1999 329 2033 de
366 2001 634 2044 Truwindingen,
673 2000 875 2043 Lud(wicus)
909 2004 943 2032 et
975 2000 1182 2032 Hermannus
1222 2000 1320 2032 duces
1359 2001 1400 2033 (16
1434 2001 1559 2041 Tecke,
1599 2001 1804 2033 Hei-mannus

144 2051 331 2085 scolasticus
366 2052 535 2096 Spyrcnsis
570 2056 603 2085 et
627 2052 784 2086 Albertus
819 2052 919 2084 frater
953 2063 1043 2093 suus,
1082 2051 1297 2084 Gebehardus
1329 2052 1370 2084 (16
1405 2052 1591 2093 Brunecke,
1631 2052 1804 2084 Bertoldus

147 2114 256 2136 comes
282 2102 324 2136 de
347 2104 542 2147 Greisbach,
572 2104 799 2147 Engelhardus
823 2104 863 2136 de
887 2104 1088 2146 Wynsberg,
1119 2104 1327 2136 Eberhardus
1355 2104 1395 2136 (16
1417 2104 1582 2147 Brubcrg,
1609 2104 1805 2136 Wilhelmus

131 2155 186 2188 >de
219 2153 472 2198 Frank‘enstein‚
512 2157 708 2189 Wilhclmus
742 2156 959 2188 marschalcus
994 2156 1035 2188 de
1070 2156 1268 2196 Biberbach,
1310 2156 1466 2188 Albertus
1499 2156 1603 2188 dictus
1637 2156 1804 2195 Iudeman,

86 2205 89 2209 ⁴
145 2206 312 2240 Gotfridua
335 2203 376 2240 de
399 2208 589 2250 Wolfstein,
621 2208 817 2251 Gonr(adus)
841 2209 995 2250 pincerna
1018 2207 1058 2239 de
1082 2207 1306 2249 mehenedin,
1331 2232 1339 2239 .
1364 2234 1370 2240 .
1395 2208 1611 2240 marschalcus
1634 2207 1675 2240 de
1698 2208 1803 2239 Buks·

144 2258 240 2302 berg,
272 2258 434 2292 Hem-icus
464 2260 506 2292 de
529 2259 700 2301 Erenvels,
731 2259 863 2301 Wigelo
893 2259 1127 2299 vicedominus,
1157 2259 1331 2292 Bertoldus
1361 2260 1538 2300 Stratzere,
1575 2260 1736 2292 Henricus
1763 2259 1803 2291 de

145 2309 392 2354 Swarzemburg
414 2314 447 2344 et
469 2311 714 2344 Rennevvardus
737 2311 777 2344 de
798 2311 986 2351 Straleberg
1009 2312 1269 2354 recognoscimus
1292 2316 1326 2344 et
1347 2312 1496 2353 fatemur,
1519 2311 1606 2354 quod
1625 2311 1803 2353 predictam

143 2362 383 2395 fideiussionem
405 2374 464 2406 pro
488 2364 603 2396 illustri
627 2364 757 2396 domino
778 2363 964 2405 Lud(wico)
989 2364 1106 2395 comite
1129 2364 1272 2406 palatino
1295 2363 1379 2395 Reni
1395 2363 1478 2396 duce
1493 2364 1642 2395 Bawarie
1658 2363 1804 2405 predicto

144 2413 232 2457 apud
254 2413 474 2447 venerabilem
498 2416 662 2448 dominum
678 2415 812 2447 Petrum
836 2415 1115 2457 archiepiscopum
1131 2415 1312 2458 predictum
1337 2426 1376 2447 eo
1399 2415 1495 2447 modo
1519 2416 1601 2447 sicut
1623 2414 1802 2457 predictum

84 2490 87 2502 .
145 2468 195 2498 est
216 2467 249 2499 in
271 2466 408 2498 solidum
432 2466 567 2500 fecimus
583 2470 616 2499 et
631 2467 672 2499 ad
688 2466 835 2510 predicta
850 2477 888 2498 ac
904 2466 1108 2509 infrascripta
1124 2467 1231 2499 omnia
1246 2478 1305 2499 nos
1321 2467 1534 2509 obligavimus
1551 2471 1584 2499 et
1600 2466 1804 2508 promisimus

100 2530 133 2556 (ι,

145 2527 184 2550 ac
214 2519 431 2560 promittimus
458 2528 519 2561 per
547 2519 645 2552 fidem
672 2522 814 2551 nostram
846 2522 880 2550 et
908 2519 1123 2551 iuramentum
1156 2522 1316 2559 nostrum,
1351 2519 1437 2561 quod
1470 2519 1565 2551 tactis
1594 2517 1804 2550 sacrosanctis

129 2569 356 2611 ,corporalitcr
379 2569 519 2613 desuper
541 2571 749 2613 prestitimus,
769 2570 950 2612 predictum
975 2570 1158 2612 obstagium
1182 2574 1216 2602 et
1235 2570 1448 2602 fideiussionis
1465 2570 1609 2602 debitum
1625 2569 1803 2611 prescripto

144 2619 243 2653 modo
263 2621 298 2661 in
321 2622 467 2663 personis
489 2623 628 2665 propriis
650 2621 790 2654 fideliter
811 2621 1001 2664 adimplere.
1045 2621 1119 2654 Hoc
1142 2621 1270 2654 adiecto
1293 2622 1319 2653 si
1343 2621 1446 2654 dictus
1469 2621 1615 2664 dominus
1643 2620 1802 2661 archiepi-

147 2681 263 2714 scopus
288 2671 329 2704 de
352 2673 500 2715 predicta
522 2673 663 2716 obstagii
685 2677 719 2706 et
740 2673 956 2705 fideiussionis
979 2672 1079 2705 debiti
1102 2673 1304 2716 prestacione
1328 2684 1385 2705 nos
1408 2673 1460 2705 vel
1482 2673 1622 2715 aliquem
1647 2682 1688 2703 ex
1711 2670 1802 2702 nobis

145 2722 187 2755 ad
217 2720 345 2766 tempus
376 2723 509 2767 aliquod
538 2723 682 2758 fortassis
715 2724 942 2766 induciaverit,
973 2723 1080 2756 dando
1111 2724 1278 2757 licenciam
1307 2724 1398 2756 nobis
1431 2725 1481 2756 vel
1512 2724 1608 2756 alicui
1639 2734 1679 2755 ex
1711 2722 1802 2753 nobis

146 2771 439 2818 dictum'oppidum
454 2776 743 2820 Asschaffemburg
766 2774 918 2817 exeundi,
942 2776 1029 2818 quod
1052 2776 1098 2808 illi
1123 2777 1177 2818 qui
1200 2777 1245 2807 sic
1268 2775 1422 2808 induciati
1442 2776 1560 2807 fuerint
1582 2780 1655 2817 post
1677 2773 1800 2815 lapsum

143 251 363 292 contingeret,
385 250 418 282 in
440 249 588 292 proxima
603 248 776 281 Dominica
798 258 862 290 qua
885 251 1032 280 cantatur
1054 248 1222 280 Invocavit
1244 248 1390 290 predicto
1411 249 1541 281 domino
1563 250 1807 293 archiepiscopo
1825 250 1885 291 »³3¹⁵

1863 263 1917 294 ass.

1838 1536 1845 1554 1
1851 1535 1895 1554 31⁵.

1837 1559 1882 1579 abr.
1892 1561 1914 1580 D.
