<?xml version="1.0" encoding="UTF-8"?>
<!DOCTYPE html PUBLIC "-//W3C//DTD XHTML 1.0 Transitional//EN"
    "http://www.w3.org/TR/xhtml1/DTD/xhtml1-transitional.dtd">
<html xmlns="http://www.w3.org/1999/xhtml" xml:lang="en" lang="en">
 <head>
  <title>
</title>
<meta http-equiv="Content-Type" content="text/html;charset=utf-8" />
  <meta name='ocr-system' content='tesseract 3.04.00' />
  <meta name='ocr-capabilities' content='ocr_page ocr_carea ocr_par ocr_line ocrx_word'/>
</head>
<body>
  <div class='ocr_page' id='page_1' title='image "./monumentagerma05geseuoft_0302.png"; bbox 0 0 2190 3172; ppageno 0'>
   <div class='ocr_carea' id='block_1_1' title="bbox 305 197 1725 234">
    <p class='ocr_par' dir='ltr' id='par_1_1' title="bbox 305 197 1725 234">
     <span class='ocr_line' id='line_1_1' title="bbox 305 197 1725 234; baseline -0.002 -7"><span class='ocrx_word' id='word_1_1' title='bbox 305 203 368 234; x_wconf 82' lang='lat'><strong>262</strong></span> <span class='ocrx_word' id='word_1_2' title='bbox 538 200 636 227; x_wconf 82' lang='lat' dir='ltr'>ACTA</span> <span class='ocrx_word' id='word_1_3' title='bbox 655 199 769 227; x_wconf 85' lang='lat' dir='ltr'><strong>REGNI</strong></span> <span class='ocrx_word' id='word_1_4' title='bbox 788 199 972 226; x_wconf 85' lang='lat' dir='ltr'><strong>LUDEWICI</strong></span> <span class='ocrx_word' id='word_1_5' title='bbox 991 199 1038 226; x_wconf 90' lang='lat' dir='ltr'><strong>IV.</strong></span> <span class='ocrx_word' id='word_1_6' title='bbox 1057 199 1103 226; x_wconf 78' lang='grc' dir='ltr'><strong>ΕΤ</strong></span> <span class='ocrx_word' id='word_1_7' title='bbox 1122 198 1307 226; x_wconf 83' lang='lat' dir='ltr'>FRIDERICI</span> <span class='ocrx_word' id='word_1_8' title='bbox 1327 198 1376 225; x_wconf 90' lang='lat'>111.</span> <span class='ocrx_word' id='word_1_9' title='bbox 1412 197 1488 225; x_wconf 87' lang='lat'>1315.</span> <span class='ocrx_word' id='word_1_10' title='bbox 1525 198 1574 226; x_wconf 82' lang='lat' dir='ltr'><strong>Nr.</strong></span> <span class='ocrx_word' id='word_1_11' title='bbox 1587 198 1646 226; x_wconf 82' lang='lat'><strong>302.</strong></span> <span class='ocrx_word' id='word_1_12' title='bbox 1665 197 1725 225; x_wconf 81' lang='lat'><strong>303.</strong></span> 
     </span>
    </p>
   </div>
   <div class='ocr_carea' id='block_1_2' title="bbox 303 284 1966 1500">
    <p class='ocr_par' dir='ltr' id='par_1_2' title="bbox 303 284 1966 1500">
     <span class='ocr_line' id='line_1_2' title="bbox 415 284 1962 327; baseline 0 -9"><span class='ocrx_word' id='word_1_13' title='bbox 415 287 614 319; x_wconf 80' lang='lat' dir='ltr'><strong>Constitutus</strong></span> <span class='ocrx_word' id='word_1_14' title='bbox 642 287 674 317; x_wconf 92' lang='lat' dir='ltr'><strong>in</strong></span> <span class='ocrx_word' id='word_1_15' title='bbox 702 289 810 317; x_wconf 89' lang='lat' dir='ltr'><strong>nostre</strong></span> <span class='ocrx_word' id='word_1_16' title='bbox 834 286 1012 317; x_wconf 88' lang='lat' dir='ltr'><strong>maiestatis</strong></span> <span class='ocrx_word' id='word_1_17' title='bbox 1040 286 1209 327; x_wconf 82' lang='lat' dir='ltr'>presencia</span> <span class='ocrx_word' id='word_1_18' title='bbox 1235 285 1330 317; x_wconf 87' lang='lat' dir='ltr'><strong>nobis</strong></span> <span class='ocrx_word' id='word_1_19' title='bbox 1356 285 1522 316; x_wconf 89' lang='lat' dir='ltr'><strong>humiliter</strong></span> <span class='ocrx_word' id='word_1_20' title='bbox 1543 284 1745 327; x_wconf 78' lang='lat' dir='ltr'><strong>supplicasti,</strong></span> <span class='ocrx_word' id='word_1_21' title='bbox 1775 285 1863 327; x_wconf 92' lang='lat' dir='ltr'><strong>quod</strong></span> <span class='ocrx_word' id='word_1_22' title='bbox 1885 285 1962 318; x_wconf 89' lang='lat' dir='ltr'><strong>licet</strong></span> 
     </span>
     <span class='ocr_line' id='line_1_3' title="bbox 306 336 1963 378; baseline 0.001 -9"><span class='ocrx_word' id='word_1_23' title='bbox 306 349 369 369; x_wconf 92' lang='lat' dir='ltr'><strong>non</strong></span> <span class='ocrx_word' id='word_1_24' title='bbox 393 338 506 369; x_wconf 90' lang='lat' dir='ltr'><strong>credas</strong></span> <span class='ocrx_word' id='word_1_25' title='bbox 530 349 572 370; x_wconf 82' lang='lat' dir='ltr'><strong>ex</strong></span> <span class='ocrx_word' id='word_1_26' title='bbox 594 337 777 369; x_wconf 89' lang='lat' dir='ltr'><strong>consultitio</strong></span> <span class='ocrx_word' id='word_1_27' title='bbox 801 347 858 368; x_wconf 89' lang='lat' dir='ltr'><strong>seu</strong></span> <span class='ocrx_word' id='word_1_28' title='bbox 881 337 1039 378; x_wconf 89' lang='lat' dir='ltr'><strong>regimine</strong></span> <span class='ocrx_word' id='word_1_29' title='bbox 1064 337 1243 368; x_wconf 87' lang='lat' dir='ltr'><strong>officiorum</strong></span> <span class='ocrx_word' id='word_1_30' title='bbox 1267 339 1323 368; x_wconf 89' lang='lat' dir='ltr'><strong>aut</strong></span> <span class='ocrx_word' id='word_1_31' title='bbox 1346 337 1582 378; x_wconf 85' lang='lat' dir='ltr'><strong>provinciarum</strong></span> <span class='ocrx_word' id='word_1_32' title='bbox 1600 336 1652 368; x_wconf 88' lang='lat' dir='ltr'><strong>vel</strong></span> <span class='ocrx_word' id='word_1_33' title='bbox 1671 337 1881 369; x_wconf 87' lang='lat' dir='ltr'><strong>terminorum</strong></span> <span class='ocrx_word' id='word_1_34' title='bbox 1902 338 1963 370; x_wconf 85' lang='lat' dir='ltr'><strong>tibi</strong></span> 
     </span>
     <span class='ocr_line' id='line_1_4' title="bbox 306 387 1963 430; baseline 0.001 -9"><span class='ocrx_word' id='word_1_35' title='bbox 306 390 547 421; x_wconf 87' lang='lat' dir='ltr'><strong>commissorum</strong></span> <span class='ocrx_word' id='word_1_36' title='bbox 583 399 622 420; x_wconf 87' lang='lat' dir='ltr'><strong>eo</strong></span> <span class='ocrx_word' id='word_1_37' title='bbox 657 391 818 430; x_wconf 87' lang='lat' dir='ltr'><strong>tempore,</strong></span> <span class='ocrx_word' id='word_1_38' title='bbox 853 399 916 429; x_wconf 91' lang='lat' dir='ltr'><strong>quo</strong></span> <span class='ocrx_word' id='word_1_39' title='bbox 945 387 1091 419; x_wconf 89' lang='lat' dir='ltr'><strong>divorum</strong></span> <span class='ocrx_word' id='word_1_40' title='bbox 1118 388 1386 429; x_wconf 81' lang='lat' dir='ltr'>predecessorum</span> <span class='ocrx_word' id='word_1_41' title='bbox 1415 391 1596 420; x_wconf 83' lang='lat' dir='ltr'><strong>nostrorum</strong></span> <span class='ocrx_word' id='word_1_42' title='bbox 1627 389 1789 430; x_wconf 84' lang='lat' dir='ltr'><strong>quondam</strong></span> <span class='ocrx_word' id='word_1_43' title='bbox 1816 389 1963 422; x_wconf 90' lang='lat' dir='ltr'><strong>Heinrici</strong></span> 
     </span>
     <span class='ocr_line' id='line_1_5' title="bbox 306 439 1964 482; baseline 0.001 -11"><span class='ocrx_word' id='word_1_44' title='bbox 306 440 509 481; x_wconf 86' lang='lat' dir='ltr'><strong>imperatoris</strong></span> <span class='ocrx_word' id='word_1_45' title='bbox 533 443 567 471; x_wconf 85' lang='lat' dir='ltr'><strong>et</strong></span> <span class='ocrx_word' id='word_1_46' title='bbox 589 439 726 471; x_wconf 84' lang='lat' dir='ltr'><strong>aliorum</strong></span> <span class='ocrx_word' id='word_1_47' title='bbox 750 439 952 481; x_wconf 87' lang='lat' dir='ltr'><strong>quorundam</strong></span> <span class='ocrx_word' id='word_1_48' title='bbox 975 449 1089 480; x_wconf 91' lang='lat' dir='ltr'><strong>regum</strong></span> <span class='ocrx_word' id='word_1_49' title='bbox 1111 439 1333 470; x_wconf 87' lang='lat' dir='ltr'><strong>Romanorum</strong></span> <span class='ocrx_word' id='word_1_50' title='bbox 1356 439 1527 471; x_wconf 77' lang='lat' dir='ltr'><strong>illustrium</strong></span> <span class='ocrx_word' id='word_1_51' title='bbox 1551 440 1693 471; x_wconf 86' lang='lat' dir='ltr'><strong>serviciis</strong></span> <span class='ocrx_word' id='word_1_52' title='bbox 1719 441 1876 482; x_wconf 79' lang='lat' dir='ltr'><strong>institisti,</strong></span> <span class='ocrx_word' id='word_1_53' title='bbox 1907 444 1964 474; x_wconf 86' lang='lat' dir='ltr'><strong>aut</strong></span> 
     </span>
     <span class='ocr_line' id='line_1_6' title="bbox 306 490 1963 534; baseline 0.002 -12"><span class='ocrx_word' id='word_1_54' title='bbox 306 502 348 522; x_wconf 87' lang='lat' dir='ltr'><strong>ex</strong></span> <span class='ocrx_word' id='word_1_55' title='bbox 372 491 529 533; x_wconf 83' lang='lat' dir='ltr'><strong>aliquibus</strong></span> <span class='ocrx_word' id='word_1_56' title='bbox 552 491 657 522; x_wconf 87' lang='lat' dir='ltr'><strong>modis</strong></span> <span class='ocrx_word' id='word_1_57' title='bbox 680 491 732 522; x_wconf 89' lang='lat' dir='ltr'><strong>vel</strong></span> <span class='ocrx_word' id='word_1_58' title='bbox 755 490 997 522; x_wconf 77' lang='lat' dir='ltr'><strong>condicionibus</strong></span> <span class='ocrx_word' id='word_1_59' title='bbox 1023 491 1091 522; x_wconf 88' lang='lat' dir='ltr'><strong>sive</strong></span> <span class='ocrx_word' id='word_1_60' title='bbox 1121 491 1225 522; x_wconf 87' lang='lat' dir='ltr'><strong>causis</strong></span> <span class='ocrx_word' id='word_1_61' title='bbox 1253 490 1325 522; x_wconf 89' lang='lat' dir='ltr'><strong>aliis</strong></span> <span class='ocrx_word' id='word_1_62' title='bbox 1355 491 1493 532; x_wconf 83' lang='lat' dir='ltr'><strong>publicis</strong></span> <span class='ocrx_word' id='word_1_63' title='bbox 1516 491 1567 523; x_wconf 89' lang='lat' dir='ltr'><strong>vel</strong></span> <span class='ocrx_word' id='word_1_64' title='bbox 1595 491 1709 523; x_wconf 88' lang='lat' dir='ltr'><strong>ocultis</strong></span> <span class='ocrx_word' id='word_1_65' title='bbox 1736 492 1859 534; x_wconf 90' lang='lat' dir='ltr'><strong>aliquid</strong></span> <span class='ocrx_word' id='word_1_66' title='bbox 1881 493 1963 525; x_wconf 90' lang='lat' dir='ltr'><strong>lucri</strong></span> 
     </span>
     <span class='ocr_line' id='line_1_7' title="bbox 305 541 1964 587; baseline 0.003 -15"><span class='ocrx_word' id='word_1_67' title='bbox 305 543 358 573; x_wconf 88' lang='lat' dir='ltr'><strong>vel</strong></span> <span class='ocrx_word' id='word_1_68' title='bbox 388 545 519 584; x_wconf 81' lang='lat' dir='ltr'><strong>questus</strong></span> <span class='ocrx_word' id='word_1_69' title='bbox 548 542 693 573; x_wconf 82' lang='lat' dir='ltr'><strong>indebite</strong></span> <span class='ocrx_word' id='word_1_70' title='bbox 724 542 924 583; x_wconf 81' lang='lat' dir='ltr'><strong>percepisse,</strong></span> <span class='ocrx_word' id='word_1_71' title='bbox 958 541 999 573; x_wconf 91' lang='lat' dir='ltr'><strong>de</strong></span> <span class='ocrx_word' id='word_1_72' title='bbox 1030 552 1092 583; x_wconf 92' lang='lat' dir='ltr'><strong>quo</strong></span> <span class='ocrx_word' id='word_1_73' title='bbox 1120 542 1224 574; x_wconf 87' lang='lat' dir='ltr'><strong>lesam</strong></span> <span class='ocrx_word' id='word_1_74' title='bbox 1256 542 1491 574; x_wconf 79' lang='lat' dir='ltr'><strong>conscienciam</strong></span> <span class='ocrx_word' id='word_1_75' title='bbox 1520 543 1644 575; x_wconf 78' lang='lat' dir='ltr'><strong>habeas</strong></span> <span class='ocrx_word' id='word_1_76' title='bbox 1673 543 1726 575; x_wconf 86' lang='lat' dir='ltr'><strong>vel</strong></span> <span class='ocrx_word' id='word_1_77' title='bbox 1754 548 1964 587; x_wconf 86' lang='lat' dir='ltr'><strong>contractam,</strong></span> 
     </span>
     <span class='ocr_line' id='line_1_8' title="bbox 305 593 1965 637; baseline 0.002 -13"><span class='ocrx_word' id='word_1_78' title='bbox 305 597 414 624; x_wconf 87' lang='lat' dir='ltr'><strong>tamen</strong></span> <span class='ocrx_word' id='word_1_79' title='bbox 438 595 513 635; x_wconf 87' lang='lat' dir='ltr'><strong>quia</strong></span> <span class='ocrx_word' id='word_1_80' title='bbox 537 593 691 625; x_wconf 90' lang='lat' dir='ltr'><strong>bonarum</strong></span> <span class='ocrx_word' id='word_1_81' title='bbox 716 596 766 624; x_wconf 90' lang='lat' dir='ltr'><strong>est</strong></span> <span class='ocrx_word' id='word_1_82' title='bbox 788 594 966 632; x_wconf 85' lang='lat' dir='ltr'><strong>mencium,</strong></span> <span class='ocrx_word' id='word_1_83' title='bbox 995 593 1041 624; x_wconf 93' lang='lat' dir='ltr'><strong>ibi</strong></span> <span class='ocrx_word' id='word_1_84' title='bbox 1069 593 1196 634; x_wconf 89' lang='lat' dir='ltr'><strong>culpam</strong></span> <span class='ocrx_word' id='word_1_85' title='bbox 1227 594 1356 633; x_wconf 87' lang='lat' dir='ltr'><strong>timere,</strong></span> <span class='ocrx_word' id='word_1_86' title='bbox 1392 594 1448 625; x_wconf 93' lang='lat' dir='ltr'><strong>ubi</strong></span> <span class='ocrx_word' id='word_1_87' title='bbox 1475 595 1606 627; x_wconf 90' lang='lat' dir='ltr'><strong>minime</strong></span> <span class='ocrx_word' id='word_1_88' title='bbox 1633 596 1808 637; x_wconf 87' lang='lat' dir='ltr'><strong>reperitur,</strong></span> <span class='ocrx_word' id='word_1_89' title='bbox 1839 596 1899 628; x_wconf 85' lang='lat' dir='ltr'><strong>tibi</strong></span> <span class='ocrx_word' id='word_1_90' title='bbox 1922 597 1965 628; x_wconf 85' lang='lat' dir='ltr'><strong>ad</strong></span> 
     </span>
     <span class='ocr_line' id='line_1_9' title="bbox 306 644 1965 688; baseline 0.003 -13"><span class='ocrx_word' id='word_1_91' title='bbox 306 645 464 676; x_wconf 82' lang='lat' dir='ltr'><strong>cautelam</strong></span> <span class='ocrx_word' id='word_1_92' title='bbox 490 655 532 676; x_wconf 88' lang='lat' dir='ltr'><strong>ex</strong></span> <span class='ocrx_word' id='word_1_93' title='bbox 554 645 664 675; x_wconf 87' lang='lat' dir='ltr'><strong>innata</strong></span> <span class='ocrx_word' id='word_1_94' title='bbox 686 644 779 675; x_wconf 92' lang='lat' dir='ltr'><strong>nobis</strong></span> <span class='ocrx_word' id='word_1_95' title='bbox 803 644 979 675; x_wconf 87' lang='lat' dir='ltr'><strong>clemencia</strong></span> <span class='ocrx_word' id='word_1_96' title='bbox 1002 644 1174 685; x_wconf 87' lang='lat' dir='ltr'><strong>providere</strong></span> <span class='ocrx_word' id='word_1_97' title='bbox 1200 644 1407 686; x_wconf 87' lang='lat' dir='ltr'><strong>dignaremur</strong></span> <span class='ocrx_word' id='word_1_98' title='bbox 1431 646 1706 688; x_wconf 29' lang='lat' dir='ltr'><strong>auxilio-remedii</strong></span> <span class='ocrx_word' id='word_1_99' title='bbox 1722 647 1882 688; x_wconf 86' lang='lat' dir='ltr'><strong>salutaris,</strong></span> <span class='ocrx_word' id='word_1_100' title='bbox 1905 659 1965 680; x_wconf 89' lang='lat' dir='ltr'><strong>nos</strong></span> 
     </span>
     <span class='ocr_line' id='line_1_10' title="bbox 305 695 1964 737; baseline 0.003 -11"><span class='ocrx_word' id='word_1_101' title='bbox 305 696 402 737; x_wconf 84' lang='lat' dir='ltr'><strong>digna</strong></span> <span class='ocrx_word' id='word_1_102' title='bbox 426 696 683 727; x_wconf 78' lang='lat' dir='ltr'><strong>consideratione</strong></span> <span class='ocrx_word' id='word_1_103' title='bbox 706 698 879 737; x_wconf 83' lang='lat' dir='ltr'><strong>pensantes</strong></span> <span class='ocrx_word' id='word_1_104' title='bbox 910 698 964 727; x_wconf 86' lang='lat' dir='ltr'><strong>tue</strong></span> <span class='ocrx_word' id='word_1_105' title='bbox 992 695 1166 727; x_wconf 86' lang='lat' dir='ltr'><strong>laudabilis</strong></span> <span class='ocrx_word' id='word_1_106' title='bbox 1193 696 1359 728; x_wconf 86' lang='lat' dir='ltr'><strong>fidelitatis</strong></span> <span class='ocrx_word' id='word_1_107' title='bbox 1385 699 1604 729; x_wconf 80' lang='lat' dir='ltr'><strong>constanciam</strong></span> <span class='ocrx_word' id='word_1_108' title='bbox 1635 701 1668 730; x_wconf 90' lang='lat' dir='ltr'><strong>et</strong></span> <span class='ocrx_word' id='word_1_109' title='bbox 1696 699 1818 730; x_wconf 90' lang='lat' dir='ltr'><strong>fructus</strong></span> <span class='ocrx_word' id='word_1_110' title='bbox 1844 699 1964 731; x_wconf 87' lang='lat' dir='ltr'><strong>uberes</strong></span> 
     </span>
     <span class='ocr_line' id='line_1_11' title="bbox 305 747 1961 793; baseline 0.003 -15"><span class='ocrx_word' id='word_1_111' title='bbox 305 758 344 778; x_wconf 90' lang='lat' dir='ltr'><strong>ac</strong></span> <span class='ocrx_word' id='word_1_112' title='bbox 368 747 493 788; x_wconf 89' lang='lat' dir='ltr'><strong>felices,</strong></span> <span class='ocrx_word' id='word_1_113' title='bbox 519 758 599 789; x_wconf 85' lang='lat' dir='ltr'><strong>quos</strong></span> <span class='ocrx_word' id='word_1_114' title='bbox 623 757 665 778; x_wconf 85' lang='lat' dir='ltr'><strong>ex</strong></span> <span class='ocrx_word' id='word_1_115' title='bbox 687 747 874 778; x_wconf 85' lang='lat' dir='ltr'><strong>maturitate</strong></span> <span class='ocrx_word' id='word_1_116' title='bbox 898 748 944 778; x_wconf 92' lang='lat' dir='ltr'><strong>tui</strong></span> <span class='ocrx_word' id='word_1_117' title='bbox 967 748 1091 778; x_wconf 90' lang='lat' dir='ltr'><strong>consilii</strong></span> <span class='ocrx_word' id='word_1_118' title='bbox 1113 758 1238 779; x_wconf 88' lang='lat' dir='ltr'><strong>necnon</strong></span> <span class='ocrx_word' id='word_1_119' title='bbox 1261 747 1407 779; x_wconf 90' lang='lat' dir='ltr'><strong>fidelium</strong></span> <span class='ocrx_word' id='word_1_120' title='bbox 1431 748 1660 791; x_wconf 83' lang='lat' dir='ltr'><strong>obsequiorum</strong></span> <span class='ocrx_word' id='word_1_121' title='bbox 1683 753 1812 782; x_wconf 89' lang='lat' dir='ltr'><strong>tuorum</strong></span> <span class='ocrx_word' id='word_1_122' title='bbox 1836 754 1961 793; x_wconf 88' lang='lat' dir='ltr'><strong>presta-</strong></span> 
     </span>
     <span class='ocr_line' id='line_1_12' title="bbox 305 798 1963 845; baseline 0.004 -16"><span class='ocrx_word' id='word_1_123' title='bbox 305 800 391 830; x_wconf 88' lang='lat' dir='ltr'><strong>tione</strong></span> <span class='ocrx_word' id='word_1_124' title='bbox 421 800 499 840; x_wconf 90' lang='lat' dir='ltr'><strong>ipsis</strong></span> <span class='ocrx_word' id='word_1_125' title='bbox 526 798 810 840; x_wconf 83' lang='lat' dir='ltr'><strong>predecessoribus</strong></span> <span class='ocrx_word' id='word_1_126' title='bbox 840 799 956 830; x_wconf 88' lang='lat' dir='ltr'><strong>nostris</strong></span> <span class='ocrx_word' id='word_1_127' title='bbox 985 802 1018 830; x_wconf 90' lang='lat' dir='ltr'><strong>et</strong></span> <span class='ocrx_word' id='word_1_128' title='bbox 1043 800 1180 841; x_wconf 89' lang='lat' dir='ltr'><strong>imperio</strong></span> <span class='ocrx_word' id='word_1_129' title='bbox 1208 810 1246 831; x_wconf 88' lang='lat' dir='ltr'><strong>ac</strong></span> <span class='ocrx_word' id='word_1_130' title='bbox 1275 799 1384 841; x_wconf 89' lang='lat' dir='ltr'><strong>nobis,</strong></span> <span class='ocrx_word' id='word_1_131' title='bbox 1419 804 1516 842; x_wconf 89' lang='lat' dir='ltr'><strong>prout</strong></span> <span class='ocrx_word' id='word_1_132' title='bbox 1544 802 1672 833; x_wconf 83' lang='lat' dir='ltr'><strong>oculata</strong></span> <span class='ocrx_word' id='word_1_133' title='bbox 1702 802 1766 834; x_wconf 91' lang='lat' dir='ltr'><strong>fide</strong></span> <span class='ocrx_word' id='word_1_134' title='bbox 1798 803 1963 845; x_wconf 86' lang='lat' dir='ltr'><strong>sentimus,</strong></span> 
     </span>
     <span class='ocr_line' id='line_1_13' title="bbox 304 850 1963 896; baseline 0.004 -16"><span class='ocrx_word' id='word_1_135' title='bbox 304 850 526 892; x_wconf 89' lang='lat' dir='ltr'><strong>multipliciter</strong></span> <span class='ocrx_word' id='word_1_136' title='bbox 547 853 766 891; x_wconf 87' lang='lat' dir='ltr'><strong>provenerunt</strong></span> <span class='ocrx_word' id='word_1_137' title='bbox 793 860 921 891; x_wconf 88' lang='lat' dir='ltr'><strong>queque</strong></span> <span class='ocrx_word' id='word_1_138' title='bbox 951 854 1085 891; x_wconf 78' lang='lat' dir='ltr'><strong>possunt</strong></span> <span class='ocrx_word' id='word_1_139' title='bbox 1113 851 1326 892; x_wconf 79' lang='lat' dir='ltr'><strong>imposterum</strong></span> <span class='ocrx_word' id='word_1_140' title='bbox 1348 851 1515 884; x_wconf 87' lang='lat' dir='ltr'><strong>uberiores</strong></span> <span class='ocrx_word' id='word_1_141' title='bbox 1543 856 1576 884; x_wconf 89' lang='lat' dir='ltr'><strong>et</strong></span> <span class='ocrx_word' id='word_1_142' title='bbox 1598 853 1759 886; x_wconf 84' lang='lat' dir='ltr'><strong>feliciores</strong></span> <span class='ocrx_word' id='word_1_143' title='bbox 1783 855 1963 896; x_wconf 89' lang='lat' dir='ltr'><strong>producere</strong></span> 
     </span>
     <span class='ocr_line' id='line_1_14' title="bbox 305 901 1966 948; baseline 0.004 -16"><span class='ocrx_word' id='word_1_144' title='bbox 305 902 504 943; x_wconf 87' lang='lat' dir='ltr'><strong>temporibus</strong></span> <span class='ocrx_word' id='word_1_145' title='bbox 533 902 713 943; x_wconf 87' lang='lat' dir='ltr'><strong>oportunis,</strong></span> <span class='ocrx_word' id='word_1_146' title='bbox 749 901 881 943; x_wconf 84' lang='lat' dir='ltr'><strong>dignum</strong></span> <span class='ocrx_word' id='word_1_147' title='bbox 917 905 1105 944; x_wconf 86' lang='lat' dir='ltr'><strong>reputamus</strong></span> <span class='ocrx_word' id='word_1_148' title='bbox 1140 905 1173 934; x_wconf 92' lang='lat' dir='ltr'><strong>et</strong></span> <span class='ocrx_word' id='word_1_149' title='bbox 1203 902 1348 934; x_wconf 91' lang='lat' dir='ltr'><strong>debitum</strong></span> <span class='ocrx_word' id='word_1_150' title='bbox 1378 903 1574 945; x_wconf 86' lang='lat' dir='ltr'><strong>quibuslibet</strong></span> <span class='ocrx_word' id='word_1_151' title='bbox 1603 905 1666 936; x_wconf 92' lang='lat' dir='ltr'><strong>tuis</strong></span> <span class='ocrx_word' id='word_1_152' title='bbox 1693 906 1878 938; x_wconf 87' lang='lat' dir='ltr'><strong>accomodis</strong></span> <span class='ocrx_word' id='word_1_153' title='bbox 1905 917 1966 948; x_wconf 89' lang='lat' dir='ltr'><strong>per</strong></span> 
     </span>
     <span class='ocr_line' id='line_1_15' title="bbox 305 953 1964 1000; baseline 0.004 -16"><span class='ocrx_word' id='word_1_154' title='bbox 305 954 510 985; x_wconf 84' lang='lat' dir='ltr'><strong>maiestatem</strong></span> <span class='ocrx_word' id='word_1_155' title='bbox 533 958 675 984; x_wconf 85' lang='lat' dir='ltr'><strong>nostram</strong></span> <span class='ocrx_word' id='word_1_156' title='bbox 699 953 849 985; x_wconf 88' lang='lat' dir='ltr'><strong>sollicitie</strong></span> <span class='ocrx_word' id='word_1_157' title='bbox 873 953 1119 995; x_wconf 86' lang='lat' dir='ltr'><strong>providendum.</strong></span> <span class='ocrx_word' id='word_1_158' title='bbox 1166 955 1350 997; x_wconf 87' lang='lat' dir='ltr'><strong>Eapropter</strong></span> <span class='ocrx_word' id='word_1_159' title='bbox 1379 956 1442 987; x_wconf 90' lang='lat' dir='ltr'><strong>tuis</strong></span> <span class='ocrx_word' id='word_1_160' title='bbox 1469 957 1649 988; x_wconf 89' lang='lat' dir='ltr'><strong>instantivis</strong></span> <span class='ocrx_word' id='word_1_161' title='bbox 1676 959 1964 1000; x_wconf 84' lang='lat' dir='ltr'><strong>supplicationibus</strong></span> 
     </span>
     <span class='ocr_line' id='line_1_16' title="bbox 305 1005 1962 1052; baseline 0.004 -17"><span class='ocrx_word' id='word_1_162' title='bbox 305 1005 526 1037; x_wconf 82' lang='lat' dir='ltr'><strong>favorabiliter</strong></span> <span class='ocrx_word' id='word_1_163' title='bbox 548 1005 692 1036; x_wconf 91' lang='lat' dir='ltr'><strong>inclinati</strong></span> <span class='ocrx_word' id='word_1_164' title='bbox 716 1005 823 1036; x_wconf 81' lang='lat' dir='ltr'><strong>omnia</strong></span> <span class='ocrx_word' id='word_1_165' title='bbox 847 1008 881 1036; x_wconf 88' lang='lat' dir='ltr'><strong>et</strong></span> <span class='ocrx_word' id='word_1_166' title='bbox 903 1005 1030 1047; x_wconf 90' lang='lat' dir='ltr'><strong>singula</strong></span> <span class='ocrx_word' id='word_1_167' title='bbox 1052 1006 1156 1046; x_wconf 89' lang='lat' dir='ltr'><strong>lucra,</strong></span> <span class='ocrx_word' id='word_1_168' title='bbox 1182 1010 1330 1048; x_wconf 87' lang='lat' dir='ltr'><strong>questus,</strong></span> <span class='ocrx_word' id='word_1_169' title='bbox 1361 1007 1573 1040; x_wconf 81' lang='lat' dir='ltr'><strong>obventiones</strong></span> <span class='ocrx_word' id='word_1_170' title='bbox 1596 1019 1654 1041; x_wconf 90' lang='lat' dir='ltr'><strong>seu</strong></span> <span class='ocrx_word' id='word_1_171' title='bbox 1677 1010 1808 1051; x_wconf 83' lang='lat' dir='ltr'><strong>salaria,</strong></span> <span class='ocrx_word' id='word_1_172' title='bbox 1834 1020 1896 1052; x_wconf 92' lang='lat' dir='ltr'><strong>que</strong></span> <span class='ocrx_word' id='word_1_173' title='bbox 1921 1021 1962 1042; x_wconf 87' lang='lat' dir='ltr'><strong>ex</strong></span> 
     </span>
     <span class='ocr_line' id='line_1_17' title="bbox 304 1056 1966 1104; baseline 0.005 -17"><span class='ocrx_word' id='word_1_174' title='bbox 304 1056 487 1088; x_wconf 88' lang='lat' dir='ltr'><strong>huiusmodi</strong></span> <span class='ocrx_word' id='word_1_175' title='bbox 510 1057 693 1088; x_wconf 90' lang='lat' dir='ltr'><strong>consultitio</strong></span> <span class='ocrx_word' id='word_1_176' title='bbox 717 1066 775 1087; x_wconf 92' lang='lat' dir='ltr'><strong>seu</strong></span> <span class='ocrx_word' id='word_1_177' title='bbox 798 1057 1008 1098; x_wconf 87' lang='lat' dir='ltr'><strong>regiminibus</strong></span> <span class='ocrx_word' id='word_1_178' title='bbox 1033 1058 1223 1099; x_wconf 88' lang='lat' dir='ltr'><strong>officiorum,</strong></span> <span class='ocrx_word' id='word_1_179' title='bbox 1246 1060 1485 1100; x_wconf 86' lang='lat' dir='ltr'><strong>provinciarum</strong></span> <span class='ocrx_word' id='word_1_180' title='bbox 1507 1061 1560 1092; x_wconf 86' lang='lat' dir='ltr'><strong>vel</strong></span> <span class='ocrx_word' id='word_1_181' title='bbox 1581 1061 1726 1093; x_wconf 91' lang='lat' dir='ltr'><strong>locorum</strong></span> <span class='ocrx_word' id='word_1_182' title='bbox 1747 1062 1966 1104; x_wconf 86' lang='lat' dir='ltr'><strong>quorumlibet</strong></span> 
     </span>
     <span class='ocr_line' id='line_1_18' title="bbox 306 1107 1963 1157; baseline 0.005 -19"><span class='ocrx_word' id='word_1_183' title='bbox 306 1108 558 1150; x_wconf 89' lang='lat' dir='ltr'><strong>quibuscumque</strong></span> <span class='ocrx_word' id='word_1_184' title='bbox 582 1108 686 1139; x_wconf 85' lang='lat' dir='ltr'><strong>causis</strong></span> <span class='ocrx_word' id='word_1_185' title='bbox 709 1107 762 1138; x_wconf 89' lang='lat' dir='ltr'><strong>vel</strong></span> <span class='ocrx_word' id='word_1_186' title='bbox 790 1108 895 1139; x_wconf 90' lang='lat' dir='ltr'><strong>modis</strong></span> <span class='ocrx_word' id='word_1_187' title='bbox 922 1110 1057 1141; x_wconf 87' lang='lat' dir='ltr'><strong>servicio</strong></span> <span class='ocrx_word' id='word_1_188' title='bbox 1088 1110 1307 1151; x_wconf 91' lang='lat' dir='ltr'><strong>predictorum</strong></span> <span class='ocrx_word' id='word_1_189' title='bbox 1331 1111 1598 1151; x_wconf 88' lang='lat' dir='ltr'><strong>predecessorum</strong></span> <span class='ocrx_word' id='word_1_190' title='bbox 1621 1116 1803 1145; x_wconf 83' lang='lat' dir='ltr'><strong>nostrorum</strong></span> <span class='ocrx_word' id='word_1_191' title='bbox 1830 1117 1867 1146; x_wconf 86' lang='lat' dir='ltr'><strong>ut</strong></span> <span class='ocrx_word' id='word_1_192' title='bbox 1889 1125 1963 1157; x_wconf 88' lang='lat' dir='ltr'><strong>pre-</strong></span> 
     </span>
     <span class='ocr_line' id='line_1_19' title="bbox 304 1159 1964 1203; baseline 0.004 -13"><span class='ocrx_word' id='word_1_193' title='bbox 304 1159 441 1190; x_wconf 88' lang='lat' dir='ltr'><strong>mittitur</strong></span> <span class='ocrx_word' id='word_1_194' title='bbox 462 1160 611 1190; x_wconf 87' lang='lat' dir='ltr'><strong>insistens</strong></span> <span class='ocrx_word' id='word_1_195' title='bbox 638 1170 657 1190; x_wconf 94' lang='lat' dir='ltr'><strong>a</strong></span> <span class='ocrx_word' id='word_1_196' title='bbox 681 1160 870 1192; x_wconf 82' lang='lat' dir='ltr'><strong>Christianis</strong></span> <span class='ocrx_word' id='word_1_197' title='bbox 893 1161 946 1191; x_wconf 88' lang='lat' dir='ltr'><strong>vel</strong></span> <span class='ocrx_word' id='word_1_198' title='bbox 969 1160 1080 1192; x_wconf 88' lang='lat' dir='ltr'><strong>Iudeis</strong></span> <span class='ocrx_word' id='word_1_199' title='bbox 1111 1161 1287 1192; x_wconf 89' lang='lat' dir='ltr'><strong>dinosceris</strong></span> <span class='ocrx_word' id='word_1_200' title='bbox 1315 1171 1386 1193; x_wconf 90' lang='lat' dir='ltr'><strong>esse</strong></span> <span class='ocrx_word' id='word_1_201' title='bbox 1411 1163 1556 1203; x_wconf 89' lang='lat' dir='ltr'><strong>sortitus,</strong></span> <span class='ocrx_word' id='word_1_202' title='bbox 1587 1164 1715 1195; x_wconf 88' lang='lat' dir='ltr'><strong>etiamsi</strong></span> <span class='ocrx_word' id='word_1_203' title='bbox 1737 1165 1842 1196; x_wconf 89' lang='lat' dir='ltr'><strong>minus</strong></span> <span class='ocrx_word' id='word_1_204' title='bbox 1864 1167 1964 1198; x_wconf 84' lang='lat' dir='ltr'><strong>ratio—</strong></span> 
     </span>
     <span class='ocr_line' id='line_1_20' title="bbox 303 1210 1965 1259; baseline 0.005 -18"><span class='ocrx_word' id='word_1_205' title='bbox 303 1211 464 1251; x_wconf 90' lang='lat' dir='ltr'><strong>nabiliter,</strong></span> <span class='ocrx_word' id='word_1_206' title='bbox 488 1214 521 1242; x_wconf 90' lang='lat' dir='ltr'><strong>et</strong></span> <span class='ocrx_word' id='word_1_207' title='bbox 541 1213 674 1252; x_wconf 86' lang='lat' dir='ltr'><strong>propter</strong></span> <span class='ocrx_word' id='word_1_208' title='bbox 696 1211 757 1242; x_wconf 92' lang='lat' dir='ltr'><strong>hoc</strong></span> <span class='ocrx_word' id='word_1_209' title='bbox 781 1210 824 1242; x_wconf 84' lang='lat' dir='ltr'><strong>ad</strong></span> <span class='ocrx_word' id='word_1_210' title='bbox 840 1221 950 1243; x_wconf 89' lang='lat' dir='ltr'><strong>eorum</strong></span> <span class='ocrx_word' id='word_1_211' title='bbox 967 1213 1209 1244; x_wconf 89' lang='lat' dir='ltr'><strong>restitucionem</strong></span> <span class='ocrx_word' id='word_1_212' title='bbox 1225 1212 1408 1244; x_wconf 84' lang='lat' dir='ltr'><strong>faciendam</strong></span> <span class='ocrx_word' id='word_1_213' title='bbox 1425 1213 1522 1255; x_wconf 88' lang='lat' dir='ltr'><strong>digne</strong></span> <span class='ocrx_word' id='word_1_214' title='bbox 1539 1214 1646 1246; x_wconf 78' lang='lat' dir='ltr'><strong>forsan</strong></span> <span class='ocrx_word' id='word_1_215' title='bbox 1662 1215 1756 1246; x_wconf 90' lang='lat' dir='ltr'><strong>nobis</strong></span> <span class='ocrx_word' id='word_1_216' title='bbox 1779 1219 1812 1248; x_wconf 88' lang='lat' dir='ltr'><strong>et</strong></span> <span class='ocrx_word' id='word_1_217' title='bbox 1827 1217 1965 1259; x_wconf 87' lang='lat' dir='ltr'><strong>imperio</strong></span> 
     </span>
     <span class='ocr_line' id='line_1_21' title="bbox 304 1262 1965 1309; baseline 0.005 -16"><span class='ocrx_word' id='word_1_218' title='bbox 304 1263 475 1302; x_wconf 89' lang='lat' dir='ltr'><strong>tenereris,</strong></span> <span class='ocrx_word' id='word_1_219' title='bbox 506 1262 565 1293; x_wconf 89' lang='lat' dir='ltr'><strong>tibi</strong></span> <span class='ocrx_word' id='word_1_220' title='bbox 597 1266 630 1293; x_wconf 87' lang='lat' dir='ltr'><strong>et</strong></span> <span class='ocrx_word' id='word_1_221' title='bbox 653 1262 828 1294; x_wconf 88' lang='lat' dir='ltr'><strong>heredibus</strong></span> <span class='ocrx_word' id='word_1_222' title='bbox 855 1263 918 1294; x_wconf 87' lang='lat' dir='ltr'><strong>tuis</strong></span> <span class='ocrx_word' id='word_1_223' title='bbox 941 1263 983 1294; x_wconf 86' lang='lat' dir='ltr'><strong>ad</strong></span> <span class='ocrx_word' id='word_1_224' title='bbox 1007 1264 1168 1295; x_wconf 85' lang='lat' dir='ltr'><strong>cautelam</strong></span> <span class='ocrx_word' id='word_1_225' title='bbox 1190 1264 1432 1306; x_wconf 87' lang='lat' dir='ltr'><strong>imperpetuum</strong></span> <span class='ocrx_word' id='word_1_226' title='bbox 1456 1265 1497 1297; x_wconf 91' lang='lat' dir='ltr'><strong>de</strong></span> <span class='ocrx_word' id='word_1_227' title='bbox 1521 1266 1655 1307; x_wconf 83' lang='lat' dir='ltr'><strong>speciali</strong></span> <span class='ocrx_word' id='word_1_228' title='bbox 1677 1268 1787 1309; x_wconf 83' lang='lat' dir='ltr'><strong>gracia</strong></span> <span class='ocrx_word' id='word_1_229' title='bbox 1810 1278 1852 1300; x_wconf 86' lang='lat' dir='ltr'><strong>ex</strong></span> <span class='ocrx_word' id='word_1_230' title='bbox 1876 1272 1965 1302; x_wconf 85' lang='lat' dir='ltr'><strong>certa</strong></span> 
     </span>
     <span class='ocr_line' id='line_1_22' title="bbox 303 1314 1966 1361; baseline 0.005 -17"><span class='ocrx_word' id='word_1_231' title='bbox 303 1316 412 1345; x_wconf 89' lang='lat' dir='ltr'><strong>nostra</strong></span> <span class='ocrx_word' id='word_1_232' title='bbox 435 1314 569 1345; x_wconf 88' lang='lat' dir='ltr'><strong>scientia</strong></span> <span class='ocrx_word' id='word_1_233' title='bbox 592 1314 784 1345; x_wconf 87' lang='lat' dir='ltr'><strong>remittimus</strong></span> <span class='ocrx_word' id='word_1_234' title='bbox 808 1317 841 1345; x_wconf 89' lang='lat' dir='ltr'><strong>et</strong></span> <span class='ocrx_word' id='word_1_235' title='bbox 864 1314 1029 1347; x_wconf 87' lang='lat' dir='ltr'><strong>donamus.</strong></span> <span class='ocrx_word' id='word_1_236' title='bbox 1068 1315 1248 1347; x_wconf 87' lang='lat' dir='ltr'><strong>Abolentes</strong></span> <span class='ocrx_word' id='word_1_237' title='bbox 1271 1326 1399 1347; x_wconf 92' lang='lat' dir='ltr'><strong>omnem</strong></span> <span class='ocrx_word' id='word_1_238' title='bbox 1424 1318 1624 1350; x_wconf 86' lang='lat' dir='ltr'><strong>consciencie</strong></span> <span class='ocrx_word' id='word_1_239' title='bbox 1647 1321 1701 1350; x_wconf 87' lang='lat' dir='ltr'><strong>tue</strong></span> <span class='ocrx_word' id='word_1_240' title='bbox 1725 1319 1909 1361; x_wconf 88' lang='lat' dir='ltr'><strong>scrupulum</strong></span> <span class='ocrx_word' id='word_1_241' title='bbox 1932 1325 1966 1354; x_wconf 89' lang='lat' dir='ltr'><strong>et</strong></span> 
     </span>
     <span class='ocr_line' id='line_1_23' title="bbox 304 1365 1964 1414; baseline 0.005 -19"><span class='ocrx_word' id='word_1_242' title='bbox 304 1365 438 1396; x_wconf 86' lang='lat' dir='ltr'><strong>infamie</strong></span> <span class='ocrx_word' id='word_1_243' title='bbox 460 1368 585 1406; x_wconf 87' lang='lat' dir='ltr'><strong>notam,</strong></span> <span class='ocrx_word' id='word_1_244' title='bbox 616 1366 643 1396; x_wconf 86' lang='lat' dir='ltr'><strong>si</strong></span> <span class='ocrx_word' id='word_1_245' title='bbox 666 1375 762 1407; x_wconf 86' lang='lat' dir='ltr'><strong>quam</strong></span> <span class='ocrx_word' id='word_1_246' title='bbox 787 1375 829 1397; x_wconf 85' lang='lat' dir='ltr'><strong>ex</strong></span> <span class='ocrx_word' id='word_1_247' title='bbox 852 1367 1017 1408; x_wconf 89' lang='lat' dir='ltr'><strong>premissis</strong></span> <span class='ocrx_word' id='word_1_248' title='bbox 1041 1368 1158 1399; x_wconf 90' lang='lat' dir='ltr'><strong>inscius</strong></span> <span class='ocrx_word' id='word_1_249' title='bbox 1181 1367 1428 1409; x_wconf 90' lang='lat' dir='ltr'><strong>quomodolibet</strong></span> <span class='ocrx_word' id='word_1_250' title='bbox 1450 1370 1652 1411; x_wconf 82' lang='lat' dir='ltr'><strong>contraxisti,</strong></span> <span class='ocrx_word' id='word_1_251' title='bbox 1685 1370 1725 1402; x_wconf 90' lang='lat' dir='ltr'><strong>de</strong></span> <span class='ocrx_word' id='word_1_252' title='bbox 1748 1372 1838 1413; x_wconf 89' lang='lat' dir='ltr'><strong>regie</strong></span> <span class='ocrx_word' id='word_1_253' title='bbox 1861 1372 1964 1414; x_wconf 91' lang='lat' dir='ltr'><strong>pleni—</strong></span> 
     </span>
     <span class='ocr_line' id='line_1_24' title="bbox 305 1417 1965 1465; baseline 0.005 -18"><span class='ocrx_word' id='word_1_254' title='bbox 305 1417 415 1448; x_wconf 86' lang='lat' dir='ltr'><strong>tudine</strong></span> <span class='ocrx_word' id='word_1_255' title='bbox 439 1417 619 1458; x_wconf 87' lang='lat' dir='ltr'><strong>potestatis.</strong></span> <span class='ocrx_word' id='word_1_256' title='bbox 708 1417 746 1448; x_wconf 93' lang='lat' dir='ltr'><strong>In</strong></span> <span class='ocrx_word' id='word_1_257' title='bbox 770 1417 860 1448; x_wconf 88' lang='lat' dir='ltr'><strong>cuius</strong></span> <span class='ocrx_word' id='word_1_258' title='bbox 882 1418 930 1449; x_wconf 89' lang='lat' dir='ltr'><strong>rei</strong></span> <span class='ocrx_word' id='word_1_259' title='bbox 946 1419 1166 1450; x_wconf 90' lang='lat' dir='ltr'><strong>testimonium</strong></span> <span class='ocrx_word' id='word_1_260' title='bbox 1181 1422 1350 1461; x_wconf 88' lang='lat' dir='ltr'><strong>presentes</strong></span> <span class='ocrx_word' id='word_1_261' title='bbox 1373 1420 1500 1452; x_wconf 88' lang='lat' dir='ltr'><strong>litteras</strong></span> <span class='ocrx_word' id='word_1_262' title='bbox 1522 1422 1702 1453; x_wconf 84' lang='lat' dir='ltr'><strong>maiestatis</strong></span> <span class='ocrx_word' id='word_1_263' title='bbox 1724 1425 1833 1454; x_wconf 87' lang='lat' dir='ltr'><strong>nostre</strong></span> <span class='ocrx_word' id='word_1_264' title='bbox 1857 1424 1965 1465; x_wconf 84' lang='lat' dir='ltr'><strong>sigillo</strong></span> 
     </span>
     <span class='ocr_line' id='line_1_25' title="bbox 304 1469 677 1500; baseline 0 -1"><span class='ocrx_word' id='word_1_265' title='bbox 304 1469 454 1499; x_wconf 89' lang='lat' dir='ltr'><strong>iussimus</strong></span> <span class='ocrx_word' id='word_1_266' title='bbox 478 1469 677 1500; x_wconf 88' lang='lat' dir='ltr'><strong>communiri.</strong></span> 
     </span>
    </p>
   </div>
   <div class='ocr_carea' id='block_1_3' title="bbox 305 1519 1963 1612">
    <p class='ocr_par' dir='ltr' id='par_1_3' title="bbox 305 1519 1963 1612">
     <span class='ocr_line' id='line_1_26' title="bbox 411 1519 1963 1567; baseline 0.005 -17"><span class='ocrx_word' id='word_1_267' title='bbox 411 1520 486 1551; x_wconf 86' lang='lat' dir='ltr'><strong>Dat.</strong></span> <span class='ocrx_word' id='word_1_268' title='bbox 507 1520 649 1561; x_wconf 86' lang='lat' dir='ltr'><strong>Monaci,</strong></span> <span class='ocrx_word' id='word_1_269' title='bbox 679 1519 758 1551; x_wconf 91' lang='lat' dir='ltr'>IIII.</span> <span class='ocrx_word' id='word_1_270' title='bbox 775 1520 852 1552; x_wconf 92' lang='lat' dir='ltr'><strong>Idus</strong></span> <span class='ocrx_word' id='word_1_271' title='bbox 876 1521 964 1561; x_wconf 87' lang='lat' dir='ltr'><strong>Iulii,</strong></span> <span class='ocrx_word' id='word_1_272' title='bbox 996 1532 1080 1554; x_wconf 88' lang='lat' dir='ltr'><strong>anno</strong></span> <span class='ocrx_word' id='word_1_273' title='bbox 1104 1522 1236 1554; x_wconf 90' lang='lat' dir='ltr'><strong>Domini</strong></span> <span class='ocrx_word' id='word_1_274' title='bbox 1266 1523 1439 1555; x_wconf 89' lang='lat' dir='ltr'><strong>millesimo</strong></span> <span class='ocrx_word' id='word_1_275' title='bbox 1463 1525 1689 1556; x_wconf 86' lang='lat' dir='ltr'><strong>trecentesimo</strong></span> <span class='ocrx_word' id='word_1_276' title='bbox 1714 1525 1963 1567; x_wconf 89' lang='lat' dir='ltr'><strong>quintodecimo,</strong></span> 
     </span>
     <span class='ocr_line' id='line_1_27' title="bbox 305 1571 867 1612; baseline 0.002 -10"><span class='ocrx_word' id='word_1_277' title='bbox 305 1571 398 1612; x_wconf 85' lang='lat' dir='ltr'><strong>regni</strong></span> <span class='ocrx_word' id='word_1_278' title='bbox 420 1581 497 1602; x_wconf 86' lang='lat' dir='ltr'><strong>vero</strong></span> <span class='ocrx_word' id='word_1_279' title='bbox 522 1571 621 1602; x_wconf 90' lang='lat' dir='ltr'><strong>nostri</strong></span> <span class='ocrx_word' id='word_1_280' title='bbox 645 1581 728 1602; x_wconf 89' lang='lat' dir='ltr'><strong>anno</strong></span> <span class='ocrx_word' id='word_1_281' title='bbox 752 1572 867 1612; x_wconf 88' lang='lat' dir='ltr'><strong>primo.</strong></span> 
     </span>
    </p>
   </div>
   <div class='ocr_carea' id='block_1_4' title="bbox 756 1703 1520 1750">
    <p class='ocr_par' dir='ltr' id='par_1_4' title="bbox 756 1703 1520 1750">
     <span class='ocr_line' id='line_1_28' title="bbox 756 1703 1520 1750; baseline 0.005 -12"><span class='ocrx_word' id='word_1_282' title='bbox 756 1703 841 1739; x_wconf 88' lang='lat'>303.</span> <span class='ocrx_word' id='word_1_283' title='bbox 884 1703 1060 1749; x_wconf 75' lang='lat' dir='ltr'><strong>Scriptum</strong></span> <span class='ocrx_word' id='word_1_284' title='bbox 1089 1708 1262 1750; x_wconf 79' lang='lat' dir='ltr'><strong>quartum.</strong></span> <span class='ocrx_word' id='word_1_285' title='bbox 1367 1706 1440 1742; x_wconf 74' lang='lat' dir='ltr'><em>Iul.</em></span> <span class='ocrx_word' id='word_1_286' title='bbox 1459 1709 1520 1742; x_wconf 82' lang='lat'><strong>12.</strong></span> 
     </span>
    </p>
   </div>
   <div class='ocr_carea' id='block_1_5' title="bbox 416 1776 1975 1828">
    <p class='ocr_par' dir='ltr' id='par_1_5' title="bbox 416 1776 1975 1828">
     <span class='ocr_line' id='line_1_29' title="bbox 416 1776 1975 1828; baseline 0.005 -21"><span class='ocrx_word' id='word_1_287' title='bbox 416 1776 577 1817; x_wconf 69' lang='lat' dir='ltr'><strong>Oriyinale</strong></span> <span class='ocrx_word' id='word_1_288' title='bbox 599 1777 724 1809; x_wconf 78' lang='lat' dir='ltr'><strong>ibidem.</strong></span> <span class='ocrx_word' id='word_1_289' title='bbox 766 1777 966 1809; x_wconf 75' lang='lat' dir='ltr'><strong>Contulimus</strong></span> <span class='ocrx_word' id='word_1_290' title='bbox 988 1788 1054 1810; x_wconf 74' lang='grc' dir='ltr'><strong>ηοε.</strong></span> <span class='ocrx_word' id='word_1_291' title='bbox 1095 1778 1243 1819; x_wconf 73' lang='lat' dir='ltr'><strong>Siyillum</strong></span> <span class='ocrx_word' id='word_1_292' title='bbox 1264 1780 1331 1818; x_wconf 82' lang='lat' dir='ltr'><strong>sere</strong></span> <span class='ocrx_word' id='word_1_293' title='bbox 1354 1779 1500 1812; x_wconf 74' lang='lat' dir='ltr'><strong>illaesum</strong></span> <span class='ocrx_word' id='word_1_294' title='bbox 1518 1781 1635 1821; x_wconf 76' lang='lat' dir='ltr'><strong>pendet</strong></span> <span class='ocrx_word' id='word_1_295' title='bbox 1655 1781 1722 1821; x_wconf 69' lang='lat' dir='ltr'><strong>filis</strong></span> <span class='ocrx_word' id='word_1_296' title='bbox 1743 1783 1854 1814; x_wconf 77' lang='lat' dir='ltr'><strong>sericis</strong></span> <span class='ocrx_word' id='word_1_297' title='bbox 1875 1784 1975 1828; x_wconf 44' lang='lat' dir='ltr'><strong>rubei·</strong></span> 
     </span>
    </p>
   </div>
   <div class='ocr_carea' id='block_1_6' title="bbox 303 1827 1045 1926">
    <p class='ocr_par' dir='ltr' id='par_1_6' title="bbox 303 1827 1045 1926">
     <span class='ocr_line' id='line_1_30' title="bbox 303 1827 586 1867; baseline 0.004 -8"><span class='ocrx_word' id='word_1_298' title='bbox 303 1827 442 1867; x_wconf 78' lang='lat' dir='ltr'><strong>flavique</strong></span> <span class='ocrx_word' id='word_1_299' title='bbox 465 1828 586 1860; x_wconf 77' lang='lat' dir='ltr'><strong>coloris.</strong></span> 
     </span>
     <span class='ocr_line' id='line_1_31' title="bbox 414 1885 1045 1926; baseline 0.002 -10"><span class='ocrx_word' id='word_1_300' title='bbox 414 1885 561 1923; x_wconf 73' lang='lat' dir='ltr'><strong>Biihmer,</strong></span> <span class='ocrx_word' id='word_1_301' title='bbox 585 1885 662 1926; x_wconf 72' lang='lat' dir='ltr'><strong>Rey.</strong></span> <span class='ocrx_word' id='word_1_302' title='bbox 679 1886 791 1917; x_wconf 83' lang='lat' dir='ltr'><strong>Ludw.</strong></span> <span class='ocrx_word' id='word_1_303' title='bbox 809 1897 845 1926; x_wconf 75' lang='lat' dir='ltr'><strong>p.</strong></span> <span class='ocrx_word' id='word_1_304' title='bbox 863 1887 882 1916; x_wconf 84' lang='lat'><em>9</em></span> <span class='ocrx_word' id='word_1_305' title='bbox 905 1897 955 1919; x_wconf 76' lang='lat' dir='ltr'><strong>nr.</strong></span> <span class='ocrx_word' id='word_1_306' title='bbox 973 1887 1045 1918; x_wconf 79' lang='lat'><strong><em>134.</em></strong></span> 
     </span>
    </p>
   </div>
   <div class='ocr_carea' id='block_1_7' title="bbox 305 1971 1966 2586">
    <p class='ocr_par' dir='ltr' id='par_1_7' title="bbox 305 1971 1965 2066">
     <span class='ocr_line' id='line_1_32' title="bbox 413 1971 1965 2016; baseline 0.005 -14"><span class='ocrx_word' id='word_1_307' title='bbox 413 1971 608 2003; x_wconf 89' lang='lat' dir='ltr'><strong>Ludowicus</strong></span> <span class='ocrx_word' id='word_1_308' title='bbox 623 1971 687 2002; x_wconf 91' lang='lat' dir='ltr'><strong>Dei</strong></span> <span class='ocrx_word' id='word_1_309' title='bbox 711 1973 815 2012; x_wconf 86' lang='lat' dir='ltr'><strong>gratia</strong></span> <span class='ocrx_word' id='word_1_310' title='bbox 830 1972 1052 2003; x_wconf 88' lang='lat' dir='ltr'><strong>Romanorum</strong></span> <span class='ocrx_word' id='word_1_311' title='bbox 1076 1983 1134 2004; x_wconf 85' lang='lat' dir='ltr'><strong>rex</strong></span> <span class='ocrx_word' id='word_1_312' title='bbox 1158 1983 1288 2015; x_wconf 88' lang='lat' dir='ltr'><strong>semper</strong></span> <span class='ocrx_word' id='word_1_313' title='bbox 1311 1977 1466 2016; x_wconf 85' lang='lat' dir='ltr'><strong>augustus</strong></span> <span class='ocrx_word' id='word_1_314' title='bbox 1546 1975 1704 2007; x_wconf 87' lang='lat' dir='ltr'><strong>universis</strong></span> <span class='ocrx_word' id='word_1_315' title='bbox 1727 1977 1810 2008; x_wconf 86' lang='lat' dir='ltr'><strong>sacri</strong></span> <span class='ocrx_word' id='word_1_316' title='bbox 1825 1976 1965 2009; x_wconf 84' lang='lat' dir='ltr'><strong>Romani</strong></span> 
     </span>
     <span class='ocr_line' id='line_1_33' title="bbox 305 2022 1827 2066; baseline 0.004 -13"><span class='ocrx_word' id='word_1_317' title='bbox 305 2024 432 2064; x_wconf 89' lang='lat' dir='ltr'><strong>imperii</strong></span> <span class='ocrx_word' id='word_1_318' title='bbox 455 2022 605 2054; x_wconf 86' lang='lat' dir='ltr'><strong>fidelibus</strong></span> <span class='ocrx_word' id='word_1_319' title='bbox 628 2026 796 2064; x_wconf 89' lang='lat' dir='ltr'><strong>presentes</strong></span> <span class='ocrx_word' id='word_1_320' title='bbox 819 2023 944 2054; x_wconf 88' lang='lat' dir='ltr'><strong>litteras</strong></span> <span class='ocrx_word' id='word_1_321' title='bbox 967 2024 1159 2065; x_wconf 90' lang='lat' dir='ltr'><strong>inspecturis</strong></span> <span class='ocrx_word' id='word_1_322' title='bbox 1247 2026 1386 2066; x_wconf 86' lang='lat' dir='ltr'><strong>gratiam</strong></span> <span class='ocrx_word' id='word_1_323' title='bbox 1410 2036 1501 2057; x_wconf 85' lang='lat' dir='ltr'><strong>suam</strong></span> <span class='ocrx_word' id='word_1_324' title='bbox 1524 2029 1558 2057; x_wconf 90' lang='lat' dir='ltr'><strong>et</strong></span> <span class='ocrx_word' id='word_1_325' title='bbox 1581 2037 1675 2058; x_wconf 92' lang='lat' dir='ltr'><strong>omne</strong></span> <span class='ocrx_word' id='word_1_326' title='bbox 1698 2027 1827 2060; x_wconf 87' lang='lat' dir='ltr'><strong>bonnm.</strong></span> 
     </span>
    </p>

    <p class='ocr_par' dir='ltr' id='par_1_8' title="bbox 306 2074 1966 2586">
     <span class='ocr_line' id='line_1_34' title="bbox 414 2074 1965 2120; baseline 0.005 -16"><span class='ocrx_word' id='word_1_327' title='bbox 414 2074 477 2105; x_wconf 85' lang='lat' dir='ltr'><strong>Tot</strong></span> <span class='ocrx_word' id='word_1_328' title='bbox 509 2078 542 2106; x_wconf 89' lang='lat' dir='ltr'><strong>et</strong></span> <span class='ocrx_word' id='word_1_329' title='bbox 570 2077 660 2106; x_wconf 87' lang='lat' dir='ltr'><strong>tanta</strong></span> <span class='ocrx_word' id='word_1_330' title='bbox 688 2074 874 2115; x_wconf 87' lang='lat' dir='ltr'><strong>spectabilis</strong></span> <span class='ocrx_word' id='word_1_331' title='bbox 902 2076 951 2106; x_wconf 91' lang='lat' dir='ltr'><strong>vir</strong></span> <span class='ocrx_word' id='word_1_332' title='bbox 981 2075 1178 2108; x_wconf 88' lang='lat' dir='ltr'><strong>Bertholdus</strong></span> <span class='ocrx_word' id='word_1_333' title='bbox 1206 2087 1315 2109; x_wconf 90' lang='lat' dir='ltr'><strong>comes</strong></span> <span class='ocrx_word' id='word_1_334' title='bbox 1347 2077 1388 2109; x_wconf 89' lang='lat' dir='ltr'><strong>de</strong></span> <span class='ocrx_word' id='word_1_335' title='bbox 1416 2077 1664 2120; x_wconf 86' lang='lat' dir='ltr'><strong>Hennemberg,</strong></span> <span class='ocrx_word' id='word_1_336' title='bbox 1700 2079 1899 2111; x_wconf 87' lang='lat' dir='ltr'><strong>consiliarius</strong></span> <span class='ocrx_word' id='word_1_337' title='bbox 1932 2083 1965 2112; x_wconf 88' lang='lat' dir='ltr'><strong>et</strong></span> 
     </span>
     <span class='ocr_line' id='line_1_35' title="bbox 306 2125 1965 2173; baseline 0.004 -16"><span class='ocrx_word' id='word_1_338' title='bbox 306 2126 410 2158; x_wconf 87' lang='lat' dir='ltr'><strong>fidelis</strong></span> <span class='ocrx_word' id='word_1_339' title='bbox 433 2129 542 2157; x_wconf 89' lang='lat' dir='ltr'><strong>noster</strong></span> <span class='ocrx_word' id='word_1_340' title='bbox 559 2125 704 2166; x_wconf 88' lang='lat' dir='ltr'><strong>dilectus,</strong></span> <span class='ocrx_word' id='word_1_341' title='bbox 729 2126 809 2157; x_wconf 88' lang='lat' dir='ltr'><strong>divis</strong></span> <span class='ocrx_word' id='word_1_342' title='bbox 826 2127 989 2168; x_wconf 91' lang='lat' dir='ltr'><strong>quondam</strong></span> <span class='ocrx_word' id='word_1_343' title='bbox 1010 2127 1296 2168; x_wconf 88' lang='lat' dir='ltr'><strong>predecessoribus</strong></span> <span class='ocrx_word' id='word_1_344' title='bbox 1311 2130 1428 2160; x_wconf 89' lang='lat' dir='ltr'><strong>nostris</strong></span> <span class='ocrx_word' id='word_1_345' title='bbox 1452 2154 1459 2161; x_wconf 93' lang='lat'>.</span> <span class='ocrx_word' id='word_1_346' title='bbox 1477 2154 1484 2161; x_wconf 94' lang='lat'>.</span> <span class='ocrx_word' id='word_1_347' title='bbox 1508 2131 1695 2172; x_wconf 84' lang='lat' dir='ltr'><strong>imperatori</strong></span> <span class='ocrx_word' id='word_1_348' title='bbox 1718 2134 1753 2163; x_wconf 88' lang='lat' dir='ltr'><strong>et</strong></span> <span class='ocrx_word' id='word_1_349' title='bbox 1775 2154 1783 2162; x_wconf 91' lang='lat'>.</span> <span class='ocrx_word' id='word_1_350' title='bbox 1801 2155 1808 2163; x_wconf 92' lang='lat'>.</span> <span class='ocrx_word' id='word_1_351' title='bbox 1831 2132 1965 2173; x_wconf 87' lang='lat' dir='ltr'><strong>regibus</strong></span> 
     </span>
     <span class='ocr_line' id='line_1_36' title="bbox 306 2178 1964 2224; baseline 0.003 -14"><span class='ocrx_word' id='word_1_352' title='bbox 306 2178 526 2210; x_wconf 86' lang='lat' dir='ltr'><strong>Rornanorum</strong></span> <span class='ocrx_word' id='word_1_353' title='bbox 550 2188 588 2209; x_wconf 92' lang='lat' dir='ltr'><strong>ac</strong></span> <span class='ocrx_word' id='word_1_354' title='bbox 611 2178 702 2209; x_wconf 90' lang='lat' dir='ltr'><strong>nobis</strong></span> <span class='ocrx_word' id='word_1_355' title='bbox 726 2182 758 2209; x_wconf 92' lang='lat' dir='ltr'><strong>et</strong></span> <span class='ocrx_word' id='word_1_356' title='bbox 780 2179 916 2220; x_wconf 88' lang='lat' dir='ltr'><strong>imperio</strong></span> <span class='ocrx_word' id='word_1_357' title='bbox 940 2179 1103 2211; x_wconf 86' lang='lat' dir='ltr'><strong>fructuosa</strong></span> <span class='ocrx_word' id='word_1_358' title='bbox 1119 2181 1316 2222; x_wconf 89' lang='lat' dir='ltr'><strong>impendisse</strong></span> <span class='ocrx_word' id='word_1_359' title='bbox 1333 2181 1507 2213; x_wconf 88' lang='lat' dir='ltr'><strong>dinoscitur</strong></span> <span class='ocrx_word' id='word_1_360' title='bbox 1527 2181 1694 2223; x_wconf 81' lang='lat' dir='ltr'><strong>obsequia,</strong></span> <span class='ocrx_word' id='word_1_361' title='bbox 1718 2182 1806 2224; x_wconf 90' lang='lat' dir='ltr'><strong>quod</strong></span> <span class='ocrx_word' id='word_1_362' title='bbox 1828 2184 1964 2224; x_wconf 89' lang='lat' dir='ltr'><strong>proinde</strong></span> 
     </span>
     <span class='ocr_line' id='line_1_37' title="bbox 306 2230 1965 2277; baseline 0.004 -16"><span class='ocrx_word' id='word_1_363' title='bbox 306 2231 422 2261; x_wconf 90' lang='lat' dir='ltr'><strong>merito</strong></span> <span class='ocrx_word' id='word_1_364' title='bbox 447 2230 564 2260; x_wconf 88' lang='lat' dir='ltr'><strong>meruit</strong></span> <span class='ocrx_word' id='word_1_365' title='bbox 587 2230 737 2270; x_wconf 87' lang='lat' dir='ltr'><strong>specialis</strong></span> <span class='ocrx_word' id='word_1_366' title='bbox 753 2231 1021 2262; x_wconf 87' lang='lat' dir='ltr'><strong>remunerationis</strong></span> <span class='ocrx_word' id='word_1_367' title='bbox 1037 2233 1142 2273; x_wconf 85' lang='lat' dir='ltr'><strong>gratia</strong></span> <span class='ocrx_word' id='word_1_368' title='bbox 1158 2234 1321 2274; x_wconf 86' lang='lat' dir='ltr'><strong>premiari.</strong></span> <span class='ocrx_word' id='word_1_369' title='bbox 1362 2233 1581 2270; x_wconf 84' lang='lat' dir='ltr'><strong>Quamobrem</strong></span> <span class='ocrx_word' id='word_1_370' title='bbox 1596 2234 1630 2265; x_wconf 95' lang='lat' dir='ltr'><strong>in</strong></span> <span class='ocrx_word' id='word_1_371' title='bbox 1644 2234 1823 2266; x_wconf 89' lang='lat' dir='ltr'><strong>subsidium</strong></span> <span class='ocrx_word' id='word_1_372' title='bbox 1841 2246 1965 2277; x_wconf 88' lang='lat' dir='ltr'><strong>expen-</strong></span> 
     </span>
     <span class='ocr_line' id='line_1_38' title="bbox 307 2282 1966 2327; baseline 0.004 -16"><span class='ocrx_word' id='word_1_373' title='bbox 307 2292 414 2312; x_wconf 87' lang='lat' dir='ltr'><strong>sarum</strong></span> <span class='ocrx_word' id='word_1_374' title='bbox 438 2282 599 2322; x_wconf 81' lang='lat' dir='ltr'><strong>gravium,</strong></span> <span class='ocrx_word' id='word_1_375' title='bbox 630 2292 710 2322; x_wconf 88' lang='lat' dir='ltr'><strong>quas</strong></span> <span class='ocrx_word' id='word_1_376' title='bbox 739 2282 825 2313; x_wconf 91' lang='lat' dir='ltr'><strong>idem</strong></span> <span class='ocrx_word' id='word_1_377' title='bbox 851 2293 960 2314; x_wconf 89' lang='lat' dir='ltr'><strong>comes</strong></span> <span class='ocrx_word' id='word_1_378' title='bbox 986 2284 1019 2314; x_wconf 89' lang='lat' dir='ltr'><strong>in</strong></span> <span class='ocrx_word' id='word_1_379' title='bbox 1042 2283 1226 2315; x_wconf 88' lang='lat' dir='ltr'><strong>huiusmodi</strong></span> <span class='ocrx_word' id='word_1_380' title='bbox 1250 2285 1457 2316; x_wconf 88' lang='lat' dir='ltr'><strong>serviciorum</strong></span> <span class='ocrx_word' id='word_1_381' title='bbox 1481 2286 1678 2327; x_wconf 86' lang='lat' dir='ltr'><strong>prestatione</strong></span> <span class='ocrx_word' id='word_1_382' title='bbox 1702 2286 1780 2318; x_wconf 90' lang='lat' dir='ltr'><strong>fecit</strong></span> <span class='ocrx_word' id='word_1_383' title='bbox 1803 2289 1836 2318; x_wconf 89' lang='lat' dir='ltr'><strong>et</strong></span> <span class='ocrx_word' id='word_1_384' title='bbox 1859 2286 1966 2319; x_wconf 85' lang='lat' dir='ltr'><strong>adhuc</strong></span> 
     </span>
     <span class='ocr_line' id='line_1_39' title="bbox 306 2333 1966 2380; baseline 0.004 -17"><span class='ocrx_word' id='word_1_385' title='bbox 306 2333 411 2373; x_wconf 88' lang='lat' dir='ltr'><strong>ipsum</strong></span> <span class='ocrx_word' id='word_1_386' title='bbox 434 2333 465 2363; x_wconf 92' lang='lat' dir='ltr'><strong>in</strong></span> <span class='ocrx_word' id='word_1_387' title='bbox 490 2333 632 2364; x_wconf 89' lang='lat' dir='ltr'><strong>serviciis</strong></span> <span class='ocrx_word' id='word_1_388' title='bbox 655 2333 747 2364; x_wconf 91' lang='lat' dir='ltr'><strong>nobis</strong></span> <span class='ocrx_word' id='word_1_389' title='bbox 771 2336 805 2364; x_wconf 86' lang='lat' dir='ltr'><strong>et</strong></span> <span class='ocrx_word' id='word_1_390' title='bbox 821 2333 907 2365; x_wconf 89' lang='lat' dir='ltr'><strong>dicto</strong></span> <span class='ocrx_word' id='word_1_391' title='bbox 924 2335 1060 2376; x_wconf 86' lang='lat' dir='ltr'><strong>imperio</strong></span> <span class='ocrx_word' id='word_1_392' title='bbox 1077 2335 1260 2376; x_wconf 88' lang='lat' dir='ltr'><strong>prestandis</strong></span> <span class='ocrx_word' id='word_1_393' title='bbox 1283 2346 1322 2367; x_wconf 90' lang='lat' dir='ltr'><strong>ac</strong></span> <span class='ocrx_word' id='word_1_394' title='bbox 1339 2337 1437 2367; x_wconf 92' lang='lat' dir='ltr'><strong>etiam</strong></span> <span class='ocrx_word' id='word_1_395' title='bbox 1454 2347 1512 2378; x_wconf 93' lang='lat' dir='ltr'><strong>pro</strong></span> <span class='ocrx_word' id='word_1_396' title='bbox 1529 2337 1754 2369; x_wconf 88' lang='lat' dir='ltr'><strong>fortificatione</strong></span> <span class='ocrx_word' id='word_1_397' title='bbox 1772 2338 1966 2380; x_wconf 91' lang='lat' dir='ltr'><strong>oppidorum</strong></span> 
     </span>
     <span class='ocr_line' id='line_1_40' title="bbox 307 2382 1964 2431; baseline 0.005 -18"><span class='ocrx_word' id='word_1_398' title='bbox 307 2394 436 2414; x_wconf 86' lang='lat' dir='ltr'><strong>suorum</strong></span> <span class='ocrx_word' id='word_1_399' title='bbox 467 2382 634 2425; x_wconf 84' lang='lat' dir='ltr'><strong>Ohoburg,</strong></span> <span class='ocrx_word' id='word_1_400' title='bbox 664 2383 918 2426; x_wconf 77' lang='lat' dir='ltr'><strong>Kfinigeshoven</strong></span> <span class='ocrx_word' id='word_1_401' title='bbox 953 2389 985 2417; x_wconf 91' lang='lat' dir='ltr'><strong>et</strong></span> <span class='ocrx_word' id='word_1_402' title='bbox 1015 2385 1249 2418; x_wconf 82' lang='lat' dir='ltr'><strong>Smalkhalden</strong></span> <span class='ocrx_word' id='word_1_403' title='bbox 1283 2397 1321 2418; x_wconf 91' lang='lat' dir='ltr'><strong>ac</strong></span> <span class='ocrx_word' id='word_1_404' title='bbox 1355 2388 1561 2429; x_wconf 83' lang='lat' dir='ltr'><strong>reparatione</strong></span> <span class='ocrx_word' id='word_1_405' title='bbox 1595 2388 1772 2421; x_wconf 90' lang='lat' dir='ltr'><strong>eorundem</strong></span> <span class='ocrx_word' id='word_1_406' title='bbox 1807 2390 1840 2421; x_wconf 92' lang='lat' dir='ltr'><strong>in</strong></span> <span class='ocrx_word' id='word_1_407' title='bbox 1873 2389 1964 2431; x_wconf 89' lang='lat' dir='ltr'><strong>locis,</strong></span> 
     </span>
     <span class='ocr_line' id='line_1_41' title="bbox 307 2434 1963 2481; baseline 0.006 -17"><span class='ocrx_word' id='word_1_408' title='bbox 307 2434 422 2475; x_wconf 89' lang='lat' dir='ltr'><strong>quibus</strong></span> <span class='ocrx_word' id='word_1_409' title='bbox 453 2435 549 2466; x_wconf 85' lang='lat' dir='ltr'><strong>fuerit</strong></span> <span class='ocrx_word' id='word_1_410' title='bbox 578 2438 784 2476; x_wconf 79' lang='lat' dir='ltr'><strong>oportunum,</strong></span> <span class='ocrx_word' id='word_1_411' title='bbox 819 2436 928 2468; x_wconf 84' lang='lat' dir='ltr'><strong>facere</strong></span> <span class='ocrx_word' id='word_1_412' title='bbox 959 2438 1137 2479; x_wconf 85' lang='lat' dir='ltr'><strong>continget,</strong></span> <span class='ocrx_word' id='word_1_413' title='bbox 1173 2438 1234 2469; x_wconf 88' lang='lat' dir='ltr'><strong>sibi</strong></span> <span class='ocrx_word' id='word_1_414' title='bbox 1268 2439 1436 2480; x_wconf 85' lang='lat' dir='ltr'><strong>ungeltum</strong></span> <span class='ocrx_word' id='word_1_415' title='bbox 1470 2440 1601 2481; x_wconf 88' lang='lat' dir='ltr'><strong>aliquod</strong></span> <span class='ocrx_word' id='word_1_416' title='bbox 1636 2441 1839 2474; x_wconf 86' lang='lat' dir='ltr'><strong>moderatum</strong></span> <span class='ocrx_word' id='word_1_417' title='bbox 1870 2442 1963 2474; x_wconf 82' lang='lat' dir='ltr'><strong>iuxta</strong></span> 
     </span>
     <span class='ocr_line' id='line_1_42' title="bbox 307 2486 1963 2534; baseline 0.005 -18"><span class='ocrx_word' id='word_1_418' title='bbox 307 2487 506 2517; x_wconf 87' lang='lat' dir='ltr'><strong>consciencie</strong></span> <span class='ocrx_word' id='word_1_419' title='bbox 530 2497 586 2517; x_wconf 89' lang='lat' dir='ltr'><strong>sue</strong></span> <span class='ocrx_word' id='word_1_420' title='bbox 611 2486 778 2518; x_wconf 86' lang='lat' dir='ltr'><strong>arbitrium</strong></span> <span class='ocrx_word' id='word_1_421' title='bbox 802 2488 833 2518; x_wconf 94' lang='lat' dir='ltr'><strong>in</strong></span> <span class='ocrx_word' id='word_1_422' title='bbox 858 2487 980 2519; x_wconf 87' lang='lat' dir='ltr'><strong>eisdem</strong></span> <span class='ocrx_word' id='word_1_423' title='bbox 1005 2489 1131 2530; x_wconf 89' lang='lat' dir='ltr'><strong>oppidis</strong></span> <span class='ocrx_word' id='word_1_424' title='bbox 1155 2490 1219 2521; x_wconf 90' lang='lat' dir='ltr'><strong>suis</strong></span> <span class='ocrx_word' id='word_1_425' title='bbox 1242 2490 1431 2522; x_wconf 86' lang='lat' dir='ltr'><strong>instituendi</strong></span> <span class='ocrx_word' id='word_1_426' title='bbox 1455 2493 1488 2522; x_wconf 90' lang='lat' dir='ltr'><strong>et</strong></span> <span class='ocrx_word' id='word_1_427' title='bbox 1507 2491 1648 2523; x_wconf 87' lang='lat' dir='ltr'><strong>faciendi</strong></span> <span class='ocrx_word' id='word_1_428' title='bbox 1669 2492 1777 2534; x_wconf 87' lang='lat' dir='ltr'><strong>colligi</strong></span> <span class='ocrx_word' id='word_1_429' title='bbox 1801 2493 1842 2524; x_wconf 92' lang='lat' dir='ltr'><strong>de</strong></span> <span class='ocrx_word' id='word_1_430' title='bbox 1866 2493 1963 2525; x_wconf 91' lang='lat' dir='ltr'><strong>rebus</strong></span> 
     </span>
     <span class='ocr_line' id='line_1_43' title="bbox 306 2537 1965 2586; baseline 0.006 -19"><span class='ocrx_word' id='word_1_431' title='bbox 306 2537 439 2578; x_wconf 87' lang='lat' dir='ltr'><strong>singulis</strong></span> <span class='ocrx_word' id='word_1_432' title='bbox 468 2537 699 2578; x_wconf 89' lang='lat' dir='ltr'><strong>impedimento</strong></span> <span class='ocrx_word' id='word_1_433' title='bbox 734 2549 791 2570; x_wconf 90' lang='lat' dir='ltr'><strong>seu</strong></span> <span class='ocrx_word' id='word_1_434' title='bbox 826 2540 1079 2572; x_wconf 86' lang='lat' dir='ltr'><strong>contradictione</strong></span> <span class='ocrx_word' id='word_1_435' title='bbox 1108 2542 1325 2583; x_wconf 88' lang='lat' dir='ltr'><strong>quorumlibet</strong></span> <span class='ocrx_word' id='word_1_436' title='bbox 1359 2547 1506 2575; x_wconf 87' lang='lat' dir='ltr'><strong>cessante</strong></span> <span class='ocrx_word' id='word_1_437' title='bbox 1535 2543 1582 2575; x_wconf 86' lang='lat' dir='ltr'><strong>de</strong></span> <span class='ocrx_word' id='word_1_438' title='bbox 1617 2545 1896 2586; x_wconf 86' lang='lat' dir='ltr'><strong>speciali-gracia</strong></span> <span class='ocrx_word' id='word_1_439' title='bbox 1930 2548 1965 2577; x_wconf 84' lang='lat' dir='ltr'><strong>et</strong></span> 
     </span>
    </p>
   </div>
   <div class='ocr_carea' id='block_1_8' title="bbox 306 2588 1964 2685">
    <p class='ocr_par' dir='ltr' id='par_1_9' title="bbox 306 2588 1964 2685">
     <span class='ocr_line' id='line_1_44' title="bbox 306 2588 1964 2634; baseline 0.005 -15"><span class='ocrx_word' id='word_1_440' title='bbox 306 2588 505 2630; x_wconf 90' lang='lat' dir='ltr'><strong>plenitudine</strong></span> <span class='ocrx_word' id='word_1_441' title='bbox 529 2591 698 2630; x_wconf 87' lang='lat' dir='ltr'><strong>potestatis</strong></span> <span class='ocrx_word' id='word_1_442' title='bbox 721 2591 810 2632; x_wconf 88' lang='lat' dir='ltr'><strong>regie</strong></span> <span class='ocrx_word' id='word_1_443' title='bbox 835 2590 984 2622; x_wconf 85' lang='lat' dir='ltr'><strong>duximus</strong></span> <span class='ocrx_word' id='word_1_444' title='bbox 1007 2592 1251 2634; x_wconf 88' lang='lat' dir='ltr'><strong>indulgendum.</strong></span> <span class='ocrx_word' id='word_1_445' title='bbox 1336 2593 1462 2626; x_wconf 87' lang='lat' dir='ltr'><strong>Dantes</strong></span> <span class='ocrx_word' id='word_1_446' title='bbox 1484 2595 1545 2626; x_wconf 88' lang='lat' dir='ltr'><strong>sibi</strong></span> <span class='ocrx_word' id='word_1_447' title='bbox 1567 2595 1626 2626; x_wconf 91' lang='lat' dir='ltr'><strong>has</strong></span> <span class='ocrx_word' id='word_1_448' title='bbox 1641 2596 1767 2627; x_wconf 86' lang='lat' dir='ltr'><strong>litteras</strong></span> <span class='ocrx_word' id='word_1_449' title='bbox 1782 2597 1964 2628; x_wconf 83' lang='lat' dir='ltr'><strong>maiestatis</strong></span> 
     </span>
     <span class='ocr_line' id='line_1_45' title="bbox 306 2640 1200 2685; baseline 0.007 -15"><span class='ocrx_word' id='word_1_450' title='bbox 306 2642 415 2671; x_wconf 88' lang='lat' dir='ltr'><strong>nostre</strong></span> <span class='ocrx_word' id='word_1_451' title='bbox 439 2640 544 2681; x_wconf 90' lang='lat' dir='ltr'><strong>sigillo</strong></span> <span class='ocrx_word' id='word_1_452' title='bbox 568 2642 707 2672; x_wconf 87' lang='lat' dir='ltr'><strong>munitas</strong></span> <span class='ocrx_word' id='word_1_453' title='bbox 730 2642 763 2672; x_wconf 93' lang='lat' dir='ltr'><strong>in</strong></span> <span class='ocrx_word' id='word_1_454' title='bbox 787 2643 1006 2674; x_wconf 86' lang='lat' dir='ltr'><strong>testimonium</strong></span> <span class='ocrx_word' id='word_1_455' title='bbox 1030 2654 1127 2685; x_wconf 92' lang='lat' dir='ltr'><strong>super</strong></span> <span class='ocrx_word' id='word_1_456' title='bbox 1151 2655 1200 2676; x_wconf 92' lang='lat' dir='ltr'><strong>eo.</strong></span> 
     </span>
    </p>
   </div>
   <div class='ocr_carea' id='block_1_9' title="bbox 1982 760 2008 780">
    <p class='ocr_par' dir='ltr' id='par_1_10' title="bbox 1982 760 2008 780">
     <span class='ocr_line' id='line_1_46' title="bbox 1982 760 2008 780; baseline 0 0"><span class='ocrx_word' id='word_1_457' title='bbox 1982 760 2008 780; x_wconf 79' lang='lat'><strong>10</strong></span> 
     </span>
    </p>
   </div>
   <div class='ocr_carea' id='block_1_10' title="bbox 1983 1023 2009 1043">
    <p class='ocr_par' dir='ltr' id='par_1_11' title="bbox 1983 1023 2009 1043">
     <span class='ocr_line' id='line_1_47' title="bbox 1983 1023 2009 1043; baseline -0.038 0"><span class='ocrx_word' id='word_1_458' title='bbox 1983 1023 2009 1043; x_wconf 63' lang='lat'><strong>1}</strong></span> 
     </span>
    </p>
   </div>
   <div class='ocr_carea' id='block_1_11' title="bbox 1983 1537 2010 1557">
    <p class='ocr_par' dir='ltr' id='par_1_12' title="bbox 1983 1537 2010 1557">
     <span class='ocr_line' id='line_1_48' title="bbox 1983 1537 2010 1557; baseline 0 0"><span class='ocrx_word' id='word_1_459' title='bbox 1983 1537 2010 1557; x_wconf 73' lang='lat'><strong>25</strong></span> 
     </span>
    </p>
   </div>
   <div class='ocr_carea' id='block_1_12' title="bbox 1982 2194 2009 2214">
    <p class='ocr_par' dir='ltr' id='par_1_13' title="bbox 1982 2194 2009 2214">
     <span class='ocr_line' id='line_1_49' title="bbox 1982 2194 2009 2214; baseline 0 0"><span class='ocrx_word' id='word_1_460' title='bbox 1982 2194 2009 2214; x_wconf 71' lang='lat'><strong>⁸5</strong></span> 
     </span>
    </p>
   </div>
   <div class='ocr_carea' id='block_1_13' title="bbox 1981 2450 2009 2470">
    <p class='ocr_par' dir='ltr' id='par_1_14' title="bbox 1981 2450 2009 2470">
     <span class='ocr_line' id='line_1_50' title="bbox 1981 2450 2009 2470; baseline 0 0"><span class='ocrx_word' id='word_1_461' title='bbox 1981 2450 2009 2470; x_wconf 75' lang='lat'><strong>⁴0</strong></span> 
     </span>
    </p>
   </div>
   <div class='ocr_carea' id='block_1_14' title="bbox 415 2691 2004 2741">
    <p class='ocr_par' dir='ltr' id='par_1_15' title="bbox 415 2691 2004 2741">
     <span class='ocr_line' id='line_1_51' title="bbox 415 2691 2004 2741; baseline 0.006 -19"><span class='ocrx_word' id='word_1_462' title='bbox 415 2691 489 2723; x_wconf 87' lang='lat' dir='ltr'><strong>Dat.</strong></span> <span class='ocrx_word' id='word_1_463' title='bbox 514 2692 656 2733; x_wconf 86' lang='lat' dir='ltr'><strong>Monaci,</strong></span> <span class='ocrx_word' id='word_1_464' title='bbox 679 2694 758 2725; x_wconf 89' lang='lat' dir='ltr'><strong>IIII.</strong></span> <span class='ocrx_word' id='word_1_465' title='bbox 778 2694 856 2725; x_wconf 90' lang='lat' dir='ltr'><strong>Idus</strong></span> <span class='ocrx_word' id='word_1_466' title='bbox 879 2694 966 2736; x_wconf 91' lang='lat' dir='ltr'><strong>Iulii,</strong></span> <span class='ocrx_word' id='word_1_467' title='bbox 997 2705 1080 2727; x_wconf 90' lang='lat' dir='ltr'><strong>anno</strong></span> <span class='ocrx_word' id='word_1_468' title='bbox 1104 2696 1235 2728; x_wconf 91' lang='lat' dir='ltr'><strong>Domini</strong></span> <span class='ocrx_word' id='word_1_469' title='bbox 1258 2697 1430 2729; x_wconf 88' lang='lat' dir='ltr'><strong>millesimo</strong></span> <span class='ocrx_word' id='word_1_470' title='bbox 1458 2699 1678 2731; x_wconf 87' lang='lat' dir='ltr'><strong>tricentesimo</strong></span> <span class='ocrx_word' id='word_1_471' title='bbox 1706 2699 1957 2741; x_wconf 84' lang='lat' dir='ltr'><strong>quintodecimO,</strong></span> <span class='ocrx_word' id='word_1_472' title='bbox 1977 2707 2004 2727; x_wconf 77' lang='lat'><strong>4⁵</strong></span> 
     </span>
    </p>
   </div>
   <div class='ocr_carea' id='block_1_15' title="bbox 306 2743 864 2786">
    <p class='ocr_par' dir='ltr' id='par_1_16' title="bbox 306 2743 864 2786">
     <span class='ocr_line' id='line_1_52' title="bbox 306 2743 864 2786; baseline 0.007 -13"><span class='ocrx_word' id='word_1_473' title='bbox 306 2743 398 2784; x_wconf 86' lang='lat' dir='ltr'><strong>regni</strong></span> <span class='ocrx_word' id='word_1_474' title='bbox 422 2753 497 2774; x_wconf 88' lang='lat' dir='ltr'><strong>vero</strong></span> <span class='ocrx_word' id='word_1_475' title='bbox 521 2745 621 2775; x_wconf 89' lang='lat' dir='ltr'><strong>nostri</strong></span> <span class='ocrx_word' id='word_1_476' title='bbox 644 2755 726 2776; x_wconf 92' lang='lat' dir='ltr'><strong>anno</strong></span> <span class='ocrx_word' id='word_1_477' title='bbox 751 2746 864 2786; x_wconf 90' lang='lat' dir='ltr'><strong>primo.</strong></span> 
     </span>
    </p>
   </div>
  </div>
 </body>
</html>
