2184 3126
301 219 363 251 628
538 215 635 243 ACTA
654 214 768 242 REGNI
787 212 972 241 LUDEWIOI
991 212 1038 240 IV.
1057 211 1103 239 ΕΤ
1121 210 1308 239 FRIDERIOI
1326 210 1375 238 111.
1413 210 1488 238 1328.
1525 209 1573 238 Νι·-
1586 210 1646 238 803.
1663 210 1724 239 804.

558 356 645 392 803.
686 355 843 390 Litterae
870 353 993 389 tertiae
1018 352 1205 396 (Ferrarii
1234 353 1275 388 (le
1302 351 1457 398 Apilia).
1566 352 1648 388 Dee.
1668 354 1701 388 9.

410 437 570 479 Oriqinale
596 437 671 480 (or.)
700 437 814 469 ibidem
844 434 936 468 ORD
964 445 1043 466 arm.
1072 434 1163 467 0-1
1189 444 1239 466 nr.
1256 433 1418 467 LXXXI.
1474 434 1582 476 sigilli
1611 435 1742 476 vestigat
1763 435 1892 467 adsunt.
1916 454 1959 460 —

301 491 362 525 Ed.
378 491 413 523 F
412 490 483 522 inke
505 489 525 521 l.
542 500 567 521 c.
583 489 633 527 ΙΙ,
657 489 720 519 606
741 498 791 519 ην.
807 487 871 518 389
893 497 932 518 ex
955 497 1000 518 or.
1045 485 1230 518 Editionem
1250 486 1429 526 repetimus.

411 550 459 589 Cf.
483 552 591 581 notam
613 548 633 579 l.
653 558 678 579 c.
701 547 867 579 adiectam.

407 644 504 675 Sacre
529 643 618 684 regie
642 641 826 683 magestati.

407 695 533 727 Pluries
556 704 609 725 me
633 693 807 735 magestati
829 692 918 733 regie
942 692 1139 733 significasse
1162 692 1227 723 iam
1243 692 1386 732 memini,
1411 692 1550 734 qualiter
1569 695 1678 725 vester
1693 692 1799 724 fidelis
1815 695 1849 725 et
1864 702 1960 725 verus

299 748 419 779 amicus
449 745 595 777 redditur
622 744 754 776 timidus
784 747 940 776 tractatus
969 744 1094 786 aliquos
1123 743 1279 784 exordiri,
1315 754 1424 785 ymmo
1457 745 1556 776 etiam
1583 744 1696 777 audire
1723 748 1781 776 aut
1807 745 1960 787 prosequi

299 797 521 830 celsitudinem
545 797 669 839 regiam
685 796 910 837 contingentes
926 795 1016 837 regie
1032 794 1208 826 voluntatis
1226 795 1375 827 incertus.
1413 795 1466 827 Ex
1480 806 1544 838 quo
1561 796 1605 838 fit,
1629 796 1716 838 quod
1731 796 1808 828 licet
1822 796 1960 839 negocia

298 859 417 891 magna
440 851 473 880 et
494 851 665 890 magnates
689 848 780 889 quasi
804 857 916 879 omnes
938 846 1048 879 Ytalie
1081 857 1155 878 eum
1178 846 1354 888 respiciant
1376 849 1410 879 et
1432 847 1502 879 eius
1524 848 1557 879 in
1580 858 1693 880 eorum
1715 847 1860 890 negociis
1883 858 1959 881 con-

299 901 405 932 silium
431 903 464 932 et
488 900 756 932 deliberationem
779 901 964 940 expectent,
988 898 1091 930 multa
1113 899 1234 930 intacta
1256 901 1435 940 remanent,
1460 909 1502 931 ex
1517 899 1632 941 quibus
1647 899 1831 932 celsitudini
1852 902 1961 932 vestre

299 955 432 994 possent
453 952 594 983 honores
618 954 651 983 et
674 950 810 982 comoda
834 950 1002 982 resultare.
1039 949 1224 982 Novissime
1248 949 1380 992 quidem
1401 950 1602 983 consideravi
1623 951 1723 983 michi
1738 951 1962 984 condicionem

299 1004 442 1045 imprisie
467 1003 508 1035 de
533 1005 709 1044 conquesta
732 1003 823 1044 regni
846 1001 994 1034 Sardinie
1018 1005 1059 1033 et>
1074 1004 1194 1034 statum
1217 1001 1423 1034 vacillantem
1447 1005 1480 1034 et
1502 1002 1650 1035 timidum
1673 1003 1812 1035 civitatis
1829 1002 1961 1045 Pisano,

300 1056 351 1087 cui
368 1055 523 1087 Luchana
547 1055 660 1085 civitas
683 1053 744 1085 hoc
761 1057 908 1095 tempore
932 1053 1074 1085 cernitur
1097 1063 1168 1085 esse
1185 1052 1321 1085 frenum.
1359 1053 1579 1096 Conspicienti
1601 1055 1687 1086 enim
1711 1058 1744 1086 et
1765 1054 1808 1086 ab
1824 1057 1962 1097 experto

298 1107 454 1149 palpanti,
479 1105 565 1148 quod
582 1105 809 1138 Castrucchius
833 1104 873 1136 de
889 1104 1130 1145 Interminellis‚
1153 1105 1207 1146 qui
1230 1104 1375 1146 presidet
1393 1105 1515 1137 civitati
1536 1105 1693 1148 predicte,
1716 1105 1906 1139 domicellus
1928 1109 1962 1139 et

300 1158 466 1189 familiaris
490 1157 686 1189 domesticus
710 1159 743 1188 et
766 1156 807 1188 de
830 1156 938 1188 raubis
962 1156 1060 1187 etiam
1083 1155 1125 1187 ab
1149 1155 1227 1187 olim
1249 1155 1310 1187 fuit
1332 1160 1417 1188 etse
1434 1156 1602 1199 profitetur
1616 1156 1744 1199 publice
1762 1159 1796 1189 et
1811 1157 1960 1189 continue

300 1209 445 1241 eiusdem
469 1210 564 1241 amici
586 1209 685 1240 vestri
708 1209 904 1250 singularem
929 1218 1000 1240 esse
1017 1207 1188 1249 facturam,
1211 1218 1285 1240 meo
1308 1209 1416 1240 animo
1433 1208 1570 1240 scintilla
1586 1211 1737 1250 prompte
1757 1209 1962 1251 cogitationis

299 1261 437 1301 obrexit,
462 1260 548 1303 quod
571 1260 753 1302 supradicte
776 1260 919 1301 imprisie
943 1262 1030 1291 esset
1053 1259 1174 1292 decisio
1197 1259 1301 1291 finalis
1325 1263 1359 1292 et
1380 1261 1545 1301 terminus,
1569 1261 1596 1292 si
1616 1260 1720 1293 dictus
1735 1259 1962 1293 Gastrucchius

299 1316 417 1344 statum
446 1315 479 1344 et
505 1313 689 1355 potenciam
717 1323 809 1343 suam
832 1314 1030 1354 supponeret
1058 1314 1092 1343 et
1120 1315 1300 1354 exponeret
1326 1311 1430 1344 libere
1457 1311 1664 1354 disposicioni
1686 1315 1785 1355 atque
1807 1311 1961 1344 mandato

300 1363 497 1396 celsitudinis
525 1367 642 1396 vestre.
689 1363 785 1400 Quod
813 1363 945 1406 quidem
975 1363 1073 1395 michi
1103 1364 1181 1396 satis
1207 1363 1374 1396 videretur
1399 1363 1545 1396 factibile
1573 1374 1681 1406 ymmo
1709 1363 1819 1406 facile,
1848 1364 1875 1396 si
1901 1374 1962 1407 per

300 1416 421 1448 dictum
443 1416 582 1448 amicum
606 1417 808 1458 contingeret
830 1415 892 1447 hoc
915 1417 1045 1448 assumi.
1089 1415 1133 1447 Et
1154 1416 1278 1457 utinam
1302 1415 1461 1448 celsitudo
1486 1417 1576 1458 regia
1591 1415 1742 1458 palparet
1756 1416 1963 1459 experiencia

300 1471 333 1500 et
355 1467 481 1499 videret
502 1478 561 1510 per
584 1468 674 1510 signa
698 1478 749 1508 ea,
773 1478 835 1510 que
860 1467 901 1499 de
917 1468 1125 1509 promocione
1142 1467 1399 1510 magnifficencie
1414 1470 1522 1500 vestre
1538 1469 1661 1500 amicus
1676 1468 1786 1500 anelat
1808 1471 1842 1500 et
1864 1467 1962 1510 gestit

299 1519 331 1551 in
355 1520 472 1561 animo,
497 1520 578 1551 sieut
601 1520 751 1551 continue
776 1530 837 1561 ego
860 1519 969 1561 palpo,
993 1520 1068 1562 quia
1092 1522 1179 1552 certe
1201 1530 1265 1552 non
1289 1519 1411 1561 dubito,
1434 1519 1521 1562 quod
1543 1519 1717 1561 plurimum
1739 1520 1847 1552 animo
1869 1520 1961 1563 regio

300 1572 550 1603 consolatorium
574 1574 660 1603 esset
684 1574 716 1603 et
739 1574 877 1613 gratum.
918 1571 1006 1603 Vere
1030 1572 1116 1604 enim
1146 1574 1223 1603 tunc
1246 1571 1418 1603 dumtaxat
1440 1571 1679 1604 delectabiliter
1699 1572 1813 1604 nutriri
1835 1571 1963 1605 videtur

301 1627 333 1655 et
360 1624 463 1665 pasci,
494 1634 566 1655 oum
588 1623 794 1665 ymaginatur
821 1626 855 1655 et
881 1623 1079 1655 conferendo
1113 1626 1231 1655 tractat
1257 1626 1367 1666 partes
1394 1623 1503 1655 Ytalie
1532 1626 1565 1656 et
1590 1634 1666 1655 suos
1691 1623 1813 1655 ibidem
1840 1623 1962 1656 amieos

302 1674 446 1706 subditos
474 1677 508 1707 et
537 1674 672 1707 devotos
699 1675 930 1717 gubernacioni
957 1675 1072 1707 domus
1098 1675 1263 1718 Asagonie
1292 1674 1466 1707 subiecisse
1491 1700 1498 1707 .
1523 1700 1530 1707 .
1555 1700 1562 1707 .
1586 1675 1708 1708 Prebet
1736 1676 1835 1707 etiam
1863 1675 1963 1708 michi

301 1737 452 1768 magnam
473 1727 704 1769 progrediendi
726 1727 769 1758 ad
791 1727 939 1769 predicta
962 1727 1143 1769 materiam,
1167 1726 1255 1769 quod
1277 1727 1337 1759 hec
1353 1727 1460 1759 omnia
1484 1730 1517 1759 et
1539 1727 1614 1766 alia,
1638 1737 1700 1769 que
1722 1726 1756 1758 in
1770 1726 1881 1759 Ytalia
1902 1738 1962 1770 per

302 1778 425 1819 regiam
441 1778 664 1810 celsitudinem
677 1781 810 1820 possent
821 1779 955 1820 acquiri,
973 1779 1095 1811 amicus
1108 1783 1216 1811 vester
1227 1779 1372 1822 prefatus
1384 1779 1535 1821 perpetui
1546 1779 1631 1811 tituli
1643 1778 1760 1811 robore
1774 1781 1963 1821 procuraret

302 1839 361 1870 per
377 1829 515 1861 electum
531 1829 764 1871 Romanorum,
782 1831 835 1872 qui
851 1833 960 1872 potest
977 1831 1096 1871 facere,
1117 1831 1310 1863 confirmari.
1346 1830 1556 1863 Recomendo
1573 1841 1625 1863 me
1649 1831 1822 1873 magestati
1843 1836 1960 1864 vestre.

411 1889 485 1921 Dat.
502 1890 673 1931 Avinione,
696 1891 756 1922 IX.
780 1891 833 1923 die
857 1892 1017 1933 presentis
1039 1892 1159 1923 mensis
1181 1890 1383 1923 Decembris.

641 2040 728 2076 804.
770 2040 926 2076 Litterae
954 2043 1097 2085 quartae
1123 2039 1327 2084 (eiusdem).
1431 2039 1513 2076 Sine
1539 2041 1630 2076 dato.

414 2121 532 2153 cedula
555 2122 611 2163 (c.)
635 2123 748 2154 ibidem
767 2123 860 2155 CRD
882 2123 948 2163 Ap.
964 2133 996 2155 n.
1013 2125 1066 2157 68.
1087 2141 1131 2146 —
1152 2123 1216 2155 Ed.
1232 2123 1337 2156 Finke
1349 2122 1369 2155 l.
1392 2133 1418 2155 c.
1434 2123 1462 2162 I,
1485 2123 1551 2154 405
1573 2133 1624 2157 nr.
1640 2123 1706 2155 268
1727 2133 1767 2155 ex
1789 2134 1835 2157 or.
1880 2123 1962 2156 Edi-

304 2173 419 2203 tionem
440 2174 618 2212 repetimus,

413 2257 591 2300 Postquam
623 2271 756 2301 presens
784 2261 893 2293 littera
917 2261 977 2293 fuit
999 2261 1107 2293 clausa
1131 2261 1219 2292 venit
1241 2260 1374 2303 quidam
1396 2260 1439 2292 ad
1466 2261 1621 2301 amicum,
1648 2260 1703 2302 qui
1730 2260 1812 2293 dixit
1841 2260 1902 2292 sibi
1929 2271 1965 2293 se

307 2308 466 2340 audivisse
490 2320 508 2341 a
524 2321 619 2352 papa,
645 2312 805 2353 quomodo
823 2323 884 2344 rex
898 2313 1035 2345 Francie
1056 2312 1294 2355 significaverat
1316 2311 1376 2344 sibi
1398 2323 1458 2354 per
1473 2312 1599 2344 litteras
1614 2322 1699 2353 suas,
1723 2312 1812 2355 quod
1827 2312 1964 2344 multum

306 2360 469 2402 gaudebat
497 2361 537 2393 de
560 2363 777 2404 processibus,
807 2375 888 2406 quos
916 2365 1040 2396 fecerat
1066 2367 1178 2396 contra
1207 2364 1347 2396 electum
1373 2363 1566 2396 Alamannis
1595 2366 1629 2396 et
1657 2363 1745 2406 quod
1770 2374 1873 2406 usque
1900 2363 1963 2396 huc

307 2410 412 2443 fuerat
443 2412 482 2444 de
511 2414 679 2446 sanctitate
709 2426 765 2447 sua
793 2426 858 2447 non
886 2416 970 2448 bene
996 2416 1196 2448 informatus.
1243 2415 1333 2447 Bene
1360 2415 1508 2455 videbat,
1541 2416 1628 2458 quod
1657 2419 1728 2448 erat
1750 2415 1907 2458 deceptus
1930 2418 1964 2448 et

308 2463 394 2504 quod
416 2464 485 2504 ipse
508 2465 695 2498 intendebat
717 2467 760 2498 ad
783 2469 988 2500 sanctitatem
1011 2478 1102 2500 suam
1125 2468 1234 2500 venire
1258 2468 1340 2500 sicut
1362 2478 1438 2499 suus
1461 2478 1555 2500 verus
1577 2467 1661 2500 filius
1684 2470 1718 2500 et
1740 2467 1886 2500 devotus.

1978 912 2004 934 10

1980 1171 2004 1190 1³

1981 2386 2007 2406 38
