2158 3138
176 851 235 872 Nov.
247 853 280 873 25.

298 194 359 223 116
573 189 669 216 ACTA
688 189 803 216 REGNI
823 187 1009 214 LUDEWICI
1030 187 1075 214 IV.
1095 187 1140 213 ET
1159 187 1344 214 FRIDERICI
1364 188 1412 214 III.
1450 188 1525 215 1314.
1561 187 1610 214 Nr.
1623 188 1681 215 118.

294 279 474 309 invenimus
502 277 623 308 dictum
647 275 856 307 Fredericum
886 275 946 306 rite
971 274 1110 306 electum
1134 277 1247 316 utpote
1276 285 1296 306 a
1322 275 1407 306 veris
1435 275 1631 316 principibus
1660 275 1813 317 predictis
1842 279 1875 307 et
1899 275 1951 307 die

294 341 333 361 ac
360 330 432 360 loco
461 329 592 370 prefixis
622 328 786 368 ipsiusque
818 325 983 357 Ludewici
1007 326 1215 366 eleccionem,
1247 327 1273 357 si
1297 337 1360 368 qua
1384 326 1454 367 fuit,
1479 336 1520 357 ex
1543 327 1703 368 postfacto
1728 325 1781 358 die
1805 328 1953 368 sequenti

296 384 329 412 et
355 391 420 412 non
451 380 492 411 de
522 379 684 411 communi
715 388 871 409 consensu
899 378 1080 419 principum
1110 381 1285 419 prorogata
1313 381 1347 409 et
1370 378 1473 409 eciam
1498 378 1662 409 eleccione
1687 378 1764 409 dicti
1786 378 1953 411 Frederici

294 436 461 473 tamquam
489 431 587 472 priori
616 441 679 461 non
710 432 835 460 cassata
864 429 904 460 de
929 429 1014 461 facto
1038 432 1282 470 attemptatam,
1307 433 1340 461 et
1363 430 1439 471 quia
1463 429 1540 460 dicti
1564 430 1649 461 cives
1672 430 1842 471 Aquenses
1865 431 1911 461 sic
1933 441 1953 461 a

294 484 387 515 nobis
421 483 567 524 requisiti
601 492 659 512 nos
691 481 906 512 intromittere
941 480 1110 522 inprovide
1138 484 1342 521 recusarunt,
1370 491 1428 512 nos
1457 491 1497 512 ne
1525 484 1658 522 propter
1687 481 1898 513 rebellionem
1921 483 1953 513 in

294 536 377 566 sacri
387 535 525 566 Romani
541 533 669 574 imperii
685 536 718 563 et
733 532 922 573 reipublice,
938 533 1036 563 immo
1054 533 1156 563 tocius
1173 532 1414 563 christianitatis
1431 532 1634 574 dispendium
1651 533 1820 564 coronacio
1837 533 1952 566 eadem

294 587 365 627 plus
390 585 499 617 debito
525 585 718 622 differretur,
743 587 775 615 et
799 584 902 614 eciam
926 582 1050 626 [quia]b
1074 594 1116 615 ex
1139 584 1315 625 privilegiis
1338 583 1425 615 sedis
1448 584 1626 625 apostolice
1649 584 1742 616 nobis
1763 588 1796 616 et
1817 585 1954 617 ecclesie

293 641 402 668 nostre
427 636 606 668 concessis¹
634 635 717 666 infra
747 638 889 666 nostram
918 635 1081 676 dyocesim
1102 635 1154 666 vel
1177 637 1385 677 provinciam,
1408 636 1464 667 ubi
1480 636 1572 667 nobis
1589 636 1767 678 expediens
1783 637 1953 678 videbitur,

294 690 416 721 electos
447 689 479 719 in
508 688 729 719 Romanorum
759 697 854 729 reges
885 698 943 728 pro
971 690 1119 728 tempore
1143 698 1312 728 possumus
1336 698 1504 727 coronare,
1535 698 1597 729 que
1625 687 1756 729 quidem
1785 689 1954 730 privilegia

294 744 368 772 aute
397 741 500 781 ipsam
529 739 772 771 coronacionem
806 743 839 770 et
868 739 900 769 in
924 738 1040 770 eadem
1065 739 1151 770 clero
1177 741 1210 770 et
1232 739 1351 780 populo
1374 739 1578 780 presentibus
1601 740 1661 771 sub
1685 741 1769 771 veris
1792 740 1876 781 stilo,
1899 740 1953 772 filo

295 796 329 824 et
352 792 450 832 bulla,
474 802 514 822 ne
539 791 610 833 quis
633 794 748 832 putare
771 794 891 832 posset,
916 790 1035 822 dictam
1060 791 1305 822 coronacionem
1331 801 1381 831 eo,
1405 792 1480 832 quia
1501 792 1604 832 Aquis
1626 802 1688 822 non
1713 792 1826 832 fiebat,
1850 792 1955 823 minus

295 844 365 875 fore
389 843 541 882 validam,
567 842 703 873 fecimus
727 842 949 883 sollempniter
965 841 1132 883 publicari,
1150 842 1287 874 eundem
1305 842 1513 874 Fredericum
1529 843 1600 884 ipsa
1616 843 1668 874 die
1685 843 1781 874 beate
1798 843 1954 874 Katerine

293 895 426 937 virginis
458 896 490 926 in
521 894 618 936 opido
647 896 756 924 nostro
785 893 963 934 Bunnensi,
992 893 1079 935 quod
1108 896 1158 924 est
1184 893 1267 925 infra
1294 897 1434 925 nostram
1466 893 1644 935 dyocesim,
1673 895 1703 925 in
1733 894 1954 926 Romanorum

295 957 407 988 regem
437 947 586 977 unximus
615 948 649 976 et
675 946 898 976 coronavimus
925 946 958 976 in
986 945 1127 976 futurum
1150 945 1380 987 imperatorem
1405 945 1501 977 dante
1525 945 1664 977 Domino
1688 946 1954 988 promovendum,

296 998 450 1029 adhibitis
479 998 563 1029 circa
587 997 834 1028 coronacionem
867 997 1006 1028 eandem
1029 996 1322 1038 sollempnitatibus
1346 997 1464 1029 debitis
1488 1001 1521 1028 et
1543 998 1714 1038 consuetis,
1739 998 1898 1039 episcopis
1922 1001 1956 1029 et

294 1049 457 1081 nobilibus
480 1059 518 1080 ac
542 1048 731 1090 proceribus
753 1049 862 1079 multis
885 1048 1088 1089 presentibus
1110 1049 1142 1079 in
1166 1048 1251 1079 dicto
1275 1048 1358 1080 loco.

404 1107 433 1137 3.
469 1105 573 1141 Quam
611 1105 799 1135 unccionem
830 1108 863 1135 et
886 1104 1133 1135 coronacionem
1161 1105 1206 1135 sic
1234 1115 1293 1145 per
1321 1114 1395 1145 nos,
1426 1105 1480 1146 qui
1507 1104 1666 1136 habemus
1695 1105 1734 1136 de
1765 1105 1834 1136 iure
1858 1107 1892 1136 et
1914 1105 1954 1136 de

295 1157 539 1196 consuetudine,
563 1159 599 1187 ut
623 1159 673 1187 est
696 1155 827 1196 dictum,
852 1156 1098 1186 coronacionem
1123 1159 1155 1186 et
1178 1166 1241 1186 non
1264 1155 1346 1186 alius
1369 1155 1477 1187 facere
1501 1156 1712 1195 antedictam,
1741 1156 1848 1187 eidem
1875 1156 1955 1187 Fre-

296 1209 405 1240 derico
430 1209 611 1249 impensam
635 1207 677 1238 ad
701 1207 899 1248 singulorum
924 1210 957 1237 et
978 1208 1200 1238 universorum
1216 1211 1395 1238 vestrorum
1418 1208 1571 1239 noticiam
1588 1207 1776 1246 deducimus
1799 1207 1955 1249 vobisque

296 1260 435 1292 eandem
458 1260 661 1291 notificamus
684 1270 743 1300 per
767 1263 946 1300 presentes.
992 1259 1161 1300 Rogantes
1185 1262 1218 1290 et
1247 1260 1447 1300 requirentes
1471 1269 1528 1290 vos
1552 1269 1664 1290 omnes
1686 1263 1720 1291 et
1742 1259 1898 1300 singulos,
1920 1262 1957 1290 ut

297 1312 381 1343 dicto
407 1311 536 1342 domino
562 1315 670 1342 nostro
696 1314 728 1342 et
751 1314 857 1342 vestro
883 1311 1012 1341 domino
1029 1310 1203 1342 Frederico
1228 1314 1393 1352 tamquam
1419 1321 1496 1342 vero
1516 1310 1737 1342 Romanorum
1760 1311 1830 1352 regi
1853 1310 1956 1342 fideli-

295 1364 372 1394 tatis
396 1363 541 1394 debitum
567 1366 752 1404 prestantes
777 1362 882 1394 eidem
908 1361 1070 1394 obediatis
1095 1365 1127 1393 et
1149 1362 1340 1402 intendatis,
1368 1365 1464 1403 prout
1486 1361 1706 1393 Romanorum
1730 1362 1862 1404 regibus
1883 1373 1958 1404 pre-

297 1415 520 1446 decessoribus
554 1415 619 1445 suis
647 1415 718 1445 fieri
750 1418 782 1445 et
812 1414 936 1445 obediri
961 1417 1010 1445 est
1033 1417 1238 1455 consuetum,
1262 1418 1298 1445 ut
1320 1417 1428 1445 vestra
1450 1424 1492 1445 ex
1515 1413 1576 1445 hoc
1603 1415 1705 1456 possit
1727 1425 1785 1445 suo
1808 1417 1956 1455 tempore

296 1466 446 1507 fidelitas,
471 1477 567 1507 quam
590 1467 652 1508 ipsi
675 1466 811 1507 imperio
837 1467 1001 1506 tenemini,
1024 1466 1141 1497 merito
1166 1465 1394 1496 commendari.

405 1525 434 1553 4.
469 1523 507 1553 In
539 1523 629 1553 cuius
656 1523 703 1553 rei
733 1523 951 1554 testimonium
980 1525 1149 1564 presentes
1180 1522 1321 1553 litteras⁶
1345 1524 1488 1553 nostrum
1516 1525 1549 1553 et
1572 1522 1649 1553 dicti
1671 1521 1838 1564 Rudolphi
1867 1521 1957 1554 ducis

297 1573 439 1605 saxonie
469 1584 507 1605 ac
537 1574 670 1615 capituli
698 1574 895 1614 Bunnensis,
924 1575 975 1606 cui
1004 1574 1044 1605 de
1068 1574 1183 1605 horum
1206 1573 1342 1605 veritate
1366 1577 1505 1614 constat,
1529 1573 1636 1615 sigilla
1657 1573 1861 1615 presentibus
1883 1576 1958 1605 sunt

297 1636 442 1667 appensa
467 1629 499 1657 et
522 1626 747 1657 nichilominus
775 1625 818 1657 ad
845 1626 1036 1667 ampliorem
1066 1625 1295 1667 premissorum
1319 1625 1488 1656 veritatem
1519 1635 1558 1656 ea
1587 1636 1646 1666 per
1668 1626 1827 1657 notarium
1851 1625 1956 1667 publi-

297 1688 370 1708 cum
394 1677 632 1718 infrascriptum
661 1678 692 1708 in
722 1677 806 1708 hanc
834 1677 970 1709 formam
1001 1677 1164 1718 publicam
1188 1676 1292 1718 redigi
1315 1677 1538 1708 mandavimus
1566 1687 1689 1719 suoque
1713 1678 1803 1719 signo
1827 1677 1956 1718 signari.

407 1773 524 1803 Actum
553 1773 585 1802 in
613 1773 809 1803 monasterio
839 1772 972 1803 fratrum
1002 1771 1178 1812 Minorum,
1210 1772 1243 1802 in
1272 1772 1441 1813 presencia
1473 1771 1644 1802 illustrium
1672 1771 1837 1814 Rudolphi
1868 1761 1958 1804 duc'is

298 1823 451 1863 Saxonie,
476 1823 604 1854 Ottonis
628 1823 785 1865 langravii
809 1827 893 1855 terre
917 1823 1045 1864 Hassye
1070 1823 1200 1864 domini,
1224 1822 1466 1864 Eng(elberti)d
1490 1823 1530 1854 de
1553 1822 1679 1863 Marka,
1703 1822 1842 1865 Gerlaci,
1865 1823 1957 1855 Hen-

297 1876 365 1916 rici,
389 1875 586 1906 Emechonis
611 1875 652 1906 de
675 1875 846 1916 Nassowe,
871 1875 1020 1917 Symonis
1045 1878 1077 1907 et
1099 1875 1252 1906 Iohannis
1276 1875 1316 1906 de
1341 1875 1521 1916 Spanhem,
1544 1874 1681 1916 Roperti
1705 1874 1746 1906 de
1762 1875 1956 1918 Virneburg‚

297 1927 435 1968 Dytheri
470 1927 510 1958 dc
545 1927 865 1968 Katzenellenbogen
902 1927 1072 1966 comitum,
1106 1927 1240 1958 Henrici
1273 1926 1469 1967 Bunnensis,
1503 1926 1660 1958 Hartradi
1691 1926 1731 1957 de
1761 1926 1957 1968 Merenberg

298 1979 548 2020 Wetflariensis,
583 1978 780 2020 Heydenrici
817 1977 926 2010 Sancti
961 1978 1107 2010 Severini
1141 1978 1343 2010 Coloniensis
1376 1978 1614 2020 prepositorum
1647 1988 1772 2009 necnon
1800 1978 1956 2010 nobilium

298 2031 437 2061 virorum
472 2029 601 2061 Gerlaci
629 2030 669 2061 de
700 2030 882 2072 Lympurg,
913 2030 1047 2062 Henrici
1077 2030 1117 2062 de
1147 2030 1350 2072 Lewenberg
1386 2033 1419 2061 et
1441 2030 1594 2061 Iohannis
1621 2029 1661 2061 de
1689 2029 1890 2071 Dollendorp
1924 2033 1958 2062 et

298 2083 452 2113 comitum
483 2082 523 2112 de
552 2082 727 2124 Toneburg
755 2082 958 2113 dominorum
988 2086 1021 2114 et
1048 2082 1202 2113 Iohannis
1232 2081 1272 2113 de
1303 2081 1496 2113 Sowenhem
1528 2082 1689 2113 scolastici
1715 2082 1895 2113 Bunnensis
1924 2085 1957 2112 et

298 2144 394 2174 quam
418 2134 557 2175 plurium
581 2133 717 2164 aliorum
740 2133 986 2175 fidedignorum.
1083 2134 1177 2164 Auno
1201 2133 1332 2164 Domini
1355 2131 1473 2165 MOOO
1496 2132 1751 2174 quartodecimo,
1781 2132 1956 2164 indictione

297 2185 393 2225 XIII,
417 2186 569 2217 vicesima
593 2185 702 2226 quinta
727 2184 779 2216 die
803 2186 921 2216 mensis
943 2185 1136 2216 Novembris
1160 2195 1222 2226 que
1247 2185 1308 2216 fuit
1330 2184 1400 2216 dies
1422 2184 1520 2216 beate
1543 2185 1699 2216 Katerine
1723 2185 1863 2226 virginis.

406 2236 449 2267 Et
475 2247 532 2268 nos
559 2236 751 2278 Rudolphus
779 2236 842 2268 Dei
870 2237 980 2278 gracia
1008 2237 1075 2268 dux
1103 2236 1243 2268 Saxonie
1272 2239 1441 2278 presentes
1473 2239 1760 2278 recognoscentes,
1784 2236 1859 2277 quia
1882 2246 1956 2277 pre—

298 2288 404 2319 missis
432 2289 650 2329 interfuimus,
684 2299 722 2320 ea
753 2299 830 2320 vera
861 2299 948 2329 esse,
977 2288 1118 2330 sigillum
1147 2291 1291 2320 nostrum
1319 2289 1352 2319 in
1377 2288 1554 2320 eorundem
1580 2287 1782 2319 evidenciam
1806 2287 1956 2319 duximus

299 2340 360 2371 hiis
382 2340 497 2371 litteris
521 2340 758 2381 apponendum,
783 2340 841 2371 sub
866 2340 941 2371 data
966 2344 999 2372 et
1022 2340 1074 2371 die
1098 2340 1260 2381 predictis.

406 2391 473 2422 Nos
504 2392 607 2422 eciam
638 2392 814 2433 capitulum
841 2392 1020 2423 Bunnensis
1049 2391 1203 2433 ecclesie,
1228 2392 1304 2433 quia
1331 2391 1495 2423 antedicta
1518 2391 1602 2422 infra
1625 2390 1757 2432 opidum
1780 2390 1953 2421 Bunnense

300 2445 373 2473 acta
397 2446 470 2473 sunt
493 2446 526 2474 et
548 2443 640 2474 nobis
663 2446 789 2474 constat
811 2454 888 2474 vera
911 2454 993 2485 esse,
1017 2443 1157 2485 sigillum
1182 2443 1318 2475 ecclesie
1341 2447 1449 2474 nostre
1473 2442 1515 2474 ad
1538 2453 1651 2474 causas
1674 2443 1705 2473 in
1728 2442 1843 2473 horum
1858 2442 1956 2473 firmi-

302 2497 404 2525 tatem
428 2494 470 2525 ad
493 2505 607 2536 preces
630 2494 801 2526 reverendi
825 2495 945 2526 domini
974 2495 1074 2526 nostri
1098 2494 1219 2526 domini
1241 2494 1376 2526 Henrici
1400 2494 1635 2535 archiepiscopi
1659 2493 1860 2526 Coloniensis
1882 2504 1956 2535 pre-

301 2545 378 2577 dicti
402 2547 611 2588 apposuimus
634 2546 708 2577 huic
731 2547 860 2588 scripto.

407 2648 470 2675 118.
498 2649 523 2682 b)
542 2650 634 2675 caecidit
652 2659 693 2680 αν,-
712 2651 748 2675 sic
765 2651 822 2683 fere
841 2650 999 2675 addendum.
1088 2649 1111 2680 ⁰)
1131 2650 1166 2674 sic
1185 2658 1223 2674 or.
1312 2647 1336 2680 d)
1356 2650 1395 2674 En
1412 2649 1441 2674 in
1460 2649 1514 2674 loco
1532 2657 1594 2674 raso
1612 2658 1649 2674 or.

405 2719 431 2750 1)
452 2717 553 2744 Contra
572 2726 605 2744 ea
622 2726 691 2751 quae
707 2717 803 2744 ‘Neues
813 2717 922 2744 Archiv’
942 2717 1066 2750 XXIII,
1086 2719 1135 2743 317
1151 2719 1206 2743 not.
1220 2721 1233 2742 1
1251 2719 1391 2750 notantur,
1410 2717 1444 2749 cll
1462 2716 1553 2750 potius
1573 2716 1613 2742 M.
1626 2716 1769 2742 Krammer
1786 2715 1883 2742 ‘Wahl
1899 2714 1958 2741 umd

300 2761 468 2794 Einsetzunq
486 2760 533 2786 des
550 2761 701 2788 Deutschen
720 2761 833 2795 Koniys’
852 2761 940 2794 (1905)
962 2769 1025 2794 pay.
1039 2763 1114 2793 23sq.
1155 2760 1322 2794 Intelliyitur
1335 2759 1506 2794 privilegium
1530 2759 1631 2786 Leonis
1650 2759 1704 2786 IX.
1727 2767 1753 2786 a.
1768 2762 1837 2786 1052.
1856 2758 1928 2785 Mai.
1942 2761 1958 2784 7

301 2811 459 2836 concessum,
479 2803 741 2837 Jaffe-Loewenfeld
758 2808 831 2831 4271.

1976 748 1998 765 1⁰

1975 1005 1998 1023 15

1976 1527 2001 1547 2⁶

1976 1783 2002 1801 30

1975 2038 2000 2058 ³5

1975 2299 2001 2318 40

1975 2559 2002 2578 ⁴5
