2124 3132
0 1119 22 1330 wavra-vv,
0 974 20 1119 W
20 1063 23 1066 ,
22 1031 25 1033 ,
0 830 22 1012 we·

942 174 1097 202 INDEX.

295 290 367 321 266.
391 286 571 329 Responsio
600 286 685 328 regis
712 285 842 318 Siciliae
867 285 1032 318 Friderico
1063 286 1131 328 regi
1155 286 1375 320 Romanorum
1406 290 1501 322 missa
1532 291 1629 331 (inter

495 337 575 380 Apr.
593 339 644 370 30.
667 340 701 369 et
724 337 792 369 Iun.
814 339 876 378 18.)
880 361 1628 375 ...............

185 393 259 425 267.
283 390 445 433 Scriptum
467 388 625 422 Friderici
648 399 746 431 super
769 388 875 421 officio
899 392 1030 421 monete
1054 389 1084 421 in
1108 389 1253 422 Lindow.
1303 394 1394 423 1315.
1419 391 1484 424 Mai
1501 396 1530 424 ’.1
1567 418 1574 425 .
1621 418 1628 426 .

186 444 259 476 268.
282 441 366 476 Unio
390 441 475 473 inter
496 440 706 472 Ludewicum
731 444 764 472 et
786 440 963 472 Rudolfum
989 440 1131 473 fratrem.
1180 444 1272 474 1315.
1297 442 1372 474 Mai.
1389 446 1418 475 6.
1459 469 1465 476 .
1512 470 1519 478 .
1619 469 1626 476 .

186 495 366 529 269—271.
390 491 546 525 Mandata
560 491 732 524 Ludewici
740 491 781 524 ad
796 491 1074 534 archiepiscopum
1085 492 1308 535 Moguntinum
1321 496 1510 536 spectantia.
1538 499 1547 527 1
1557 470 1628 528 315.

391 543 504 576 Mate
484 544 600 575 6.—25
604 565 1627 580 ....................

293 598 366 629 269.
390 594 579 627 Mandatum
603 594 751 635 primum.
798 593 874 626 Mai.
893 597 912 625 6
916 619 1626 631 ..............

293 649 365 680 270.
389 645 578 678 Mandatum
602 645 788 677 secundum.
834 645 911 677 Mai.
929 648 948 678 6
952 671 1627 682 .............

293 702 367 732 271.
389 698 579 731 Mandatum
602 698 743 730 tertium.
789 697 864 730 Mai.
886 699 926 729 25
930 721 1627 734 ..............

183 753 258 786 272.
281 749 517 784 Testimonium
539 759 636 791 super
651 749 870 781 controversia
886 749 970 782 inter
986 749 1208 792 Moguntinum
1226 754 1260 783 et
1275 750 1500 784 Trevirensem
1523 752 1628 784 arehi-

392 801 572 844 episcopos.
621 801 713 832 1315.
738 799 814 832 Mai.
832 802 851 832 9
853 824 1626 835 ...............

184 855 368 888 273-275.
392 851 520 894 Scripta
550 850 691 884 Conradi
721 851 763 883 de
792 851 987 884 Hohenloch
1020 855 1053 884 et
1079 852 1246 885 Ludewici
1277 854 1372 895 regis.
1428 855 1519 886 1315.
1546 855 1630 887 inter

393 903 470 936 Mai.
491 905 539 935 12.
564 905 598 936 et
623 905 671 935 17.
674 905 813 935 —1316.
838 903 969 936 Mart.9
973 928 1626 939 .............

293 958 366 1013 273.
389 954 551 1001 Scriptum
585 953 728 987 Conradi
762 965 820 996 pro
859 954 1103 997 archiepiscopo
1142 955 1331 998 Moguntino
1370 956 1467 998 prius.
1537 960 1627 990 1315.

496 1008 580 1039 inter
601 1006 678 1039 Mai.
698 1007 748 1039 12.
773 1009 806 1038 et
832 1009 869 1038 17
872 1031 1628 1043 ...............

292 1062 365 1092 274.
391 1059 552 1102 Scriptum
576 1057 741 1091 Ludewici
766 1059 861 1101 regis.
910 1061 986 1091 131
973 1072 1002 1091 ›.
1026 1059 1102 1091 Mai.
1116 1060 1156 1091 28
1160 1083 1628 1094 ..........

293 1114 366 1144 275.
394 1110 558 1153 Scriptum
588 1109 729 1143 Conradi
760 1121 818 1152 pro
848 1110 1092 1152 archiepiscopo
1123 1110 1312 1153 Moguntino
1341 1110 1487 1143 alterum.
1538 1114 1628 1144 1316.

499 1161 594 1194 Mart.
611 1163 631 1194 9
634 1185 1628 1197 ...................

184 1217 367 1249 276-280.
391 1214 536 1247 Litterae
560 1213 647 1256 regis
667 1213 866 1255 Aragonum.
917 1215 1008 1246 1315.
1032 1213 1108 1246 Mai.
1130 1217 1177 1246 13.
1245 1239 1627 1248 ........

293 1269 366 1299 276.
390 1265 573 1308 Responsio
596 1264 762 1299 Friderico
786 1265 856 1307 regi
879 1265 985 1298 missa.
1032 1265 1109 1297 Mai.
1129 1268 1176 1298 13.
1238 1290 1246 1297 .
1293 1291 1301 1299 .
1457 1277 1465 1285 ·
1511 1292 1518 1300 .
1566 1292 1573 1299 .
1620 1293 1628 1301 .

293 1320 367 1350 277.
389 1317 571 1360 Responsio
594 1316 839 1359 archiepiscopo
864 1316 1048 1349 Coloniensi
1072 1317 1158 1350 data.
1209 1317 1285 1350 Mai.
1306 1320 1352 1350 13.
1406 1342 1414 1350 .
1460 1344 1468 1352 .
1512 1344 1520 1354 .
1567 1343 1575 1351 .
1621 1344 1627 1351 .

293 1371 366 1403 278.
390 1369 536 1402 Litterae
559 1367 602 1400 ad
625 1372 868 1411 procuratorem
891 1368 1048 1401 Friderici
1071 1370 1167 1412 regis.
1214 1369 1290 1402 Mai.
1312 1371 1347 1402 13
1351 1394 1627 1403 ......
1627 1380 1634 1389 “

293 1423 366 1454 279.
390 1421 535 1454 Litterae
559 1419 601 1453 ad
624 1423 867 1462 procuratorem
891 1431 993 1452 suum.
1039 1420 1115 1453 Mai.
1136 1423 1183 1453 13.
1242 1445 1627 1454 ........

293 1474 366 1506 280.
390 1473 535 1505 Litterae
558 1471 602 1504 ad
623 1471 795 1504 Elizabeth
817 1472 973 1514 reginam.
1020 1473 1095 1505 Mai.
1116 1475 1153 1505 13
1158 1497 1626 1506 ..........

184 1527 260 1559 281.
283 1525 430 1558 Litterae
452 1523 612 1558 Friderici
634 1523 677 1556 ad
699 1534 810 1566 regem
834 1524 1032 1566 Aragonum.
1083 1526 1172 1557 1315.
1198 1524 1273 1557 Mai.
1295 1527 1342 1557 13.
1403 1549 1410 1557 .
1458 1548 1465 1555 .

183 1578 258 1611 282.
293 1578 367 1610 283.
391 1575 567 1618 Privilegia
582 1575 748 1608 Ludewici
765 1586 823 1618 pro
840 1576 971 1608 civitate
987 1576 1224 1618 Ratisponensi.
1275 1579 1366 1608 1315.
1389 1576 1465 1608 Mai.
1483 1548 1626 1608 16.-22.

293 1630 366 1661 282.
390 1626 602 1670 Privilegium
624 1627 752 1660 noviter
775 1637 974 1659 concessum.
1019 1628 1096 1660 Mai.
1117 1630 1153 1659 16
1157 1652 1626 1662 ..........

293 1681 367 1713 283.
391 1679 603 1722 Privilegium
627 1682 738 1711 contra
761 1678 944 1712 turbatores
966 1680 1054 1721 pacis
1078 1690 1274 1712 concessum.
1321 1680 1396 1712 Mai.
1414 1682 1464 1712 22.
1511 1703 1519 1711 .
1566 1705 1573 1712 .
1618 1703 1626 1711 .

183 1733 368 1765 284-286.
392 1730 519 1774 Scripta
535 1730 693 1764 Friderici
717 1741 775 1773 pro
798 1731 969 1763 comitibus
985 1731 1025 1763 de
1042 1731 1258 1764 Helfenstein.
1307 1734 1398 1763 1315.
1423 1731 1498 1763 Mai.
1509 1733 1560 1763 20.
1574 1733 1625 1763 21.

294 1785 368 1816 284.
393 1782 554 1825 Scriptum
577 1783 676 1825 prius.
722 1782 798 1816 Mai.
816 1785 867 1815 20.
920 1807 1628 1817 ..............

293 1836 367 1868 285.
391 1833 554 1877 Scriptum
577 1833 726 1866 alterum.
771 1833 848 1866 Mai.
866 1836 902 1866 21
911 1858 1627 1869 ..............

294 1888 366 1919 286.
391 1885 568 1919 Promissio
592 1885 745 1918 Iohannis
768 1886 894 1918 comitis
918 1886 958 1919 de
981 1886 1198 1918 Helfenstein.
1243 1886 1319 1918 Mai.
1337 1888 1374 1918 21
1381 1910 1627 1918 ......

183 1939 258 1971 287.
282 1938 428 1970 Litterae
451 1937 618 1970 Ludewici
642 1937 684 1970 ad
707 1937 820 1970 Valles
843 1939 1036 1980 superiores.
1087 1940 1178 1970 1315.
1206 1937 1282 1970 Mai.
1299 1939 1350 1970 25.
1375 1947 1379 1950 ·
1405 1962 1412 1969 .
1459 1962 1466 1969 .
1513 1961 1521 1969 .
1566 1962 1573 1969 .
1620 1962 1627 1969 .

182 1991 258 2023 288.
283 1988 446 2032 Scriptum
468 1988 627 2022 Friderici
650 2000 708 2032 pro
732 1990 862 2022 civitate
887 1989 1100 2022 Gamundiae.
1150 1992 1241 2022 1315.
1266 1990 1335 2021 Iun.
1353 1992 1382 2021 2.
1406 2014 1413 2021 .
1459 2012 1467 2020 .

183 2042 259 2074 289.
294 2043 367 2074 290.
391 2040 519 2083 Scripta
540 2041 709 2074 Ludewici
731 2042 763 2074 in
788 2042 932 2074 favorem
954 2042 1044 2074 Petri
1068 2041 1108 2074 de
1126 2041 1284 2074 Columna
1308 2040 1479 2073 cardinalis
1502 2040 1628 2072 emissa.

395 2095 489 2125 1315.
512 2092 583 2125 Iun.
601 2094 619 2125 3
623 2115 1627 2126 ....................

294 2146 368 2178 289.
391 2144 537 2177 Litterae
561 2146 770 2178 executoriae
793 2145 836 2178 ad
860 2146 1048 2188 episcopum
1072 2148 1104 2177 et
1127 2145 1302 2187 capitulum
1326 2143 1483 2176 ccclesiae
1507 2142 1627 2175 Valen-

497 2196 630 2229 tinensis
653 2207 751 2239 super
774 2196 902 2229 bastida
925 2197 966 2228 de
991 2196 1182 2229 Confluenti.
1233 2196 1303 2228 Iun.
1321 2198 1339 2228 3
1342 2219 1628 2228 ......

292 2249 367 2280 290.
392 2247 537 2280 Litterae
561 2249 771 2281 executoriae
793 2248 1023 2285 adsscivitatem
1047 2248 1313 2280 valentinensem
1342 2256 1440 2289 super
1463 2249 1564 2278 motta
1589 2245 1629 2278 de

494 2298 669 2333 Subdione.
716 2300 786 2332 Iun.
803 2303 821 2332 3
826 2322 1629 2333 ................

183 2353 258 2384 291.
281 2350 427 2383 Litterae
450 2349 655 2384 Alamandae
679 2350 824 2393 Sapei-ae
847 2350 890 2382 ad
914 2361 1024 2393 regem
1047 2351 1246 2392 Aragonum.
1295 2352 1387 2382 1315.
1411 2349 1480 2381 Iun.
1497 2352 1527 2381 6.
1566 2374 1573 2381 .
1620 2373 1627 2380 .

183 2402 368 2435 292—295.
392 2400 520 2444 Scripta
542 2401 700 2434 Friderici
723 2412 782 2444 pro
807 2401 951 2433 diversis.
1000 2403 1092 2433 1315.
1117 2401 1186 2433 Iun.
1208 2401 1387 2443 11.—Aug.
1408 2403 1455 2432 11.
1512 2425 1520 2432 .
1567 2425 1574 2432 .
1620 2424 1628 2431 .

294 2454 367 2485 292.
391 2452 554 2496 Scriptum
584 2464 642 2496 pro
667 2453 838 2485 comitibus
869 2453 910 2485 de
933 2453 1104 2495 Homberg
1132 2455 1166 2485 et
1193 2452 1234 2484 de
1258 2452 1444 2494 Habsburg.
1491 2452 1560 2484 Iun.
1582 2455 1628 2484 11.

293 2506 366 2538 293.
401 2507 474 2537 294.
498 2505 644 2539 Litterae
661 2505 784 2538 civitati
795 2505 1025 2547 Argentinensi
1037 2505 1165 2536 missae.
1202 2506 1292 2536 1315.
1309 2504 1628 2546 Iun.13.—Aug.ll.

401 2557 473 2588 293.
497 2556 644 2589 Litterae
668 2557 802 2599 priores,
848 2556 917 2588 Iun.
935 2558 972 2588 13
976 2579 1627 2589 .............

405 2610 477 2640 294.
501 2608 647 2642 Litterae
671 2608 806 2641 alterae.
851 2608 936 2650 Aug.
956 2610 988 2639 11
998 2630 1627 2640 .............

296 2661 368 2692 295.
393 2658 557 2702 Scriptum
581 2671 640 2702 pro
664 2659 785 2692 abbate
809 2659 919 2692 Sancti
943 2659 1040 2691 Galli.
1087 2659 1156 2691 Iun.
1174 2660 1214 2691 28
1219 2681 1628 2691 .........

183 2712 368 2744 296-206,
394 2710 521 2753 Scripta
536 2711 703 2745 Ludewici
728 2722 786 2754 pro
810 2711 952 2745 diversis.
995 2712 1086 2743 1315.
1109 2709 1403 2743 Iun.22.-1u1.30.
1421 2708 1626 2752 (—Sept.l3.

391 2764 535 2795 —1316.
558 2762 654 2796 Mart.
674 2763 718 2804 7.)
757 2783 1627 2797 .................

293 2815 367 2847 296.
391 2813 576 2847 Infeudatio
600 2814 796 2847 abbatissae.
843 2814 912 2846 Iun.
930 2816 970 2846 22
974 2834 1626 2846 .............

1795 182 1843 208 XV

1726 256 1774 276 paz.

1718 345 1779 375 227

1718 396 1779 426 225

1716 448 1779 478 229

1717 549 1778 579 233

1716 602 1778 631 233

1716 652 1778 682 233

1717 703 1777 734 234

1716 806 1777 836 234

1672 909 1743 939 236.
1781 909 1842 939 237

1717 1012 1778 1042 236

1717 1063 1778 1093 237

1716 1166 1776 1196 237

1673 1217 1843 1248 238-240

1716 1270 1778 1299 238

1716 1321 1779 1350 239

1717 1372 1779 1402 240

1716 1424 1779 1453 240

1715 1475 1778 1505 24⁰

1715 1527 1771 1557 241

1673 1578 1744 1608 242.
1780 1578 1842 1608 243

1715 1630 1777 1659 242

1716 1681 1777 1711 243

1672 1733 1744 1763 244.
1780 1733 1842 1763 245

1716 1784 1778 1814 244

1716 1835 1778 1865 245

1716 1887 1778 1917 245

1717 1939 1779 1969 246

1715 1990 1777 2020 247

1672 2092 1842 2123 247-254

1716 2196 1778 2226 247

1717 2299 1776 2329 251

1716 2351 1777 2380 254

1674 2403 1843 2432 255—257

1718 2454 1778 2483 *255

1718 2505 1779 2535 2515

1717 2557 1779 2586 256

1717 2608 1779 2637 256

1718 2659 1778 2688 257

1674 2761 1841 2790 257-264

1717 2813 1777 2841 257
