2184 3126
354 179 415 209 744
631 172 727 200 ACTA
746 172 860 199 REGNI
878 169 1063 198 LUDEWICI
1082 169 1130 197 IV.
1148 169 1195 195 ΕΤ
1215 168 1401 196 FRIDERICI
1420 168 1469 196 ΙΙΙ,
1507 168 1582 195 1324.
1619 167 1667 195 Nr.
1681 167 1740 195 909.

351 264 492 293 nostram
515 260 635 291 habere
659 263 819 299 tenemur,
843 257 919 289 fidei
941 256 1077 297 negocio
1101 258 1139 287 et
1157 255 1293 287 ecclesie
1317 255 1413 286 statui
1437 253 1558 286 consuli
1582 254 1762 296 cupientes,
1789 264 1849 296 pro
1871 254 2005 286 vitando

352 310 519 354 dispendio
553 310 695 342 scandali
725 309 885 351 generalis
918 310 1120 349 nequeuntes
1148 310 1314 348 urgentem
1340 306 1540 338 consciencia
1567 305 1713 347 predicta
1736 308 1769 337 et
1796 305 1876 337 alias
1904 306 2005 347 ipsius

351 363 514 405 nequicias
536 362 594 393 sub
618 361 824 393 connivencia
847 363 880 391 et
903 358 1159 390 dissimulacione
1182 359 1328 398 transire,
1351 367 1424 389 cum
1447 367 1543 399 super
1557 357 1711 399 predictis
1726 367 1768 389 ex
1783 356 2004 398 frequentibus

353 419 386 446 et
408 414 563 446 assiduisn
586 412 777 444 clamoribus
800 422 858 452 per
884 410 1064 451 fidedignos
1087 414 1187 450 sepe⁰
1211 410 1318 451 sepius
1340 408 1526 440 inculcatisl‘
1549 409 1618 440 eius
1642 408 1749 450 opinio
1773 407 2004 440 vehementerq

353 469 385 498 et
400 465 584 497 notabiliter
599 465 640 495 sit
662 466 820 505 gravatas,
844 461 1024 503 predictum
1047 460 1215 492 concilium
1239 460 1391 502 generale
1415 470 1473 501 pro
1489 459 1643 501 predictis
1658 460 1849 502 congregari
1863 460 2004 502 petimus
2033 469 2048 489 s

352 520 403 548 et⁸
424 527 495 548 cum
518 516 672 546 instancia
695 515 849 555 petimus⁸
865 513 1012 555 repetita.
1057 511 1108 543 Ne
1131 514 1239 543 autem
1256 511 1360 542 dictus
1375 511 1548 552 Iohannes,
1572 513 1627 554 qui
1642 511 1786 543 animose
1803 514 1837 543 et
1851 511 2004 543 iniuriose

351 571 461 599 contra
490 577 548 598 nos
577 569 610 597 et
644 575 768 597 sacrum
800 565 969 605 imperium
997 564 1061 594 iam
1090 563 1211 604 incepit
1240 561 1435 604 procedere²
1459 565 1492 594 et
1517 563 1674 604 processit
1699 565 1736 594 ut
1765 562 1882 594 dicitur
1914 562 2003 595 nullo

350 629 478 660 prorsus
507 618 584 648 iuris
614 617 725 648 ordine
754 616 944 647 observatou
972 618 1005 646 et
1032 614 1209 656 procedere
1239 614 1368 656 gravius
1395 615 1620 655 comminatur,
1650 614 1818 657 inpedirev
1840 618 2004 656 satagens,

349 680 388 701 ne
412 680 469 700 sua
492 669 523 700 in
546 669 652 700 lucem
666 668 796 699 veniant
820 677 920 708 opera
940 666 1157 705 tenebrarum,
1181 665 1434 696 convocacioni'
1449 665 1657 698 huiusmodi¹
1679 669 1713 698 et
1735 666 2004 708 congregaeionir

349 721 473 752 concilii
507 720 687 762 generalis²
715 719 837 750 directe
868 718 920 749 vel
948 717 1104 749 indirecte
1132 716 1366 758 impedimenta
1395 716 1569 758 prestando
1596 717 1648 749 vel
1675 718 1769 759 alias,
1798 718 1875 760 quin
1901 719 2004 749 status
2021 725 2049 745 ιο

349 772 430 803 sacri
452 772 579 813 imperii
602 775 635 803 et
657 773 789 802 noster‘*
811 770 865 802 etb
888 772 1088 801 nostrorum⁰
1111 769 1292 810 principum
1316 771 1349 800 et
1371 768 1571 800 subditorum
1594 769 1695 811 ipsius
1723 770 1755 800 in
1778 770 1848 812 ipso
1877 770 2004 811 integer

349 825 480 863 existat,
511 826 622 855 contra
645 833 770 854 sacrum
794 822 981 863 imperium,
1011 831 1068 852 nos
1092 823 1124 851 et
1148 823 1266 851 statum
1290 823 1435 852 nostrum
1457 822 1492 852 et
1512 820 1607 852 iura⁶
1629 820 1757 862 imperii
1781 824 1815 853 et
1837 823 1947 852 nostra
1970 823 2004 853 et

348 879 448 906 terras
479 875 638 916 ipsorum⁸
669 878 702 906 et
730 876 872 914 nostras,
903 873 1072 911 ecclesias,
1106 872 1264 913 prelatos,
1300 871 1461 913 principes
1493 871 1729 904 ecclesiasticos
1757 874 1790 904 et
1811 871 2002 914 mundanos,

347 926 485 958 barones
509 929 542 957 et
570 926 650 958 alios
677 925 803 965 fideles,
836 925 975 956 vasallos
1000 927 1033 955 et
1055 923 1200 955 subditos
1229 927 1355 955 nostros
1385 926 1419 955 et
1445 925 1549 955 terras
1581 926 1706 955 nostras
1734 927 1768 955 et
1799 923 1942 965 ipsorum
1969 926 2004 955 et

348 981 457 1009 contra
480 977 600 1019 ipsum‘
616 987 741 1009 sacrum
757 977 927 1018 imperium
951 979 984 1007 et
1006 976 1125 1017 ipsiusg
1141 975 1223 1007 sacri
1245 975 1372 1016 imperii
1395 978 1514 1006 statum
1537 975 1571 1006 in
1593 975 1702 1017 aliquo
1719 975 1876 1017 spirituali
1891 974 2002 1017 gladio
2020 984 2048 1005 u

348 1028 511 1060 abutendo
540 1028 581 1060 de
611 1029 696 1060 facto
725 1027 880 1069 procedat
914 1026 1236 1066 excommunicando,
1267 1026 1507 1068 interdicendo,
1541 1026 1800 1068 suspendendot‘,
1835 1026 2002 1068 privando,

348 1080 569 1112 transferendo
597 1080 648 1111 vel
672 1080 751 1111 alios
780 1079 1023 1121 quomodolibet
1051 1078 1242 1115 ordinando,
1273 1089 1331 1120 pro
1354 1077 1446 1109 nobis
1470 1078 1525 1109 eth
1548 1077 1626 1120 prof
1650 1077 1743 1110 nobis
1769 1077 2003 1110 adherentibus

348 1131 392 1162 eti
415 1142 497 1163 nunc
524 1135 556 1163 et
582 1132 614 1162 in
638 1132 777 1162 futurum
800 1130 957 1162 adherere
981 1130 1175 1168 volentibus,
1205 1130 1421 1171 cuiuscunque
1449 1132 1551 1161 status
1578 1132 1611 1162 et
1638 1129 1835 1161 condicionis
1861 1130 2004 1162 existant

343 1183 562 1214 *ecclesiastice
586 1183 637 1214 vel
665 1182 839 1222 mundane,
870 1182 911 1213 ad
939 1182 1120 1224 predictum
1143 1182 1296 1224 generale
1321 1175 1506 1222 concilium,
1536 1181 1624 1224 quod
1646 1182 1803 1213 instanter
1830 1185 1884 1213 et*¹
1907 1181 2002 1214 cum¹¹

346 1235 501 1266 instancia
523 1234 675 1276 repetita¹
698 1233 750 1265 inf
769 1234 840 1266 loco
864 1237 932 1266 tuto
955 1233 1047 1265 nobis
1071 1237 1104 1265 et
1123 1234 1239 1265 nostris
1261 1233 1431 1265 convocari
1453 1234 1631 1275 petimen,
1655 1235 1689 1265 et
1711 1232 1753 1265 ad
1768 1237 1901 1265 verum¹²
1918 1233 2001 1276 legi-
2019 1241 2048 1262 ω

347 1286 457 1317 timum
494 1286 633 1317 futurum
668 1296 826 1317 summum
861 1286 1046 1327 pontificem
1081 1289 1114 1317 et
1147 1286 1189 1316 ad
1223 1288 1367 1317 sanctam
1399 1285 1570 1317 ecclesiam
1603 1287 1741 1317 matrem
1775 1287 1938 1317 nostramo
1969 1288 2003 1318 et

346 1337 555 1378 apostolicam
579 1337 709 1369 sedem1’
724 1338 774 1369 vel
798 1337 860 1368 adss
875 1338 965 1377 alios,
989 1336 1031 1368 ad
1054 1347 1151 1378 quem
1167 1337 1218 1368 vel
1241 1336 1283 1368 ad
1300 1347 1381 1378 quos
1404 1337 1501 1369 fuerit
1524 1337 1766 1379 appellandum,
1788 1346 2003 1378 provocamus
2025 1356 2029 1361 -

346 1391 399 1420 etss
421 1388 623 1430 appellamus
645 1390 676 1419 in
700 1389 825 1430 scriptis
849 1392 881 1420 et
904 1389 1140 1430 appellationes
1163 1399 1222 1430 per
1250 1398 1309 1419 nos
1332 1388 1434 1420 factas
1463 1388 1541 1420 alibi
1568 1389 1759 1420 innovamus
1781 1391 1815 1420 et
1836 1387 2003 1430 apostolos

348 1441 577 1472 testimoniales
600 1451 619 1471 a
642 1440 734 1471 vobis
756 1441 953 1482 principibus
982 1440 1120 1471 nostrisq
1144 1440 1370 1472 ecclesiasticis
1399 1442 1432 1472 et
1453 1440 1623 1472 mundanis
1651 1442 1685 1471 et
1709 1440 1843 1471 notariis
1865 1439 2002 1482 publicis

346 1491 396 1522 hic
420 1491 638 1533 presentibus‘
663 1503 733 1523 cum
757 1493 913 1523 instancia
940 1492 1140 1533 postulamus
1169 1494 1202 1523 et
1233 1491 1370 1523 iterum·
1399 1501 1472 1523 cum
1497 1491 1654 1523 instancia
1680 1491 1889 1533 postulamus.
1933 1491 2002 1522 Ac⁵
2019 1498 2047 1520 π

345 1546 559 1584 protestamur
582 1554 733 1584 expresse
764 1543 805 1574 de
836 1543 1018 1575 innovando
1056 1543 1308 1585 provocaciones
1343 1546 1376 1575 et
1409 1542 1650 1585 appellaciones
1684 1544 1718 1574 et
1746 1542 2002 1583 protestaciones

345 1594 519 1635 predictas,
543 1594 622 1635 ubi¹‚
653 1594 781 1636 quando
813 1597 846 1626 et
874 1595 955 1626 sicut
979 1598 1011 1626 et
1034 1605 1142 1626 coram
1170 1594 1286 1636 quibus
1314 1594 1424 1626 nobiss
1448 1594 1565 1626 visumt
1591 1593 1689 1626 fuerit
1716 1593 1872 1635 expedire
1900 1596 1934 1625 ct
1959 1592 2001 1625 de

345 1645 412 1677 iure
442 1645 623 1677 tenebimur
645 1650 763 1688 atqucu
787 1646 996 1678 debebimusv
1020 1657 1078 1688 pro
1106 1647 1208 1679 tutela
1237 1649 1271 1678 et
1305 1647 1476 1679 securitate
1504 1646 1587 1678 sacri
1616 1645 1744 1687 imperii
1771 1648 1804 1677 et
1829 1647 1939 1677 nostra
1968 1647 2002 1676 et

345 1697 505 1728 omniumk
529 1697 754 1739 singulorumw
778 1697 1064 1740 supradictorum¹.
1488 1692 1494 1700 ⁸

1561 1744 1589 1772 4.
1613 1744 1643 1772 5.
1963 1759 1979 1775 ,›
2019 1748 2047 1768 ao

1260 1801 1343 1834 Acta
1373 1805 1425 1834 ety
1447 1801 1613 1844 publicata
1642 1801 1704 1833 fuit
1733 1800 1794 1832 hec
1822 1799 2000 1842 appellatio

1195 1864 1279 1885 anno
1302 1853 1434 1886 Domini
1456 1853 1712 1886 MCCOXXHII
1726 1853 1749 1884 ¹.

447 1952 514 1980 909.
542 1953 574 1987 m)
593 1963 639 1980 nos
657 1955 719 1980 add.
737 1954 762 1980 4.
775 1955 799 1981 5.
883 1956 908 1988 u)
927 1960 953 1982 et
971 1957 1082 1982 assiduis
1101 1957 1153 1983 des.
1171 1957 1195 1983 5.
1266 1957 1290 1989 ⁰)
1309 1962 1336 1983 et
1353 1958 1417 1983 aad.
1434 1957 1459 1982 4.
1472 1957 1497 1984 5.
1567 1956 1593 1989 P)
1612 1957 1771 1983 conculcatis
1787 1955 1814 1982 4.
1827 1955 1852 1983 5.
1923 1955 1949 1989 ⁴1)
1967 1957 2002 1982 sit

341 2002 444 2028 ponunt
462 1997 503 2022 hic
520 1996 544 2022 4.
558 1997 582 2022 5.
681 1997 702 2030 ¹')
720 2003 863 2031 aggravata
881 1998 905 2024 4.
918 1999 942 2025 5.
1048 2000 1069 2030 Β)
1089 2000 1167 2025 verba
1185 2005 1211 2026 et
1229 2006 1252 2026 et
1269 2002 1382 2034 petimus
1401 2001 1454 2027 dee.
1472 1999 1497 2026 4.
1509 2000 1540 2031 5;
1563 2005 1589 2026 et
1600 2001 1752 2034 —pstimus
1770 1999 1920 2026 addemme
1936 1998 1962 2026 2.
1974 1998 2000 2026 3.

344 2039 362 2070 t)
381 2039 473 2064 excidit
491 2039 514 2065 1.
606 2039 631 2070 11)
650 2045 749 2066 servato
767 2041 791 2067 5.
886 2041 910 2073 v)
929 2042 1021 2067 excidit
1038 2041 1063 2068 2.
1162 2044 1192 2075 w)
1212 2045 1422 2070 convocationem
1446 2042 1472 2069 4.
1484 2043 1510 2069 5.
1606 2043 1633 2076 ¹)
1652 2043 1720 2069 dcent
1738 2041 1762 2069 4.
1775 2042 1801 2068 5.
1896 2041 1922 2075 1)
1940 2050 2000 2068 con-
2017 2044 2045 2065 ⁸5

344 2083 518 2114 gregationem
538 2082 560 2108 1.
573 2082 597 2108 4.
610 2082 634 2108 5.
734 2083 756 2116 z)
775 2085 830 2110 loco
848 2093 920 2110 conc.
938 2093 997 2117 gen.
1016 2084 1040 2111 4.
1053 2085 1083 2111 5:
1102 2086 1180 2111 huius
1197 2095 1256 2120 gen.
1270 2094 1341 2112 conc.
1447 2086 1472 2118 ⁸)
1490 2089 1535 2112 ιιῆ·
1555 2086 1577 2112 1.
1682 2085 1708 2119 b)
1726 2086 1768 2111 vel
1786 2085 1811 2112 5.
1917 2085 1940 2118 ⁰)
1958 2086 2001 2112 hic

345 2124 437 2149 desinit
454 2124 478 2150 3.
567 2124 592 2157 ¹¹)
610 2126 675 2151 sacri
694 2126 756 2151 add.
774 2126 798 2151 4.
811 2126 836 2152 5.
924 2126 947 2160 θ)
966 2132 1111 2154 nostrorum
1129 2128 1154 2154 5.
1250 2128 1270 2163 f)
1289 2130 1358 2155 deest
1375 2129 1400 2156 4.
1413 2130 1438 2155 5.
1530 2129 1556 2162 Β)
1575 2130 1644 2156 dem
1660 2129 1685 2156 5.
1772 2128 1798 2161 ¹¹)
1818 2137 1863 2162 pro
1881 2130 1957 2155 nobis
1973 2133 2000 2156 et

345 2167 396 2192 des.
414 2166 438 2192 2.
451 2167 475 2193 5.
572 2167 590 2200 i)
608 2178 639 2194 ex
657 2169 682 2194 4.
696 2169 720 2195 5.
816 2168 843 2202 k)
861 2170 928 2196 deest
946 2170 970 2195 4.
1067 2170 1086 2203 1)
1104 2172 1132 2196 in
1150 2172 1205 2197 loco
1224 2181 1285 2198 raso
1304 2173 1327 2198 1.
1426 2174 1458 2204 ¹¹¹)
1477 2176 1503 2198 et
1520 2173 1672 2206 congregari
1689 2173 1752 2198 add.
1770 2171 1796 2198 4.
1809 2172 1834 2198 5.
1930 2171 1957 2204 1ἱ)
1973 2176 2000 2198 ot

346 2209 407 2234 add.
427 2209 451 2234 1.
463 2209 487 2235 4.
500 2210 524 2236 5.
638 2211 661 2243 ⁰)
679 2215 751 2237 matr.
770 2215 848 2238 nostr.
869 2212 948 2244 (deest
965 2213 992 2245 5)
1018 2215 1080 2239 cccl.
1099 2214 1124 2241 4.
1143 2215 1168 2240 5.
1282 2215 1308 2247 Ρ)
1326 2219 1352 2241 et
1375 2216 1409 2241 ad
1430 2216 1510 2241 alium
1534 2216 1596 2241 add.
1618 2215 1644 2242 4.
1665 2215 1690 2241 5.
1805 2214 1831 2248 q)
1848 2220 1874 2241 et
1891 2215 1955 2241 aaa.
1972 2213 2023 2246 4.,

345 2252 366 2283 r)
384 2256 409 2276 et
427 2253 489 2278 add.
507 2252 532 2278 4.
545 2253 568 2279 5.
656 2255 675 2286 Β)
694 2255 830 2280 iterum—
840 2257 1010 2289 postulamus.
1037 2258 1076 2282 Ac
1095 2258 1147 2283 des.
1166 2257 1189 2283 4.
1204 2257 1227 2283 5.
1303 2258 1323 2290 t)
1342 2259 1436 2284 excidit
1452 2257 1477 2284 2.
1571 2257 1598 2291 ¹¹)
1615 2263 1642 2285 et
1658 2257 1683 2284 4.
1696 2258 1721 2284 5.
1809 2258 1835 2291 V)
1853 2258 2000 2284 tenebimus
2017 2258 2047 2278 ¹⁰

346 2293 369 2319 2·
383 2293 413 2323 4;
432 2299 548 2321 tenemur
566 2294 590 2322 5·
678 2297 708 2329 W)
727 2298 792 2330 sing.
813 2307 879 2324 omn.
898 2299 922 2325 5.
1010 2301 1035 2330 ¹)
1053 2301 1226 2333 predictorum
1244 2301 1267 2327 4.
1282 2302 1311 2331 5;
1330 2302 1371 2327 hic
1389 2302 1509 2328 deciri-un
1527 2301 1551 2328 1.
1564 2300 1589 2327 2.
1677 2301 1702 2334 5)
1720 2302 1788 2327 deut
1805 2301 1831 2328 4.

347 2386 522 2419 municando,
541 2387 740 2421 interdicendo,
759 2391 951 2425 suspendendo
970 2393 1014 2420 vel
1034 2393 1091 2421 alio
1110 2403 1222 2428 quoquo
1240 2395 1335 2427 modo,
1360 2403 1411 2430 pro
1434 2394 1515 2422 nobis
1533 2396 1563 2422 et
1579 2394 1662 2422 nobis
1685 2394 1887 2422 adherentibus
1905 2396 1935 2422 et
1952 2394 2000 2422 ad-

346 2429 441 2456 herere
460 2430 618 2458 volentibus
641 2433 676 2458 ad
698 2433 854 2466 predictum
876 2436 1007 2470 generale
1031 2437 1193 2471 concilium,
1216 2438 1291 2472 quod
1309 2437 1448 2465 instanter
1471 2438 1618 2466 convocari
1636 2437 1772 2472 petimus,
1794 2439 1824 2466 et
1848 2437 1885 2465 ad
1903 2446 2000 2465 verum

346 2472 504 2506 legitimum
521 2473 645 2500 futurum
663 2484 798 2503 summum
818 2477 977 2511 pontificem
996 2479 1041 2507 vel
1059 2480 1141 2513 alios,
1165 2481 1201 2507 ad
1219 2489 1302 2515 quem
1321 2481 1366 2508 vel
1385 2482 1422 2509 ad
1440 2490 1509 2516 quos
1526 2481 1612 2509 fuerit
1630 2481 1845 2517 appellandum,
1866 2489 2000 2516 provoca-

346 2524 406 2562 mus
425 2517 454 2542 et
472 2516 646 2550 appellamus
665 2517 692 2544 in
711 2519 835 2553 scriptis,
862 2529 916 2547 non
934 2522 1087 2549 recedendo
1110 2523 1146 2550 ab
1165 2523 1358 2558 appellatione
1376 2532 1427 2558 per
1445 2524 1552 2552 dictum
1566 2524 1598 2552 G.
1612 2524 1646 2552 de
1659 2525 1803 2560 Nogareto
1821 2523 1998 2560 interposita,
2009 2527 2047 2547 -45

348 2566 392 2583 cui
412 2559 514 2585 extunc
538 2559 693 2586 adhesimus
713 2569 745 2587 ac
764 2561 849 2589 etiam
868 2563 1042 2597 adheremus,
1066 2567 1209 2600 apostolos
1232 2567 1437 2594 testimoniales
1461 2576 1479 2594 a
1497 2567 1578 2595 vobis
1601 2568 1720 2603 prelatis
1744 2570 1774 2595 et
1790 2567 1909 2595 notariis
1933 2576 1998 2595 cnm

346 2599 485 2630 instantia
507 2601 681 2635 postulantes
699 2611 732 2630 ac
758 2613 884 2639 expresse
909 2609 1098 2640 protestantes
1122 2609 1155 2636 de
1180 2609 1338 2636 innovando
1356 2610 1586 2644 provocationem
1612 2613 1642 2638 et
1659 2610 1883 2646 appellationem
1901 2610 1998 2638 hujus·

346 2643 428 2675 modi,
447 2642 503 2675 ubi,
522 2644 632 2677 quando
652 2647 681 2672 et
700 2654 791 2673 coram
810 2648 912 2681 quibus
930 2650 1011 2677 nobis
1030 2651 1119 2678 visum
1138 2652 1223 2679 fuerit
1241 2652 1381 2687 expedire.

410 2735 415 2740 ι
450 2694 475 2726 1)
498 2693 575 2721 Unde
593 2695 665 2722 linea
683 2696 755 2730 dati,
778 2706 857 2731 quam
871 2701 981 2733 praebet
1003 2701 1150 2730 Goldastus
1169 2703 1198 2737 Ι,
1212 2707 1262 2731 328
1280 2707 1342 2737 post
1362 2707 1464 2731 textum
1485 2713 1518 2732 ex
1535 2706 1670 2733 Aventino
1688 2705 1865 2741 desenptum:
1893 2696 1997 2738 nanim

347 2735 555 2771 Regrnoburgii,
568 2746 662 2765 mense
673 2739 806 2774 Augusto,
819 2749 890 2768 anno
901 2742 1010 2770 Domini
1020 2744 1217 2780 MCCCXXIV,
1229 2749 1336 2781 sumpta
1347 2747 1382 2774 sit
1394 2747 1490 2774 nescio.
1517 2747 1604 2775 Codex
1615 2747 1782 2776 bubliotlwoae
1790 2748 1998 2776 Laurens-'anae
2015 2758 2046 2779 ω

347 2777 390 2805 Pl.
406 2778 436 2804 X
442 2778 507 2813 V11,
533 2784 573 2814 19,
599 2780 630 2806 de
652 2789 703 2815 quo
721 2782 755 2814 cf.
775 2783 899 2811 Bandini
917 2785 1081 2821 ‘Cataloqus’
1099 2788 1223 2823 L352sq.
1243 2792 1268 2816 et
1281 2790 1447 2824 prooemium
1465 2790 1589 2818 editionis
1606 2793 1715 2819 nostrae
1732 2791 1831 2819 citatae
1844 2799 1874 2826 p.
1890 2795 1911 2826 7,
1929 2791 1999 2819 hanc
