2190 3172
444 187 550 217 *ACTA
567 186 682 215 REGNI
699 185 883 215 Lunsswlcl
902 185 948 213 lv.
967 185 1014 213 m·
1034 185 1219 213 FRIDERICI
1237 186 1287 213 111.
1324 186 1398 214 1315.
1435 185 1485 213 Nr.
1497 186 1557 214 228.
1576 186 1635 214 229.
1808 190 1867 220 201

223 286 283 318 per
305 285 384 318 quas
407 284 464 307 eos
486 275 608 307 intente
631 283 811 316 precamur,
833 275 870 305 ut
891 278 1106 305 memoratum
1122 283 1234 315 regem
1257 274 1288 305 in
1304 273 1373 306 iure
1389 273 1450 306 sibi
1470 283 1512 306 ex
1528 273 1680 316 predictis
1696 273 1872 315 eleccione,

223 327 410 360 inunccione
433 329 467 358 et
489 325 700 359 coronacione
731 325 856 368 quesite
885 324 956 357 loco
985 328 1019 357 et
1040 327 1188 367 tempore
1211 326 1377 367 oportunis
1399 326 1516 357 nostris
1544 325 1693 367 precibus
1716 329 1749 357 et
1770 327 1870 358 nostri

225 378 502 421 contemplacione
536 377 667 410 honoris
701 375 872 409 confovere
906 375 1035 418 placeat
1069 381 1103 408 et
1128 376 1239 408 auxilii
1267 377 1316 408 sui
1344 387 1439 419 opem
1468 380 1502 409 et
1530 387 1629 419 opera
1659 377 1872 409 effectualiter

224 431 382 474 impertiri
405 440 508 472 acque
531 429 676 462 sinistros
697 431 831 461 conatus
854 438 1130 471 quorumcumque
1154 428 1215 460 sibi
1238 428 1404 460 adversari
1419 428 1595 461 volentium
1611 429 1739 471 paterni
1754 428 1873 460 favoris

192 493 204 512 s
224 481 446 515 benivolencia
470 484 503 514 et
525 480 804 523 circunspeccione
833 479 968 522 provida
991 479 1165 512 refrenare.
1212 479 1358 523 Cumque
1383 480 1534 522 velimus,
1556 484 1592 512 ut
1614 491 1671 512 vos
1693 480 1872 513 litterarum

224 537 411 567 nostrarum⁴
427 532 645 576 predictarum
669 531 967 575 presentacionibus
989 532 1154 574 intersitio,
1177 532 1268 564 vobis
1291 532 1426 564 dicimus
1449 536 1482 564 et
1497 532 1697 572 mandamus,
1713 537 1874 575 quatenus

224 596 281 618 vos
302 596 366 618 una
389 595 460 617 cum
484 584 577 617 dictis
600 584 716 616 nostris
739 583 920 616 cursoribus
943 582 1065 622 adsitis,
1089 593 1160 615 cum
1185 583 1309 616 litteras
1331 587 1457 616 nostras
1480 585 1737 626 presentaverint
1758 594 1872 626 supra-

225 637 342 678 dictas,
375 640 409 669 et
441 636 619 679 procuretis
649 635 774 668 litteras
803 645 900 678 quam
930 635 1028 667 cicius
1055 635 1202 677 poteritis
1229 636 1448 677 rescriptivas,
1476 636 1520 667 sic
1550 640 1585 667 ut
1607 635 1690 668 alter
1713 635 1871 668 dictorum

225 698 389 721 cursorum
419 688 474 731 qui
499 687 541 720 ad
569 698 627 720 nos
654 687 815 720 rediturus
843 691 892 719 est
920 690 953 719 et
983 686 1067 718 alter
1093 687 1125 718 in
1153 687 1356 719 Alamaniam
1386 687 1487 719 iturus
1515 687 1557 719 ad
1587 689 1707 719 curiam
1730 691 1872 720 nostram

182 746 206 766 ¹⁰
224 740 366 773 breviter
387 743 575 772 revertatur.
622 738 814 772 Certificetis
837 739 934 770 etiam
957 749 1016 770 nos
1031 739 1140 780 sepius
1163 738 1204 770 de
1220 738 1400 770 rumoribus
1416 738 1563 771 Romane
1580 740 1667 771 curie
1688 743 1721 771 et
1736 740 1872 771 aliarum

224 792 384 834 parcium,
413 801 494 834 quos
524 790 605 823 scire
632 791 778 833 poteritis
805 794 839 823 et
867 790 960 823 nobis
985 789 1130 822 videritis
1157 789 1361 822 intimandus.
1415 790 1521 832 Super
1547 791 1679 823 autem*
1695 792 1874 833 premissis

225 843 429 886 diligenciam
453 842 641 875 ostendatis.

330 895 448 927 Datum
473 894 592 936 Ilerde,
615 894 709 926 VIII.
733 893 811 926 Idus
833 893 957 934 Marcii,
981 904 1064 925 anno
1087 893 1218 925 Domini
1242 892 1474 926 MCOOXIIII.

1528 936 1621 968 Idem
1644 940 1679 968 ut
1702 948 1808 979 supra.

183 1117 206 1136 ιο
295 1104 380 1142 229.
421 1104 572 1140 JAtterae
598 1104 744 1140 civitatis
773 1103 1045 1139 Barcinonensis
1072 1103 1118 1138 ad
1145 1102 1365 1139 Fridem‘cum
1393 1115 1514 1148 reyem.
1619 1102 1730 1138 Mart.
1746 1105 1806 1138 21.

335 1178 383 1218 Cf.
406 1178 506 1219 snpra
528 1178 572 1210 ad
592 1188 643 1210 nr.
659 1172 733 1209 2'10.

336 1235 434 1275 Copia
458 1234 513 1278 (c.)
535 1234 572 1266 in
587 1233 684 1266 Libro
706 1234 944 1266 ordinationum
965 1233 1005 1265 ab
1027 1243 1112 1266 anno
1139 1233 1232 1265 1314.
1255 1243 1355 1274 usque
1376 1232 1421 1264 ad
1443 1233 1536 1264 1315.
1560 1232 1714 1264 tabularii
1735 1233 1875 1264 civitatis

226 1287 485 1322 Barcinonensis.
511 1304 551 1310 —
578 1285 640 1318 Ed.
657 1286 798 1318 Antonio
820 1285 857 1317 de
883 1285 1046 1326 Capmany
1066 1295 1088 1326 y
1110 1285 1147 1317 de
1170 1284 1365 1325 Montpalau
1386 1284 1574 1317 ‘Memoriae
1594 1284 1765 1316 historicas
1785 1284 1875 1317 sobre

227 1341 261 1372 la
282 1339 421 1377 marina,
444 1338 592 1370 comercio
612 1348 634 1378 y
655 1340 741 1369 artes
763 1337 800 1369 de
815 1337 1007 1370 Barcelona‘
1030 1337 1072 1369 ΙΙ
1086 1337 1202 1378 (1779)
1219 1347 1254 1377 p.
1271 1337 1314 1368 73
1335 1347 1384 1369 nr.
1401 1336 1453 1368 41.
1498 1336 1680 1368 Editionem
1694 1337 1872 1376 repetimus.

183 1435 209 1455 so
334 1425 555 1457 Illustrissimo
580 1434 618 1456 ac
646 1424 815 1466 magnifico
843 1423 978 1466 principi
1002 1423 1132 1455 domino
1156 1423 1321 1455 Friderico
1343 1423 1406 1455 Dei
1434 1423 1539 1465 gratia
1560 1422 1780 1455 Romanorum
1803 1425 1874 1466 regi

227 1487 355 1520 semper
384 1478 520 1519 augusto
609 1475 781 1508 consiliarii
814 1478 848 1507 et
880 1475 973 1518 probi
1005 1474 1152 1507 homines
1185 1485 1223 1507 ac
1257 1478 1326 1507 tota
1355 1475 1544 1506 universitas
1575 1475 1712 1507 civitatis
1739 1475 1873 1507 Barchi-

227 1540 311 1562 none
398 1539 433 1561 se
455 1529 542 1570 ipsos
565 1538 638 1559 cum
661 1527 773 1559 debita
796 1528 977 1559 reverentia
1000 1530 1032 1559 et
1054 1527 1188 1559 honore.

334 1580 572 1622 Magnificentie
602 1582 708 1611 vestre
736 1579 860 1611 litteras
886 1579 1067 1621 recepimus
1090 1579 1305 1619 continentes,
1330 1578 1416 1620 quod
1443 1589 1546 1620 nuper
1568 1583 1703 1611 vacante
1726 1578 1874 1610 Romano

227 1633 363 1675 imperio
386 1642 406 1663 a
428 1631 548 1663 saniori
570 1634 663 1673 parte
687 1630 865 1672 principum
889 1631 920 1662 in
945 1630 1102 1662 electione
1126 1629 1263 1662 Romani
1287 1630 1373 1671 regis
1396 1630 1444 1661 ius
1468 1629 1654 1662 habentium
1683 1631 1714 1662 in
1738 1631 1875 1662 termino

184 1696 210 1716 ss
229 1683 272 1717 ad
294 1683 354 1716 hoc
376 1677 500 1726 prefixa
524 1682 741 1724 peremptorie
770 1685 804 1714 et
829 1682 954 1724 precise
983 1681 1105 1714 electus
1128 1682 1282 1713 canonice
1311 1681 1353 1712 ad
1376 1681 1491 1723 prefati
1516 1682 1606 1723 regni
1630 1682 1767 1724 insignia
1789 1682 1872 1713 exti—

228 1736 311 1769 tistis
343 1745 468 1767 necnon
500 1745 559 1776 per
591 1733 810 1766 venerabilem
839 1733 1016 1765 Henricum
1053 1736 1162 1765 sancte
1196 1732 1396 1764 Coloniensis
1428 1733 1565 1765 ecclesie
1595 1733 1874 1775 archiepiscopum

230 1787 312 1819 sacri
331 1787 460 1829 ,imperii
483 1796 541 1828 per
563 1785 692 1817 Italiam
715 1785 1043 1825 archicancellarium,
1067 1785 1117 1816 cui
1140 1784 1199 1815 soli
1224 1794 1264 1815 ex
1288 1785 1467 1816 inveterata
1491 1788 1525 1816 et
1547 1785 1734 1817 inconcussa
1756 1795 1873 1827 appro-

230 1837 306 1870 bate
335 1837 573 1871 consuetudinis
604 1837 809 1869 observantia
837 1836 1003 1868 Romanos
1030 1847 1124 1878 reges
1151 1837 1307 1878 competit
1336 1846 1506 1875 coronare,
1533 1837 1565 1868 in
1595 1836 1666 1868 loco
1697 1847 1761 1878 quo
1788 1836 1874 1868 idem

230 1889 490 1932 archiepiscopus
512 1899 666 1921 coronare
690 1889 803 1930 potuit,
827 1891 862 1920 ut
883 1893 1020 1930 apparet
1043 1899 1084 1920 ex
1107 1888 1284 1930 privilegiis
1307 1887 1393 1918 sedis
1415 1887 1592 1930 apostolice
1609 1887 1668 1919 sibi
1690 1892 1724 1919 et
1738 1888 1876 1920 ecclesie

187 1954 214 1974 so
230 1951 288 1973 sue
310 1942 469 1974 concessis
479 1941 500 1979 ²,
522 1941 555 1972 in
571 1940 791 1972 Romanorum
815 1950 927 1982 regem
950 1950 1021 1972 cum
1045 1940 1262 1971 sollemnitate
1287 1938 1397 1971 debita
1420 1939 1525 1970 fuistis
1548 1940 1694 1971 inunctus
1717 1944 1750 1971 et
1773 1939 1874 1982 regali

231 1992 414 2025 diademate
446 1993 597 2035 exigente
631 1993 750 2024 iustitia
785 1996 963 2024 coronatus.
1018 1991 1234 2033 Requirentes
1268 2001 1326 2022 nos
1359 1994 1393 2023 et
1422 1994 1591 2022 monentes
1620 1995 1760 2031 attente,
1788 1991 1875 2033 quod

229 2047 335 2077 vestre
367 2044 531 2076 serenitati
561 2053 620 2086 pro
647 2047 736 2075 tanto
763 2044 903 2085 suscepti
930 2043 1059 2075 honoris
1091 2054 1188 2075 onere
1222 2042 1410 2074 sustinendo
1439 2043 1681 2074 convenientius
1711 2043 1876 2085 ipsiusque

229 2097 321 2139 regni
348 2095 484 2128 habenis
510 2095 635 2127 felicius
659 2095 835 2138 dirigendis
865 2096 923 2127 viis
953 2100 986 2127 et
1015 2094 1120 2127 modis
1148 2095 1349 2137 opportunis,
1379 2099 1474 2136 prout
1503 2094 1658 2136 expedire
1682 2095 1875 2136 videremus,

223 2147 315 2180 adeo
336 2147 458 2180 utiliter
479 2147 635 2179 vellemus
657 2147 824 2179 intendere
847 2151 881 2179 et
896 2147 1017 2187 favere,
1033 2147 1119 2189 quod
1143 2147 1228 2189 apud
1253 2147 1413 2188 principes
1435 2156 1492 2178 seu
1516 2149 1618 2178 terras
1642 2146 1732 2178 nobis
1755 2147 1875 2178 vicinas

187 2211 214 2232 u
232 2199 373 2232 iniuriosi
396 2202 529 2231 conatus
552 2209 826 2242 quorumcumque
849 2198 940 2230 vobis
968 2203 1001 2231 et
1026 2199 1162 2241 imperio
1190 2198 1350 2230 rebellare
1373 2198 1548 2230 volentium
1579 2202 1688 2230 nostro
1711 2198 1875 2231 mediante

230 2250 350 2283 auxilio
372 2250 518 2282 valerent
539 2250 675 2282 validius
698 2251 870 2293 procurari.
958 2250 1012 2282 Ad
1041 2251 1131 2282 cuius
1153 2250 1260 2282 littere
1289 2250 1406 2281 seriem
1429 2249 1664 2292 respondentes
1686 2254 1792 2282 vestre
1816 2260 1874 2282 ex-

230 2302 379 2335 cellentie
413 2301 597 2334 defferimus
636 2313 694 2344 per
728 2306 909 2345 presentes,
945 2302 1032 2345 quod
1064 2306 1189 2334 attenta
1223 2301 1396 2341 affinitate,
1432 2312 1528 2343 quam
1566 2312 1638 2333 curn
1672 2303 1877 2334 serenissimo

231 2353 360 2386 domino
389 2353 510 2386 Iacobo
540 2353 603 2386 Dei
631 2354 736 2396 gratia
770 2364 847 2396 rege
875 2355 1076 2396 Aragonum,
1093 2353 1258 2394 Valentis,
1293 2353 1439 2385 Sardinie
1469 2357 1504 2385 et
1532 2352 1663 2385 Corsico
1691 2355 1873 2396 comiteque

230 2405 433 2438 Barchinone
455 2415 494 2437 ac
516 2409 626 2437 sancte
649 2405 796 2437 Romane
820 2405 956 2437 ecclesie
979 2405 1158 2446 vexfflario,
1182 2405 1339 2437 amiranto
1361 2408 1394 2436 et
1409 2405 1579 2446 capitaneo
1595 2405 1750 2446 generali,
1767 2410 1876 2437 nostro

187 2469 215 2490 ιο
233 2457 362 2489 domino
389 2457 542 2498 singulari
571 2457 782 2499 Omnipotens
809 2467 866 2489 vos
892 2458 1073 2496 coniunxit,
1103 2458 1258 2499 premissa
1294 2456 1402 2488 littera
1436 2466 1495 2498 per
1527 2467 1585 2487 nos
1612 2467 1683 2487 cum
1713 2467 1752 2487 ea
1779 2467 1874 2498 quam

233 2507 328 2541 decet
360 2509 542 2540 reverentia
575 2512 726 2550 accepta,
761 2508 802 2540 de
835 2512 925 2540 tanta
960 2509 1157 2541 exaltatione
1192 2513 1225 2540 et
1258 2509 1460 2550 promotione
1490 2509 1588 2539 vestri
1620 2519 1682 2539 non
1715 2509 1874 2540 immerito

232 2557 400 2593 materiam
423 2559 533 2602 gaudii
555 2561 747 2602 sumpsimus
770 2560 995 2593 vehementem
1018 2571 1142 2592 necnon
1166 2561 1306 2592 omnium
1331 2559 1487 2599 Creatori,
1512 2569 1570 2602 per
1593 2569 1689 2600 quem
1713 2560 1875 2601 principes

234 2610 437 2643 dominantur
461 2614 495 2643 et
516 2611 692 2643 succedunt
714 2622 883 2653 prospere,
905 2613 1070 2644 universas
1092 2612 1266 2654 gratiarum
1291 2611 1420 2642 tulimus
1443 2611 1596 2642 actiones.
1635 2610 1677 2641 Et
1700 2610 1775 2642 licet
1797 2611 1874 2643 nulli

193 2690 195 2693 .
233 2661 288 2694 alii
302 2662 408 2694 simus
435 2661 585 2702 subiecti,
615 2662 739 2704 fulgeat
762 2663 995 2704 proeminentia
1018 2666 1292 2704 quantacumque,
1317 2663 1376 2693 nisi
1400 2666 1522 2694 tantum
1547 2663 1610 2694 iam
1635 2662 1720 2693 dicto
1744 2662 1875 2694 domino

188 2750 217 2771 46
336 2746 403 2774 228.
430 2747 455 2780 b)
474 2749 529 2774 alia
546 2757 626 2774 manu
643 2757 724 2781 supra
743 2749 837 2774 lineam
855 2750 916 2775 add.
935 2758 954 2775 c.

339 2811 365 2846 1)
385 2810 426 2844 Cf.
444 2819 527 2845 supra
541 2820 607 2846 pay.
621 2815 665 2838 116
682 2814 737 2839 not.
751 2817 773 2839 1.

338 2871 378 2891 u..
390 2871 615 2890 οοκετιτυτιοιιιε
628 2871 653 2889 v.
1636 2863 1670 2889 26
