2184 3126
471 200 567 230 ACTA
585 199 700 229 amm
718 197 901 228 LUDEWICI
921 199 967 227 1v.
987 199 1032 227 ΕΤ
1052 197 1237 227 FRIDERICI
1256 197 1305 225 111.
1343 198 1417 226 1324.
1453 197 1572 225 Νιῦδὸ.
1781 201 1844 231 795

186 298 220 328 p.
236 289 301 320 482
322 298 372 321 nr.
387 288 430 320 25
457 298 496 321 ex
524 298 587 328 or.;
618 287 714 328 Kopp
736 287 856 320 ‘Gescla
880 287 936 319 der
958 286 1124 327 eidqendss.
1144 285 1269 319 Biimle’
1299 285 1334 324 V,
1352 286 1371 317 1
1389 296 1425 325 p.
1442 285 1504 317 481
1527 295 1576 317 nr.
1594 287 1614 315 6
1640 296 1678 318 ez
1705 296 1768 324 or.‚·
1801 286 1844 324 cs.

182 350 218 381 1).
236 341 300 372 156
320 342 384 373 not.
399 341 431 373 2.

298 398 445 439 Bo'hmer,
468 400 543 441 Rey.
559 399 643 432 Lud.
664 409 696 441 p.
711 398 778 431 252
798 398 1030 432 Reichssachen
1049 401 1119 439 post
1140 408 1190 431 nr.
1208 398 1281 430 170.

299 485 438 518 Karolus
452 485 515 519 Dei
530 485 634 527 gratia
645 484 782 518 Franeie
799 488 831 517 et
843 484 989 518 Navarre
1004 489 1083 518 rex·
1158 484 1314 516 universis
1330 487 1497 527 presentes
1512 484 1637 517 litteras
1652 484 1845 527 inspecturis

160 550 171 570 s
190 537 337 570 salutem.

302 592 327 622 1.
359 588 521 622 Noveritis
544 589 631 631 quod
653 589 685 622 in
713 591 852 622 tractatu
878 587 1149 621 confederationis
1175 588 1301 620 noviter
1328 587 1492 620 celebrate
1519 588 1603 620 inter
1629 598 1689 620 nos
1716 599 1757 621 ex
1781 599 1844 621 una

190 644 283 683 parte
298 651 338 673 ae
352 640 556 683 magnifieum
574 641 626 674 etb
642 643 808 683 potentem
823 641 925 672 virum
940 638 1125 682 Lupoldum
1148 639 1262 672 ducem
1279 640 1410 672 Austris
1430 650 1489 671 nos
1511 639 1553 672 ad
1576 640 1843 682 supplicationem

190 691 335 725 eiusdem
364 691 455 724 ducis
481 692 565 724 ultra
592 692 787 734 principales
813 691 1042 724 conventiones
1068 691 1151 723 iuter
1179 701 1236 723 nos
1266 694 1300 723 et
1326 691 1430 733 ipsum
1459 691 1586 724 habitas
1608 692 1712 724 eciam
1735 692 1843 724 eidem

189 742 405 775 concessimus
427 745 461 775 et
482 752 611 776 servare
627 744 839 786 promisimus,
862 746 1018 785 quantum
1039 742 1125 775 bono
1148 742 1246 775 modo
1266 742 1375 775 facere
1391 744 1563 785 potuimus,
1587 754 1649 785 que
1672 747 1842 786 sequntur:

147 807 172 828 ιο
297 795 326 826 2.
360 793 523 827 Videlicet
545 795 632 837 quod
655 795 687 827 in
710 805 818 828 casum
841 795 942 835 illum,
966 805 1029 837 quo
1052 797 1214 827 annuente
1229 794 1370 827 Domino
1387 805 1532 827 essemus
1546 794 1578 827 in
1594 805 1706 838 regem
1721 794 1843 827 Roma-

187 853 300 878 norum
316 846 483 888 assumpti,
498 857 561 888 nos
572 846 711 879 eundem
727 846 853 888 ducem,
869 849 965 888 prout
978 845 1072 878 nobis
1087 846 1210 887 liceret,
1226 847 1392 878 mittemus
1408 847 1439 878 in
1455 846 1690 888 possessionem
1708 846 1844 879 duarum

184 897 319 930 vallium
342 897 493 931 videlicet
509 897 605 931 Switz
628 902 662 931 et
683 898 921 932 Under-waldon
937 901 971 930 et
985 898 1254 941 pertinenciarum
1278 908 1406 930 suarum
1428 909 1500 931 cum
1521 899 1585 930 suis
1608 898 1741 938 iuribus,
1764 909 1844 941 quas

188 948 319 992 quidem
342 949 444 982 valles
467 950 554 982 idem
578 950 644 982 dux
666 949 744 983 dicit
766 949 809 983 ad
831 960 867 983 se
890 952 924 983 et
945 949 1060 982 fratres
1083 960 1158 982 suos
1181 949 1279 982 duces
1301 950 1432 982 Austrie
1456 950 1525 982 iure
1549 950 1745 983 hereditario
1768 960 1843 992 per-

188 1001 306 1042 tinere,
340 1004 373 1033 et
406 1002 511 1044 ipsum
546 1002 661 1035 ducem
695 1002 727 1034 in
761 1003 998 1044 possessionem
1032 1011 1142 1034 earum
1177 1000 1404 1042 defendemus,
1439 1004 1594 1044 quantum
1627 1001 1711 1035 bono
1745 1002 1843 1035 modo

142 1062 167 1083 u
186 1062 363 1095 possemus.

297 1107 326 1137 3.
369 1105 453 1138 Item
488 1110 582 1137 cum·
614 1115 722 1138 comes
750 1104 959 1137 Eberhardus
991 1104 1114 1137 nefarie
1148 1105 1347 1137 interfecerit
1380 1104 1512 1137 fratrem
1547 1110 1659 1137 suum·
1691 1106 1843 1138 comitem

187 1155 457 1197 Hartmannuw,
490 1160 602 1189 contra
631 1166 747 1198 pacem
777 1167 836 1199 per
863 1156 1025 1199 prefatum
1050 1181 1057 1188 .
1081 1181 1088 1188 .
1113 1156 1227 1189 ducem
1258 1157 1342 1189 inter
1364 1155 1467 1188 dictos
1489 1180 1497 1188 .
1522 1181 1529 1188 .
1559 1157 1693 1189 comites
1723 1156 1842 1189 factam

187 1208 336 1250 nequiter
358 1208 532 1250 veniendo,
559 1212 691 1251 propter
714 1208 800 1251 quod
823 1208 908 1241 bona
930 1208 1030 1250 ipsius
1052 1207 1266 1240 interfectoris
1289 1211 1362 1240 sunt
1383 1208 1560 1240 secundum
1585 1208 1721 1240 sormam
1744 1209 1844 1251 ipsius

186 1260 276 1301 pacis
298 1260 341 1292 ad
363 1260 533 1303 imperium
557 1259 724 1300 devoluta,
754 1271 813 1293 nos
839 1260 871 1292 in
899 1270 1007 1293 casum
1035 1260 1226 1302 premissum
1254 1259 1374 1292 dictum
1399 1284 1407 1291 .
1432 1284 1438 1291 .
1463 1260 1580 1292 ducem
1605 1259 1844 1292 infeodabimus

143 1322 169 1342 »ο
187 1310 228 1343 de
252 1310 346 1344 dictis
368 1311 461 1344 bonis
483 1315 516 1344 et
539 1310 659 1344 dietum
675 1310 900 1344 Eberhardum
923 1311 964 1344 ad
980 1314 1122 1343 nostram
1145 1312 1284 1353 gratiam
1304 1322 1369 1343 non
1385 1311 1579 1354 recipiemus
1601 1312 1670 1344 sine
1686 1322 1844 1344 consensu

186 1362 263 1395 dicti
287 1386 294 1394 .
312 1385 320 1394 .
344 1362 443 1395 ducis.

294 1417 324 1446 4.
359 1414 443 1447 Item
466 1420 558 1447 oum⁸
580 1414 735 1448 comites‘¹
757 1414 965 1447 Eberhardus
995 1414 1036 1447 de
1059 1414 1297 1458 Wirtemberg‚
1320 1414 1558 1447 Woilhelmus·
1579 1414 1622 1447 de
1644 1414 1842 1456 Monteferfi,

185 1465 346 1499 Iohannes
358 1466 398 1499 de
407 1465 636 1507 Holfensteim‚
651 1466 827 1499 Krastonus
839 1466 879 1499 de
891 1465 1096 1507 Hohenloch‚
1113 1465 1268 1508 Ulr(icus)
1284 1465 1632 1508 lantgravius‘Alsaoie
1639 1471 1664 1507 Β,
1680 1466 1841 1499 Iohannes

186 1517 226 1550 de
244 1517 487 1560 Rappoltzstein
503 1519 535 1550 in
555 1517 717 1550 inferior-i*¹
739 1517 816 1550 villa
837 1517 1052 1550 iuramentum
1068 1516 1233 1550 fidelitatis
1249 1517 1377 1559 prefato
1394 1541 1401 1549 .
1419 1541 1426 1549 .
1450 1517 1525 1550 duci
1541 1519 1574 1549 et
1597 1517 1667 1549 eius
1689 1517 1841 1550 fratribus

143 1579 167 1599 ω
186 1570 355 1611 prestitum
378 1569 580 1612 infregerint,
604 1569 710 1601 eidem
735 1593 742 1601 .
767 1594 773 1601 .
798 1569 872 1601 duci
894 1569 1098 1612 promisimus
1120 1569 1151 1600 in
1175 1579 1285 1601 casum
1309 1570 1510 1611 premissum,
1533 1569 1619 1611 quod
1643 1569 1775 1602 eosdem
1800 1594 1807 1601 .
1833 1594 1840 1601 .

186 1621 320 1653 comites
343 1620 385 1653 ad
408 1624 551 1653 nostram
573 1620 727 1663 gratiam¹
749 1631 812 1653 non
836 1621 1030 1662 recipiemus
1052 1621 1120 1653 sine
1144 1631 1301 1653 consensu
1324 1645 1331 1652 .
1358 1645 1364 1653 .
1389 1620 1480 1653 ducis
1501 1620 1657 1652 eiusdem.

295 1676 325 1705 5.
358 1672 444 1705 Item
467 1672 553 1704 dicto
578 1697 585 1704 .
610 1697 617 1704 .
641 1671 715 1705 duci
738 1673 846 1705 omnia
871 1672 1040 1714 privilegia
1063 1672 1122 1704 sibi
1153 1675 1185 1705 et
1209 1672 1359 1704 fratribus
1386 1672 1452 1704 suis
1479 1682 1499 1704 a
1522 1672 1652 1714 regibus
1679 1675 1713 1704 et
1738 1673 1841 1715 impe-

186 1724 346 1757 ratoribus
368 1724 532 1767 hucusque
556 1734 718 1766 concessa,
742 1724 928 1767 quamtum*
951 1725 992 1757 ad
1016 1735 1074 1757 nos
1096 1725 1258 1767 pertinere
1282 1725 1411 1767 poterit,
1434 1726 1466 1756 in
1490 1724 1610 1757 dictum
1634 1734 1742 1756 casum
1766 1734 1841 1766 pro-

185 1776 330 1808 misimus
353 1776 551 1809 confirmare.

145 1836 171 1855 ω
275 1831 306 1860 6.
339 1828 424 1860 Item
447 1838 519 1860 oum
536 1838 594 1870 per
609 1829 836 1861 conventiones
858 1828 939 1860 alias
961 1829 1044 1860 inter
1065 1838 1122 1860 nos
1145 1830 1179 1860 et
1201 1829 1305 1870 ipsum
1318 1851 1326 1860 .
1339 1853 1346 1860 .
1364 1827 1479 1860 ducem
1502 1827 1629 1859 habitas
1651 1831 1739 1859 certe
1764 1827 1841 1858 civi-

188 1884 272 1913 tates
301 1882 334 1912 et
360 1879 436 1912 ville
465 1881 498 1912 in
526 1879 619 1912 dictis
649 1879 913 1912 conventionibus
942 1879 1194 1922 comprehense¹
1225 1879 1367 1912 debeant
1393 1889 1562 1912 remanere
1589 1879 1676 1911 dicto
1699 1901 1707 1910 .
1731 1903 1738 1910 .
1767 1878 1840 1910 duci

187 1932 341 1974 obligate,
365 1942 533 1974 quousque
557 1935 646 1964 certa
668 1941 794 1964 summa
816 1931 1032 1964 marcharum¹
1054 1931 1115 1963 sibi
1138 1931 1235 1964 fuerit
1250 1931 1452 1973 persoluta-¹,
1476 1931 1680 1973 promisimus
1704 1930 1790 1962 dicto
1807 1953 1815 1961 .
1833 1954 1839 1961 .

187 1983 271 2024 duci,
295 1983 382 2026 quod
398 1984 429 2015 in
445 1993 555 2015 casum
572 1983 762 2026 predictum,
786 1983 812 2015 si
836 1983 922 2016 dicte
942 1983 1089 2015 civitates
1107 1986 1140 2015 et
1155 1982 1230 2015 ville
1247 1993 1343 2025 super
1358 1982 1419 2014 hoc
1434 1982 1609 2015 redderent
1632 1992 1667 2014 se
1690 1982 1840 2021 rebelles,

187 2034 320 2067 easdem
343 2034 385 2067 ad
408 2034 470 2067 hoc
493 2035 648 2067 faciemus
670 2034 821 2077 compelli
843 2035 902 2067 viis
925 2038 958 2067 et
979 2034 1133 2068 remediis
1155 2035 1354 2077 opportunis.

143 2091 168 2113 δῦ
295 2089 324 2118 7.
358 2086 443 2119 Item
476 2086 680 2128 promisimus
711 2085 818 2118 eidem
842 2110 849 2118 .
875 2110 882 2118 .
911 2085 1001 2127 duci,
1035 2086 1121 2129 quod
1155 2097 1213 2129 pro
1247 2086 1359 2118 maiori
1395 2086 1637 2118 confirmatione
1670 2086 1840 2128 pignorum

187 2137 345 2170 dictarum
368 2138 533 2169 civitatum
556 2147 614 2169 seu
637 2137 779 2169 locorum
803 2137 1046 2179 procurabimus
1068 2137 1129 2169 sibi
1152 2137 1277 2170 litteras
1299 2138 1536 2170 carissimorum
1561 2136 1668 2169 fratris
1690 2137 1789 2169 nostri
1807 2161 1815 2168 .
1832 2159 1840 2167 .

187 2188 274 2231 regis
299 2188 445 2230 Boemye
477 2191 511 2221 et
541 2188 689 2220 avunculi
717 2188 817 2220 nostri
842 2213 848 2220 .
874 2215 880 2221 .
909 2188 1166 2231 archiepiscopi¹¹
1193 2189 1403 2222 Treverensis
1431 2189 1685 2221 confirmatorias
1712 2188 1840 2231 predic-

188 2242 293 2272 torum
316 2250 413 2282 quam
437 2241 534 2273 cicius
555 2240 732 2282 poterimus
755 2240 840 2272 bono
863 2239 970 2274 modo.

295 2290 334 2323 In
356 2291 445 2323 ouius
467 2292 515 2324 rei
538 2292 755 2324 testimonium
779 2292 982 2334 presentibus
1003 2292 1119 2324 litteris
1141 2295 1283 2324 nostrum
1309 2292 1444 2324 fecimus
1466 2291 1586 2334 apponi
1610 2291 1760 2334 sigillum.

146 2349 172 2369 ⁴⁰
295 2341 416 2375 Datum
448 2342 535 2385 apud
565 2343 720 2375 Barrum⁰
753 2353 850 2385 supra
877 2343 1011 2384 Albam,
1041 2343 1193 2375 vicesima
1224 2344 1362 2386 septima
1391 2343 1443 2375 die
1472 2342 1561 2383 Iulii,
1595 2353 1679 2375 anuo
1708 2342 1840 2375 Domini

188 2391 306 2425 MGGO
328 2393 606 2436 vicesimoquarto.

231 2477 297 2510 Per
323 2478 488 2512 dominum
511 2506 517 2512 .
541 2504 548 2512 .
571 2490 681 2523 regem
711 2482 743 2512 in
770 2492 827 2513 suo
854 2481 987 2514 consilio
1083 2480 1126 2512 In
1142 2479 1249 2520 plicae
1265 2483 1361 2520 parte
1382 2480 1496 2513 dextra
1519 2482 1652 2522 leyitur:

188 2529 230 2561 ad
253 2529 470 2579 rel(ationem)
493 2530 613 2572 domiui
635 2531 778 2566 Andree.
1612 2532 1652 2565 G.
1668 2533 1795 2574 Juliotj.

290 2639 356 2681 958·
383 2640 408 2675 ι)
430 2650 498 2676 sequ.
517 2661 524 2668 .
541 2661 548 2668 .
571 2652 611 2669 or.
714 2642 740 2675 b)
762 2643 790 2669 in
812 2644 867 2669 100⁰
889 2652 950 2669 rato
974 2652 1013 2669 or.
1119 2643 1348 2675 ¹²)11artmamium
1371 2653 1410 2671 or.
1515 2645 1541 2678 ¹¹)
1560 2646 1608 2671 ires
1631 2646 1657 2671 in
1683 2655 1776 2671 rantra
1800 2655 1830 2671 or

146 2689 171 2709 0³
191 2682 213 2716 ⁰)
231 2683 267 2709 sie
284 2692 322 2710 or.
418 2682 437 2718 f)
456 2685 629 2719 lantgravium
647 2694 686 2712 or.
785 2686 810 2719 Β)
829 2686 929 2712 Alsaeie
946 2695 984 2712 or.
1083 2685 1108 2719 ιι)
1125 2687 1191 2713 infer
1208 2687 1236 2712 in
1253 2695 1350 2712 rasura
1368 2695 1407 2714 or.
1508 2688 1527 2721 ¹)
1545 2689 1577 2714 sd
1596 2694 1708 2715 nostram
1726 2691 1838 2722 gratiam

190 2726 216 2751 ιἰι
235 2727 290 2752 loco
307 2735 368 2753 raso
386 2736 425 2754 or.
519 2727 546 2761 Κ)
564 2728 600 2754 εἰσ
617 2737 656 2755 or.
743 2727 762 2762 ¹)
780 2737 853 2755 uum
873 2729 899 2754 in
918 2738 1014 2755 mcum
1032 2738 1071 2756 or.
1165 2730 1196 2759 m)
1215 2738 1282 2756 corr·-
1300 2738 1331 2756 ει·
1349 2731 1478 2764 personina
1497 2740 1535 2757 or.
1627 2732 1651 2764 ¹¹)
1669 2734 1837 2766 rcbiepiscopi

190 2770 216 2794 iu
235 2769 290 2795 loco
307 2777 369 2796 raso
387 2779 425 2797 or.
514 2770 538 2803 ⁰)
556 2769 635 2804 r(um)
653 2771 681 2797 in
698 2780 794 2797 rmum
811 2780 850 2798 or.

293 2820 319 2853 1)
339 2819 381 2852 Of.
399 2828 483 2854 supra
501 2828 544 2848 nr.
557 2823 607 2848 952
624 2828 683 2856 cap.
695 2825 720 2849 8.

1565 2880 1630 2906 100·
