<?xml version="1.0" encoding="UTF-8"?>
<!DOCTYPE html PUBLIC "-//W3C//DTD XHTML 1.0 Transitional//EN"
    "http://www.w3.org/TR/xhtml1/DTD/xhtml1-transitional.dtd">
<html xmlns="http://www.w3.org/1999/xhtml" xml:lang="en" lang="en">
 <head>
  <title>
</title>
<meta http-equiv="Content-Type" content="text/html;charset=utf-8" />
  <meta name='ocr-system' content='tesseract 3.04.00' />
  <meta name='ocr-capabilities' content='ocr_page ocr_carea ocr_par ocr_line ocrx_word'/>
</head>
<body>
  <div class='ocr_page' id='page_1' title='image "./monumentagerma05geseuoft_0505.png"; bbox 0 0 2184 3126; ppageno 0'>
   <div class='ocr_carea' id='block_1_1' title="bbox 459 174 1875 206">
    <p class='ocr_par' dir='ltr' id='par_1_1' title="bbox 459 174 1875 206">
     <span class='ocr_line' id='line_1_1' title="bbox 459 174 1875 206; baseline -0.003 -1"><span class='ocrx_word' id='word_1_1' title='bbox 459 177 557 205; x_wconf 73' lang='lat' dir='ltr'>ACTA</span> <span class='ocrx_word' id='word_1_2' title='bbox 576 176 690 205; x_wconf 72' lang='lat' dir='ltr'>amm</span> <span class='ocrx_word' id='word_1_3' title='bbox 708 176 892 204; x_wconf 85' lang='lat' dir='ltr'>LUDEWICI</span> <span class='ocrx_word' id='word_1_4' title='bbox 911 177 958 205; x_wconf 85' lang='lat' dir='ltr'>lv.</span> <span class='ocrx_word' id='word_1_5' title='bbox 977 176 1024 204; x_wconf 81' lang='grc' dir='ltr'>ΕΤ</span> <span class='ocrx_word' id='word_1_6' title='bbox 1043 174 1228 203; x_wconf 69' lang='lat' dir='ltr'>mmmmm</span> <span class='ocrx_word' id='word_1_7' title='bbox 1246 174 1294 202; x_wconf 85' lang='lat'>111.</span> <span class='ocrx_word' id='word_1_8' title='bbox 1332 174 1407 203; x_wconf 76' lang='lat'><strong>1320.</strong></span> <span class='ocrx_word' id='word_1_9' title='bbox 1443 174 1492 202; x_wconf 85' lang='lat' dir='ltr'>Nr.</span> <span class='ocrx_word' id='word_1_10' title='bbox 1506 175 1565 202; x_wconf 79' lang='lat'>579.</span> <span class='ocrx_word' id='word_1_11' title='bbox 1583 174 1643 203; x_wconf 85' lang='lat'>580.</span> <span class='ocrx_word' id='word_1_12' title='bbox 1812 176 1875 206; x_wconf 78' lang='grc'>465</span> 
     </span>
    </p>
   </div>
   <div class='ocr_carea' id='block_1_2' title="bbox 175 261 1879 1891">
    <p class='ocr_par' dir='ltr' id='par_1_2' title="bbox 220 261 1877 458">
     <span class='ocr_line' id='line_1_2' title="bbox 221 261 1875 306; baseline -0.002 -10"><span class='ocrx_word' id='word_1_13' title='bbox 221 263 390 306; x_wconf 88' lang='lat' dir='ltr'>dispendia</span> <span class='ocrx_word' id='word_1_14' title='bbox 407 264 580 296; x_wconf 87' lang='lat' dir='ltr'>consuevit.</span> <span class='ocrx_word' id='word_1_15' title='bbox 608 263 754 306; x_wconf 78' lang='lat' dir='ltr'>Revera,</span> <span class='ocrx_word' id='word_1_16' title='bbox 775 263 945 306; x_wconf 88' lang='lat' dir='ltr'>magnifice</span> <span class='ocrx_word' id='word_1_17' title='bbox 968 263 1027 304; x_wconf 85' lang='lat' dir='ltr'>fili,</span> <span class='ocrx_word' id='word_1_18' title='bbox 1050 273 1114 294; x_wconf 92' lang='lat' dir='ltr'>non</span> <span class='ocrx_word' id='word_1_19' title='bbox 1129 261 1290 294; x_wconf 86' lang='lat' dir='ltr'>immerito</span> <span class='ocrx_word' id='word_1_20' title='bbox 1306 261 1523 294; x_wconf 89' lang='lat' dir='ltr'>verisimiliter</span> <span class='ocrx_word' id='word_1_21' title='bbox 1545 261 1765 302; x_wconf 76' lang='lat' dir='ltr'>formidamus,</span> <span class='ocrx_word' id='word_1_22' title='bbox 1789 261 1875 303; x_wconf 91' lang='lat' dir='ltr'>quod</span> 
     </span>
     <span class='ocr_line' id='line_1_3' title="bbox 220 313 1876 355; baseline -0.002 -7"><span class='ocrx_word' id='word_1_23' title='bbox 220 315 402 348; x_wconf 89' lang='lat' dir='ltr'>huiusmodi</span> <span class='ocrx_word' id='word_1_24' title='bbox 432 315 567 348; x_wconf 88' lang='lat' dir='ltr'>durante</span> <span class='ocrx_word' id='word_1_25' title='bbox 598 314 759 348; x_wconf 75' lang='lat' dir='ltr'><strong>discordia</strong></span> <span class='ocrx_word' id='word_1_26' title='bbox 786 315 1019 348; x_wconf 89' lang='lat' dir='ltr'>nobilissimum</span> <span class='ocrx_word' id='word_1_27' title='bbox 1045 313 1236 346; x_wconf 77' lang='lat' dir='ltr'>Alemannis</span> <span class='ocrx_word' id='word_1_28' title='bbox 1258 323 1410 355; x_wconf 89' lang='lat' dir='ltr'>regnum,</span> <span class='ocrx_word' id='word_1_29' title='bbox 1440 314 1472 345; x_wconf 88' lang='lat' dir='ltr'>in</span> <span class='ocrx_word' id='word_1_30' title='bbox 1505 314 1594 345; x_wconf 92' lang='lat' dir='ltr'>cuius</span> <span class='ocrx_word' id='word_1_31' title='bbox 1623 313 1735 355; x_wconf 85' lang='lat' dir='ltr'>utique</span> <span class='ocrx_word' id='word_1_32' title='bbox 1767 313 1876 354; x_wconf 87' lang='lat' dir='ltr'>quiete</span> 
     </span>
     <span class='ocr_line' id='line_1_4' title="bbox 221 363 1877 410; baseline -0.002 -11"><span class='ocrx_word' id='word_1_33' title='bbox 221 367 429 410; x_wconf 79' lang='lat' dir='ltr'>quiescimus,</span> <span class='ocrx_word' id='word_1_34' title='bbox 468 366 603 399; x_wconf 89' lang='lat' dir='ltr'>divisum</span> <span class='ocrx_word' id='word_1_35' title='bbox 637 367 669 398; x_wconf 93' lang='lat' dir='ltr'>in</span> <span class='ocrx_word' id='word_1_36' title='bbox 702 370 811 409; x_wconf 88' lang='lat' dir='ltr'>partes</span> <span class='ocrx_word' id='word_1_37' title='bbox 838 377 875 399; x_wconf 89' lang='lat' dir='ltr'>ac</span> <span class='ocrx_word' id='word_1_38' title='bbox 909 365 1043 398; x_wconf 86' lang='lat' dir='ltr'>excidiis</span> <span class='ocrx_word' id='word_1_39' title='bbox 1071 368 1104 397; x_wconf 89' lang='lat' dir='ltr'>et</span> <span class='ocrx_word' id='word_1_40' title='bbox 1131 364 1229 397; x_wconf 87' lang='lat' dir='ltr'>ruinis</span> <span class='ocrx_word' id='word_1_41' title='bbox 1257 365 1441 406; x_wconf 85' lang='lat' dir='ltr'>expositum</span> <span class='ocrx_word' id='word_1_42' title='bbox 1468 363 1660 396; x_wconf 73' lang='lat' dir='ltr'><strong>desolationi</strong></span> <span class='ocrx_word' id='word_1_43' title='bbox 1689 364 1815 406; x_wconf 88' lang='lat' dir='ltr'>patebit</span> <span class='ocrx_word' id='word_1_44' title='bbox 1843 367 1877 397; x_wconf 90' lang='lat' dir='ltr'>et</span> 
     </span>
     <span class='ocr_line' id='line_1_5' title="bbox 221 415 1877 458; baseline -0.002 -8"><span class='ocrx_word' id='word_1_45' title='bbox 221 418 381 451; x_wconf 88' lang='lat' dir='ltr'>furoribus</span> <span class='ocrx_word' id='word_1_46' title='bbox 403 418 530 450; x_wconf 88' lang='lat' dir='ltr'>bellicis</span> <span class='ocrx_word' id='word_1_47' title='bbox 552 417 762 451; x_wconf 89' lang='lat' dir='ltr'>frementibus</span> <span class='ocrx_word' id='word_1_48' title='bbox 785 419 817 450; x_wconf 91' lang='lat' dir='ltr'>in</span> <span class='ocrx_word' id='word_1_49' title='bbox 839 417 972 450; x_wconf 92' lang='lat' dir='ltr'>eosdem</span> <span class='ocrx_word' id='word_1_50' title='bbox 996 417 1120 450; x_wconf 85' lang='lat' dir='ltr'>hostilis</span> <span class='ocrx_word' id='word_1_51' title='bbox 1142 416 1228 448; x_wconf 88' lang='lat' dir='ltr'>bona</span> <span class='ocrx_word' id='word_1_52' title='bbox 1250 415 1392 448; x_wconf 75' lang='lat' dir='ltr'>vastabit</span> <span class='ocrx_word' id='word_1_53' title='bbox 1413 416 1580 458; x_wconf 81' lang='lat' dir='ltr'>impietas,</span> <span class='ocrx_word' id='word_1_54' title='bbox 1603 426 1686 448; x_wconf 91' lang='lat' dir='ltr'>nunc</span> <span class='ocrx_word' id='word_1_55' title='bbox 1710 415 1772 447; x_wconf 90' lang='lat' dir='ltr'>hoc</span> <span class='ocrx_word' id='word_1_56' title='bbox 1793 426 1877 448; x_wconf 87' lang='lat' dir='ltr'>nunc</span> 
     </span>
    </p>

    <p class='ocr_par' dir='ltr' id='par_1_3' title="bbox 189 466 1878 717">
     <span class='ocr_line' id='line_1_6' title="bbox 189 466 1876 512; baseline -0.001 -11"><span class='ocrx_word' id='word_1_57' title='bbox 189 480 201 500; x_wconf 76' lang='lat' dir='ltr'>s</span> <span class='ocrx_word' id='word_1_58' title='bbox 220 469 276 502; x_wconf 90' lang='lat' dir='ltr'>illo</span> <span class='ocrx_word' id='word_1_59' title='bbox 305 469 405 512; x_wconf 86' lang='lat' dir='ltr'>gladii</span> <span class='ocrx_word' id='word_1_60' title='bbox 436 470 596 502; x_wconf 89' lang='lat' dir='ltr'>occisione</span> <span class='ocrx_word' id='word_1_61' title='bbox 630 473 820 512; x_wconf 89' lang='lat' dir='ltr'>consumpto</span> <span class='ocrx_word' id='word_1_62' title='bbox 852 480 916 501; x_wconf 92' lang='lat' dir='ltr'>non</span> <span class='ocrx_word' id='word_1_63' title='bbox 950 470 1018 501; x_wconf 91' lang='lat' dir='ltr'>sine</span> <span class='ocrx_word' id='word_1_64' title='bbox 1052 468 1227 500; x_wconf 86' lang='lat' dir='ltr'>multarum</span> <span class='ocrx_word' id='word_1_65' title='bbox 1258 466 1434 510; x_wconf 86' lang='lat' dir='ltr'>dispendiis</span> <span class='ocrx_word' id='word_1_66' title='bbox 1461 468 1650 500; x_wconf 88' lang='lat' dir='ltr'>animarum.</span> <span class='ocrx_word' id='word_1_67' title='bbox 1707 467 1876 499; x_wconf 85' lang='lat' dir='ltr'>Advocato</span> 
     </span>
     <span class='ocr_line' id='line_1_7' title="bbox 221 518 1876 563; baseline -0.002 -10"><span class='ocrx_word' id='word_1_68' title='bbox 221 520 351 563; x_wconf 89' lang='lat' dir='ltr'>quidem</span> <span class='ocrx_word' id='word_1_69' title='bbox 373 521 502 553; x_wconf 87' lang='lat' dir='ltr'>interim</span> <span class='ocrx_word' id='word_1_70' title='bbox 530 520 658 563; x_wconf 86' lang='lat' dir='ltr'>prefata</span> <span class='ocrx_word' id='word_1_71' title='bbox 684 520 807 553; x_wconf 80' lang='lat' dir='ltr'>carebit</span> <span class='ocrx_word' id='word_1_72' title='bbox 834 521 972 553; x_wconf 87' lang='lat' dir='ltr'>ecclesia</span> <span class='ocrx_word' id='word_1_73' title='bbox 1000 523 1033 552; x_wconf 89' lang='lat' dir='ltr'>et</span> <span class='ocrx_word' id='word_1_74' title='bbox 1061 519 1146 561; x_wconf 90' lang='lat' dir='ltr'>utili,</span> <span class='ocrx_word' id='word_1_75' title='bbox 1178 518 1265 562; x_wconf 89' lang='lat' dir='ltr'>quod</span> <span class='ocrx_word' id='word_1_76' title='bbox 1293 529 1357 551; x_wconf 90' lang='lat' dir='ltr'>non</span> <span class='ocrx_word' id='word_1_77' title='bbox 1385 519 1453 551; x_wconf 91' lang='lat' dir='ltr'>sine</span> <span class='ocrx_word' id='word_1_78' title='bbox 1476 519 1658 551; x_wconf 76' lang='lat' dir='ltr'>turbatione</span> <span class='ocrx_word' id='word_1_79' title='bbox 1687 518 1876 559; x_wconf 83' lang='lat' dir='ltr'>refferimus,</span> 
     </span>
     <span class='ocr_line' id='line_1_8' title="bbox 219 569 1878 614; baseline -0.001 -10"><span class='ocrx_word' id='word_1_80' title='bbox 219 572 424 605; x_wconf 76' lang='lat' dir='ltr'>frustrabitur</span> <span class='ocrx_word' id='word_1_81' title='bbox 446 571 639 614; x_wconf 80' lang='lat' dir='ltr'>deffensore,</span> <span class='ocrx_word' id='word_1_82' title='bbox 663 572 772 604; x_wconf 90' lang='lat' dir='ltr'>multis</span> <span class='ocrx_word' id='word_1_83' title='bbox 795 572 1004 604; x_wconf 89' lang='lat' dir='ltr'>ecclesiarum</span> <span class='ocrx_word' id='word_1_84' title='bbox 1027 574 1130 604; x_wconf 87' lang='lat' dir='ltr'>status</span> <span class='ocrx_word' id='word_1_85' title='bbox 1152 571 1185 603; x_wconf 91' lang='lat' dir='ltr'>in</span> <span class='ocrx_word' id='word_1_86' title='bbox 1201 571 1286 603; x_wconf 87' lang='lat' dir='ltr'>dicto</span> <span class='ocrx_word' id='word_1_87' title='bbox 1302 569 1426 614; x_wconf 86' lang='lat' dir='ltr'>reg[n]o</span> <span class='ocrx_word' id='word_1_88' title='bbox 1442 570 1613 603; x_wconf 80' lang='lat' dir='ltr'>vexabitur</span> <span class='ocrx_word' id='word_1_89' title='bbox 1627 571 1828 604; x_wconf 82' lang='lat' dir='ltr'>nocumentis</span> <span class='ocrx_word' id='word_1_90' title='bbox 1844 574 1878 604; x_wconf 91' lang='lat' dir='ltr'>et</span> 
     </span>
     <span class='ocr_line' id='line_1_9' title="bbox 217 622 1877 666; baseline -0.001 -11"><span class='ocrx_word' id='word_1_91' title='bbox 217 624 388 666; x_wconf 79' lang='lat' dir='ltr'>negocium</span> <span class='ocrx_word' id='word_1_92' title='bbox 412 623 512 656; x_wconf 79' lang='lat' dir='ltr'>Terre</span> <span class='ocrx_word' id='word_1_93' title='bbox 534 622 666 664; x_wconf 82' lang='lat' dir='ltr'>Sancte,</span> <span class='ocrx_word' id='word_1_94' title='bbox 689 634 752 666; x_wconf 89' lang='lat' dir='ltr'>que</span> <span class='ocrx_word' id='word_1_95' title='bbox 777 627 866 656; x_wconf 85' lang='lat' dir='ltr'>tuum</span> <span class='ocrx_word' id='word_1_96' title='bbox 889 627 923 656; x_wconf 89' lang='lat' dir='ltr'>et</span> <span class='ocrx_word' id='word_1_97' title='bbox 945 623 1081 655; x_wconf 87' lang='lat' dir='ltr'>aliorum</span> <span class='ocrx_word' id='word_1_98' title='bbox 1105 622 1336 655; x_wconf 89' lang='lat' dir='ltr'>catholicorum</span> <span class='ocrx_word' id='word_1_99' title='bbox 1359 622 1539 664; x_wconf 85' lang='lat' dir='ltr'>principum</span> <span class='ocrx_word' id='word_1_100' title='bbox 1562 622 1658 654; x_wconf 81' lang='lat' dir='ltr'>anxie</span> <span class='ocrx_word' id='word_1_101' title='bbox 1681 622 1877 664; x_wconf 82' lang='lat' dir='ltr'>prestolatur</span> 
     </span>
     <span class='ocr_line' id='line_1_10' title="bbox 219 673 1877 717; baseline -0.001 -11"><span class='ocrx_word' id='word_1_102' title='bbox 219 674 396 707; x_wconf 84' lang='lat' dir='ltr'>subsidium</span> <span class='ocrx_word' id='word_1_103' title='bbox 419 677 453 707; x_wconf 84' lang='lat' dir='ltr'>et</span> <span class='ocrx_word' id='word_1_104' title='bbox 468 684 662 716; x_wconf 84' lang='lat' dir='ltr'>succursum,</span> <span class='ocrx_word' id='word_1_105' title='bbox 685 674 912 707; x_wconf 83' lang='lat' dir='ltr'>retardationis</span> <span class='ocrx_word' id='word_1_106' title='bbox 927 675 1107 717; x_wconf 80' lang='lat' dir='ltr'>periculose</span> <span class='ocrx_word' id='word_1_107' title='bbox 1131 677 1266 717; x_wconf 83' lang='lat' dir='ltr'>cogetur</span> <span class='ocrx_word' id='word_1_108' title='bbox 1281 674 1483 706; x_wconf 76' lang='lat' dir='ltr'>obstaculum</span> <span class='ocrx_word' id='word_1_109' title='bbox 1499 674 1650 716; x_wconf 86' lang='lat' dir='ltr'>experiri.</span> <span class='ocrx_word' id='word_1_110' title='bbox 1697 673 1739 706; x_wconf 88' lang='lat' dir='ltr'>Et</span> <span class='ocrx_word' id='word_1_111' title='bbox 1753 674 1877 706; x_wconf 85' lang='lat' dir='ltr'>utinam</span> 
     </span>
    </p>

    <p class='ocr_par' dir='ltr' id='par_1_4' title="bbox 176 725 1876 820">
     <span class='ocr_line' id='line_1_11' title="bbox 176 725 1876 769; baseline 0.002 -14"><span class='ocrx_word' id='word_1_112' title='bbox 176 734 204 755; x_wconf 82' lang='grc' dir='ltr'>ιο</span> <span class='ocrx_word' id='word_1_113' title='bbox 221 728 278 758; x_wconf 85' lang='lat' dir='ltr'>tua</span> <span class='ocrx_word' id='word_1_114' title='bbox 300 729 334 758; x_wconf 90' lang='lat' dir='ltr'>et</span> <span class='ocrx_word' id='word_1_115' title='bbox 357 726 453 759; x_wconf 89' lang='lat' dir='ltr'>electi</span> <span class='ocrx_word' id='word_1_116' title='bbox 470 726 606 768; x_wconf 88' lang='lat' dir='ltr'>predicti</span> <span class='ocrx_word' id='word_1_117' title='bbox 622 726 788 768; x_wconf 90' lang='lat' dir='ltr'>dissensio,</span> <span class='ocrx_word' id='word_1_118' title='bbox 812 737 874 769; x_wconf 93' lang='lat' dir='ltr'>que</span> <span class='ocrx_word' id='word_1_119' title='bbox 898 726 1071 759; x_wconf 90' lang='lat' dir='ltr'>multorum</span> <span class='ocrx_word' id='word_1_120' title='bbox 1094 725 1237 758; x_wconf 87' lang='lat' dir='ltr'>fidelium</span> <span class='ocrx_word' id='word_1_121' title='bbox 1254 725 1352 758; x_wconf 87' lang='lat' dir='ltr'>corda</span> <span class='ocrx_word' id='word_1_122' title='bbox 1369 725 1544 768; x_wconf 89' lang='lat' dir='ltr'>perturbat,</span> <span class='ocrx_word' id='word_1_123' title='bbox 1568 725 1600 757; x_wconf 92' lang='lat' dir='ltr'>in</span> <span class='ocrx_word' id='word_1_124' title='bbox 1616 725 1751 758; x_wconf 89' lang='lat' dir='ltr'>diversis</span> <span class='ocrx_word' id='word_1_125' title='bbox 1766 725 1876 759; x_wconf 89' lang='lat' dir='ltr'>muudi</span> 
     </span>
     <span class='ocr_line' id='line_1_12' title="bbox 219 777 1602 820; baseline -0.001 -10"><span class='ocrx_word' id='word_1_126' title='bbox 219 777 363 820; x_wconf 89' lang='lat' dir='ltr'>partibus</span> <span class='ocrx_word' id='word_1_127' title='bbox 386 788 449 810; x_wconf 92' lang='lat' dir='ltr'>non</span> <span class='ocrx_word' id='word_1_128' title='bbox 473 779 722 810; x_wconf 84' lang='lat' dir='ltr'>comminaretur</span> <span class='ocrx_word' id='word_1_129' title='bbox 745 779 967 811; x_wconf 86' lang='lat' dir='ltr'>commotionis</span> <span class='ocrx_word' id='word_1_130' title='bbox 989 777 1149 810; x_wconf 85' lang='lat' dir='ltr'>horrende</span> <span class='ocrx_word' id='word_1_131' title='bbox 1173 777 1360 810; x_wconf 89' lang='lat' dir='ltr'>scandalum</span> <span class='ocrx_word' id='word_1_132' title='bbox 1383 780 1417 809; x_wconf 92' lang='lat' dir='ltr'>et</span> <span class='ocrx_word' id='word_1_133' title='bbox 1439 778 1602 809; x_wconf 86' lang='lat' dir='ltr'>scissuras.</span> 
     </span>
    </p>

    <p class='ocr_par' dir='ltr' id='par_1_5' title="bbox 219 828 1878 979">
     <span class='ocr_line' id='line_1_13' title="bbox 327 828 1875 872; baseline 0.001 -11"><span class='ocrx_word' id='word_1_134' title='bbox 327 830 355 861; x_wconf 86' lang='lat'>3.</span> <span class='ocrx_word' id='word_1_135' title='bbox 380 829 503 861; x_wconf 89' lang='lat' dir='ltr'>Verum</span> <span class='ocrx_word' id='word_1_136' title='bbox 520 829 595 872; x_wconf 92' lang='lat' dir='ltr'>quia</span> <span class='ocrx_word' id='word_1_137' title='bbox 610 840 672 862; x_wconf 91' lang='lat' dir='ltr'>non</span> <span class='ocrx_word' id='word_1_138' title='bbox 696 830 756 862; x_wconf 90' lang='lat' dir='ltr'>nisi</span> <span class='ocrx_word' id='word_1_139' title='bbox 779 830 868 872; x_wconf 88' lang='lat' dir='ltr'>pacis</span> <span class='ocrx_word' id='word_1_140' title='bbox 884 833 1032 872; x_wconf 88' lang='lat' dir='ltr'>tempore</span> <span class='ocrx_word' id='word_1_141' title='bbox 1055 839 1196 871; x_wconf 89' lang='lat' dir='ltr'>congrua</span> <span class='ocrx_word' id='word_1_142' title='bbox 1219 828 1392 861; x_wconf 87' lang='lat' dir='ltr'>devotione</span> <span class='ocrx_word' id='word_1_143' title='bbox 1416 828 1532 861; x_wconf 90' lang='lat' dir='ltr'>colitur</span> <span class='ocrx_word' id='word_1_144' title='bbox 1553 829 1643 871; x_wconf 89' lang='lat' dir='ltr'>pacis</span> <span class='ocrx_word' id='word_1_145' title='bbox 1657 832 1749 861; x_wconf 90' lang='lat' dir='ltr'>actor</span> <span class='ocrx_word' id='word_1_146' title='bbox 1763 839 1801 862; x_wconf 89' lang='lat' dir='ltr'>ac</span> <span class='ocrx_word' id='word_1_147' title='bbox 1816 839 1875 871; x_wconf 91' lang='lat' dir='ltr'>per</span> 
     </span>
     <span class='ocr_line' id='line_1_14' title="bbox 219 878 1878 923; baseline 0.001 -12"><span class='ocrx_word' id='word_1_148' title='bbox 219 878 435 912; x_wconf 87' lang='lat' dir='ltr'>dissensiones</span> <span class='ocrx_word' id='word_1_149' title='bbox 458 884 492 912; x_wconf 89' lang='lat' dir='ltr'>et</span> <span class='ocrx_word' id='word_1_150' title='bbox 514 880 666 913; x_wconf 85' lang='lat' dir='ltr'>scandala</span> <span class='ocrx_word' id='word_1_151' title='bbox 689 882 779 923; x_wconf 85' lang='lat' dir='ltr'>regio</span> <span class='ocrx_word' id='word_1_152' title='bbox 802 881 878 913; x_wconf 89' lang='lat' dir='ltr'>fidei</span> <span class='ocrx_word' id='word_1_153' title='bbox 902 881 1073 913; x_wconf 82' lang='lat' dir='ltr'>christiane</span> <span class='ocrx_word' id='word_1_154' title='bbox 1097 879 1257 922; x_wconf 84' lang='lat' dir='ltr'>lentescit,</span> <span class='ocrx_word' id='word_1_155' title='bbox 1281 890 1407 912; x_wconf 88' lang='lat' dir='ltr'>morum</span> <span class='ocrx_word' id='word_1_156' title='bbox 1430 881 1626 922; x_wconf 86' lang='lat' dir='ltr'>pervertitur</span> <span class='ocrx_word' id='word_1_157' title='bbox 1648 880 1817 923; x_wconf 85' lang='lat' dir='ltr'>disciplina</span> <span class='ocrx_word' id='word_1_158' title='bbox 1844 885 1878 914; x_wconf 90' lang='lat' dir='ltr'>et</span> 
     </span>
     <span class='ocr_line' id='line_1_15' title="bbox 219 930 1877 979; baseline 0.001 -16"><span class='ocrx_word' id='word_1_159' title='bbox 219 930 305 963; x_wconf 84' lang='lat' dir='ltr'>salus</span> <span class='ocrx_word' id='word_1_160' title='bbox 327 932 507 964; x_wconf 86' lang='lat' dir='ltr'>animarum</span> <span class='ocrx_word' id='word_1_161' title='bbox 523 932 707 975; x_wconf 83' lang='lat' dir='ltr'>negligitur,</span> <span class='ocrx_word' id='word_1_162' title='bbox 729 933 1000 975; x_wconf 88' lang='lat' dir='ltr'>magnificentiam</span> <span class='ocrx_word' id='word_1_163' title='bbox 1016 935 1105 964; x_wconf 88' lang='lat' dir='ltr'>tuam</span> <span class='ocrx_word' id='word_1_164' title='bbox 1122 942 1273 974; x_wconf 87' lang='lat' dir='ltr'>rogamus</span> <span class='ocrx_word' id='word_1_165' title='bbox 1288 932 1442 979; x_wconf 77' lang='lat' dir='ltr'>attentius</span> <span class='ocrx_word' id='word_1_166' title='bbox 1458 935 1492 964; x_wconf 93' lang='lat' dir='ltr'>et</span> <span class='ocrx_word' id='word_1_167' title='bbox 1507 931 1674 964; x_wconf 88' lang='lat' dir='ltr'>hortamur</span> <span class='ocrx_word' id='word_1_168' title='bbox 1688 933 1720 964; x_wconf 91' lang='lat' dir='ltr'>in</span> <span class='ocrx_word' id='word_1_169' title='bbox 1736 932 1877 965; x_wconf 91' lang='lat' dir='ltr'>Domino</span> 
     </span>
    </p>

    <p class='ocr_par' dir='ltr' id='par_1_6' title="bbox 176 981 1877 1232">
     <span class='ocr_line' id='line_1_16' title="bbox 176 981 1876 1026; baseline 0.002 -12"><span class='ocrx_word' id='word_1_170' title='bbox 176 989 201 1010; x_wconf 73' lang='grc' dir='ltr'><strong>υ</strong></span> <span class='ocrx_word' id='word_1_171' title='bbox 219 981 342 1026; x_wconf 89' lang='lat' dir='ltr'>tibique</span> <span class='ocrx_word' id='word_1_172' title='bbox 365 985 501 1025; x_wconf 91' lang='lat' dir='ltr'>paterno</span> <span class='ocrx_word' id='word_1_173' title='bbox 524 983 656 1016; x_wconf 92' lang='lat' dir='ltr'>consilio</span> <span class='ocrx_word' id='word_1_174' title='bbox 680 984 867 1025; x_wconf 81' lang='lat' dir='ltr'>suademus,</span> <span class='ocrx_word' id='word_1_175' title='bbox 891 985 1039 1026; x_wconf 86' lang='lat' dir='ltr'>quatinus</span> <span class='ocrx_word' id='word_1_176' title='bbox 1061 981 1175 1026; x_wconf 83' lang='lat' dir='ltr'>preces</span> <span class='ocrx_word' id='word_1_177' title='bbox 1198 986 1231 1015; x_wconf 91' lang='lat' dir='ltr'>et</span> <span class='ocrx_word' id='word_1_178' title='bbox 1255 982 1498 1015; x_wconf 85' lang='lat' dir='ltr'>exhortationes</span> <span class='ocrx_word' id='word_1_179' title='bbox 1520 983 1718 1025; x_wconf 89' lang='lat' dir='ltr'>huiusmodi,</span> <span class='ocrx_word' id='word_1_180' title='bbox 1749 994 1812 1026; x_wconf 89' lang='lat' dir='ltr'>que</span> <span class='ocrx_word' id='word_1_181' title='bbox 1835 983 1876 1017; x_wconf 91' lang='lat' dir='ltr'>de</span> 
     </span>
     <span class='ocr_line' id='line_1_17' title="bbox 217 1033 1876 1078; baseline 0.001 -12"><span class='ocrx_word' id='word_1_182' title='bbox 217 1033 395 1076; x_wconf 87' lang='lat' dir='ltr'>precordiis</span> <span class='ocrx_word' id='word_1_183' title='bbox 411 1035 596 1077; x_wconf 87' lang='lat' dir='ltr'>apostolicis</span> <span class='ocrx_word' id='word_1_184' title='bbox 611 1035 780 1078; x_wconf 90' lang='lat' dir='ltr'>prodeunt,</span> <span class='ocrx_word' id='word_1_185' title='bbox 803 1038 957 1078; x_wconf 89' lang='lat' dir='ltr'>tanquam</span> <span class='ocrx_word' id='word_1_186' title='bbox 972 1034 1206 1067; x_wconf 88' lang='lat' dir='ltr'>benedictionis</span> <span class='ocrx_word' id='word_1_187' title='bbox 1228 1034 1312 1066; x_wconf 87' lang='lat' dir='ltr'>filius</span> <span class='ocrx_word' id='word_1_188' title='bbox 1328 1033 1446 1066; x_wconf 85' lang='lat' dir='ltr'>devote</span> <span class='ocrx_word' id='word_1_189' title='bbox 1462 1035 1638 1077; x_wconf 90' lang='lat' dir='ltr'>suscipiens</span> <span class='ocrx_word' id='word_1_190' title='bbox 1653 1034 1876 1078; x_wconf 91' lang='lat' dir='ltr'>salubriusque</span> 
     </span>
     <span class='ocr_line' id='line_1_18' title="bbox 219 1085 1876 1130; baseline 0.001 -13"><span class='ocrx_word' id='word_1_191' title='bbox 219 1085 368 1127; x_wconf 89' lang='lat' dir='ltr'>consiliis,</span> <span class='ocrx_word' id='word_1_192' title='bbox 392 1096 454 1128; x_wconf 91' lang='lat' dir='ltr'>que</span> <span class='ocrx_word' id='word_1_193' title='bbox 478 1089 613 1128; x_wconf 86' lang='lat' dir='ltr'>paterna</span> <span class='ocrx_word' id='word_1_194' title='bbox 636 1098 699 1119; x_wconf 90' lang='lat' dir='ltr'>non</span> <span class='ocrx_word' id='word_1_195' title='bbox 715 1087 832 1119; x_wconf 91' lang='lat' dir='ltr'>desinit</span> <span class='ocrx_word' id='word_1_196' title='bbox 846 1088 952 1130; x_wconf 83' lang='lat' dir='ltr'>pietas</span> <span class='ocrx_word' id='word_1_197' title='bbox 967 1087 1111 1130; x_wconf 85' lang='lat' dir='ltr'>cogitare</span> <span class='ocrx_word' id='word_1_198' title='bbox 1128 1097 1186 1129; x_wconf 90' lang='lat' dir='ltr'>pro</span> <span class='ocrx_word' id='word_1_199' title='bbox 1201 1085 1287 1128; x_wconf 89' lang='lat' dir='ltr'>filiis,</span> <span class='ocrx_word' id='word_1_200' title='bbox 1305 1085 1472 1118; x_wconf 88' lang='lat' dir='ltr'>benivolus</span> <span class='ocrx_word' id='word_1_201' title='bbox 1495 1089 1529 1118; x_wconf 89' lang='lat' dir='ltr'>et</span> <span class='ocrx_word' id='word_1_202' title='bbox 1548 1089 1691 1118; x_wconf 89' lang='lat' dir='ltr'>attentus</span> <span class='ocrx_word' id='word_1_203' title='bbox 1706 1086 1876 1128; x_wconf 84' lang='lat' dir='ltr'>adherens,</span> 
     </span>
     <span class='ocr_line' id='line_1_19' title="bbox 218 1137 1877 1181; baseline 0.001 -11"><span class='ocrx_word' id='word_1_204' title='bbox 218 1140 360 1170; x_wconf 91' lang='lat' dir='ltr'>mentem</span> <span class='ocrx_word' id='word_1_205' title='bbox 384 1141 418 1170; x_wconf 91' lang='lat' dir='ltr'>et</span> <span class='ocrx_word' id='word_1_206' title='bbox 440 1138 581 1170; x_wconf 88' lang='lat' dir='ltr'>animum</span> <span class='ocrx_word' id='word_1_207' title='bbox 605 1149 663 1180; x_wconf 91' lang='lat' dir='ltr'>pro</span> <span class='ocrx_word' id='word_1_208' title='bbox 687 1138 795 1171; x_wconf 88' lang='lat' dir='ltr'>divina</span> <span class='ocrx_word' id='word_1_209' title='bbox 817 1142 851 1171; x_wconf 89' lang='lat' dir='ltr'>et</span> <span class='ocrx_word' id='word_1_210' title='bbox 872 1138 1048 1181; x_wconf 88' lang='lat' dir='ltr'>apostolice</span> <span class='ocrx_word' id='word_1_211' title='bbox 1071 1138 1158 1170; x_wconf 88' lang='lat' dir='ltr'>sedis</span> <span class='ocrx_word' id='word_1_212' title='bbox 1180 1148 1218 1170; x_wconf 85' lang='lat' dir='ltr'>ac</span> <span class='ocrx_word' id='word_1_213' title='bbox 1239 1140 1351 1170; x_wconf 86' lang='lat' dir='ltr'>nostra</span> <span class='ocrx_word' id='word_1_214' title='bbox 1366 1138 1548 1170; x_wconf 89' lang='lat' dir='ltr'>reverentia</span> <span class='ocrx_word' id='word_1_215' title='bbox 1564 1137 1734 1170; x_wconf 89' lang='lat' dir='ltr'>ethonore</span> <span class='ocrx_word' id='word_1_216' title='bbox 1750 1138 1877 1181; x_wconf 89' lang='lat' dir='ltr'>imperii</span> 
     </span>
     <span class='ocr_line' id='line_1_20' title="bbox 219 1187 1876 1232; baseline 0.001 -11"><span class='ocrx_word' id='word_1_217' title='bbox 219 1187 381 1232; x_wconf 81' lang='lat' dir='ltr'>feli[ci]ter</span> <span class='ocrx_word' id='word_1_218' title='bbox 403 1189 445 1221; x_wconf 87' lang='lat' dir='ltr'>ad</span> <span class='ocrx_word' id='word_1_219' title='bbox 468 1189 613 1222; x_wconf 88' lang='lat' dir='ltr'>eiusdem</span> <span class='ocrx_word' id='word_1_220' title='bbox 629 1190 756 1232; x_wconf 87' lang='lat' dir='ltr'>imperii</span> <span class='ocrx_word' id='word_1_221' title='bbox 771 1200 886 1232; x_wconf 85' lang='lat' dir='ltr'>pacem</span> <span class='ocrx_word' id='word_1_222' title='bbox 901 1200 1013 1222; x_wconf 89' lang='lat' dir='ltr'>aurem</span> <span class='ocrx_word' id='word_1_223' title='bbox 1028 1189 1161 1222; x_wconf 86' lang='lat' dir='ltr'>inclines</span> <span class='ocrx_word' id='word_1_224' title='bbox 1178 1189 1374 1222; x_wconf 82' lang='lat' dir='ltr'>ferventius·</span> <span class='ocrx_word' id='word_1_225' title='bbox 1389 1189 1495 1221; x_wconf 89' lang='lat' dir='ltr'>cordis</span> <span class='ocrx_word' id='word_1_226' title='bbox 1509 1189 1556 1221; x_wconf 92' lang='lat' dir='ltr'>tui</span> <span class='ocrx_word' id='word_1_227' title='bbox 1579 1192 1613 1220; x_wconf 91' lang='lat' dir='ltr'>et</span> <span class='ocrx_word' id='word_1_228' title='bbox 1627 1188 1670 1220; x_wconf 87' lang='lat' dir='ltr'>ad</span> <span class='ocrx_word' id='word_1_229' title='bbox 1686 1189 1876 1232; x_wconf 84' lang='lat' dir='ltr'>sopiendam</span> 
     </span>
    </p>

    <p class='ocr_par' dir='ltr' id='par_1_7' title="bbox 176 1240 1879 1490">
     <span class='ocr_line' id='line_1_21' title="bbox 176 1240 1879 1284; baseline 0.002 -12"><span class='ocrx_word' id='word_1_230' title='bbox 176 1245 203 1266; x_wconf 76' lang='lat'>²⁰</span> <span class='ocrx_word' id='word_1_231' title='bbox 220 1241 349 1273; x_wconf 91' lang='lat' dir='ltr'>omnino</span> <span class='ocrx_word' id='word_1_232' title='bbox 373 1240 605 1274; x_wconf 83' lang='lat' dir='ltr'>dissensionem</span> <span class='ocrx_word' id='word_1_233' title='bbox 628 1241 811 1274; x_wconf 89' lang='lat' dir='ltr'>huiusmodi</span> <span class='ocrx_word' id='word_1_234' title='bbox 834 1241 963 1274; x_wconf 85' lang='lat' dir='ltr'>facilem</span> <span class='ocrx_word' id='word_1_235' title='bbox 986 1245 1076 1274; x_wconf 90' lang='lat' dir='ltr'>tuam</span> <span class='ocrx_word' id='word_1_236' title='bbox 1098 1240 1355 1284; x_wconf 84' lang='lat' dir='ltr'>magnitudinem</span> <span class='ocrx_word' id='word_1_237' title='bbox 1378 1240 1516 1283; x_wconf 89' lang='lat' dir='ltr'>prebeas</span> <span class='ocrx_word' id='word_1_238' title='bbox 1539 1243 1573 1272; x_wconf 87' lang='lat' dir='ltr'>et</span> <span class='ocrx_word' id='word_1_239' title='bbox 1594 1244 1628 1272; x_wconf 89' lang='lat' dir='ltr'>te</span> <span class='ocrx_word' id='word_1_240' title='bbox 1651 1241 1772 1283; x_wconf 91' lang='lat' dir='ltr'>ipsum,</span> <span class='ocrx_word' id='word_1_241' title='bbox 1796 1242 1879 1275; x_wconf 90' lang='lat' dir='ltr'>sicut</span> 
     </span>
     <span class='ocr_line' id='line_1_22' title="bbox 220 1291 1878 1335; baseline 0.001 -11"><span class='ocrx_word' id='word_1_242' title='bbox 220 1291 315 1324; x_wconf 89' lang='lat' dir='ltr'>decet</span> <span class='ocrx_word' id='word_1_243' title='bbox 337 1292 531 1325; x_wconf 88' lang='lat' dir='ltr'>catholicum</span> <span class='ocrx_word' id='word_1_244' title='bbox 555 1293 743 1335; x_wconf 88' lang='lat' dir='ltr'>principem,</span> <span class='ocrx_word' id='word_1_245' title='bbox 766 1293 856 1335; x_wconf 87' lang='lat' dir='ltr'>pacis</span> <span class='ocrx_word' id='word_1_246' title='bbox 878 1293 1036 1326; x_wconf 82' lang='lat' dir='ltr'>fervidum</span> <span class='ocrx_word' id='word_1_247' title='bbox 1061 1292 1236 1325; x_wconf 88' lang='lat' dir='ltr'>zelatorem</span> <span class='ocrx_word' id='word_1_248' title='bbox 1259 1303 1323 1324; x_wconf 93' lang='lat' dir='ltr'>non</span> <span class='ocrx_word' id='word_1_249' title='bbox 1347 1292 1478 1324; x_wconf 80' lang='lat' dir='ltr'>differas</span> <span class='ocrx_word' id='word_1_250' title='bbox 1496 1292 1661 1324; x_wconf 85' lang='lat' dir='ltr'>exhibere.</span> <span class='ocrx_word' id='word_1_251' title='bbox 1706 1292 1775 1325; x_wconf 86' lang='lat' dir='ltr'>Nos</span> <span class='ocrx_word' id='word_1_252' title='bbox 1791 1294 1878 1326; x_wconf 88' lang='lat' dir='ltr'>enim</span> 
     </span>
     <span class='ocr_line' id='line_1_23' title="bbox 219 1343 1876 1387; baseline 0.001 -12"><span class='ocrx_word' id='word_1_253' title='bbox 219 1344 305 1375; x_wconf 88' lang='lat' dir='ltr'>circa</span> <span class='ocrx_word' id='word_1_254' title='bbox 326 1343 589 1376; x_wconf 75' lang='lat' dir='ltr'>reformationem</span> <span class='ocrx_word' id='word_1_255' title='bbox 612 1345 701 1387; x_wconf 85' lang='lat' dir='ltr'>pacis</span> <span class='ocrx_word' id='word_1_256' title='bbox 724 1344 884 1386; x_wconf 89' lang='lat' dir='ltr'>eiusdem,</span> <span class='ocrx_word' id='word_1_257' title='bbox 908 1355 1006 1387; x_wconf 91' lang='lat' dir='ltr'>quam</span> <span class='ocrx_word' id='word_1_258' title='bbox 1029 1343 1251 1376; x_wconf 88' lang='lat' dir='ltr'>desideranter</span> <span class='ocrx_word' id='word_1_259' title='bbox 1272 1345 1469 1386; x_wconf 86' lang='lat' dir='ltr'>appetimus,</span> <span class='ocrx_word' id='word_1_260' title='bbox 1493 1343 1631 1376; x_wconf 89' lang='lat' dir='ltr'>libenter</span> <span class='ocrx_word' id='word_1_261' title='bbox 1653 1343 1694 1376; x_wconf 88' lang='lat' dir='ltr'>de</span> <span class='ocrx_word' id='word_1_262' title='bbox 1718 1348 1876 1387; x_wconf 88' lang='lat' dir='ltr'>oportuno</span> 
     </span>
     <span class='ocr_line' id='line_1_24' title="bbox 219 1395 1878 1438; baseline 0.001 -11"><span class='ocrx_word' id='word_1_263' title='bbox 219 1395 364 1428; x_wconf 89' lang='lat' dir='ltr'>remedio</span> <span class='ocrx_word' id='word_1_264' title='bbox 387 1395 594 1438; x_wconf 84' lang='lat' dir='ltr'>providemus</span> <span class='ocrx_word' id='word_1_265' title='bbox 616 1398 650 1428; x_wconf 85' lang='lat' dir='ltr'>et</span> <span class='ocrx_word' id='word_1_266' title='bbox 671 1395 892 1428; x_wconf 89' lang='lat' dir='ltr'>sollicitudinis</span> <span class='ocrx_word' id='word_1_267' title='bbox 915 1399 1022 1429; x_wconf 90' lang='lat' dir='ltr'>nostre</span> <span class='ocrx_word' id='word_1_268' title='bbox 1045 1398 1154 1438; x_wconf 85' lang='lat' dir='ltr'>partes</span> <span class='ocrx_word' id='word_1_269' title='bbox 1169 1395 1308 1428; x_wconf 86' lang='lat' dir='ltr'>libenter</span> <span class='ocrx_word' id='word_1_270' title='bbox 1322 1396 1525 1437; x_wconf 88' lang='lat' dir='ltr'>apponimus,</span> <span class='ocrx_word' id='word_1_271' title='bbox 1549 1399 1703 1438; x_wconf 78' lang='lat' dir='ltr'>quantum</span> <span class='ocrx_word' id='word_1_272' title='bbox 1719 1396 1812 1428; x_wconf 91' lang='lat' dir='ltr'>nobis</span> <span class='ocrx_word' id='word_1_273' title='bbox 1835 1407 1878 1430; x_wconf 89' lang='lat' dir='ltr'>ex</span> 
     </span>
     <span class='ocr_line' id='line_1_25' title="bbox 219 1439 1876 1490; baseline 0.001 -12"><span class='ocrx_word' id='word_1_274' title='bbox 219 1446 286 1479; x_wconf 90' lang='lat' dir='ltr'>alto</span> <span class='ocrx_word' id='word_1_275' title='bbox 309 1439 506 1488; x_wconf 79' lang='lat' dir='ltr'>permittitur</span> <span class='ocrx_word' id='word_1_276' title='bbox 527 1450 560 1479; x_wconf 84' lang='lat' dir='ltr'>et</span> <span class='ocrx_word' id='word_1_277' title='bbox 577 1447 619 1479; x_wconf 88' lang='lat' dir='ltr'>ad</span> <span class='ocrx_word' id='word_1_278' title='bbox 634 1448 846 1480; x_wconf 90' lang='lat' dir='ltr'>ministerium</span> <span class='ocrx_word' id='word_1_279' title='bbox 868 1447 1009 1490; x_wconf 90' lang='lat' dir='ltr'>pertinet</span> <span class='ocrx_word' id='word_1_280' title='bbox 1031 1447 1208 1490; x_wconf 89' lang='lat' dir='ltr'>apostolice</span> <span class='ocrx_word' id='word_1_281' title='bbox 1231 1447 1406 1479; x_wconf 86' lang='lat' dir='ltr'>servitutis.</span> <span class='ocrx_word' id='word_1_282' title='bbox 1451 1447 1608 1479; x_wconf 86' lang='lat' dir='ltr'>Precibus</span> <span class='ocrx_word' id='word_1_283' title='bbox 1630 1451 1739 1480; x_wconf 83' lang='lat' dir='ltr'>autem</span> <span class='ocrx_word' id='word_1_284' title='bbox 1763 1451 1796 1480; x_wconf 87' lang='lat' dir='ltr'>et</span> <span class='ocrx_word' id='word_1_285' title='bbox 1818 1459 1876 1480; x_wconf 85' lang='lat' dir='ltr'>ex-</span> 
     </span>
    </p>

    <p class='ocr_par' dir='ltr' id='par_1_8' title="bbox 175 1497 1878 1644">
     <span class='ocr_line' id='line_1_26' title="bbox 175 1497 1878 1542; baseline 0.001 -12"><span class='ocrx_word' id='word_1_286' title='bbox 175 1501 200 1522; x_wconf 73' lang='lat'>¹⁶</span> <span class='ocrx_word' id='word_1_287' title='bbox 218 1497 454 1530; x_wconf 91' lang='lat' dir='ltr'>hortationibus</span> <span class='ocrx_word' id='word_1_288' title='bbox 475 1500 592 1530; x_wconf 88' lang='lat' dir='ltr'>nostris</span> <span class='ocrx_word' id='word_1_289' title='bbox 614 1499 798 1531; x_wconf 88' lang='lat' dir='ltr'>huiusmodi</span> <span class='ocrx_word' id='word_1_290' title='bbox 821 1500 866 1531; x_wconf 88' lang='lat' dir='ltr'>sic</span> <span class='ocrx_word' id='word_1_291' title='bbox 888 1502 945 1531; x_wconf 87' lang='lat' dir='ltr'>tua</span> <span class='ocrx_word' id='word_1_292' title='bbox 967 1498 1146 1531; x_wconf 87' lang='lat' dir='ltr'>sublimitas</span> <span class='ocrx_word' id='word_1_293' title='bbox 1162 1498 1339 1531; x_wconf 84' lang='lat' dir='ltr'>efficaciter</span> <span class='ocrx_word' id='word_1_294' title='bbox 1354 1499 1549 1541; x_wconf 88' lang='lat' dir='ltr'>acquiescat,</span> <span class='ocrx_word' id='word_1_295' title='bbox 1572 1502 1608 1531; x_wconf 93' lang='lat' dir='ltr'>ut</span> <span class='ocrx_word' id='word_1_296' title='bbox 1631 1502 1798 1541; x_wconf 89' lang='lat' dir='ltr'>comperto</span> <span class='ocrx_word' id='word_1_297' title='bbox 1818 1510 1878 1542; x_wconf 89' lang='lat' dir='ltr'>per</span> 
     </span>
     <span class='ocr_line' id='line_1_27' title="bbox 219 1549 1878 1594; baseline 0.002 -13"><span class='ocrx_word' id='word_1_298' title='bbox 219 1549 370 1582; x_wconf 79' lang='lat' dir='ltr'>effectum</span> <span class='ocrx_word' id='word_1_299' title='bbox 394 1549 510 1591; x_wconf 89' lang='lat' dir='ltr'>operis,</span> <span class='ocrx_word' id='word_1_300' title='bbox 534 1553 566 1582; x_wconf 90' lang='lat' dir='ltr'>te</span> <span class='ocrx_word' id='word_1_301' title='bbox 589 1549 632 1582; x_wconf 86' lang='lat' dir='ltr'>ad</span> <span class='ocrx_word' id='word_1_302' title='bbox 647 1551 832 1583; x_wconf 83' lang='lat' dir='ltr'>instantiam</span> <span class='ocrx_word' id='word_1_303' title='bbox 855 1553 998 1582; x_wconf 85' lang='lat' dir='ltr'>nostram</span> <span class='ocrx_word' id='word_1_304' title='bbox 1015 1550 1150 1593; x_wconf 87' lang='lat' dir='ltr'>diligere</span> <span class='ocrx_word' id='word_1_305' title='bbox 1167 1550 1305 1582; x_wconf 85' lang='lat' dir='ltr'>fructum</span> <span class='ocrx_word' id='word_1_306' title='bbox 1321 1551 1410 1592; x_wconf 87' lang='lat' dir='ltr'>pacis</span> <span class='ocrx_word' id='word_1_307' title='bbox 1426 1553 1459 1582; x_wconf 91' lang='lat' dir='ltr'>et</span> <span class='ocrx_word' id='word_1_308' title='bbox 1475 1549 1646 1594; x_wconf 82' lang='lat' dir='ltr'>ex[e]crari</span> <span class='ocrx_word' id='word_1_309' title='bbox 1662 1550 1878 1584; x_wconf 88' lang='lat' dir='ltr'>dissensiones</span> 
     </span>
     <span class='ocr_line' id='line_1_28' title="bbox 219 1600 1822 1644; baseline 0.001 -11"><span class='ocrx_word' id='word_1_310' title='bbox 219 1603 253 1633; x_wconf 89' lang='lat' dir='ltr'>et</span> <span class='ocrx_word' id='word_1_311' title='bbox 275 1600 361 1642; x_wconf 84' lang='lat' dir='ltr'>odia,</span> <span class='ocrx_word' id='word_1_312' title='bbox 385 1601 590 1634; x_wconf 87' lang='lat' dir='ltr'>devotionem</span> <span class='ocrx_word' id='word_1_313' title='bbox 613 1604 702 1634; x_wconf 89' lang='lat' dir='ltr'>tuam</span> <span class='ocrx_word' id='word_1_314' title='bbox 725 1602 859 1644; x_wconf 90' lang='lat' dir='ltr'>proinde</span> <span class='ocrx_word' id='word_1_315' title='bbox 883 1602 1050 1644; x_wconf 87' lang='lat' dir='ltr'>condignis</span> <span class='ocrx_word' id='word_1_316' title='bbox 1071 1603 1103 1634; x_wconf 91' lang='lat' dir='ltr'>in</span> <span class='ocrx_word' id='word_1_317' title='bbox 1126 1602 1265 1634; x_wconf 89' lang='lat' dir='ltr'>Domino</span> <span class='ocrx_word' id='word_1_318' title='bbox 1289 1601 1421 1634; x_wconf 88' lang='lat' dir='ltr'>laudum</span> <span class='ocrx_word' id='word_1_319' title='bbox 1444 1602 1604 1644; x_wconf 86' lang='lat' dir='ltr'>preconiis</span> <span class='ocrx_word' id='word_1_320' title='bbox 1627 1602 1822 1635; x_wconf 87' lang='lat' dir='ltr'>attollamus.</span> 
     </span>
    </p>

    <p class='ocr_par' dir='ltr' id='par_1_9' title="bbox 220 1652 1878 1748">
     <span class='ocr_line' id='line_1_29' title="bbox 327 1652 1878 1697; baseline 0.002 -13"><span class='ocrx_word' id='word_1_321' title='bbox 327 1655 356 1684; x_wconf 88' lang='grc'>4.</span> <span class='ocrx_word' id='word_1_322' title='bbox 379 1653 535 1685; x_wconf 89' lang='lat' dir='ltr'>Preterea</span> <span class='ocrx_word' id='word_1_323' title='bbox 547 1663 623 1685; x_wconf 91' lang='lat' dir='ltr'>ecce</span> <span class='ocrx_word' id='word_1_324' title='bbox 641 1653 726 1696; x_wconf 92' lang='lat' dir='ltr'>quod</span> <span class='ocrx_word' id='word_1_325' title='bbox 743 1653 878 1686; x_wconf 88' lang='lat' dir='ltr'>dilectos</span> <span class='ocrx_word' id='word_1_326' title='bbox 893 1653 975 1685; x_wconf 89' lang='lat' dir='ltr'>filios</span> <span class='ocrx_word' id='word_1_327' title='bbox 991 1652 1010 1697; x_wconf 94' lang='lat'>[.</span> <span class='ocrx_word' id='word_1_328' title='bbox 1026 1652 1046 1696; x_wconf 93' lang='lat'>.]</span> <span class='ocrx_word' id='word_1_329' title='bbox 1064 1657 1097 1686; x_wconf 87' lang='lat' dir='ltr'>et</span> <span class='ocrx_word' id='word_1_330' title='bbox 1113 1677 1120 1684; x_wconf 90' lang='lat'><strong>.</strong></span> <span class='ocrx_word' id='word_1_331' title='bbox 1140 1679 1162 1695; x_wconf 88' lang='lat'>.‚</span> <span class='ocrx_word' id='word_1_332' title='bbox 1180 1653 1220 1685; x_wconf 94' lang='lat' dir='ltr'>de</span> <span class='ocrx_word' id='word_1_333' title='bbox 1239 1653 1354 1696; x_wconf 89' lang='lat' dir='ltr'>quibus</span> <span class='ocrx_word' id='word_1_334' title='bbox 1370 1653 1499 1695; x_wconf 87' lang='lat' dir='ltr'>plenam</span> <span class='ocrx_word' id='word_1_335' title='bbox 1515 1654 1547 1685; x_wconf 91' lang='lat' dir='ltr'>in</span> <span class='ocrx_word' id='word_1_336' title='bbox 1563 1653 1704 1686; x_wconf 88' lang='lat' dir='ltr'>Domino</span> <span class='ocrx_word' id='word_1_337' title='bbox 1726 1654 1878 1687; x_wconf 89' lang='lat' dir='ltr'>fiduciam</span> 
     </span>
     <span class='ocr_line' id='line_1_30' title="bbox 220 1703 1877 1748; baseline 0.001 -12"><span class='ocrx_word' id='word_1_338' title='bbox 220 1703 416 1746; x_wconf 87' lang='lat' dir='ltr'>obtinemus,</span> <span class='ocrx_word' id='word_1_339' title='bbox 444 1707 578 1746; x_wconf 88' lang='lat' dir='ltr'>propter</span> <span class='ocrx_word' id='word_1_340' title='bbox 604 1704 666 1737; x_wconf 88' lang='lat' dir='ltr'>hoc</span> <span class='ocrx_word' id='word_1_341' title='bbox 694 1705 736 1737; x_wconf 90' lang='lat' dir='ltr'>ad</span> <span class='ocrx_word' id='word_1_342' title='bbox 760 1709 847 1738; x_wconf 88' lang='lat' dir='ltr'>tuam</span> <span class='ocrx_word' id='word_1_343' title='bbox 871 1708 905 1737; x_wconf 91' lang='lat' dir='ltr'>et</span> <span class='ocrx_word' id='word_1_344' title='bbox 927 1705 1072 1737; x_wconf 91' lang='lat' dir='ltr'>eiusdem</span> <span class='ocrx_word' id='word_1_345' title='bbox 1097 1704 1192 1736; x_wconf 89' lang='lat' dir='ltr'>electi</span> <span class='ocrx_word' id='word_1_346' title='bbox 1214 1705 1411 1747; x_wconf 86' lang='lat' dir='ltr'>presentiam</span> <span class='ocrx_word' id='word_1_347' title='bbox 1434 1703 1647 1748; x_wconf 88' lang='lat' dir='ltr'>sp[eci]aliter</span> <span class='ocrx_word' id='word_1_348' title='bbox 1670 1705 1877 1748; x_wconf 89' lang='lat' dir='ltr'>destinamus,</span> 
     </span>
    </p>

    <p class='ocr_par' dir='ltr' id='par_1_10' title="bbox 176 1755 1878 1850">
     <span class='ocr_line' id='line_1_31' title="bbox 176 1755 1878 1799; baseline 0.003 -14"><span class='ocrx_word' id='word_1_349' title='bbox 176 1764 203 1785; x_wconf 76' lang='grc' dir='ltr'>ιο</span> <span class='ocrx_word' id='word_1_350' title='bbox 220 1755 336 1798; x_wconf 86' lang='lat' dir='ltr'>quibus</span> <span class='ocrx_word' id='word_1_351' title='bbox 351 1766 400 1796; x_wconf 88' lang='lat' dir='ltr'>ea,</span> <span class='ocrx_word' id='word_1_352' title='bbox 425 1756 487 1798; x_wconf 88' lang='lat' dir='ltr'>que</span> <span class='ocrx_word' id='word_1_353' title='bbox 511 1756 567 1787; x_wconf 90' lang='lat' dir='ltr'>tibi</span> <span class='ocrx_word' id='word_1_354' title='bbox 584 1757 668 1789; x_wconf 91' lang='lat' dir='ltr'>oirca</span> <span class='ocrx_word' id='word_1_355' title='bbox 691 1757 848 1799; x_wconf 88' lang='lat' dir='ltr'>premissa</span> <span class='ocrx_word' id='word_1_356' title='bbox 871 1767 912 1788; x_wconf 82' lang='lat' dir='ltr'>ex</span> <span class='ocrx_word' id='word_1_357' title='bbox 935 1759 1027 1798; x_wconf 87' lang='lat' dir='ltr'>parte</span> <span class='ocrx_word' id='word_1_358' title='bbox 1044 1761 1154 1788; x_wconf 89' lang='lat' dir='ltr'>nostra</span> <span class='ocrx_word' id='word_1_359' title='bbox 1169 1756 1347 1797; x_wconf 85' lang='lat' dir='ltr'>retulerint,</span> <span class='ocrx_word' id='word_1_360' title='bbox 1363 1755 1582 1789; x_wconf 88' lang='lat' dir='ltr'>indubitanter</span> <span class='ocrx_word' id='word_1_361' title='bbox 1597 1756 1731 1789; x_wconf 90' lang='lat' dir='ltr'>credere</span> <span class='ocrx_word' id='word_1_362' title='bbox 1747 1757 1878 1790; x_wconf 88' lang='lat' dir='ltr'>studeas</span> 
     </span>
     <span class='ocr_line' id='line_1_32' title="bbox 221 1807 663 1850; baseline 0.002 -11"><span class='ocrx_word' id='word_1_363' title='bbox 221 1810 254 1839; x_wconf 91' lang='lat' dir='ltr'>et</span> <span class='ocrx_word' id='word_1_364' title='bbox 277 1807 453 1840; x_wconf 86' lang='lat' dir='ltr'>efficaciter</span> <span class='ocrx_word' id='word_1_365' title='bbox 474 1807 663 1850; x_wconf 88' lang='lat' dir='ltr'>adimplere.</span> 
     </span>
    </p>

    <p class='ocr_par' dir='ltr' id='par_1_11' title="bbox 327 1858 458 1891">
     <span class='ocr_line' id='line_1_33' title="bbox 327 1858 458 1891; baseline 0 0"><span class='ocrx_word' id='word_1_366' title='bbox 327 1858 458 1891; x_wconf 89' lang='lat' dir='ltr'>Datum.</span> 
     </span>
    </p>
   </div>
   <div class='ocr_carea' id='block_1_3' title="bbox 327 1926 1779 1971">
    <p class='ocr_par' dir='ltr' id='par_1_12' title="bbox 327 1926 1779 1971">
     <span class='ocr_line' id='line_1_34' title="bbox 327 1926 1779 1971; baseline 0.002 -13"><span class='ocrx_word' id='word_1_367' title='bbox 327 1927 374 1958; x_wconf 90' lang='lat' dir='ltr'>In</span> <span class='ocrx_word' id='word_1_368' title='bbox 396 1926 555 1959; x_wconf 91' lang='lat' dir='ltr'>eundem</span> <span class='ocrx_word' id='word_1_369' title='bbox 578 1927 728 1960; x_wconf 92' lang='lat' dir='ltr'>modum</span> <span class='ocrx_word' id='word_1_370' title='bbox 750 1927 916 1960; x_wconf 90' lang='lat' dir='ltr'>Ludovico</span> <span class='ocrx_word' id='word_1_371' title='bbox 939 1928 1013 1960; x_wconf 92' lang='lat' dir='ltr'>duci</span> <span class='ocrx_word' id='word_1_372' title='bbox 1038 1928 1176 1961; x_wconf 84' lang='lat' dir='ltr'>Bavarie</span> <span class='ocrx_word' id='word_1_373' title='bbox 1199 1928 1231 1959; x_wconf 93' lang='lat' dir='ltr'>in</span> <span class='ocrx_word' id='word_1_374' title='bbox 1257 1927 1505 1969; x_wconf 89' lang='lat' dir='ltr'>Roman(orum)</span> <span class='ocrx_word' id='word_1_375' title='bbox 1527 1938 1640 1971; x_wconf 87' lang='lat' dir='ltr'>regem</span> <span class='ocrx_word' id='word_1_376' title='bbox 1663 1929 1779 1961; x_wconf 91' lang='lat' dir='ltr'>electo.</span> 
     </span>
    </p>
   </div>
   <div class='ocr_carea' id='block_1_4' title="bbox 549 2058 1550 2104">
    <p class='ocr_par' dir='ltr' id='par_1_13' title="bbox 549 2058 1550 2104">
     <span class='ocr_line' id='line_1_35' title="bbox 549 2058 1550 2104; baseline 0 -9"><span class='ocrx_word' id='word_1_377' title='bbox 549 2059 635 2096; x_wconf 86' lang='lat'><strong>580.</strong></span> <span class='ocrx_word' id='word_1_378' title='bbox 677 2059 829 2096; x_wconf 72' lang='lat' dir='ltr'>Litterae</span> <span class='ocrx_word' id='word_1_379' title='bbox 856 2059 987 2096; x_wconf 77' lang='lat' dir='ltr'>nuntiis</span> <span class='ocrx_word' id='word_1_380' title='bbox 1012 2060 1170 2096; x_wconf 81' lang='lat' dir='ltr'>directae.</span> <span class='ocrx_word' id='word_1_381' title='bbox 1275 2058 1391 2103; x_wconf 72' lang='lat' dir='ltr'>(Mai.</span> <span class='ocrx_word' id='word_1_382' title='bbox 1419 2058 1499 2095; x_wconf 82' lang='lat' dir='ltr'>Iun.</span> <span class='ocrx_word' id='word_1_383' title='bbox 1508 2059 1550 2104; x_wconf 75' lang='grc'>,9)</span> 
     </span>
    </p>
   </div>
   <div class='ocr_carea' id='block_1_5' title="bbox 179 2136 1875 2231">
    <p class='ocr_par' dir='ltr' id='par_1_14' title="bbox 179 2136 1875 2231">
     <span class='ocr_line' id='line_1_36' title="bbox 179 2136 1875 2180; baseline 0 -8"><span class='ocrx_word' id='word_1_384' title='bbox 179 2151 204 2172; x_wconf 74' lang='lat' dir='ltr'>ss</span> <span class='ocrx_word' id='word_1_385' title='bbox 333 2136 432 2177; x_wconf 76' lang='lat' dir='ltr'>Copia</span> <span class='ocrx_word' id='word_1_386' title='bbox 454 2136 510 2180; x_wconf 90' lang='lat' dir='ltr'>(c.)</span> <span class='ocrx_word' id='word_1_387' title='bbox 533 2137 647 2170; x_wconf 81' lang='lat' dir='ltr'>ibidem</span> <span class='ocrx_word' id='word_1_388' title='bbox 667 2137 726 2180; x_wconf 81' lang='lat' dir='ltr'>fol.</span> <span class='ocrx_word' id='word_1_389' title='bbox 743 2139 816 2169; x_wconf 77' lang='lat'><strong><em>137⁴</em></strong></span> <span class='ocrx_word' id='word_1_390' title='bbox 840 2139 896 2179; x_wconf 91' lang='lat'>(=</span> <span class='ocrx_word' id='word_1_391' title='bbox 921 2137 940 2170; x_wconf 85' lang='lat' dir='ltr'>l.</span> <span class='ocrx_word' id='word_1_392' title='bbox 957 2148 983 2170; x_wconf 88' lang='lat' dir='ltr'>c.</span> <span class='ocrx_word' id='word_1_393' title='bbox 1001 2149 1036 2178; x_wconf 80' lang='lat' dir='ltr'>p.</span> <span class='ocrx_word' id='word_1_394' title='bbox 1055 2139 1143 2180; x_wconf 82' lang='lat'><strong><em>528).</em></strong></span> <span class='ocrx_word' id='word_1_395' title='bbox 1195 2138 1277 2170; x_wconf 76' lang='lat' dir='ltr'>Item</span> <span class='ocrx_word' id='word_1_396' title='bbox 1304 2137 1470 2178; x_wconf 69' lang='lat' dir='ltr'>descripsit</span> <span class='ocrx_word' id='word_1_397' title='bbox 1490 2137 1726 2179; x_wconf 71' lang='lat' dir='ltr'>Werminqhoff.</span> <span class='ocrx_word' id='word_1_398' title='bbox 1750 2157 1791 2163; x_wconf 87' lang='lat'>—</span> <span class='ocrx_word' id='word_1_399' title='bbox 1813 2138 1875 2172; x_wconf 81' lang='lat' dir='ltr'>Ed.</span> 
     </span>
     <span class='ocr_line' id='line_1_37' title="bbox 226 2187 1706 2231; baseline 0 -9"><span class='ocrx_word' id='word_1_400' title='bbox 226 2188 276 2222; x_wconf 87' lang='lat' dir='ltr'>W.</span> <span class='ocrx_word' id='word_1_401' title='bbox 292 2187 457 2221; x_wconf 71' lang='lat' dir='ltr'>Abraham</span> <span class='ocrx_word' id='word_1_402' title='bbox 480 2188 609 2230; x_wconf 60' lang='lat' dir='ltr'>‘Ksieya</span> <span class='ocrx_word' id='word_1_403' title='bbox 627 2189 845 2229; x_wconf 76' lang='lat' dir='ltr'>pamiqtkowa</span> <span class='ocrx_word' id='word_1_404' title='bbox 866 2189 1094 2231; x_wconf 77' lang='lat' dir='ltr'>uniwersytetu</span> <span class='ocrx_word' id='word_1_405' title='bbox 1117 2189 1361 2230; x_wconf 67' lang='lat' dir='ltr'>Lwowskieyov</span> <span class='ocrx_word' id='word_1_406' title='bbox 1378 2199 1413 2229; x_wconf 79' lang='lat' dir='ltr'>p.</span> <span class='ocrx_word' id='word_1_407' title='bbox 1430 2188 1474 2221; x_wconf 82' lang='lat'>22</span> <span class='ocrx_word' id='word_1_408' title='bbox 1494 2191 1559 2221; x_wconf 74' lang='lat' dir='ltr'>not.</span> <span class='ocrx_word' id='word_1_409' title='bbox 1574 2188 1597 2219; x_wconf 82' lang='lat'><strong><em>2</em></strong></span> <span class='ocrx_word' id='word_1_410' title='bbox 1618 2199 1657 2222; x_wconf 79' lang='lat' dir='ltr'>ex</span> <span class='ocrx_word' id='word_1_411' title='bbox 1678 2199 1706 2222; x_wconf 88' lang='lat' dir='ltr'>o.</span> 
     </span>
    </p>
   </div>
   <div class='ocr_carea' id='block_1_6' title="bbox 179 2273 1877 2675">
    <p class='ocr_par' dir='ltr' id='par_1_15' title="bbox 179 2273 1877 2675">
     <span class='ocr_line' id='line_1_38' title="bbox 329 2273 617 2306; baseline 0 0"><span class='ocrx_word' id='word_1_412' title='bbox 329 2273 462 2306; x_wconf 80' lang='lat' dir='ltr'>Eisdem</span> <span class='ocrx_word' id='word_1_413' title='bbox 485 2275 617 2306; x_wconf 88' lang='lat' dir='ltr'>nunciis.</span> 
     </span>
     <span class='ocr_line' id='line_1_39' title="bbox 334 2325 1876 2370; baseline 0.001 -12"><span class='ocrx_word' id='word_1_414' title='bbox 334 2329 361 2358; x_wconf 93' lang='lat'>1.</span> <span class='ocrx_word' id='word_1_415' title='bbox 389 2325 567 2368; x_wconf 88' lang='lat' dir='ltr'>Postquam</span> <span class='ocrx_word' id='word_1_416' title='bbox 590 2325 799 2369; x_wconf 83' lang='lat' dir='ltr'>benignitatis</span> <span class='ocrx_word' id='word_1_417' title='bbox 821 2326 928 2359; x_wconf 87' lang='lat' dir='ltr'>divine</span> <span class='ocrx_word' id='word_1_418' title='bbox 952 2327 1125 2359; x_wconf 88' lang='lat' dir='ltr'>clementia</span> <span class='ocrx_word' id='word_1_419' title='bbox 1147 2329 1184 2359; x_wconf 89' lang='lat' dir='ltr'>et</span> <span class='ocrx_word' id='word_1_420' title='bbox 1207 2330 1337 2358; x_wconf 86' lang='lat' dir='ltr'>cetera</span> <span class='ocrx_word' id='word_1_421' title='bbox 1359 2329 1399 2358; x_wconf 89' lang='lat' dir='ltr'>ut</span> <span class='ocrx_word' id='word_1_422' title='bbox 1421 2327 1458 2358; x_wconf 91' lang='lat' dir='ltr'>in</span> <span class='ocrx_word' id='word_1_423' title='bbox 1479 2327 1662 2368; x_wconf 84' lang='lat' dir='ltr'>proxima</span> <span class='ocrx_word' id='word_1_424' title='bbox 1685 2329 1876 2370; x_wconf 90' lang='lat' dir='ltr'>superiori</span> 
     </span>
     <span class='ocr_line' id='line_1_40' title="bbox 222 2377 1876 2421; baseline 0.001 -11"><span class='ocrx_word' id='word_1_425' title='bbox 222 2378 379 2410; x_wconf 89' lang='lat' dir='ltr'>mutatis</span> <span class='ocrx_word' id='word_1_426' title='bbox 400 2377 592 2409; x_wconf 87' lang='lat' dir='ltr'>mutandis</span> <span class='ocrx_word' id='word_1_427' title='bbox 614 2388 740 2420; x_wconf 91' lang='lat' dir='ltr'>usque</span> <span class='ocrx_word' id='word_1_428' title='bbox 765 2378 852 2410; x_wconf 89' lang='lat' dir='ltr'>salus</span> <span class='ocrx_word' id='word_1_429' title='bbox 874 2379 1049 2421; x_wconf 87' lang='lat' dir='ltr'>negligitur</span> <span class='ocrx_word' id='word_1_430' title='bbox 1064 2378 1242 2410; x_wconf 88' lang='lat' dir='ltr'>animarum</span> <span class='ocrx_word' id='word_1_431' title='bbox 1250 2378 1274 2419; x_wconf 83' lang='lat'>²,</span> <span class='ocrx_word' id='word_1_432' title='bbox 1297 2388 1355 2410; x_wconf 90' lang='lat' dir='ltr'>nos</span> <span class='ocrx_word' id='word_1_433' title='bbox 1374 2377 1538 2420; x_wconf 87' lang='lat' dir='ltr'>predictos</span> <span class='ocrx_word' id='word_1_434' title='bbox 1553 2378 1676 2411; x_wconf 87' lang='lat' dir='ltr'>electos</span> <span class='ocrx_word' id='word_1_435' title='bbox 1695 2389 1755 2421; x_wconf 85' lang='lat' dir='ltr'>per</span> <span class='ocrx_word' id='word_1_436' title='bbox 1770 2379 1876 2412; x_wconf 86' lang='lat' dir='ltr'>diver-</span> 
     </span>
     <span class='ocr_line' id='line_1_41' title="bbox 179 2428 1877 2473; baseline 0.001 -12"><span class='ocrx_word' id='word_1_437' title='bbox 179 2437 206 2457; x_wconf 78' lang='lat'>⁴⁰</span> <span class='ocrx_word' id='word_1_438' title='bbox 224 2439 276 2462; x_wconf 88' lang='lat' dir='ltr'>sas</span> <span class='ocrx_word' id='word_1_439' title='bbox 301 2428 426 2461; x_wconf 88' lang='lat' dir='ltr'>litteras</span> <span class='ocrx_word' id='word_1_440' title='bbox 447 2430 573 2461; x_wconf 87' lang='lat' dir='ltr'>nostras</span> <span class='ocrx_word' id='word_1_441' title='bbox 594 2430 737 2471; x_wconf 89' lang='lat' dir='ltr'>ipsorum</span> <span class='ocrx_word' id='word_1_442' title='bbox 766 2429 899 2462; x_wconf 90' lang='lat' dir='ltr'>cuilibet</span> <span class='ocrx_word' id='word_1_443' title='bbox 921 2429 1105 2473; x_wconf 87' lang='lat' dir='ltr'>dirigendas</span> <span class='ocrx_word' id='word_1_444' title='bbox 1127 2440 1279 2472; x_wconf 88' lang='lat' dir='ltr'>rogamus</span> <span class='ocrx_word' id='word_1_445' title='bbox 1301 2430 1455 2461; x_wconf 87' lang='lat' dir='ltr'>attentius</span> <span class='ocrx_word' id='word_1_446' title='bbox 1480 2433 1515 2462; x_wconf 90' lang='lat' dir='ltr'>et</span> <span class='ocrx_word' id='word_1_447' title='bbox 1541 2430 1639 2462; x_wconf 87' lang='lat' dir='ltr'>etiam</span> <span class='ocrx_word' id='word_1_448' title='bbox 1667 2430 1877 2463; x_wconf 83' lang='lat' dir='ltr'>exhortamur</span> 
     </span>
     <span class='ocr_line' id='line_1_42' title="bbox 224 2480 1877 2524; baseline 0.001 -12"><span class='ocrx_word' id='word_1_449' title='bbox 224 2481 335 2523; x_wconf 89' lang='lat' dir='ltr'>eisque</span> <span class='ocrx_word' id='word_1_450' title='bbox 357 2483 492 2522; x_wconf 84' lang='lat' dir='ltr'>paterno</span> <span class='ocrx_word' id='word_1_451' title='bbox 516 2480 647 2513; x_wconf 88' lang='lat' dir='ltr'>consilio</span> <span class='ocrx_word' id='word_1_452' title='bbox 669 2480 852 2522; x_wconf 90' lang='lat' dir='ltr'>suademus,</span> <span class='ocrx_word' id='word_1_453' title='bbox 875 2485 911 2513; x_wconf 91' lang='lat' dir='ltr'>ut</span> <span class='ocrx_word' id='word_1_454' title='bbox 933 2492 991 2524; x_wconf 91' lang='lat' dir='ltr'>pro</span> <span class='ocrx_word' id='word_1_455' title='bbox 1015 2481 1122 2513; x_wconf 89' lang='lat' dir='ltr'>divina</span> <span class='ocrx_word' id='word_1_456' title='bbox 1145 2485 1178 2513; x_wconf 90' lang='lat' dir='ltr'>et</span> <span class='ocrx_word' id='word_1_457' title='bbox 1200 2481 1376 2523; x_wconf 87' lang='lat' dir='ltr'>apostolice</span> <span class='ocrx_word' id='word_1_458' title='bbox 1399 2480 1485 2513; x_wconf 90' lang='lat' dir='ltr'>sedis</span> <span class='ocrx_word' id='word_1_459' title='bbox 1506 2491 1545 2513; x_wconf 90' lang='lat' dir='ltr'>ao</span> <span class='ocrx_word' id='word_1_460' title='bbox 1567 2484 1676 2514; x_wconf 84' lang='lat' dir='ltr'>nostra</span> <span class='ocrx_word' id='word_1_461' title='bbox 1695 2483 1877 2514; x_wconf 83' lang='lat' dir='ltr'>reverentia</span> 
     </span>
     <span class='ocr_line' id='line_1_43' title="bbox 224 2531 1876 2574; baseline 0.002 -11"><span class='ocrx_word' id='word_1_462' title='bbox 224 2534 258 2564; x_wconf 89' lang='lat' dir='ltr'>et</span> <span class='ocrx_word' id='word_1_463' title='bbox 279 2531 401 2563; x_wconf 89' lang='lat' dir='ltr'>honore</span> <span class='ocrx_word' id='word_1_464' title='bbox 424 2531 551 2573; x_wconf 87' lang='lat' dir='ltr'>imperii</span> <span class='ocrx_word' id='word_1_465' title='bbox 573 2532 722 2574; x_wconf 90' lang='lat' dir='ltr'>augendo</span> <span class='ocrx_word' id='word_1_466' title='bbox 745 2532 883 2564; x_wconf 85' lang='lat' dir='ltr'>feliciter</span> <span class='ocrx_word' id='word_1_467' title='bbox 909 2532 950 2564; x_wconf 88' lang='lat' dir='ltr'>ad</span> <span class='ocrx_word' id='word_1_468' title='bbox 979 2532 1124 2565; x_wconf 88' lang='lat' dir='ltr'>eiusdem</span> <span class='ocrx_word' id='word_1_469' title='bbox 1147 2532 1274 2574; x_wconf 91' lang='lat' dir='ltr'>imperii</span> <span class='ocrx_word' id='word_1_470' title='bbox 1304 2542 1420 2574; x_wconf 89' lang='lat' dir='ltr'>pacem</span> <span class='ocrx_word' id='word_1_471' title='bbox 1446 2531 1591 2564; x_wconf 87' lang='lat' dir='ltr'>cordium</span> <span class='ocrx_word' id='word_1_472' title='bbox 1621 2543 1752 2566; x_wconf 88' lang='lat' dir='ltr'>suorum</span> <span class='ocrx_word' id='word_1_473' title='bbox 1782 2544 1876 2566; x_wconf 86' lang='lat' dir='ltr'>aures</span> 
     </span>
     <span class='ocr_line' id='line_1_44' title="bbox 223 2581 1876 2627; baseline 0.001 -13"><span class='ocrx_word' id='word_1_474' title='bbox 223 2582 377 2614; x_wconf 87' lang='lat' dir='ltr'>inclinent</span> <span class='ocrx_word' id='word_1_475' title='bbox 399 2583 432 2614; x_wconf 90' lang='lat' dir='ltr'>et</span> <span class='ocrx_word' id='word_1_476' title='bbox 453 2581 496 2614; x_wconf 89' lang='lat' dir='ltr'>ad</span> <span class='ocrx_word' id='word_1_477' title='bbox 510 2581 742 2615; x_wconf 87' lang='lat' dir='ltr'>dissensionem</span> <span class='ocrx_word' id='word_1_478' title='bbox 757 2583 940 2616; x_wconf 88' lang='lat' dir='ltr'>huiusmodi</span> <span class='ocrx_word' id='word_1_479' title='bbox 956 2584 1156 2626; x_wconf 89' lang='lat' dir='ltr'>sopiendam,</span> <span class='ocrx_word' id='word_1_480' title='bbox 1179 2584 1262 2616; x_wconf 86' lang='lat' dir='ltr'>siout</span> <span class='ocrx_word' id='word_1_481' title='bbox 1283 2583 1380 2616; x_wconf 86' lang='lat' dir='ltr'>decet</span> <span class='ocrx_word' id='word_1_482' title='bbox 1402 2583 1579 2616; x_wconf 84' lang='lat' dir='ltr'>catholicos</span> <span class='ocrx_word' id='word_1_483' title='bbox 1591 2583 1763 2627; x_wconf 85' lang='lat' dir='ltr'>principes,</span> <span class='ocrx_word' id='word_1_484' title='bbox 1787 2586 1876 2627; x_wconf 85' lang='lat' dir='ltr'>pacis</span> 
     </span>
     <span class='ocr_line' id='line_1_45' title="bbox 224 2632 1108 2675; baseline 0.001 -9"><span class='ocrx_word' id='word_1_485' title='bbox 224 2632 370 2666; x_wconf 83' lang='lat' dir='ltr'>fervidos</span> <span class='ocrx_word' id='word_1_486' title='bbox 386 2632 553 2675; x_wconf 82' lang='lat' dir='ltr'>zelatores,</span> <span class='ocrx_word' id='word_1_487' title='bbox 576 2643 610 2666; x_wconf 91' lang='lat' dir='ltr'>se</span> <span class='ocrx_word' id='word_1_488' title='bbox 634 2633 747 2666; x_wconf 89' lang='lat' dir='ltr'>faciles</span> <span class='ocrx_word' id='word_1_489' title='bbox 768 2634 919 2667; x_wconf 87' lang='lat' dir='ltr'>studeant</span> <span class='ocrx_word' id='word_1_490' title='bbox 942 2634 1108 2668; x_wconf 87' lang='lat' dir='ltr'>exhibere.</span> 
     </span>
    </p>
   </div>
   <div class='ocr_carea' id='block_1_7' title="bbox 178 2727 871 2761">
    <p class='ocr_par' dir='ltr' id='par_1_16' title="bbox 178 2727 871 2761">
     <span class='ocr_line' id='line_1_46' title="bbox 178 2727 871 2761; baseline 0.001 -7"><span class='ocrx_word' id='word_1_491' title='bbox 178 2730 205 2750; x_wconf 73' lang='lat'>⁴⁵</span> <span class='ocrx_word' id='word_1_492' title='bbox 327 2727 393 2755; x_wconf 73' lang='lat'>579.</span> <span class='ocrx_word' id='word_1_493' title='bbox 421 2727 445 2760; x_wconf 79' lang='lat'>⁸)</span> <span class='ocrx_word' id='word_1_494' title='bbox 463 2728 576 2761; x_wconf 61' lang='grc' dir='ltr'>’σφείων</span> <span class='ocrx_word' id='word_1_495' title='bbox 593 2728 739 2754; x_wconf 74' lang='lat' dir='ltr'>intellectus</span> <span class='ocrx_word' id='word_1_496' title='bbox 757 2728 831 2755; x_wconf 67' lang='lat' dir='ltr'>delei.</span> <span class='ocrx_word' id='word_1_497' title='bbox 849 2737 871 2755; x_wconf 87' lang='grc' dir='ltr'>ο.</span> 
     </span>
    </p>
   </div>
   <div class='ocr_carea' id='block_1_8' title="bbox 326 2789 1669 2872">
    <p class='ocr_par' dir='ltr' id='par_1_17' title="bbox 326 2789 1669 2872">
     <span class='ocr_line' id='line_1_47' title="bbox 326 2789 1149 2825; baseline 0.001 -7"><span class='ocrx_word' id='word_1_498' title='bbox 326 2791 354 2824; x_wconf 92' lang='lat'>1)</span> <span class='ocrx_word' id='word_1_499' title='bbox 376 2789 417 2823; x_wconf 78' lang='lat' dir='ltr'>cr.</span> <span class='ocrx_word' id='word_1_500' title='bbox 436 2789 550 2817; x_wconf 65' lang='lat' dir='ltr'>‘Hcseon</span> <span class='ocrx_word' id='word_1_501' title='bbox 567 2789 736 2823; x_wconf 58' lang='grc' dir='ltr'>Ζοεεωιιήῆν</span> <span class='ocrx_word' id='word_1_502' title='bbox 754 2790 771 2818; x_wconf 82' lang='grc' dir='ltr'>ι.</span> <span class='ocrx_word' id='word_1_503' title='bbox 783 2798 805 2818; x_wconf 80' lang='lat' dir='ltr'>c.</span> <span class='ocrx_word' id='word_1_504' title='bbox 892 2791 920 2825; x_wconf 84' lang='lat'>2)</span> <span class='ocrx_word' id='word_1_505' title='bbox 940 2790 1035 2825; x_wconf 79' lang='lat' dir='ltr'>Supra</span> <span class='ocrx_word' id='word_1_506' title='bbox 1053 2791 1100 2818; x_wconf 74' lang='lat' dir='ltr'>un.</span> <span class='ocrx_word' id='word_1_507' title='bbox 1112 2795 1149 2819; x_wconf 76' lang='lat'>14.</span> 
     </span>
     <span class='ocr_line' id='line_1_48' title="bbox 328 2846 1669 2872; baseline -0.007 -2"><span class='ocrx_word' id='word_1_508' title='bbox 328 2850 369 2870; x_wconf 83' lang='lat' dir='ltr'>u..</span> <span class='ocrx_word' id='word_1_509' title='bbox 382 2849 608 2869; x_wconf 61' lang='lat' dir='ltr'>cosmum-:ons</span> <span class='ocrx_word' id='word_1_510' title='bbox 619 2850 645 2868; x_wconf 91' lang='lat' dir='ltr'>v.</span> <span class='ocrx_word' id='word_1_511' title='bbox 1635 2846 1669 2872; x_wconf 77' lang='lat'>59</span> 
     </span>
    </p>
   </div>
  </div>
 </body>
</html>
