2190 3172
489 238 585 266 ACTA
604 238 717 267 REGNl
736 238 921 268 LUDEWICI
940 239 988 268 IV.
1005 239 1052 267 m*
1071 239 1257 268 FBlDERICI
1277 241 1326 269 111.
1364 242 1439 270 1315.
1477 242 1524 270 Nr.
1538 243 1598 271 290.
1810 248 1872 278 253

213 326 247 356 et
269 323 501 358 sufficientibus
524 325 566 358 ad
582 326 806 358 concessiones
821 325 995 368 predictas,
1019 338 1100 370 quas
1123 338 1165 360 ex
1188 338 1285 360 causa
1308 329 1391 361 iusta
1416 333 1450 361 et
1469 329 1651 362 rationabili
1669 332 1873 372 presentibus

211 385 275 408 non
299 375 448 408 duximus
470 376 672 417 inserendas,
696 376 846 410 duximus
869 379 1062 411 auctoritate
1086 379 1177 420 regia
1200 379 1422 420 concedenda,
1451 385 1547 422 prout
1569 382 1600 412 in
1624 381 1717 413 dictis
1741 382 1811 414 aliis
1834 395 1871 415 ac

210 427 414 470 presentibus
436 428 553 461 nostris
573 427 750 471 privilegiis
772 439 830 461 seu
853 429 968 462 litteris
990 430 1072 471 regii
1095 431 1195 462 nostri
1218 430 1315 473 sigilli
1339 432 1537 474 appensione
1561 433 1691 465 munitis
1715 434 1871 475 premissa

213 479 321 511 omnia
343 479 469 521 plenius
492 479 724 513 continentur¹.
813 479 860 522 (3)
884 480 1085 515 Inhibuimus
1113 482 1212 514 etiam
1240 483 1324 514 inter
1346 486 1456 515 cetera
1479 494 1538 525 per
1561 484 1677 517 eadem
1701 485 1870 527 privilegia

184 539 196 559 ι
212 534 321 563 nostra
347 541 405 563 seu
438 530 562 564 litteras
594 532 752 563 universis
785 535 819 564 et
845 532 978 574 singulis
1008 533 1221 575 principibus,
1255 534 1439 574 comitibus,
1476 535 1663 575 baronibus,
1698 536 1870 573 nobilibus.

212 582 471 622 comunitatibus,
494 582 616 623 castris,
639 582 724 615 villis
747 586 780 615 et
803 584 896 616 terris
919 583 1054 626 aliisque
1078 584 1214 617 subditis
1237 587 1353 618 nostris
1376 586 1603 618 ecclesiasticis
1626 587 1677 619 vel
1701 588 1871 620 mundanis

210 633 271 666 sub
294 634 500 666 ammissione
523 634 780 676 privilegiorum,
812 634 998 668 libertatum
1026 639 1125 678 atque
1155 636 1344 678 feudorum,
1373 647 1437 680 que
1465 638 1586 670 habent
1613 643 1647 671 et
1674 643 1784 672 tenent
1812 651 1870 672 seu

211 687 323 718 tenere
347 685 468 718 debent
490 695 510 717 a
531 685 633 727 nobis,
657 686 774 728 quibus
797 686 946 719 omnibus
968 697 1081 720 omnes
1103 691 1137 720 et
1160 688 1302 730 singulos
1319 690 1513 722 contrarium
1530 690 1688 723 facientes
1711 691 1868 724 dictorum

211 736 452 778 privilegiorum
475 739 656 770 nostrorum
679 738 872 771 auctoritate
897 739 1076 780 privamus,
1104 739 1278 772 districtius
1300 741 1522 783 iniungentes,
1554 753 1594 775 ne
1618 742 1739 775 dictum
1763 744 1869 776 cardi-

168 796 191 818 ιο
209 787 317 820 nalem
341 790 397 820 aut
420 787 559 820 heredes
582 791 616 820 et
638 799 840 822 successores
863 790 963 832 ipsius
986 790 1018 822 in
1038 791 1171 832 pacifica
1189 793 1392 833 possessione
1410 793 1569 825 dictarum
1585 798 1687 827 motte
1711 798 1745 826 et
1766 795 1868 828 insule

210 848 248 872 ac
276 839 309 871 in
333 838 489 872 dictorum
514 839 728 882 pedagiorum
758 850 816 874 seu
843 841 1070 883 guidagiorum
1093 843 1291 884 receptione,
1322 843 1484 877 levatione
1508 848 1542 876 et
1564 846 1734 878 exactione
1757 852 1869 879 contra

211 889 369 923 dictorum
385 890 625 933 privilegiorum
649 895 830 924 nostrorum
854 896 1000 931 tenorem
1017 893 1176 935 impedire
1194 899 1381 936 presumant
1403 906 1461 927 seu
1483 896 1665 928 molestent.
1711 898 1869 930 Dedimus

210 943 308 975 etiam
343 942 429 975 dioto
464 942 619 975 cardinali
652 953 691 975 ac
725 943 900 976 heredibus
935 948 968 976 et
1001 945 1239 978 successoribus
1273 948 1338 978 suis
1366 947 1506 980 cudendi
1540 948 1592 980 vel
1626 949 1700 980 cudi
1729 950 1867 982 faciendi

209 997 373 1028 monetam
396 1004 544 1035 auream,
573 997 762 1037 argenteam
791 998 824 1027 et
851 1005 961 1028 ercam
990 1007 1047 1028 seu
1076 1007 1131 1029 ere
1155 999 1420 1038 contaminatam,
1448 1000 1664 1042 cuiuscunque
1688 1002 1794 1042 congii
1818 1002 1868 1034 vel

166 1054 191 1076 n
209 1045 429 1087 impressionis
452 1047 586 1087 existat,
615 1045 739 1088 absque
763 1046 1038 1079 contradictioned
1061 1048 1249 1090 cuiusquam
1272 1049 1403 1091 plenam
1433 1054 1466 1082 et
1496 1050 1632 1083 liberam
1665 1062 1723 1093 per
1751 1052 1867 1084 eadem

207 1100 318 1130 nostra
345 1098 514 1140 privilegia
544 1101 749 1140 potestatem.
839 1099 886 1140 (4)
910 1099 1086 1141 Cupientes
1113 1100 1211 1142 igitur
1237 1105 1270 1132 et
1300 1101 1460 1141 volentes,
1487 1106 1524 1134 ut
1553 1102 1736 1135 huiusmodi
1759 1108 1867 1136 nostra

208 1149 313 1191 gratia
337 1149 422 1181 dicto
447 1149 604 1181 cardinali
631 1160 669 1182 ac
691 1149 867 1182 heredibus
895 1154 929 1182 et
951 1151 1191 1183 successoribus
1218 1153 1284 1184 suis
1306 1152 1397 1184 iuxta
1425 1164 1500 1186 suos
1529 1159 1562 1186 et
1584 1158 1710 1186 nostros
1733 1156 1868 1188 affectus

208 1201 378 1243 proveniat
401 1200 574 1242 fructuosa,
597 1205 766 1243 sperantes
788 1202 919 1244 insuper
942 1213 998 1234 vos
1022 1206 1055 1234 et
1077 1206 1219 1235 vestrum
1241 1205 1384 1247 singulos
1407 1215 1486 1247 erga
1509 1216 1567 1237 nos
1591 1209 1623 1238 et
1646 1205 1866 1239 Romanorum

208 1262 344 1294 regnum
373 1256 406 1284 et
427 1251 500 1285 Deo
529 1252 659 1285 favente
687 1253 923 1295 subsequenter
950 1254 1122 1296 imperium
1152 1255 1235 1287 inter
1262 1259 1390 1288 ceteros
1418 1256 1553 1288 devotos
1584 1261 1711 1289 nostros
1733 1258 1866 1300 speciali

152 1311 192 1334 v2⁰
210 1303 382 1336 devotione
406 1304 542 1346 pollere,
565 1304 756 1337 fidelitatem
772 1308 911 1338 vestram
935 1305 976 1337 ad
994 1306 1143 1338 vitandas
1166 1318 1266 1348 penas
1288 1308 1319 1339 in
1343 1308 1436 1340 dictis
1458 1310 1574 1341 nostris
1590 1309 1766 1351 privilegiis
1789 1320 1864 1342 con-

207 1358 314 1388 tentas
341 1359 375 1388 et
401 1356 432 1387 in
461 1356 664 1398 presentibus
695 1357 866 1399 repetitas,
900 1368 980 1400 quas
1013 1359 1111 1390 etiam
1142 1359 1174 1390 in
1202 1360 1406 1400 presentibus
1429 1361 1633 1401 innovamus,
1667 1362 1863 1403 presentium

207 1410 319 1440 tenore
334 1408 526 1450 requirimus
542 1418 580 1439 ac
597 1411 749 1450 rogantes
766 1408 930 1450 edicimus,
955 1410 1103 1451 quatinus
1124 1410 1231 1443 eidem
1247 1411 1403 1443 cardinali
1419 1412 1508 1444 iuxta
1525 1412 1690 1444 fidelitatis
1707 1412 1863 1449 debitum.

207 1469 271 1500 quo
295 1459 449 1491 tenemini
472 1458 580 1500 nobis,
607 1459 639 1491 in
662 1460 826 1502 premissis
849 1460 998 1493 omnibus
1026 1466 1060 1494 et
1082 1461 1214 1504 singulis
1238 1463 1466 1504 premissorum
1490 1467 1523 1496 et
1546 1464 1711 1505 potissime
1735 1465 1765 1495 in
1789 1475 1863 1506 per-

207 1510 372 1552 ceptione,
400 1510 562 1542 levatione
590 1514 624 1543 et
653 1512 822 1544 exactione
850 1513 1088 1554 passagiorum,
1121 1513 1333 1556 pedagiorum
1362 1525 1419 1547 seu
1447 1515 1672 1557 guidagiorum
1709 1517 1741 1547 in
1770 1515 1863 1548 dictis

163 1566 188 1587 ’ὁ
207 1562 324 1593 nostris
342 1562 518 1605 privilegiis
534 1563 712 1604 pretaxatis
735 1563 857 1595 nullum
878 1564 1144 1606 impedimentum
1169 1565 1355 1608 nullamque
1372 1567 1531 1607 iniuriam,
1555 1567 1771 1609 calumpniam
1795 1568 1862 1599 sive

206 1613 399 1654 molestiam,
424 1614 594 1656 quominus
611 1615 715 1655 gratia
731 1618 840 1646 nostra
859 1615 960 1647 libere
984 1616 1031 1647 uti
1047 1616 1164 1657 valeat,
1189 1627 1247 1658 per
1270 1628 1327 1649 vos
1349 1618 1401 1649 vel
1418 1618 1517 1650 alium
1541 1629 1599 1650 seu
1622 1618 1702 1650 alios
1718 1619 1862 1650 inferatis

206 1675 266 1697 nec
289 1665 399 1697 inferri
428 1665 469 1697 ab
498 1665 569 1697 aliis
593 1666 801 1707 permittatis,
829 1666 887 1699 sed
916 1668 1072 1699 assistatis
1105 1669 1135 1700 ei
1163 1679 1199 1700 ac
1223 1669 1398 1701 heredibus
1421 1674 1454 1702 et
1477 1670 1713 1702 successoribus
1736 1671 1801 1702 suis
1824 1681 1861 1702 ac

205 1726 302 1758 super
324 1716 385 1748 hoc
409 1717 594 1759 deputando
618 1717 671 1749 vel
692 1717 886 1760 deputandis
910 1718 951 1750 ab
975 1719 1052 1761 ipsis
1069 1720 1218 1760 consiliis,
1242 1721 1371 1752 auxiliis
1394 1725 1427 1753 et
1450 1721 1613 1754 favoribus
1629 1723 1804 1764 oportunis,
1827 1728 1863 1753 ut

205 1778 265 1810 per
286 1769 346 1800 hec
362 1768 566 1806 devotionem
591 1775 731 1802 vestram
755 1770 797 1802 ad
820 1781 879 1802 nos
902 1774 936 1802 et
955 1771 1125 1812 imperium
1143 1771 1350 1804 ostendentes
1366 1774 1555 1804 mereamini
1578 1785 1597 1805 a
1621 1774 1713 1805 nobis
1737 1777 1769 1805 et
1792 1774 1862 1816 ipso

161 1825 186 1845 ⁸⁰
205 1819 381 1852 auxiliante
398 1819 538 1852 Domino
564 1820 692 1852 favores
715 1824 749 1853 et
764 1822 885 1863 gratias
908 1822 1026 1854 uberes
1046 1833 1196 1854 successu
1212 1825 1367 1865 temporis
1383 1825 1539 1857 obtinere.
1586 1825 1680 1861 Quod
1704 1826 1730 1856 si
1755 1825 1861 1857 forsan

204 1881 261 1903 vos
283 1875 339 1903 aut
361 1872 464 1914 quivis
487 1871 542 1903 alii
565 1873 633 1904 sive
649 1873 819 1914 principes,
843 1873 988 1913 comites,
1013 1873 1160 1914 barones,
1185 1874 1310 1906 nobiles
1333 1876 1400 1907 sive
1421 1876 1578 1912 civitates,
1603 1877 1861 1915 communitates,

204 1926 320 1964 castra,
344 1923 418 1955 ville
443 1927 476 1955 et
498 1926 583 1956 terre
607 1928 664 1956 aut
685 1924 740 1956 alii
764 1924 943 1966 singulares
960 1924 1079 1956 subditi
1103 1929 1136 1956 et
1159 1926 1287 1957 vassalli
1310 1928 1411 1958 nostri
1427 1929 1620 1970 quicunque,
1645 1929 1860 1969 cuiuscunque

204 1973 395 2007 conditionis
417 1978 473 2007 aut
495 1978 597 2007 status
621 1975 829 2008 ecclesiastici
853 1976 905 2007 vel
927 1976 1090 2018 mundani,
1114 1976 1298 2009 huiusmodi
1321 1978 1562 2020 privilegiorum
1587 1983 1620 2011 et
1636 1978 1859 2010 mandatorum

203 2029 384 2058 nostrorum
408 2027 542 2068 fueritis,
567 2027 652 2069 quod
672 2038 735 2059 non
759 2027 929 2068 credimus,
953 2031 1193 2070 contemptores
1217 2034 1250 2061 et
1272 2030 1432 2071 prefatum
1449 2030 1645 2063 cardinalem
1669 2041 1706 2061 ac
1723 2030 1860 2062 heredes

160 2085 186 2106 υ
206 2080 240 2110 et
261 2088 464 2110 successores
486 2079 587 2120 ipsius
609 2083 665 2110 aut
687 2079 908 2121 deputandum
933 2090 1030 2122 super
1053 2080 1112 2111 hoc
1138 2081 1189 2112 vel
1207 2080 1411 2123 deputandos
1433 2082 1475 2113 ab
1500 2082 1556 2121 eis,
1581 2083 1750 2123 quominus
1773 2082 1860 2114 dicta

202 2128 343 2172 pedagia
372 2140 430 2161 seu
459 2130 614 2172 guidagia
644 2131 676 2162 in
699 2130 827 2172 prefata
856 2134 959 2163 motta
990 2134 1023 2163 et
1050 2131 1244 2173 appenditiis
1272 2143 1311 2164 ac
1334 2133 1644 2165 circumadiaeentiis
1671 2134 1740 2166 eius
1770 2135 1859 2165 iuxta

202 2183 311 2213 nostre
334 2181 548 2213 concessionis
570 2184 716 2214 tenorem
741 2186 774 2214 et
796 2182 928 2214 modum
952 2182 983 2214 in
1008 2182 1174 2225 prelibatis
1197 2188 1230 2215 et
1245 2184 1448 2226 presentibus
1471 2186 1586 2216 nostris
1602 2185 1779 2227 privilegiis
1802 2196 1859 2218 ex-

202 2241 312 2274 presse
336 2235 504 2264 contentos
528 2233 629 2265 libere
654 2235 814 2275 recipere,
843 2233 952 2266 levare
981 2244 1018 2266 ac
1042 2235 1175 2276 exigere
1198 2235 1341 2273 valeant,
1368 2235 1602 2278 impediveritis
1626 2247 1683 2268 seu
1706 2237 1857 2269 molesta-

202 2283 311 2315 veritis
327 2287 425 2326 atque
442 2284 648 2317 turbaveritis
671 2289 727 2316 aut
746 2285 906 2327 impediri,
930 2286 1095 2318 molestari
1118 2290 1151 2318 et
1174 2287 1296 2319 turbari
1320 2298 1378 2329 per
1400 2288 1482 2319 alios
1498 2288 1639 2320 feceritis
1655 2288 1783 2330 publice
1808 2289 1859 2320 vel

158 2343 185 2365 ω
203 2334 328 2367 occulte
349 2339 405 2368 aut
426 2336 589 2375 iniuriam,
613 2337 814 2374 violentiam,
839 2338 1054 2370 resistentiam
1077 2338 1129 2370 vcl
1154 2338 1354 2371 obstaculum
1378 2340 1549 2371 intuleritis
1571 2340 1623 2372 vel
1647 2340 1756 2372 inferri
1779 2351 1859 2382 quo—

201 2385 380 2419 modolibet
411 2391 468 2419 aut
497 2387 763 2430 qualitercunque
795 2389 938 2420 feceritis
968 2393 1001 2421 et
1027 2390 1172 2431 requisiti
1200 2401 1220 2422 a
1248 2390 1334 2422 dicto
1358 2391 1514 2423 cardinali
1544 2397 1599 2423 aut
1624 2391 1797 2423 heredibus
1826 2396 1859 2423 et

201 2438 439 2471 successoribus
467 2440 536 2472 eius
558 2439 611 2471 vel
639 2450 680 2472 ex
709 2444 800 2482 parte
824 2441 967 2482 ipsorum
994 2441 1076 2472 infra
1106 2445 1179 2474 octo
1208 2441 1332 2474 dierum
1355 2443 1499 2484 spacium
1523 2453 1542 2474 a
1565 2443 1618 2474 die
1642 2444 1858 2484 requisitionis

201 2488 386 2522 huiusmodi
401 2491 652 2532 computandum
674 2502 737 2523 non
754 2492 954 2534 resipueritis
977 2495 1010 2524 et
1033 2493 1063 2524 in
1081 2496 1183 2525 totum
1200 2503 1270 2524 cum
1289 2493 1407 2525 effectu
1424 2495 1626 2526 cessaveritis
1642 2505 1748 2536 neque
1771 2494 1857 2526 dicto

202 2539 356 2573 cardinali
378 2545 435 2573 aut
457 2541 624 2584 prelibatis
647 2543 821 2575 heredibus
847 2547 879 2575 et
902 2544 1140 2575 successoribus
1164 2545 1232 2576 eius
1255 2545 1296 2577 de
1319 2545 1503 2577 huiusmodi
1526 2546 1663 2585 iniuriis,
1688 2545 1857 2578 violentiis.

156 2600 183 2622 ω
202 2591 358 2624 molestiis
387 2596 420 2625 et
443 2593 590 2636 dampnis
619 2604 656 2626 ao
680 2596 779 2626 etiam
803 2595 958 2627 interesse
982 2606 1123 2637 congrue
1146 2597 1382 2635 satisfeceritis,
1413 2607 1471 2628 vos
1494 2601 1527 2628 et
1550 2598 1636 2638 ipsos
1660 2602 1693 2628 et
1716 2602 1856 2628 vestrum

202 2643 400 2685 et-ipsorum
423 2645 566 2686 singulos
588 2656 699 2678 omnes
723 2646 886 2688 predictas
908 2657 1009 2688 penas
1033 2646 1234 2679 decrevimus
1257 2652 1290 2679 et
1311 2651 1424 2680 tenore
1441 2649 1638 2690 presentium
1655 2648 1857 2680 decernimus

202 2694 370 2727 iucurrisse
393 2705 515 2738 vosque
540 2700 573 2729 et
595 2698 681 2739 ipsos
705 2708 743 2730 ac
766 2702 907 2730 vestrum
932 2703 965 2730 et
981 2699 1122 2740 ipsorum
1143 2699 1285 2740 singulos
1301 2699 1449 2731 omnibus
1472 2704 1506 2731 et
1521 2699 1654 2741 singulis
1670 2700 1856 2741 privilegiis.

305 2787 373 2816 290.
400 2788 425 2823 ⁶)
443 2792 641 2818 contradictione
659 2801 698 2818 or.

306 2857 332 2890 1)
352 2856 478 2884 Senatu
495 2866 549 2885 aon
567 2862 637 2886 sunt.
