2190 3172
420 209 516 237 ACTA
534 209 647 238 12le
666 208 849 238 LUDEWICI
868 209 914 237 IV.
934 209 979 236 m·
999 209 1182 237 FRlDERICI
1202 210 1250 238 111.
1288 210 1362 238 1815.
1398 210 1518 238 Nr.195.
1538 212 1595 238 196,
1771 216 1829 245 179

290 296 476 330 Ludovicus
502 296 566 330 Dei
599 297 703 339 gratia
725 297 944 330 Romanorum
973 307 1030 328 rex
1057 307 1185 339 semper
1218 300 1371 339 augustus
1470 297 1567 329 nobili
1598 298 1664 329 viro
1696 298 1830 331 Iohanni

183 348 312 381 domino
350 347 391 381 de
428 347 647 386 Bellomonte,
685 347 776 380 fratri
813 347 930 380 nobilis
967 348 1025 379 viri
1063 347 1239 380 Guillielmi
1277 349 1403 380 comitis
1440 348 1481 380 de
1515 348 1705 390 Hollandia,
1743 349 1830 382 fideli

183 410 240 432 suo
328 400 466 442 gratiam
488 409 579 431 suam
602 402 636 432 et
659 409 753 432 omne
776 399 906 431 bonum.

290 450 448 494 Regalem
473 450 568 483 decet
589 451 783 492 sollertiam,
813 454 849 483 ut
871 451 947 483 fidei
971 451 1109 492 puritate
1132 461 1170 483 ac
1194 450 1374 483 devotionis
1396 451 1515 483 affectu
1539 463 1596 494 pre
1620 453 1735 485 ceteris
1758 464 1831 485 cum

153 517 166 537 ι
185 505 320 545 experta
357 501 528 545 prudentia
562 513 640 545 erga
673 513 731 535 nos
765 513 802 535 ac
836 503 1006 544 imperium
1041 503 1158 544 iugiter
1193 502 1388 545 pollentibus
1422 504 1635 536 inmensiora·
1662 504 1764 536 offitia
1798 508 1833 537 et

182 554 309 596 imperii
335 554 481 597 negotia,
511 564 583 586 cum
611 554 696 586 circa
723 555 845 586 maiora
874 554 998 586 cautius
1025 554 1066 586 sit
1095 554 1271 596 agendum,
1301 554 1479 587 fiducialius
1509 556 1767 596 commictamus,
1799 557 1831 588 in

182 605 244 638 hoc
272 605 417 638 divorum
444 606 677 648 imperatorum
705 610 738 638 et
767 616 880 648 regum
903 605 1123 637 Romanorum
1152 605 1417 647 predecessorum
1449 611 1630 639 nostrorum
1660 607 1830 639 illustrium

181 657 318 700 vestigia
349 667 411 690 uon
440 660 508 690 tam
537 658 620 689 iuste
643 668 740 700 quam
766 657 901 699 provide
930 659 1191 699 persequentesb.
1238 658 1445 700 Quapropter
1468 658 1509 691 de
1534 663 1589 691 tua
1611 670 1708 701 quam
1732 660 1831 702 pluri-

182 719 270 741 mum
297 709 432 752 provida
458 709 744 751 circumspectione
766 719 805 741 ac
828 709 1030 751 providentia
1053 709 1300 751 circumspecta,
1330 714 1426 751 prout
1448 711 1554 742 exacti
1578 712 1732 753 temporis
1755 722 1831 743 con-

139 775 165 796 ιο
182 760 335 794 sideratio
368 772 426 794 nos
461 761 603 801 edocuit,
637 761 817 803 spetialiter
851 761 1064 802 confidentes,
1099 765 1130 793 te
1161 762 1191 792 in
1219 761 1404 803 generalem
1433 763 1587 794 vicarium
1622 767 1656 795 et
1690 762 1830 795 balivum

181 813 308 855 imperii
330 823 389 855 per
410 815 513 845 totam
535 812 679 845 Ytaliam
703 812 910 845 statuendum
933 812 1134 845 decrevimus
1158 816 1191 845 et
1213 814 1382 845 statuimus
1405 825 1463 856 per
1485 818 1660 857 presentes.
1707 815 1832 847 Conce-

182 863 296 897 deutes
318 864 376 897 tibi
398 875 522 897 merum
547 868 581 896 et
602 865 739 896 mixtum
762 865 933 906 imperium
956 875 994 896 ac
1017 865 1173 903 volentes,
1198 868 1233 896 ut
1255 876 1313 907 per
1336 876 1447 898 omnes
1469 867 1566 898 totius
1591 866 1699 899 Ytalie
1722 870 1832 909 partes

182 915 241 948 tibi
263 919 415 959 tanquam
438 916 583 958 generali
606 916 726 948 vicario
749 919 858 947 nostro
882 919 916 948 et
937 916 1065 957 imperii
1088 915 1259 948 obediatur
1281 916 1322 948 ab
1347 917 1494 949 omnibus
1518 922 1551 949 et
1573 918 1712 950 fideliter
1727 919 1830 950 inten—

182 966 286 1000 datur.
374 967 412 1000 In
435 978 570 1011 quorum
587 967 782 1000 evidentiam
799 971 832 999 et
846 968 1065 1000 testimonium
1082 971 1249 1010 presentes
1264 968 1394 1000 licteras
1409 969 1515 1011 sigillo
1532 970 1709 1001 maiestatis
1724 975 1832 1002 nostre

139 1034 164 1054 u
182 1019 338 1052 tradimus
360 1019 580 1052 communitas.

290 1079 410 1112 Datum
434 1079 650 1122 Oppenheim,
673 1079 716 1112 II.
734 1079 817 1112 Non.
833 1079 972 1121 Ianuar„
996 1090 1079 1112 anno
1104 1079 1233 1112 Domini
1259 1080 1430 1112 millesimo
1455 1082 1681 1113 trecentesimo
1705 1082 1831 1124 quinto-

183 1130 320 1172 decimo,
343 1132 434 1175 regni
456 1142 532 1165 vero
556 1132 655 1164 nostri
678 1142 761 1164 anno
784 1132 898 1174 primo,

534 1276 617 1313 196.
660 1275 873 1312 Mandatum
899 1276 1044 1313 subditis
1070 1277 1246 1313 directum.
1352 1277 1431 1312 Ian.
1450 1278 1486 1312 4.

289 1355 485 1389 Mandatum
508 1356 538 1388 A
552 1355 768 1397 principibu-⁴3,
797 1355 826 1388 Β
849 1355 1032 1388 civitatibus
1053 1356 1207 1388 directum
1229 1356 1265 1388 in
1287 1355 1391 1388 eodem
1415 1358 1609 1388 transsumto
1635 1359 1671 1388 ut
1693 1366 1742 1388 nr.
1762 1358 1832 1390 195.

139 1421 165 1445 20
186 1406 384 1443 &malimus
404 1417 471 1441 nos.
493 1426 535 1432 —
558 1407 620 1440 Ed.
637 1407 753 1440 Ficker
775 1406 795 1439 l.
812 1418 837 1439 c.
854 1418 891 1448 p.
909 1407 929 1438 1
941 1418 986 1448 sq.
1009 1408 1095 1439 nr.2
1117 1410 1146 1439 et
1166 1409 1188 1439 3
1210 1418 1249 1440 ea:
1272 1411 1309 1440 tr.

289 1467 435 1507 Bahmer,
457 1467 533 1509 Ray.
557 1467 670 1500 Dudw.
687 1478 722 1508 p.
738 1469 803 1499 350
824 1478 874 1500 nr.
890 1468 976 1499 3145
999 1467 1125 1509 (Addit.
1142 1467 1227 1509 III).

290 1527 341 1571 Cf.
361 1528 452 1567 infra
473 1527 518 1560 ad
538 1537 570 1560 a.
586 1529 680 1560 1316.
703 1527 796 1560 Febr.
812 1529 843 1560 3.

287 1613 471 1648 Ludovicus
492 1613 556 1646 Dei
578 1615 684 1657 gratia
705 1613 926 1647 Romanorum
949 1625 1006 1647 rex
1029 1625 1158 1657 semper
1180 1617 1334 1657 augustus

138 1734 164 1756 2⁵
181 1722 337 1756 universis
366 1725 399 1766 et
421 1722 553 1765 singulis
575 1721 765 1763 illustribus,
796 1721 980 1764 spectabili-
1032 1721 1188 1753 universis
1211 1724 1244 1753 et
1266 1721 1399 1764 singulis
1422 1721 1618 1762 civitatibus,
1647 1723 1830 1755 munitioni·

181 1774 251 1816 bus,
278 1774 461 1807 clarissimis
484 1773 629 1814 ducibus,
652 1773 901 1814 marchionibus,
925 1784 980 1806 co-
1033 1772 1103 1814 bus,
1128 1772 1277 1813 castellis,
1301 1773 1438 1815 oppidis,
1462 1773 1582 1816 burgis,
1606 1773 1688 1806 villis
1705 1779 1738 1806 et
1753 1774 1832 1807 locis

181 1826 321 1868 mitibus,
343 1819 523 1858 baronibus*
538 1828 571 1858 et
589 1826 661 1857 aliis
681 1825 851 1866 nobilibus,
875 1826 979 1858 cuius·
1034 1824 1276 1867 quibuscunque
1292 1825 1323 1856 in
1335 1825 1445 1857 Ytalia
1467 1836 1589 1857 necnon
1607 1826 1831 1868 potestatibus,

182 1888 319 1921 cumque
339 1877 549 1910 condictionis
563 1877 616 1909 vel
633 1880 735 1909 status
751 1877 901 1918 existant,
921 1887 980 1919 per
1033 1876 1219 1918 capitaneis,
1242 1877 1390 1917 antianis,
1413 1877 1606 1917 consulibus,
1629 1877 1760 1918 civibus,
1783 1879 1831 1910 in-

181 1929 324 1963 Ytaliam
347 1929 537 1970 constitutis,
1033 1928 1111 1960 colis
1137 1923 1170 1959 et
1193 1927 1376 1960 hominibus
1398 1929 1579 1968 civitatum,
1610 1930 1831 1968 munitionum,

139 1994 165 2015 ω
1032 1979 1247 2020 castellorum,
1271 1979 1474 2022 oppidorum,
1496 1980 1670 2023 burgorum
1691 1986 1724 2013 et
1744 1981 1830 2014 loco-

1030 2041 1102 2063 rum
1125 2031 1311 2070 eorundem,

181 2085 223 2117 ad
246 2094 326 2127 quos
348 2086 515 2127 presentes
538 2083 750 2125 pervenerint,
772 2081 920 2115 fidelibus
943 2082 1008 2114 suis
1031 2082 1157 2115 dilectis
1247 2083 1386 2125 gratiam
1412 2093 1503 2115 suam
1527 2087 1560 2116 et
1583 2094 1677 2116 omnc
1701 2084 1830 2116 bonum.

286 2136 446 2179 Regalem
470 2135 564 2168 decet
586 2134 773 2175 sollertiam,
795 2137 832 2166 ut
853 2134 929 2166 fidei
952 2135 1092 2176 puritate
1116 2137 1171 2166 et*
1193 2134 1373 2166 devotionis
1397 2134 1516 2166 affectu
1539 2145 1596 2177 pre
1620 2136 1736 2168 ceteris
1759 2147 1830 2167 cum

182 2191 318 2230 experta
351 2186 553 2230 providentia
581 2196 659 2228 erga
692 2196 750 2218 nos
784 2188 818 2218 et
843 2186 1014 2228 imperium
1042 2186 1161 2227 iugiter
1191 2186 1387 2228 pollentibus
1421 2187 1638 2219 inmensiorab
1666 2187 1767 2219 offitia
1798 2191 1832 2220 et

138 2252 163 2273 ω
181 2240 307 2283 imperii
328 2239 470 2281 negotia,
494 2249 566 2271 cum
589 2238 678 2270 circa
698 2238 823 2270 maiora
845 2238 968 2270 cautius
991 2238 1032 2269 sit
1054 2237 1226 2279 agendum,
1250 2237 1428 2269 fiducialius
1448 2238 1699 2279 commictamus,
1723 2240 1753 2270 in
1770 2239 1832 2271 hoc

181 2290 326 2324 divorum
348 2291 579 2334 imperatorum
602 2294 635 2322 et
657 2300 770 2332 regum
785 2290 1004 2322 Romanorum
1022 2289 1287 2332 predecessorum
1310 2293 1492 2322 nostrorum
1509 2289 1678 2322 illustrium
1696 2291 1832 2332 vestigia

180 2353 243 2375 non
271 2346 338 2375 tam
371 2343 454 2375 iuste
483 2353 579 2385 quam
611 2341 744 2384 provide
778 2345 1036 2384 persequentes⁰.
1087 2340 1270 2383 Eapropter
1299 2341 1340 2373 de
1368 2341 1504 2384 provida
1534 2351 1630 2383 quam
1660 2342 1831 2383 plurimum

181 2394 466 2437 circumspectione
489 2397 523 2426 et
545 2393 748 2436 providentia
771 2394 1003 2435 circumspecta
1026 2392 1141 2424 nobilis
1164 2393 1222 2424 viri
1239 2392 1390 2425 Iohannis
1414 2393 1535 2425 domini
1559 2393 1599 2425 de
1615 2393 1830 2434 Bellomonte,

181 2445 287 2478 fratris
314 2445 499 2488 spectabilis
521 2445 580 2477 viri
603 2444 787 2477 Guillelmi‘¹
815 2445 940 2477 comitis
964 2445 1004 2477 de
1027 2444 1214 2485 Hollandia,
1244 2448 1339 2486 prout
1370 2445 1478 2477 exacti
1502 2445 1660 2487 temporis
1684 2445 1830 2476 conside-

136 2509 164 2530 ω
181 2498 262 2530 ratio
285 2508 343 2530 nos
365 2497 505 2539 edocuit,
528 2496 707 2540 spetialiter
726 2496 934 2535 confidentes,
957 2497 1061 2539 ipsum
1078 2497 1110 2528 in
1125 2496 1311 2538 generalem
1330 2497 1482 2528 vicarium
1499 2500 1532 2528 et
1548 2496 1687 2528 balivum
1704 2496 1830 2538 imperii

181 2559 240 2592 per
267 2551 369 2582 totam
391 2549 533 2582 Ytaliam
562 2548 767 2581 statuendum
790 2548 992 2580 decrevimus
1021 2551 1056 2580 et
1077 2549 1246 2580 statuimus
1275 2559 1332 2590 per
1355 2552 1530 2590 presentes.
1583 2548 1751 2580 Monentes
1774 2558 1830 2578 vos

181 2601 345 2634 universos
379 2603 412 2633 et
445 2600 586 2643 singulos
619 2611 656 2632 ac
686 2599 776 2632 vobis
806 2600 940 2632 firmiter
968 2601 1184 2642 iniungentes,
1219 2601 1367 2642 quatinus
1399 2599 1507 2632 eidem
1536 2599 1679 2641 generali
1710 2599 1829 2631 vicario

180 2655 288 2684 nostro
325 2655 358 2684 et
389 2652 517 2694 imperii
550 2662 610 2694 per
643 2662 754 2684 omnes
781 2652 879 2684 totius
902 2651 1011 2684 Ytslie
1041 2656 1148 2694 partes
1182 2651 1341 2684 obediatis
1375 2652 1407 2683 in
1442 2651 1589 2683 omnibus
1623 2655 1656 2683 et
1690 2650 1831 2682 fideliter

286 2757 350 2786 195.
377 2758 400 2792 ⁸)
419 2760 574 2786 inmensoris
591 2764 622 2786 tr.
706 2759 732 2792 b)
751 2766 769 2792 p
788 2768 855 2785 corr.
874 2768 904 2785 ex
921 2766 942 2792 p
961 2764 992 2785 tr.

141 2841 167 2861 ω
289 2830 353 2859 10⁰.
381 2831 405 2865 ¹)
423 2840 454 2858 ac
472 2832 504 2858 B.
592 2831 616 2865 h)
635 2833 790 2859 inmensoria
808 2833 841 2859 B.
929 2834 951 2864 θ)
972 2839 990 2866 p
1008 2842 1074 2858 corr.
1094 2841 1125 2858 a
1141 2839 1162 2865 p
1182 2833 1213 2859 A.
1233 2832 1265 2859 Β,
1354 2831 1380 2864 ⁸¹)
1398 2831 1538 2858 Guilhelmi
1558 2830 1590 2856 B.

1571 2881 1621 2907 23‘
