2124 3132
292 154 336 183 42
711 150 928 178 TRACTATUS
947 151 995 177 DE
1013 151 1224 178 ELECTIONE.
1262 151 1337 179 1314.
1374 153 1423 180 Nr.
1435 153 1478 181 43.
1496 154 1538 181 44.

292 238 424 278 ⁴curetis,
448 240 484 269 ut
507 248 579 269 cum
604 237 731 269 decenti
754 236 959 268 multitudine
983 240 1179 268 armatorum
1202 237 1295 269 nobis
1318 239 1350 270 in
1366 238 1509 271 adventu
1525 242 1633 272 nostro
1649 240 1790 273 fideliter
1804 243 1954 275 assistere

295 288 451 320 studeatis
480 292 591 320 contra
620 291 746 320 nostros
777 288 901 319 emulos
932 291 965 319 et
991 287 1145 328 rebeum,
1179 299 1276 330 super
1305 300 1368 331 quo
1400 289 1558 322 illustrem
1586 290 1701 323 ducem
1728 293 1952 335 Liup(oldum)

296 339 427 372 fratrem
462 343 606 371 nostrum
640 340 843 371 karissimum
878 338 919 370 ad
949 342 1089 371 vestram
1122 341 1323 381 presenciam
1358 340 1508 373 duximus
1545 343 1807 384 premittendum.
1864 344 1954 376 Certi

291 391 383 433 quod
405 391 540 433 proinde
564 391 607 422 ad
631 391 775 432 quelibet
790 394 896 422 vestra
919 390 1125 432 beneplacita
1147 394 1306 432 perpetuo
1330 403 1388 423 nos
1411 393 1562 425 sensiatis
1582 393 1747 426 benivolos
1764 399 1798 427 et
1812 399 1952 437 paratos.

402 443 523 474 Datum
547 446 626 483 aput
648 443 805 482 Lintzam,
829 442 905 472 XII.
922 441 995 472 Kal.
1013 442 1096 473 Iulii.
1982 456 1995 476 5

437 574 499 610 44.
541 575 696 610 Litterae
723 573 904 609 Elizabeth
930 574 1086 610 ducissae
1113 575 1159 610 ad
1184 587 1296 620 reyem
1323 576 1538 621 Araqonum.
1643 579 1724 614 Iun.
1745 581 1806 614 29.

407 643 569 684 Oriyircale
592 643 668 685 (or.)
693 643 728 674 in
760 643 919 675 tabulario
941 644 1026 684 reyio
1048 644 1286 676 Barcinonensi
1309 646 1476 685 (‘Archivo
1497 646 1626 687 qeneral
1652 647 1690 679 de
1711 647 1743 679 la
1769 647 1893 681 Corona
1915 650 1954 680 de

292 696 447 736 Arayon')
479 694 606 727 ‘Cartas
636 694 736 725 reales
765 694 994 734 diplomatieas’
1026 696 1082 735 (=
1108 695 1221 737 CRD)
1249 696 1366 728 49551.
1399 715 1439 720 —
1474 698 1536 729 Ed.
1561 697 1702 730 ‘Revista
1732 699 1770 730 de
1798 699 1950 739 archivos,

293 747 470 779 bibliotecas
490 757 512 787 y
535 746 669 777 museos'
693 745 763 777 VII
780 746 798 786 (
797 746 882 777 1877
877 748 895 786 )
913 757 947 785 p.
966 748 1007 777 77
1012 757 1023 785 ;
1045 747 1206 787 Zeissberq
1228 747 1310 779 ‘Das
1332 747 1476 788 Reqister
1497 749 1558 780 Nr.
1575 751 1640 780 318
1662 750 1716 781 des
1737 750 1874 782 Archivs
1895 751 1951 783 der

292 797 563 838 Arayonesischen
579 797 688 829 Krene
710 798 746 828 in
762 797 951 829 Barcelona’
968 802 991 838 (¹
999 798 1126 830 Wiener
1141 799 1422 839 Sitzanysberichte
1444 799 1509 832 Bd.
1523 802 1594 839 140,
1616 801 1715 842 1898)
1737 812 1768 841 p.
1786 803 1828 832 10
1850 813 1889 834 ex
1904 813 1949 835 or.
1971 814 1997 834 10

292 850 476 881 Editionem
498 849 581 880 hanc
602 849 782 888 repetimus.

404 905 453 944 Cf.
477 905 707 944 responsionem
730 905 812 944 reyis
834 905 1022 945 Arayo‘num
1044 905 1134 945 infra
1156 916 1205 936 nr.
1222 906 1266 936 83
1283 907 1529 946 proponendam.

399 990 618 1022 Illustrissimo
654 1000 691 1021 ac
725 990 909 1032 magniffico
944 990 1080 1032 principi
1116 990 1246 1022 domino
1277 992 1397 1024 Iacobo
1425 992 1488 1024 Dei
1522 995 1631 1034 gracia
1666 995 1835 1027 karissimo
1870 997 1952 1038 patri

292 1053 350 1074 suo
418 1041 566 1073 Elizabet
594 1041 710 1073 eadem
739 1042 848 1083 gracia
875 1041 1002 1072 ducissa
1025 1042 1155 1074 Austrie
1180 1046 1213 1074 et
1236 1042 1332 1074 Stirie
1355 1043 1421 1075 filia
1445 1055 1502 1076 sua
1525 1045 1654 1076 humilis
1678 1050 1711 1078 et
1734 1046 1852 1078 devota
1917 1058 1952 1079 se

291 1095 394 1135 ipsam
419 1104 491 1125 cum
515 1093 635 1134 pedum
660 1103 697 1124 ac
721 1103 874 1124 manuum
897 1093 1076 1124 humillimo
1101 1093 1256 1125 osculatu.
1975 1111 1998 1129 ι»

400 1145 573 1177 Serenitati
601 1147 707 1175 vestre
740 1147 852 1175 tenore
885 1145 1088 1185 presencium
1119 1145 1305 1186 patephiat,
1335 1156 1393 1177 nos
1421 1157 1480 1188 per
1505 1147 1570 1178 Dei
1598 1149 1740 1189 graciam
1768 1149 1956 1191 plenissima

291 1197 397 1229 cordis
426 1196 535 1228 leticia
564 1199 597 1227 et
626 1196 769 1237 corporis
797 1195 919 1236 perfrui
947 1196 1100 1236 sanitate,
1130 1196 1252 1228 ididem
1277 1196 1318 1228 de
1341 1201 1448 1229 vestra
1471 1198 1730 1240 magnifficencia
1752 1201 1834 1232 scire
1858 1211 1954 1243 quam

291 1248 465 1290 plurimum
493 1247 698 1287 affectantes,
727 1251 760 1278 et
784 1247 871 1288 quod
895 1248 927 1277 in
950 1248 1045 1278 terris
1069 1251 1102 1278 et
1126 1247 1403 1279 dominacionibus
1426 1250 1622 1281 serenissimi
1645 1250 1767 1282 domini
1789 1252 1956 1284 Frederici

290 1300 451 1331 karissimi
480 1300 539 1330 viri
570 1299 668 1330 nostri
700 1302 733 1329 et
762 1298 948 1339 specialiter
979 1299 1011 1329 in
1041 1299 1170 1330 civitate
1187 1298 1379 1330 Wiennensi
1405 1300 1524 1332 fuimus
1551 1305 1684 1342 recepte
1712 1313 1785 1334 cum
1812 1304 1955 1335 maximo

290 1351 412 1382 honore
438 1355 470 1382 et
493 1350 612 1392 gaudio
637 1360 674 1381 ac
698 1350 781 1380 festo
805 1349 877 1380 ilari
901 1353 934 1380 et
957 1349 1095 1381 iocundo
1113 1353 1146 1381 et
1162 1350 1248 1391 quod
1267 1354 1352 1381 terra
1368 1351 1528 1383 Australis
1546 1352 1638 1384 nobis
1654 1353 1748 1385 valde
1765 1355 1955 1397 complacet,
1974 1365 2000 1386 m

289 1412 361 1433 cum
386 1402 427 1432 sit
450 1401 657 1443 pulxerrima,
682 1400 848 1432 fructifera
873 1404 905 1432 et
929 1401 1132 1432 delectabilis
1156 1412 1194 1433 ac
1216 1402 1248 1432 in
1272 1402 1364 1433 bonis
1385 1403 1532 1435 omnibus
1548 1404 1690 1446 copiosa,
1712 1409 1845 1448 propter
1868 1407 1955 1449 quod

289 1454 414 1484 animus
438 1455 548 1484 noster
571 1452 747 1484 affabiliter
770 1453 978 1493 conquiescit.
1017 1452 1176 1484 Nolumus
1199 1454 1331 1495 inquam
1354 1457 1496 1486 vestram
1520 1455 1773 1489 dominationem
1795 1458 1957 1490 ullatenus

289 1505 454 1546 ignorare,
486 1504 574 1549 quod
598 1503 792 1535 venerabilis
815 1503 1016 1534 Bertrandus
1039 1503 1172 1536 Galliffa
1200 1505 1286 1536 circa
1307 1515 1366 1536 nos
1390 1509 1423 1536 et
1445 1507 1582 1547 negocia
1604 1511 1713 1539 nostra
1736 1519 1795 1550 per
1817 1519 1874 1540 vos
1896 1509 1958 1542 sibi

292 1557 428 1587 comissa
453 1555 590 1587 multum
615 1554 755 1586 fideliter
780 1557 813 1585 et
836 1554 975 1586 discrete
1000 1565 1034 1586 se
1058 1555 1173 1586 habuit
1197 1559 1230 1587 et
1253 1566 1325 1588 cum
1348 1557 1492 1589 maxima
1516 1557 1689 1600 diligencia
1711 1560 1743 1591 in
1761 1560 1910 1592 omnibus
1925 1562 1958 1593 in

289 1607 405 1649 quibus
432 1608 538 1649 potuit
566 1607 741 1638 utilitatem
770 1609 803 1637 et
831 1607 986 1638 honorem
1015 1610 1159 1638 nostrum
1188 1612 1359 1639 coretenus
1387 1608 1586 1651 sublimavit,
1617 1610 1658 1642 de
1686 1611 1802 1652 quibus
1825 1612 1954 1654 quidem
1974 1623 2000 1644 πο

287 1660 454 1700 opportuit
477 1660 583 1700 ipsum
606 1658 736 1689 labores
752 1659 920 1689 continuos
944 1661 976 1690 et
992 1659 1152 1690 maximos
1168 1663 1359 1692 sustentare.
1397 1660 1538 1703 Propter
1554 1662 1640 1703 quod
1656 1662 1698 1694 ad
1713 1664 1954 1704 promocionem

289 1710 435 1742 eiusdem
459 1721 568 1742 sumus
593 1720 689 1751 quam
713 1709 885 1751 plurimum
912 1709 1056 1751 obligate
1079 1711 1249 1752 ipsumque
1266 1715 1363 1753 prout
1377 1712 1489 1744 karius
1505 1723 1675 1754 possumus
1689 1716 1956 1748 recomendamus

288 1765 394 1793 vestre
424 1762 533 1802 gracie
566 1765 598 1793 et
627 1762 746 1802 amori,
777 1761 947 1793 credentes
976 1762 1037 1792 sibi
1066 1762 1098 1793 in
1127 1763 1274 1794 omnibus
1303 1774 1365 1804 que
1393 1774 1435 1795 ex
1463 1769 1557 1805 parte
1581 1768 1689 1797 nostra
1711 1766 1804 1798 vobis
1827 1766 1957 1799 duxerit

288 1813 483 1844 refferenda.
519 1814 642 1844 Verum
665 1823 735 1844 cum
761 1813 878 1844 nobilis
903 1813 1033 1844 domina
1048 1813 1195 1845 Blancha
1212 1814 1253 1845 de
1271 1814 1430 1846 Calderiis
1453 1816 1589 1847 multum
1614 1817 1752 1849 solerter
1775 1821 1808 1850 et
1830 1819 1954 1851 curiose

289 1875 367 1906 erga
391 1875 561 1906 personam
587 1868 729 1896 nostram
753 1875 845 1895 suum
870 1865 1066 1906 impenderit
1089 1866 1258 1897 servicium
1283 1866 1375 1898 nobis
1399 1870 1536 1908 gratum,
1561 1867 1602 1899 de
1627 1869 1717 1900 cuius
1741 1869 1871 1911 quidem
1887 1881 1954 1903 ser·
1974 1883 2000 1903 so

288 1917 369 1948 vicio
394 1916 529 1948 multum
555 1917 654 1947 etiam
677 1916 922 1957 presencialiter
946 1916 1137 1958 indigemus,
1163 1920 1196 1948 et
1219 1921 1353 1959 propter
1375 1929 1520 1950 amorem
1544 1919 1681 1952 filiorum
1705 1931 1834 1952 suorum
1851 1922 1954 1954 liben-

288 1968 410 1999 tissime
436 1968 477 1999 ad
500 1971 611 2009 partes
635 1968 783 2009 proprias
806 1971 995 2013 remeasset,
1020 1971 1070 1999 set
1092 1969 1209 2000 nostris
1232 1969 1362 2001 inducta
1386 1970 1600 2011 suasionibus,
1626 1971 1737 2004 volens
1752 1972 1845 2004 nobis
1859 1978 1957 2015 prout

289 2019 395 2060 potuit
422 2019 642 2060 complacere,
671 2020 763 2050 iuxta
785 2019 983 2051 voluntatem
1014 2023 1157 2051 nostram
1186 2022 1387 2062 propositum
1411 2032 1502 2053 suum
1526 2024 1701 2055 mutaverit
1722 2025 1755 2055 in
1778 2024 1839 2056 hac
1862 2017 1954 2067 parte

289 2071 583 2112 supplicaveritque
608 2071 710 2111 nobis,
735 2074 770 2101 ut
793 2081 851 2112 pro
876 2071 1085 2112 promocione
1101 2071 1239 2103 filiorum
1257 2083 1387 2104 suorum
1404 2073 1491 2115 apud
1508 2075 1798 2116 magnifficenciam
1814 2079 1954 2108 vestram

288 2122 482 2153 deberemus
511 2122 679 2154 infundere
708 2133 822 2163 preces
845 2126 984 2162 nostras,
1015 2123 1090 2154 ideo
1114 2125 1341 2164 paternitatem
1366 2128 1507 2157 vestram
1531 2125 1681 2157 duximus
1704 2127 1954 2169 deprecandam,
1974 2142 1998 2161 ιε.

288 2174 440 2214 quatinus
467 2174 549 2205 filios
579 2185 652 2205 suos
675 2174 824 2205 habeatis
848 2175 879 2205 in
903 2178 1011 2205 vestra
1034 2175 1144 2216 gracia
1168 2176 1355 2217 specialiter
1377 2177 1569 2208 recomissos
1593 2182 1626 2209 et
1648 2178 1690 2210 ad
1713 2179 1955 2220 promocionem

289 2225 465 2256 eorundem
492 2236 564 2257 cum
590 2226 678 2257 locus
702 2226 831 2257 affuerit
847 2229 954 2257 vestra
978 2227 1136 2258 serenitas
1160 2238 1224 2258 non
1247 2227 1402 2268 retardet,
1426 2239 1498 2260 cum
1522 2229 1639 2260 merita
1663 2233 1696 2261 et
1711 2230 1845 2262 virtutes
1868 2230 1954 2262 dicte

289 2276 418 2308 domine
442 2277 587 2309 Blanche
612 2277 673 2308 hoc
697 2281 854 2319 appetant
878 2281 910 2309 et
933 2279 1107 2319 requirant.

396 2329 534 2370 Insuper
558 2330 639 2360 sciat
656 2333 763 2360 vestra
787 2330 966 2370 paternitas
989 2330 1180 2371 predilecta,
1206 2331 1292 2372 quod
1311 2331 1543 2363 illustrissimus
1558 2332 1751 2364 Fredericus
1767 2333 1955 2366 karissimus

288 2380 421 2410 maritus
451 2383 560 2412 noster
590 2380 689 2412 habet
719 2384 857 2422 quatuor
879 2391 975 2412 voces
1002 2382 1034 2412 in
1063 2381 1228 2413 eleccione
1258 2383 1350 2424 regni
1373 2383 1583 2423 Alamannie,
1615 2384 1660 2415 sic
1689 2383 1775 2425 quod
1805 2388 1954 2426 speratur
1972 2401 1999 2420 ω

287 2431 431 2473 firmiter,
457 2432 543 2473 quod
568 2432 609 2463 ad
633 2433 769 2474 insignia
794 2432 871 2464 dieti
895 2434 986 2474 regni
1011 2437 1044 2464 et
1067 2437 1181 2475 postea
1199 2434 1328 2476 imperii
1345 2434 1497 2466 deveniet
1512 2435 1651 2467 feliciter
1666 2439 1797 2467 auctore
1813 2435 1953 2468 Domino

289 2493 346 2524 pro
371 2485 539 2523 constanti,
564 2484 738 2515 secundum
764 2484 850 2529 quod
874 2485 942 2526 ipse
967 2485 1007 2516 de
1032 2485 1186 2526 predictis
1209 2486 1329 2527 largius
1353 2486 1444 2517 vobis
1467 2487 1624 2528 scripsit2.

395 2535 552 2567 Dominus
582 2547 640 2577 per
669 2547 759 2567 suam
788 2536 1042 2568 misericordiam
1071 2548 1128 2568 vos
1158 2541 1328 2569 conservet
1359 2548 1417 2580 per
1445 2541 1594 2580 tempora
1625 2539 1772 2580 longiora
1802 2542 1836 2570 et
1863 2543 1953 2571 actus

288 2589 412 2617 vestros
437 2586 535 2618 faciat
558 2588 598 2619 de
623 2588 707 2618 bono
731 2588 760 2618 in
784 2587 900 2619 melius
923 2589 1072 2620 continue
1096 2590 1290 2631 prosperari.

397 2637 518 2669 Datum
537 2638 686 2679 Wienne,
712 2640 812 2670 tercio
836 2639 1002 2671 Kalendas
1024 2641 1109 2682 Iulii,
1133 2651 1217 2672 anno
1239 2641 1371 2673 Domini
1393 2641 1625 2674 MGOOXIIII.
1966 2660 1991 2678 ιε,

392 2724 418 2755 1)
440 2723 481 2756 Cf.
502 2723 590 2750 Finke
609 2725 689 2750 ‘Acta
702 2725 901 2758 Arayonensioe
921 2725 944 2758 Ι,
962 2729 1010 2752 ‚350
1028 2728 1084 2752 not.
1104 2725 1141 2752 ad
1158 2734 1200 2752 nr.
1215 2730 1273 2753 237.
1363 2727 1389 2757 2)
1412 2727 1489 2760 Quae
1509 2727 1611 2753 litterae
1629 2726 1780 2761 deperditae
1797 2730 1870 2754 sunt.
1901 2727 1954 2754 Sed

289 2765 325 2798 cf.
345 2766 423 2799 infra
441 2774 483 2793 nr.
497 2770 535 2793 81.
