2190 3172
416 209 515 239 ACTA
533 209 649 238 REGNI
667 207 915 237 LUDEwlcl‘lv.
933 207 980 235 ET
999 206 1183 236 FRIDERlCl
1203 206 1252 235 111.
1290 206 1365 234 1315.
1402 206 1450 234 Nr.
1464 206 1524 234 319.
1542 206 1600 234 320.
1769 208 1830 239 273

275 371 350 408 319.
386 367 666 408 SCRIPTUM
692 364 980 405 FRIDERICI
1009 365 1112 404 PRO
1137 365 1393 404 CIVITATF,
1422 365 1747 404 BURoxENSI.

856 435 964 472 1315.
1006 435 1108 481 Sept.
1128 435 1164 472 4.

293 537 469 580 originale·
486 538 521 570 in
556 536 714 569 tabulario
745 535 886 577 yenerali
919 535 1008 577 reyni
1039 535 1206 567 Bawarici
1235 534 1454 567 ‘Kaiserselect
1483 534 1655 576 Nachtraq’
1686 546 1735 567 nr.
1761 536 1834 569 184.

174 589 419 634 ‚Descripsimus
439 599 506 622 nos.
552 588 671 621 Pendet
693 587 831 629 siyillum
854 587 973 620 laesum
996 586 1062 620 loro
1084 587 1326 620 membranaceo.
1351 605 1394 610 —
1416 587 1589 620 Ineditum.

148 655 158 674 ³
287 645 435 684 Bohmer,
459 645 534 687 Rey.
551 645 664 677 Ludw.
681 655 718 685 p.
735 645 799 676 167
820 643 990 676 Friedrich
1011 654 1062 676 nr.
1079 644 1131 675 50.

287 740 356 773 Nos
390 739 574 772 Fridericus
599 738 663 772 Dei
692 740 801 782 gracia
836 737 1055 771 Romanorum
1091 748 1149 770 rex
1179 748 1309 781 semper
1342 742 1498 781 augustus
1532 738 1574 770 ad
1611 739 1833 771 universorum

178 793 261 826 sacri
283 792 422 825 Romani
444 791 571 835 imperii
593 791 737 823 fidelium
759 790 911 823 noticiam
934 789 1081 822 volumus
1105 791 1285 832 pervenire,
1310 789 1397 832 quod
1420 801 1479 832 pro
1504 789 1717 833 dampnorum
1740 795 1834 823 nota-

177 844 306 886 bilium,
338 854 400 887 que
423 844 482 875 viri
512 842 687 886 prudentes
714 866 747 875 ..
772 843 930 882 minister,
959 865 966 873 .
990 866 996 874 .
1026 841 1174 874 consules
1202 844 1235 873 et
1262 842 1457 874 universitas
1486 841 1602 874 civium
1636 843 1668 874 in
1697 843 1834 884 Bfirron,

183 895 298 929 fideles
321 896 420 928 nostri
442 894 553 927 dilecti
574 895 607 927 in
630 894 765 926 servicio
788 897 898 926 nostro
926 896 959 925 et
990 893 1116 935 imperii
1147 896 1220 925 sunt
1247 894 1409 936 perpessi,
1439 894 1673 927 reformacione
1701 894 1834 937 aliquali

135 957 161 977 10
179 947 301 981 eisdem
326 946 448 980 civibus
470 946 511 978 de
534 956 624 979 mera
646 945 841 978 liberalitate
865 945 955 988 regia
979 944 1185 977 concedimus
1208 948 1241 977 et
1265 945 1436 987 donamus,
1471 946 1558 989 quod
1580 947 1641 989 ipsi
1665 957 1766 989 usque
1790 946 1832 979 ad

177 999 294 1032 festum
317 999 404 1032 beati
419 998 549 1031 Martini
571 999 753 1041 proximum
778 1001 810 1030 et
832 997 950 1030 abinde
974 996 1016 1029 ad
1040 1000 1105 1029 tres
1128 1007 1228 1029 annos
1248 997 1399 1029 continue
1417 997 1654 1041 subsequentes
1676 998 1718 1030 ab
1742 999 1945 1031 omnim-11.

177 1051 336 1084 sturarum
359 1051 535 1083 exaccione
559 1054 591 1083 et
614 1050 810 1083 colleccione
834 1060 905 1082 esse
930 1048 1050 1081 debent
1077 1047 1169 1081 liberi
1198 1051 1231 1081 et
1252 1049 1422 1081 immunes.
1469 1049 1554 1082 Item
1577 1049 1701 1082 eisdem
1724 1052 1832 1083 omnia

176 1103 356 1146 privilegia,
379 1103 516 1145 gracias,
538 1101 715 1142 libertates,
739 1102 810 1134 iura
833 1105 866 1134 et
881 1100 983 1134 bonas
999 1100 1247 1133 consuetudines
1262 1100 1420 1133 hactenus
1443 1112 1462 1134 a
1487 1101 1567 1134 divis
1583 1102 1832 1144 imperatoribus

177 1159 210 1187 et
238 1154 368 1197 regibus
395 1153 551 1186 Romanis
582 1154 660 1196 ipsis
691 1153 826 1186 traditas
861 1157 894 1186 et
922 1162 1091 1185 concessas
1119 1152 1325 1194 innovamus,
1359 1153 1577 1196 approbamus
1607 1158 1640 1186 et
1674 1155 1833 1196 presentis

133 1213 159 1234 1⁵
178 1207 288 1249 scripti
310 1206 489 1248 patrocinio
513 1205 745 1238 confirmamus.
785 1204 942 1237 Volentes
964 1207 1000 1236 ut
1022 1203 1121 1246 lapsis
1143 1203 1244 1235 tribus
1266 1204 1358 1235 annis
1379 1204 1572 1246 supradictis
1595 1215 1615 1236 a
1637 1205 1720 1237 festo
1743 1205 1832 1238 beati

175 1257 305 1291 Martini
328 1258 475 1301 proximo
499 1257 618 1290 abinde
642 1267 810 1289 remanere
827 1256 969 1301 debeant
990 1256 1022 1288 in
1046 1258 1132 1287 statu
1147 1256 1275 1287 servicii
1290 1255 1383 1287 nobis
1406 1259 1440 1288 et
1455 1256 1590 1299 imperio
1607 1257 1825 1300 impendendi,

140 1308 142 1310 ’
177 1310 258 1342 sicut
280 1309 409 1342 fuerunt
436 1309 591 1341 hactenus
620 1312 700 1352 aput
727 1312 852 1340 nostros
879 1308 911 1340 in
939 1307 1076 1350 imperio
1103 1317 1316 1350 precessores.
1363 1307 1399 1339 In
1425 1309 1514 1340 cuius
1537 1309 1583 1340 rei
1607 1309 1825 1342 testimonium

174 1357 309 1394 'evidens
331 1360 484 1404 predictis
506 1361 623 1392 nostris
645 1360 768 1392 civibus
790 1361 822 1392 in
837 1359 963 1392 Burron
985 1362 1153 1402 presentes
1169 1362 1294 1391 nostras
1316 1358 1441 1391 litteras
1464 1359 1566 1402 regali
1589 1364 1696 1392 nostro
1720 1360 1825 1403 sigillo

177 1413 332 1446 tradimus
355 1412 576 1445 communitas.

133 1475 159 1495 to
285 1463 404 1496 Datum
438 1465 469 1496 in
501 1465 611 1496 castris
639 1467 712 1496 ante
740 1464 938 1506 Lantzmerg,
969 1463 1013 1496 11.
1036 1461 1119 1496 Non.
1148 1462 1348 1505 Septembr.‚
1382 1473 1465 1495 anno
1498 1463 1627 1496 Domini
1655 1465 1825 1497 millesimo

177 1516 404 1549 trecentesimo
428 1515 678 1558 quintodecimo,
702 1516 793 1558 regni
815 1525 892 1547 vero
916 1515 1015 1547 nostri
1036 1525 1119 1547 anno
1143 1515 1256 1557 primo.

418 1739 493 1777 320.
527 1738 842 1776 MANDATUM
871 1737 1117 1775 EIUSDEM
1141 1737 1381 1774 TERTIUM
1411 1737 1581 1775 SUPER

699 1794 967 1832 PRECIBUS
997 1793 1308 1831 PRIMARIIS.

848 1862 956 1899 1315.
997 1862 1098 1908 Sept.
1119 1861 1164 1898 ετ

137 1973 163 1995 as
292 1963 452 2006 Om‘qinale
481 1963 570 1996 valde
597 1962 765 1995 evanidam
795 1963 830 1994 sin
860 1961 1018 1994 tabulario
1047 1962 1181 2003 capituli
1206 1962 1350 1995 ccclesiae
1379 1962 1573 1996 Vermmasis.
1629 1963 1827 1996 Concidimus

179 2026 245 2049 nos.
291 2015 397 2058 sigilli
418 2015 596 2048 maiestatis
618 2015 709 2047 dorso
731 2015 877 2054 impressi
898 2015 1026 2055 vestiqia
1050 2015 1178 2046 adsunt.

285 2072 429 2110 Bb'hmer,
453 2071 527 2113 Rey.
543 2071 655 2103 Ludw.
677 2082 709 2111 p.
726 2071 790 2102 167
812 2070 981 2103 Friedrich
1003 2081 1051 2102 nr.
1069 2072 1118 2103 51.

285 2167 467 2211 Fridericus
478 2167 542 2200 Dei
554 2167 658 2210 gratia
670 2165 888 2198 Romanorum
905 2176 964 2198 rex
979 2175 1108 2208 semper
1119 2168 1273 2208 augustus
1331 2164 1572 2197 honorabilibus
1584 2166 1659 2197 viris
1676 2189 1683 2198 .
1698 2192 1704 2198 .
1722 2167 1826 2198 archi·

138 2258 141 2262 ¹
178 2219 357 2263 presbitero
381 2219 503 2262 totique
527 2217 667 2260 capitulo
691 2217 826 2249 ecclesie
850 2216 1090 2258 Veronen(sis)‚
1114 2216 1239 2248 devotis
1262 2217 1326 2248 suis
1398 2217 1535 2259 gratiam
1560 2227 1650 2250 suam
1675 2222 1708 2250 et
1731 2229 1826 2251 omne

135 2278 161 2299 ⁸⁰
178 2270 307 2314 bonum.

285 2321 367 2355 Cum
395 2322 487 2354 nobis
515 2321 558 2354 ad
581 2323 771 2354 memoriam
802 2320 964 2353 reducitur
995 2324 1028 2351 et
1050 2320 1081 2351 in
1104 2323 1214 2352 nostra
1235 2321 1399 2362 presentia
1422 2320 1596 2353 ventilatur
1619 2325 1727 2354 vestre
1750 2333 1825 2364 pro·

179 2374 278 2407 tervie
303 2373 460 2407 obstinate
490 2373 638 2416 elationis
667 2373 818 2414 materia,
848 2372 1029 2404 ammiratio
1061 2371 1155 2404 simul
1180 2375 1213 2404 et
1241 2371 1421 2414 indignatio
1448 2383 1483 2404 se
1512 2373 1545 2404 in
1573 2375 1690 2405 mentis
1718 2379 1825 2407 nostre

178 2425 350 2459 secretario
379 2425 623 2458 commiscentes
657 2426 781 2468 regiam
809 2425 1013 2457 clementiam
1047 2424 1079 2455 in
1106 2423 1312 2456 ulciscentem
1340 2424 1538 2456 iracundiam
1573 2435 1636 2457 non
1666 2426 1825 2458 immerito

176 2480 400 2520 provocarent,
422 2487 480 2519 pro
497 2486 543 2519 *eo
560 2477 647 2519 quod
663 2476 860 2509 celsitudinis
883 2476 971 2517 regie
992 2475 1198 2508 immemores
1219 2475 1289 2508 iura
1309 2477 1400 2518 regia
1423 2477 1591 2518 surripitis‚
1615 2476 1691 2509 dum
1716 2477 1825 2509 debita

136 2536 160 2557 ³³
178 2528 301 2571 regalia
323 2528 500 2571 denegatis.
545 2527 643 2560 Certe
666 2529 863 2571 privatorum
885 2528 934 2559 ius
956 2526 1131 2567 aufferens,
1155 2526 1319 2569 denegans
1343 2528 1393 2560 vel
1416 2538 1479 2559 non
1503 2538 1668 2570 exequens
1691 2528 1825 2570 predoni

178 2591 245 2622 non
264 2580 384 2622 absone
407 2579 594 2622 perhibetur
616 2580 736 2622 parilis,
761 2584 880 2622 quanto
903 2579 1040 2621 amplius
1063 2578 1229 2621 peculatus
1251 2579 1382 2611 crimine
1406 2580 1530 2611 censeri
1552 2583 1660 2621 potest
1676 2580 1825 2612 notabilis

177 2632 406 2675 principis-ius
433 2631 638 2664 defraudans.
669 2630 768 2673 *Cum
784 2632 904 2673 itaque
929 2631 1051 2662 iteratis
1074 2630 1224 2672 precibus
1251 2634 1284 2663 et
1310 2630 1471 2664 mandatis
1493 2630 1584 2663 vobis
1612 2631 1825 2664 direxerimus

178 2683 296 2726 scripta
317 2684 456 2722 nostm',
478 2687 514 2715 ut
528 2682 698 2716 honestum
713 2684 815 2715 virum
836 2683 1022 2724 magistrum
1040 2682 1217 2714 Iohannem
1240 2681 1281 2714 de
1298 2682 1450 2714 Verona²
1473 2686 1617 2715 nostrum
1641 2687 1673 2715 et
1696 2683 1825 2714 illustris

177 2734 317 2778 Lupoldi
340 2733 434 2778 ducis
443 2735 574 2769 Austris
599 2738 632 2767 et
647 2735 753 2778 Styrie
774 2735 924 2777 principis
947 2738 980 2766 et
1002 2733 1109 2765 fratris
1132 2733 1232 2765 nostri
1255 2734 1410 2766 carissimi
1434 2733 1591 2776 phisicum
1614 2734 1824 2766 domesticum

136 2833 162 2854 ⁴0
283 2829 307 2862 1)
326 2827 488 2862 Deperditae
505 2831 576 2855 sunt.
665 2828 691 2861 2)
713 2827 754 2860 Cf.
767 2828 901 2862 Zeissbery
920 2827 974 2854 loco
991 2835 1076 2861 supra
1094 2827 1132 2854 ad
1151 2835 1190 2854 nr.
1204 2832 1236 2854 -Η
1255 2828 1336 2854 citato
1351 2836 1381 2862 p.
1396 2831 1434 2855 35.

281 2897 318 2916 ιι..
337 2897 546 2916 constitutiones
565 2898 586 2915 v.
1584 2889 1617 2914 35
