2190 3172
383 196 479 226 ACTA
497 197 611 225 REGNI
628 197 814 226 LUDEWICI
833 197 879 225 lv.
898 197 944 225 m·
962 197 1147 226 FRIDERlCI
1165 198 1214 226 111.
1252 198 1326 226 1315.
1364 199 1411 227 Nr.
1424 199 1482 228 233.
1502 200 1562 228 284.
1579 199 1639 227 285.
1772 203 1835 234 205

434 329 626 361 233—235.
661 327 852 360 SCRIPTA
874 326 963 360 PRO
987 327 1262 361 EBERHARDO
1287 328 1348 361 DE
1370 328 1591 362 BRUBERG.

877 388 971 420 Mart.
992 391 1141 421 17.-19.

622 493 708 530 233.
748 493 924 540 Scriptum
945 494 1110 540 primum.
1215 495 1326 532 Mart.
1344 497 1401 532 17.

296 566 456 608 Oriyimk
490 567 562 610 (or.)
597 568 634 600 in
667 568 825 601 tabulario
858 568 1123 610 Werni9erodano
1155 570 1276 612 partim
1308 580 1479 602 corrosum.
1539 570 1739 603 Contulimus
1767 581 1833 603 nos.

153 629 165 648 ι
184 617 329 660 Sigillum
351 619 442 658 deest,
465 618 531 652 loro
553 620 786 653 membranaceo
806 620 924 653 relicto.
951 639 993 645 -
1021 621 1085 653 Ed.
1102 621 1229 653 Reimer
1251 621 1444 654 ‘Hessisches
1465 621 1727 656 Urkundenbuch’
1748 622 1797 661 II,
1812 624 1835 654 2

177 680 214 711 p.
232 669 295 702 140
317 681 367 703 nr.
383 670 448 703 143
469 681 508 703 ex
531 682 594 710 or.;
617 671 852 704 Bahmer-Lau
875 672 991 706 ‘Codex
1012 672 1248 715 diplomaticus’
1270 673 1319 712 II,
1337 674 1378 705 11
1400 685 1449 706 nr.
1467 676 1509 705 17
1531 684 1570 706 ex
1592 685 1638 706 or.

291 726 438 766 Bo'hmer,
462 726 537 768 Req.
554 727 666 760 Ludw.
687 738 720 769 p.
737 729 756 760 5
778 739 829 761 nr.
846 730 898 761 76.

291 811 483 845 Ludowicus
509 813 571 846 Dei
601 815 710 857 gracia
738 814 959 847 Romanorum
982 825 1040 847 rex
1063 825 1192 857 semper
1219 819 1374 857 augustus
1462 815 1673 858 prudentibus
1701 817 1778 848 viris
1801 840 1833 848 ..

183 863 336 906 scultetis,
360 888 369 897 .
386 890 392 897 .
417 865 564 907 scabinis,
590 891 596 898 .
615 891 622 898 .
639 866 823 899 consulibus
840 870 874 899 et
888 867 1046 899 universis
1062 867 1184 899 civibus
1201 868 1367 899 civitatum
1382 867 1702 909 Frankenfordensis,
1719 867 1834 900 Fride·

140 926 166 947 ιο
183 915 368 958 bergensis,
389 916 626 949 Wetflariensis
655 928 693 950 ac
721 917 989 961 Geylnhusensis,
1019 919 1168 951 fidelibus
1198 920 1263 951 suis
1291 919 1417 952 dilectis
1511 920 1653 962 graciam
1681 930 1772 951 suam
1802 923 1835 951 et

183 977 277 1000 omne
302 967 431 1000 bonum.

291 1019 344 1052 Ad
371 1024 511 1052 vestram
539 1031 577 1053 ac
604 1022 828 1054 universorum
858 1023 1009 1055 noticiam
1040 1023 1189 1055 volumus
1215 1025 1400 1066 pervenire,
1429 1035 1486 1056 nos
1513 1024 1612 1056 nobili
1640 1024 1708 1055 viro
1731 1022 1834 1055 Eber-

181 1069 283 1104 hardo
307 1071 348 1104 de
372 1071 521 1115 Bruberg
542 1072 631 1105 fideli
653 1077 762 1106 nostro
786 1074 904 1107 dilecto
929 1085 970 1107 ex
987 1086 1084 1107 causa
1107 1077 1209 1107 mutui
1232 1075 1325 1108 nobis
1348 1079 1381 1108 et
1403 1086 1461 1118 per
1484 1086 1557 1108 eum
1580 1075 1622 1107 ad
1646 1075 1834 1107 instanciam

181 1126 324 1156 nostram
354 1123 430 1156 facti
459 1124 492 1156 in
519 1126 681 1157 sexcentis
711 1125 801 1158 libris
828 1125 1032 1159 Hallensium
1065 1128 1168 1159 minus
1191 1128 1304 1170 viginti
1328 1128 1468 1161 existere
1493 1127 1667 1170 obligatos,
1695 1131 1835 1168 excepta

139 1185 163 1208 u
182 1185 307 1207 summa
330 1175 418 1207 mille
442 1186 481 1208 ac
504 1179 721 1210 trecentarum
745 1177 898 1210 librarum
922 1178 1137 1219 Hallensium,
1161 1190 1218 1221 pro
1243 1180 1359 1222 quibus
1381 1179 1442 1211 sibi
1458 1181 1546 1222 prius
1561 1183 1670 1211 nostra
1687 1178 1834 1210 dedimus

182 1227 336 1268 specialia
356 1227 567 1260 instrumenta
578 1229 600 1260 ².
639 1228 727 1265 Quas
749 1233 817 1262 tum
840 1230 964 1272 priores
987 1234 1054 1262 tum
1077 1231 1283 1273 posteriores,
1306 1234 1341 1263 ut
1364 1231 1405 1263 de
1429 1232 1523 1263 sturis
1545 1241 1603 1263 seu
1626 1230 1834 1272 petitionibus

181 1279 338 1320 proximis
361 1279 454 1310 nobis
477 1290 535 1321 per
557 1291 614 1312 vos
637 1291 734 1323 super
756 1282 873 1313 festum
898 1281 986 1314 beati
1010 1282 1137 1314 Martini
1163 1284 1308 1325 proxime
1325 1283 1498 1314 affuturum
1519 1282 1680 1315 solvendis
1703 1282 1835 1322 colligat
1850 1291 1898 1312 σου

183 1333 216 1362 et
252 1331 391 1372 recipiat
419 1342 477 1373 per
511 1342 546 1363 se
580 1332 632 1364 vel
664 1332 802 1365 heredes
832 1344 922 1374 suos,
952 1333 1135 1366 ordinamus
1164 1338 1197 1366 et
1225 1334 1422 1376 disponimus
1451 1345 1510 1377 per
1536 1339 1711 1377 presentes.
1765 1333 1833 1366 Nec

183 1381 306 1414 eisdem
331 1381 459 1414 obstare
484 1383 632 1415 volumus
654 1384 779 1417 litteras
801 1387 926 1416 nostras
949 1386 1165 1428 cuiuscunque
1189 1386 1370 1418 donationis
1393 1397 1450 1418 seu
1466 1386 1675 1418 ordinationis
1690 1385 1833 1425 alterius,

139 1443 165 1469 η
184 1434 211 1465 si
234 1443 296 1476 que
320 1433 454 1465 forsitan
477 1445 536 1476 per
559 1435 754 1468 oblivionem
777 1446 835 1468 seu
859 1438 1103 1479 occupationem
1127 1439 1257 1470 nimiam
1282 1449 1301 1470 a
1324 1438 1416 1470 nobis
1443 1438 1519 1470 date
1550 1438 1655 1470 forent
1681 1448 1738 1470 seu
1761 1442 1834 1480 post

184 1485 294 1518 datam
322 1486 525 1527 presencium
554 1486 687 1519 forsitan
717 1492 914 1520 emanarent.
1002 1489 1039 1521 In
1070 1490 1159 1521 cuius
1189 1490 1236 1522 rei
1266 1490 1483 1522 testimonium
1513 1494 1679 1532 presentes
1709 1490 1834 1521 litteras

182 1537 244 1570 sibi
268 1537 416 1569 dedimus
438 1538 617 1570 maiestatis
639 1542 746 1572 nostre
770 1539 866 1582 sigilli
890 1541 1065 1573 munimine
1088 1541 1266 1574 roboratas.

291 1588 411 1621 Datum
437 1588 541 1631 Spire,
566 1590 707 1623 secunda
731 1592 812 1623 feria
834 1593 982 1634 proxima
1006 1597 1078 1634 post
1100 1593 1296 1634 Palmarum‚
1320 1604 1404 1625 anno
1420 1593 1550 1626 Domini
1565 1592 1681 1626 MCCC
1706 1593 1832 1635 quinto-

184 1639 321 1682 decimo,
346 1641 437 1683 regni
460 1651 537 1674 vero
562 1643 662 1674 nostri
684 1653 768 1675 anno
792 1644 905 1685 primo.

139 1765 164 1786 ἱ·
606 1757 691 1794 234.
732 1757 907 1803 Scriptum
933 1760 1128 1795 secundum.
1234 1759 1346 1796 Mart.
1365 1762 1421 1796 17.

294 1829 455 1871 Oriyinale
470 1830 547 1873 (or.)
572 1832 695 1864 ibidem.
734 1831 971 1873 Descripsimus
993 1844 1059 1866 nos.
1099 1833 1256 1874 Siyillum,
1279 1835 1363 1875 quod
1384 1833 1458 1866 olim
1474 1833 1631 1874 pendebat
1653 1833 1718 1866 loro
1740 1844 1832 1866 mem-

183 1881 347 1921 branaceo,
370 1882 436 1914 iam
459 1883 669 1915 desideratur.
714 1883 838 1917 Eadem
860 1895 959 1917 manu
981 1886 1133 1926 scriptum
1156 1889 1201 1918 est
1222 1897 1260 1918 ac
1280 1897 1329 1919 nr.
1345 1887 1420 1918 233.

291 1937 438 1977 Bo'hmer,
462 1938 537 1980 Req.
553 1938 667 1972 Ludw.
685 1951 720 1980 p.
736 1940 756 1971 5
778 1951 828 1973 nr.
846 1943 898 1973 77.

289 2023 357 2056 Nos
388 2023 608 2068 L[udow]icus
636 2025 699 2058 Dei
730 2028 840 2069 gracia
865 2027 1086 2060 Romanorum
1117 2039 1175 2060 rex
1205 2039 1334 2071 semper
1361 2032 1515 2071 augustus
1543 2028 1585 2060 ad
1612 2028 1834 2059 universorum

140 2090 165 2110 ω
183 2074 331 2107 volumus
358 2076 510 2108 noticiam
538 2078 725 2119 pervenire,
753 2089 810 2110 nos
838 2079 939 2111 nobili
969 2080 1036 2111 viro
1060 2079 1249 2112 Eberhardo
1280 2080 1320 2112 de
1344 2080 1492 2122 Bruberg
1514 2090 1639 2111 necnon
1661 2078 1833 2111 heredibus

183 2127 248 2158 suis
270 2127 302 2159 in
325 2127 568 2171 quadringentis
596 2133 630 2161 et
656 2130 770 2171 viginti
798 2130 887 2163 libris
915 2131 1119 2164 Hallensium
1151 2143 1193 2164 ex
1215 2142 1312 2164 causa
1334 2133 1436 2164 mutui
1464 2132 1556 2163 nobis
1579 2131 1619 2164 ad
1644 2131 1833 2163 instanciam

182 2179 282 2211 nostri
313 2189 372 2222 per
400 2190 474 2212 eum
503 2180 579 2212 facti
610 2182 750 2214 existere
774 2182 962 2225 obligatum.
1008 2183 1096 2220 Quas
1120 2183 1226 2216 eidem
1255 2194 1312 2216 seu
1336 2183 1458 2216 eisdem
1480 2194 1578 2226 super
1605 2183 1721 2215 festum
1747 2182 1833 2214 beati

182 2229 382 2272 Myohahelis
412 2231 585 2264 affuturum
617 2234 764 2275 proxime
797 2234 923 2267 solvere
951 2235 1142 2277 pollicemur
1169 2235 1222 2267 vel
1251 2237 1282 2267 in
1317 2235 1387 2267 loco
1417 2246 1473 2267 seu
1503 2236 1582 2267 locis
1612 2234 1832 2267 huiuscemodi

186 2281 317 2314 easdem
345 2282 406 2315 sibi
429 2283 600 2326 disponere
625 2288 658 2317 et
680 2285 839 2327 ordinare,
863 2287 895 2318 in
919 2298 982 2329 quo
1000 2288 1052 2319 vel
1077 2287 1192 2330 quibus
1209 2287 1360 2319 duxerint
1376 2287 1600 2330 acceptandus.
1690 2286 1727 2318 In
1744 2286 1833 2317 cuius

139 2347 164 2367 aa
183 2334 230 2365 rei
247 2333 448 2367 evidenciam
465 2340 632 2378 presentes
649 2337 772 2369 litteras
788 2338 848 2370 sibi
865 2338 1012 2371 dedimus
1028 2341 1206 2372 maiestatis
1221 2344 1329 2372 nostre
1353 2339 1448 2382 sigilli
1464 2339 1638 2371 munimine
1656 2338 1831 2370 roboratas.

291 2385 411 2418 Datum
440 2386 549 2429 Spire‚
579 2387 660 2420 feria
690 2389 832 2422 secunda
861 2391 1008 2432 proxima
1037 2395 1110 2434 post
1140 2391 1332 2423 dominicam
1361 2391 1562 2431 Palmamm‚
1589 2402 1672 2423 anno
1702 2389 1830 2422 Domini

184 2435 302 2470 MOCO
327 2437 576 2481 quintodecimo,
600 2441 692 2482 regni
714 2451 791 2473 vero
815 2443 915 2474 nostri
938 2453 1020 2474 anno
1044 2443 1157 2485 primo.

623 2554 710 2592 235.
751 2555 927 2601 Scriptum
952 2556 1103 2591 tertium.
1211 2557 1322 2592 Mart.
1340 2559 1396 2593 19.

201 2675 278 2709 θὼν,
294 2625 457 2709 Ονίιρὺιαῖε
472 2627 594 2660 ibidem.
636 2629 835 2662 Contulimus
856 2640 921 2661 nos.
966 2629 1113 2671 Siyillum
1136 2631 1345 2669 desideratur,
1367 2630 1432 2670 filis
1455 2630 1566 2662 sericis
1587 2630 1676 2662 rubei
1697 2630 1833 2670 flavique

139 2690 168 2710 ιο
185 2685 201 2708 c
274 2677 296 2709 's
317 2688 351 2709 re
365 2678 444 2712 ictis.

290 2732 437 2772 Βὸἢυιεν,
460 2733 534 2776 Rey.
551 2735 664 2768 Ludw.
683 2746 717 2776 p.
735 2737 754 2767 5
777 2746 826 2768 nr.
843 2738 894 2769 80.

288 2823 314 2855 1)
333 2822 443 2850 Sennea
460 2831 517 2850 non
534 2827 605 2851 eunt.

1899 1306 1906 1312 .
1917 1294 1950 1313 n.

1847 2245 1907 2270 Sept
1918 2246 1951 2265 2⁹.
