2184 3126
426 208 523 237 ACTA
542 207 655 236 amm
674 207 857 236 LUDEWICI
877 207 922 235 lv.
941 208 987 236 ET
1007 208 1028 236 1··
1031 208 1191 237 monium
1211 209 1260 236 111.
1298 209 1372 238 1324.
1409 209 1457 237 Νι.
1471 209 1530 237 934.
1547 209 1607 237 935.
1783 214 1846 244 773

190 296 326 330 Albcrto
353 299 387 330 et
409 295 530 329 Othoni
553 294 688 327 ducibus
712 294 861 327 fratribus
883 294 949 327 suis
971 294 1032 327 sibi
1055 294 1232 327 karissimis
1328 295 1462 328 lacobus
1485 302 1547 329 etc.
1643 296 1780 329 salutem
1813 303 1846 328 ct

189 349 298 381 votive
322 347 517 380 succesionis
539 349 759 388 augmentum.
887 379 889 381 ,

297 399 365 432 Scit
386 398 440 432 ille
465 408 608 431 summus
631 400 665 430 et
687 398 890 440 omnipotens
913 397 986 430 Rex
1010 401 1043 430 et
1065 397 1238 439 Dominus,
1262 399 1317 441 qui
1340 403 1455 431 cuncta
1478 400 1610 441 propria
1633 399 1756 441 pietate
1780 399 1844 431 dis-

189 452 293 494 ponit,
323 450 410 494 quod
441 451 523 483 sicut
549 449 630 482 alias
657 449 699 482 ad
722 460 780 481 vos
802 448 989 490 detulimus,
1018 449 1116 481 durus
1144 460 1251 490 casus,
1283 451 1337 493 qui
1365 451 1500 493 contigit
1527 450 1641 483 illustri
1669 450 1844 483 Frederico

157 524 169 543 5
189 506 296 535 vestro
320 503 410 535 fratri
434 505 542 534 nostro
558 501 729 533 karissimo
753 500 830 541 filio,
854 500 1079 533 vehementem
1103 511 1233 533 causam
1258 501 1391 534 tristicie
1407 501 1583 534 visceribus
1605 503 1722 535 nostris
1737 503 1845 534 attulit

187 554 412 596 doluimusque
435 556 534 596 atque
557 552 703 585 dolemus
726 562 843 594 magne
867 556 900 584 et
922 553 1046 584 sincere
1070 551 1256 585 dileccionis
1280 557 1412 595 paterne
1436 554 1573 593 fervore,
1598 564 1693 596 quem
1710 554 1752 586 ad
1768 564 1843 586 eum

187 605 406 638 indesinenter
427 605 578 647 gerimus,
602 614 661 636 nec
684 603 935 636 remediabimur
950 603 992 636 ab
1009 603 1191 636 huiusmodi
1208 604 1314 637 cordis
1329 604 1495 646 angustiis,
1518 604 1621 638 donec
1637 606 1733 638 aliter
1748 605 1843 638 fuerit

186 657 294 690 divina
317 657 439 699 pietate
462 656 635 698 provisum.
685 656 844 698 Angimur
866 655 980 695 eciam,
1003 656 1079 698 quia
1102 666 1160 687 nos
1183 654 1224 687 ob
1248 659 1406 688 terrarum
1430 656 1619 689 distanciam
1643 658 1674 689 in
1698 657 1843 699 predicto

185 709 322 751 negocio
351 707 507 740 adhibere
537 717 600 739 non
629 717 798 749 possumus
825 706 970 739 remedia
998 717 1061 749 que
1089 706 1278 749 dec[erlent.
1334 707 1418 739 Nam
1448 708 1628 741 faceremus
1655 719 1754 751 super
1783 709 1843 740 hiis

144 782 169 803 ,0
187 760 368 793 voluntarie
398 770 463 801 que
489 768 667 800 possemus.
723 757 900 800 Sperantes
926 761 1050 799 autem,
1083 758 1169 800 quod
1198 757 1306 790 divina
1333 759 1511 792 clemencia
1546 759 1707 792 tribuente
1736 766 1841 793 vestra

185 811 393 854 providencia
417 811 525 843 taliter
548 809 734 852 operabitur
762 810 930 852 exquisitis
953 810 1011 842 viis
1037 814 1070 842 et
1098 810 1250 843 remediis
1279 811 1459 852 oportunis,
1491 811 1579 853 quod
1609 812 1734 844 votivus
1761 812 1841 851 finis,

184 863 273 906 quod
302 873 426 895 summe
456 866 565 894 nostra
593 861 757 894 desiderat
788 861 940 901 affeccio,
970 861 1196 903 subsequetur,
1232 872 1291 894 nec
1320 861 1407 904 apud
1438 873 1494 894 vos
1522 873 1619 905 super
1653 864 1714 895 isto
1748 863 1843 895 aliter

184 919 352 948 curamus⁰
374 915 536 954 insistere,
566 923 638 945 cum
666 914 783 945 scimus
810 916 843 945 et
870 912 1004 945 fratrum
1033 912 1178 945 debitum
1208 917 1241 946 et
1268 923 1386 956 magne
1417 914 1565 946 karitatis
1594 919 1627 947 et
1656 915 1842 947 dileccionis

183 966 347 1007 affectum,
372 965 488 1008 quibus
511 965 695 997 Altissimus
716 964 854 997 vicissim
877 964 1066 996 naturaliter
1088 975 1145 996 vos
1167 965 1341 997 coniunxit.
1394 965 1458 997 Pro
1482 965 1542 997 hoc
1566 970 1685 1006 tamen,
1709 966 1784 998 licet
1807 971 1842 998 ut

141 1041 165 1060 ι,
185 1017 345 1050 credimus
367 1028 409 1050 ex
432 1016 670 1057 habundancia,
699 1016 976 1059 magnificenciam
1005 1020 1144 1049 vestram
1169 1027 1320 1060 rogamus
1344 1018 1481 1059 intente,
1511 1019 1662 1060 quatinus
1684 1018 1841 1051 illustrem

184 1069 349 1102 dominam
366 1068 513 1101 Elizabet
535 1068 739 1101 karissimam
761 1067 860 1100 filiam
885 1071 1026 1100 nostram
1050 1072 1083 1101 et
1105 1068 1233 1111 agenda
1256 1080 1313 1101 sua
1337 1067 1485 1101 habeatis
1507 1069 1630 1102 honore
1654 1070 1753 1102 nostri
1770 1070 1840 1101 effi-

184 1122 304 1154 caciter
326 1120 553 1153 commendata
580 1123 614 1152 et
636 1130 714 1162 erga
741 1118 813 1152 ea'm
838 1130 895 1151 vos
924 1121 1046 1162 geratis
1068 1130 1159 1152 more
1187 1121 1329 1153 fraterno
1357 1124 1391 1153 et
1418 1124 1515 1163 prout
1542 1121 1608 1153 alte
1635 1121 1841 1153 condiciones

184 1176 290 1206 vestre
314 1176 348 1205 et
369 1182 530 1204 annexum
555 1171 700 1204 debitum
724 1171 785 1204 hoc
808 1172 983 1213 requirunt.
1028 1171 1064 1203 In
1088 1172 1150 1204 illis
1173 1182 1313 1215 namque
1329 1173 1444 1205 vestris
1466 1172 1610 1215 partibus
1626 1183 1683 1204 vos
1697 1174 1840 1206 antefate

182 1224 248 1257 filie
271 1227 379 1256 nostre
403 1223 531 1256 habetis
553 1226 587 1255 et
609 1222 735 1256 debetis
758 1224 924 1263 assistere,
948 1223 1088 1266 dirigere
1112 1228 1146 1256 et
1169 1224 1295 1265 iuvare,
1323 1225 1400 1267 quia
1423 1225 1493 1257 eius
1516 1225 1592 1257 estis
1615 1235 1783 1257 succursus
1806 1230 1839 1257 et

137 1297 166 1318 ,ο
183 1275 364 1308 remedium
386 1275 558 1318 singulare.

160 1325 162 1327 ’
290 1327 413 1359 Datum
435 1326 657 1366 Barchinone,
681 1325 742 1358 111.
760 1325 838 1358 Idus
861 1326 959 1366 Iunii,
982 1337 1066 1359 anno
1090 1326 1221 1359 Domini
1244 1326 1432 1359 millessimo
1455 1326 1605 1360 CCCXX
1629 1332 1755 1370 quarto,
1778 1328 1839 1360 sub

181 1379 288 1422 sigillo
312 1382 420 1411 nostro
444 1382 580 1411 secreto.

289 1447 474 1488 Sequuntur
495 1446 590 1479 haec:
618 1445 668 1478 Ex
695 1446 848 1488 predictis
876 1446 1000 1479 duabus
1028 1447 1143 1479 litteris
1165 1447 1313 1489 proximo
1338 1448 1517 1490 registi-atis
1539 1448 1604 1489 (nr.
1621 1448 1685 1479 933
1707 1451 1736 1479 ct
1758 1448 1838 1489 934)

180 1499 285 1532 missis
309 1498 438 1543 domine
461 1497 608 1530 Efizabet
630 1501 665 1530 et
685 1498 844 1541 Leopollo
867 1508 905 1530 ac
933 1497 1085 1530 fratribus
1113 1499 1179 1530 suis
1206 1499 1335 1531 fuerunt
1362 1499 1447 1531 facte
1470 1503 1609 1541 quatuor
1631 1500 1736 1532 littere
1760 1510 1837 1532 con-

136 1571 161 1591 „
180 1551 301 1584 similes
323 1550 382 1582 sub
406 1549 522 1582 eadem
546 1549 635 1590 data,
663 1549 726 1582 due
749 1550 846 1582 misse
869 1560 927 1592 per
949 1561 1046 1582 unum
1071 1550 1203 1583 fratrem
1228 1550 1347 1582 ordinis
1370 1551 1602 1591 Oai-melitene,
1626 1551 1679 1594 qui
1704 1555 1774 1583 erat
1796 1551 1837 1582 de

180 1603 242 1635 illis
274 1601 418 1644 partibus
449 1605 482 1634 et
508 1604 641 1634 venerat
674 1601 716 1633 ad
745 1602 920 1644 capitulum
949 1601 1166 1641 Barchinone,
1201 1606 1235 1634 et
1268 1601 1392 1644 relique
1423 1602 1487 1634 duo
1517 1603 1614 1635 misse
1643 1603 1685 1634 ad
1715 1603 1837 1635 curiam

180 1654 301 1686 domini
322 1663 407 1696 pape
422 1653 593 1685 Dominico
617 1652 657 1685 de
674 1652 830 1685 Bescarra
853 1653 1000 1695 scriptori
1025 1653 1146 1685 domini
1169 1654 1263 1696 regis,
1288 1654 1342 1696 qui
1365 1653 1409 1685 ibi
1433 1658 1491 1695 est,
1515 1653 1672 1686 tradende
1694 1654 1835 1686 nunciis¹

179 1706 256 1738 dicti
271 1705 431 1748 Leopolli,
454 1703 571 1747 quem‘¹
587 1704 690 1736 dictus
706 1704 876 1737 dominus²
892 1705 1082 1747 significavit
1098 1705 1228 1737 domino
1246 1706 1314 1747 regi
1338 1716 1396 1747 per
1416 1716 1507 1738 snam
1528 1706 1668 1738 litteram
1690 1705 1733 1737 ibi
1754 1716 1838 1738 esse.

176 1914 276 1961 935.
299 1914 400 1960 936.
436 1912 774 1960 LUDEWICI
801 1912 1144 1960 SCRIPTUM
1174 1914 1302 1960 PRO
1333 1913 1467 1961 CAN
1474 1912 1836 1961 CELLARIO.

132 2012 159 2033 so
851 1991 960 2028 1324.
1001 1991 1084 2028 Iun.
1109 1991 1164 2028 19.

663 2101 750 2138 935.
791 2101 965 2148 vaipmm
992 2101 1089 2146 reglis.
1196 2101 1280 2138 Iun.
1295 2103 1351 2137 19.

285 2176 439 2208 Servatur
461 2175 498 2207 in
522 2175 730 2208 Tramsumto
754 2176 821 2216 (tr.)
843 2175 934 2214 infra
955 2184 1006 2207 nr.
1023 2176 1098 2208 936.
1144 2175 1324 2216 Descripsit
1346 2175 1389 2207 H.
1404 2175 1515 2207 Herre.
1541 2193 1582 2198 ——
1606 2173 1777 2207 Ineditum.

285 2234 432 2274 Bo‘hmm
455 2235 532 2276 Rey.
548 2235 660 2268 Ludw.
679 2246 715 2276 p.
731 2236 776 2267 42
796 2245 846 2267 nr.
864 2236 937 2268 724.
982 2235 1134 2277 Rcyesten
1156 2236 1212 2268 der
1234 2235 1443 2276 Psalzyrafen
1464 2244 1515 2267 nr.
1530 2235 1626 2266 2011.

286 2320 334 2363 (1)
365 2320 438 2352 Wir
460 2320 621 2363 Ludowig
644 2331 707 2353 von
723 2320 825 2353 Gotes
848 2320 977 2363 gnaden
994 2320 1186 2354 Romischer
1208 2322 1327 2363 chunig
1349 2320 1389 2353 εὖ
1411 2321 1498 2353 allen
1520 2321 1625 2353 zeiten
1648 2330 1755 2352 meret
1778 2320 1836 2351 des

134 2392 161 2412 ,5
180 2370 284 2403 riches
305 2371 459 2413 verjehen
481 2371 633 2405 offenlich
656 2382 698 2405 an
721 2372 824 2404 disem
848 2373 1111 2414 gegenwertigen
1139 2373 1251 2405 brieve
1277 2373 1343 2405 und
1372 2372 1429 2405 tiin
1452 2371 1550 2404 chiint
1579 2371 1665 2404 allen
1695 2371 1759 2403 den
1782 2371 1835 2403 dic

176 2422 208 2454 in
231 2422 390 2466 geschent
411 2423 491 2456 oder
511 2423 671 2467 gehorent
692 2423 794 2463 lesen,
818 2424 877 2456 daz
892 2424 1038 2456 Herman
1062 2435 1123 2456 von
1139 2424 1360 2467 Lichtenberg
1382 2434 1479 2456 unser
1501 2423 1655 2466 getriwer
1670 2423 1837 2455 canczeler

177 2473 279 2506 durch
301 2484 397 2506 unser
420 2474 581 2508 besunder
603 2475 693 2508 bette
717 2475 769 2508 die
793 2474 893 2507 bflrch
917 2475 955 2507 zfi
971 2475 1174 2519 Winzingcn,
1199 2476 1251 2508 die
1274 2475 1380 2509 iezfint
1403 2476 1512 2518 manig
1531 2476 1585 2517 Jar
1607 2473 1771 2507 zfirvallen
1795 2475 1835 2506 ist

176 2525 243 2558 und
266 2524 329 2558 ode
351 2525 531 2568 gestanden
552 2525 626 2567 hat,
650 2526 709 2559 mit
731 2528 832 2559 sinem
855 2526 944 2569 gelte
968 2527 1069 2559 wider
1091 2527 1206 2560 bflwen
1229 2527 1295 2560 und
1318 2527 1418 2560 wider
1440 2527 1577 2560 macheu
1607 2527 1657 2559 sol
1681 2526 1745 2559 und
1770 2537 1836 2557 was

177 2586 214 2609 er
236 2576 335 2609 daran
359 2576 541 2619 verbfiwet,
578 2577 714 2610 darumb
744 2578 813 2610 sol·
837 2578 1003 2610 dieselben
1032 2578 1133 2611 bflrch
1161 2580 1230 2612 sein
1261 2579 1325 2612 und
1354 2580 1462 2611 seiner
1483 2578 1597 2618 erben,
1628 2578 1681 2610 dic
1709 2588 1745 2609 er
1767 2578 1833 2608 scin

134 2647 160 2667 ω
179 2627 278 2661 erben
300 2628 359 2660 mit
381 2629 491 2661 seinen
514 2628 647 2661 brieven
670 2629 810 2670 machot,
835 2629 926 2672 pfant
941 2631 1019 2668 sein,
1043 2630 1138 2663 dafiir
1153 2632 1211 2663 wir
1231 2632 1278 2664 sei
1304 2632 1346 2664 im
1362 2632 1421 2663 mit
1444 2631 1547 2663 disem
1570 2629 1835 2673 gegenwertigen

280 2712 346 2741 984.
374 2715 398 2748 ι3)
415 2715 444 2741 in
463 2715 518 2742 loco
536 2723 598 2741 raso
617 2723 638 2742 e.
726 2715 751 2748 d)
768 2716 805 2741 ιἰο
823 2716 878 2742 Ioco
896 2724 962 2749 quos
980 2725 1001 2742 e.

279 2765 346 2793 985.
373 2767 398 2799 ¹)
415 2775 443 2794 er
460 2766 523 2793 aad.
542 2771 573 2793 tr.

282 2826 307 2859 1)
328 2827 369 2860 Cf.
387 2833 473 2860 supra
492 2833 535 2853 nr.
548 2829 602 2853 92³1.
690 2826 718 2857 2)
739 2826 784 2852 An
800 2826 894 2860 potins
911 2826 1084 2854 dominicus?
