2190 3172
423 179 522 208 ACTA
539 177 653 208 REGNI
671 178 854 208 LUDEwlct
872 178 920 208 1v.
939 179 985 207 ΕΤ
1003 178 1189 207 FBIDERICI
1207 178 1256 206 111.
1293 179 1368 206 1815.
1404 178 1453 206 Nr.
1466 178 1526 206 321.
1545 179 1603 206 322.
1774 182 1838 212 275

187 271 365 311 cunctaque
388 267 482 300 nobis
505 267 668 300 arrideant
690 267 826 310 negocia
849 270 883 299 et
904 266 1116 309 applaudant,
1139 266 1225 309 quod
1249 269 1282 298 et
1305 265 1345 298 de
1370 270 1402 298 te
1425 266 1507 298 scire
1533 266 1622 298 omni
1645 266 1715 298 vice
1738 267 1836 299 affec-

186 324 302 360 tamus,
325 322 380 352 tue
396 318 561 352 fraternali
578 318 741 351 dilectioni
757 318 974 362 supplicamus
990 318 1176 360 plenissimo
1200 327 1273 350 cum
1289 317 1418 358 affectu,
1443 319 1595 360 quatinus
1611 322 1700 350 tuum
1717 322 1837 351 statum

183 373 308 405 utinam
331 371 461 404 felicem
489 374 523 403 et
545 374 691 413 optatum
721 370 814 404 nobis
840 371 902 403 tuis
928 370 1043 402 litteris
1066 370 1146 402 velis
1171 369 1363 406 multociens
1390 370 1550 402 intimare.
1596 370 1633 402 In
1657 381 1721 412 quo
1745 370 1837 402 nobis

185 426 218 456 te
243 423 397 457 exhibere
419 423 547 455 noveris
569 423 747 456 fraternum
777 432 920 455 amorem
949 432 987 454 ac
1015 421 1170 464 gaudium
1201 426 1235 454 et
1260 422 1417 454 solacium
1445 426 1590 453 nostrum
1613 426 1835 464 augmentare.

152 498 164 519 s
292 483 367 517 Dat.
390 483 422 516 in
446 483 669 526 Ravensburg,
692 482 847 516 Kalendis
871 481 1021 515 Octobris
1044 483 1075 514 in
1099 481 1150 515 die
1175 482 1263 514 beati
1286 482 1437 526 Remigii.

278 738 378 784 322.
405 738 504 783 323.
546 737 693 783 MAN
701 737 883 783 DATA
911 735 1115 783 REGIS
1153 735 1494 782 FRANCIAE
1531 735 1744 782 SUPER

448 800 912 857 INQUISITIONE
949 800 1243 848 LIMITUM
1278 800 1569 847 IMPERII.

764 888 872 924 1315.
909 886 989 924 Oet.
1007 887 1224 924 24.—Dec.
1246 886 1307 924 ⁶21.

248 1016 251 1019 ,
291 983 340 1027 Of.
362 994 462 1026 supra
483 994 533 1017 nr.
551 984 624 1017 137.

134 1129 162 1149 10
644 1111 729 1149 322.
770 1112 982 1148 Mandatum
1002 1111 1116 1158 prius.
1223 1111 1293 1149 Oct.
1313 1114 1375 1148 24.

290 1190 453 1231 originale
480 1191 675 1231 deperditum
684 1191 706 1223 ².
754 1191 853 1232 Copia
876 1191 932 1234 (c.)
960 1191 996 1222 in
1022 1189 1206 1224 Cartalario
1231 1190 1443 1232 Haynonensi
1465 1189 1515 1222 ΙΙ.
1538 1200 1588 1222 nr.
1605 1191 1646 1222 91
1679 1191 1834 1224 tabularii

177 1242 364 1276 Insulemis.
382 1261 422 1267 —
438 1243 500 1277 Ea.
517 1242 672 1277 Dem'llers
694 1242 758 1276 loco
780 1253 881 1283 supra
902 1242 947 1275 ad
967 1252 1018 1275 nr.
1031 1242 1094 1274 131
1111 1242 1207 1275 citato
1222 1242 1294 1282 III,
1311 1244 1353 1275 53
1375 1253 1425 1275 nr.
1443 1243 1506 1274 148
1524 1252 1564 1274 ex
1585 1252 1612 1275 c.
1650 1242 1832 1276 Editionem

175 1295 354 1336 repetimus.

285 1380 470 1415 Ludovicus
502 1380 566 1414 Dei
599 1381 704 1425 gratia
737 1378 873 1413 Francie
908 1384 941 1413 et
978 1379 1122 1413 Navarre
1156 1391 1216 1413 rex
1304 1380 1431 1413 dilectis
1466 1384 1499 1413 et
1532 1380 1682 1413 fidelibus
1714 1383 1830 1415 nostris

134 1450 159 1471 η
179 1433 332 1476 episcopo
355 1432 577 1466 Suessionensi
601 1436 634 1465 et
657 1431 788 1465 domino
812 1431 853 1464 de
876 1431 1031 1465 Marcolio
1055 1432 1148 1465 militi
1214 1432 1352 1465 salutem
1377 1437 1411 1465 et
1433 1433 1650 1466 dilectionem.

286 1484 367 1518 Cum
397 1485 481 1518 inter
509 1496 567 1518 nos
595 1488 628 1517 et
659 1484 812 1517 dilectum
847 1487 880 1517 et
906 1483 1038 1516 fidelem
1067 1488 1211 1516 nostrum
1241 1485 1392 1516 comitem
1416 1483 1567 1518 Hanonie
1596 1484 1638 1517 de
1666 1486 1829 1529 plerisque

177 1535 273 1569 rebus
296 1537 380 1569 circa
403 1536 600 1578 Turnacum,
630 1535 753 1579 Faemy
785 1539 818 1569 et
844 1536 921 1568 alibi
950 1536 1162 1569 existentibus
1191 1537 1222 1568 in
1253 1537 1344 1580 regni
1372 1537 1471 1569 nostri
1502 1541 1534 1570 et
1558 1537 1635 1570 dicti
1659 1539 1830 1571 comitatus

176 1587 348 1621 Hannonie
377 1588 554 1621 confinibus
582 1592 688 1621 ortum
722 1588 763 1620 ab
798 1589 929 1631 antiquo
962 1589 1003 1620 sit
1032 1587 1180 1630 dubium,
1214 1591 1320 1620 utrum
1354 1588 1395 1621 de
1425 1600 1524 1631 regno
1552 1593 1585 1622 et
1607 1589 1828 1623 iurisdictione

177 1640 292 1673 nostris
314 1641 367 1673 vel
390 1640 431 1673 de
455 1640 541 1673 dicto
565 1641 720 1673 comitatu
743 1644 776 1673 et
799 1641 868 1672 eius
884 1640 1102 1672 iurisdictione
1126 1644 1218 1673 extra
1234 1651 1368 1683 regnum
1385 1644 1528 1673 nostrum
1551 1641 1582 1673 in
1599 1642 1735 1684 imperio
1759 1643 1828 1685 ipse

132 1714 160 1735 ,ο
177 1703 229 1725 res
252 1695 285 1725 et
306 1692 379 1724 loca
402 1691 520 1724 fuerint
543 1695 577 1724 et
599 1692 749 1733 existant,
774 1693 863 1724 cuius
887 1692 1056 1724 occasione
1079 1692 1163 1724 inter
1186 1702 1242 1724 nos
1266 1696 1299 1724 et
1322 1691 1473 1724 eumdem
1497 1693 1649 1725 comitem
1674 1692 1828 1726 debatum

177 1745 311 1777 vertitur
333 1754 430 1786 super
451 1745 543 1776 iure·
566 1744 641 1776 dicti
665 1743 790 1776 comitis
812 1744 838 1775 si
862 1743 948 1786 quod
972 1743 1093 1776 habeat
1116 1742 1288 1784 declarari,
1311 1743 1417 1785 vobis,
1446 1743 1486 1776 de
1511 1755 1646 1786 quorum
1669 1745 1828 1778 fidelitate

177 1795 380 1837 confidimus,
411 1796 608 1838 presentium
637 1799 748 1829 tenore
777 1795 1005 1828 committimus
1035 1798 1068 1828 et
1094 1794 1298 1834 mandamus,
1329 1795 1416 1838 quod
1439 1806 1496 1827 vos
1519 1795 1584 1827 duo
1607 1806 1679 1828 cum
1703 1796 1829 1829 duobus

178 1848 249 1880 aliis
271 1847 380 1890 probis
395 1848 470 1880 viris
490 1858 549 1890 per
570 1847 691 1880 dictum
714 1848 865 1880 comitem
889 1847 1047 1890 eligendis
1068 1858 1126 1879 seu
1148 1847 1231 1879 alter
1246 1850 1387 1879 vestrum
1412 1857 1484 1879 cum
1508 1847 1611 1880 altero
1628 1849 1827 1890 eorumdem,

178 1903 275 1932 antea
301 1903 410 1932 tamen
436 1900 529 1932 vobis
556 1899 709 1931 exhibitis
737 1899 852 1931 validis
879 1900 995 1931 litteris
1024 1900 1110 1941 regis
1137 1898 1373 1940 Romanorum,
1404 1898 1490 1941 quod
1520 1903 1625 1931 ratum
1650 1900 1772 1932 habeat
1795 1905 1829 1932 et

134 1970 160 1991 ,3
179 1950 338 1994 approbet
359 1962 417 1995 pro
440 1962 475 1984 se
499 1955 532 1984 et
554 1951 792 1984 successoribus
814 1952 879 1983 suis
902 1951 1032 1993 regibus
1055 1951 1289 1992 Romanorum,
1313 1950 1464 1993 quicquid
1488 1961 1544 1982 vos
1569 1955 1602 1983 et
1624 1951 1679 1983 alii
1703 1951 1828 1994 college

179 2004 276 2035 vestri
299 2003 435 2046 predicti
458 2003 600 2036 feceritis
622 2003 654 2035 in
677 2002 738 2035 hac
761 2006 867 2045 parte,
900 2003 1022 2034 vocatis
1045 2002 1172 2044 ydoneo
1201 2002 1371 2034 defensore
1399 2013 1457 2044 pro
1485 2003 1578 2034 nobis
1602 2007 1635 2035 et
1657 2003 1728 2035 aliis
1751 2014 1827 2036 evo-

179 2054 290 2088 candis
305 2065 402 2098 super
417 2055 591 2098 premissis,
614 2055 782 2098 inquiratis
805 2055 874 2086 sine
890 2054 994 2096 figura
1008 2054 1117 2086 iudicii
1133 2054 1302 2086 veritatem
1319 2055 1471 2086 celeriter
1494 2058 1527 2088 et
1550 2054 1590 2086 de
1608 2054 1714 2097 plano,
1739 2056 1827 2097 quic-

178 2105 255 2149 quid
277 2106 352 2139 inde
375 2106 560 2149 reperiretis
583 2106 642 2138 sub
658 2107 773 2138 vestris
797 2110 830 2138 et
853 2106 1010 2138 dictorum
1027 2105 1201 2148 proborum
1216 2106 1358 2137 virorum
1380 2106 1493 2148 sigillis
1510 2106 1665 2138 inclusum
1688 2106 1829 2139 fideliter

176 2158 270 2191 nobis
299 2159 488 2201 quantocius
520 2158 729 2191 remittentes
781 2157 914 2190 sivero
945 2157 1160 2200 pendentibus
1194 2157 1255 2189 hiis
1286 2157 1383 2200 aliqui
1418 2159 1532 2190 resorti
1569 2168 1661 2190 casus
1694 2159 1726 2190 in
1749 2159 1828 2191 locis

133 2227 159 2249 ω
177 2210 384 2242 contentiosis
406 2210 586 2251 evenerint,
616 2211 702 2252 ipsos
734 2220 826 2242 casus
853 2209 895 2242 ad
918 2214 1058 2242 vestram
1088 2213 1122 2241 et
1150 2208 1307 2241 dictorum
1335 2209 1508 2252 proborum
1531 2210 1673 2242 virorum
1697 2221 1827 2242 manum

175 2261 313 2294 teneatis
336 2265 370 2294 et
391 2261 517 2294 faciatis
540 2262 667 2294 interim
690 2265 725 2294 ut
740 2262 867 2294 iusticia
883 2261 1054 2294 dictaverit
1070 2261 1222 2294 exerceri.
1261 2260 1333 2293 Hec
1357 2265 1466 2293 autem
1483 2262 1608 2293 omissis
1633 2261 1828 2304 quibuslibet

175 2314 292 2346 ceteris
313 2313 405 2345 vobis
428 2313 606 2346 commissis
633 2314 777 2356 negociis
801 2313 886 2345 illico
910 2312 1114 2355 presentibus
1135 2313 1275 2355 receptis
1298 2313 1449 2345 celeriter
1473 2314 1590 2355 exequi
1613 2313 1785 2350 studeatis,
1809 2326 1828 2346 a

175 2365 268 2397 dictis
290 2365 434 2408 partibus
458 2375 658 2408 quacumque
683 2365 723 2397 de
747 2376 844 2397 causa
867 2365 1048 2397 nullatenus
1072 2364 1285 2405 discedentes,
1309 2364 1414 2397 donec
1438 2365 1566 2397 omnino
1588 2365 1827 2407 compleveritis

175 2416 348 2449 antedicta.
435 2417 559 2449 Damus
581 2418 679 2460 igitur
702 2417 849 2448 omnibus
872 2417 1053 2448 iusticiariis
1081 2420 1114 2448 et
1136 2415 1271 2448 subditis
1298 2417 1416 2448 nostris
1443 2416 1647 2459 presentibus
1676 2418 1708 2448 in
1737 2427 1826 2448 mau-

132 2483 157 2504 as
179 2468 272 2509 datis,
295 2471 330 2500 ut
353 2467 444 2500 vobis
466 2470 498 2501 in
521 2469 682 2512 premissis
706 2472 739 2500 et
763 2479 802 2500 ea
826 2467 1033 2511 tangentibus
1057 2471 1192 2509 pareant
1215 2472 1248 2500 et
1270 2467 1448 2500 intendant.

282 2526 402 2561 Datum
426 2528 569 2571 Parisiis,
592 2529 744 2562 vicesima
767 2532 881 2572 quarta
904 2528 957 2560 die
975 2527 1133 2568 Octobris,
1157 2538 1240 2560 anno
1256 2528 1385 2560 Domini
1410 2528 1582 2560 millesimo
1599 2529 1825 2560 trecentesimo

176 2579 424 2622 quintodecimo.

277 2694 344 2723 822.
373 2696 396 2728 ¹)
415 2697 452 2723 eis
469 2701 494 2723 et
512 2697 551 2723 ed.

279 2777 306 2809 1)
329 2775 398 2803 Olim
417 2777 446 2803 in
464 2776 598 2804 tamam-io
616 2777 753 2804 Montensi
771 2777 800 2804 D
815 2780 859 2809 37?
877 2778 912 2809 cf.
932 2777 1124 2804 &nint-Gemi&
1141 2778 1197 2804 loco
1215 2786 1299 2812 supra
1317 2777 1352 2803 ad
1373 2785 1412 2804 nr.
1432 2781 1477 2804 105
1495 2778 1576 2804 citum
1595 2777 1618 2810 Ι,
1632 2781 1689 2804 244.

1563 2863 1595 2889 35
1603 2866 1614 2877 ‘
