2124 3132
218 889 278 916 Sept.

322 170 363 200 48
739 168 956 195 TRACTATUS
975 166 1022 195 DE
1040 165 1254 195 ELECTIONE.
1291 167 1367 194 1314.
1403 167 1452 194 Nr.
1465 167 1507 194 51.
1526 167 1568 194 52.

546 319 598 354 51.
636 317 912 356 SCRIPTUM
935 315 1364 354 ARCHIEPISCOPI
1396 314 1760 353 COLONIENSIS

765 372 868 410 PRO
894 372 1184 410 COMITIBUS
1211 372 1282 408 DE
1305 370 1546 408 NASSOW.

1006 441 1115 476 1314.
1155 441 1252 485 Aug.
1279 440 1310 475 1.

438 541 537 581 Copia
561 542 616 582 (c.)
641 541 675 572 in
698 540 857 572 tabulario
877 539 1018 580 yenerali
1039 539 1270 571 Karlsruhano
1293 539 1512 579 ‘spanheimer
1530 538 1722 578 Copialhuch
1745 538 1787 570 B’
1809 549 1890 571 saec.
1906 538 1983 571 XV.

323 593 378 632 fol.
395 594 467 624 168.
491 611 533 615 -
563 592 625 624 Ed.
650 592 874 624 Winkelmann
897 592 991 623 ‘Acta
1016 591 1139 631 imperii
1161 591 1292 623 inedita'
1317 591 1374 629 II,
1401 591 1463 622 774
1486 601 1535 622 nr.
1555 590 1641 621 1114
1667 600 1706 622 ex
1729 601 1755 622 c.
1801 590 1984 623 Editionem
2012 605 2025 624 s

326 644 504 684 repetimus.

437 721 505 752 Nos
528 721 700 752 Heinricus
723 720 785 752 Dei
812 721 922 762 gracia
949 725 1058 752 sancte
1083 720 1285 752 Goloniensis
1308 719 1445 751 ecclesie
1469 719 1732 761 archiepiscopus
1754 720 1836 751 sacri
1858 720 1986 762 imperii
2006 731 2010 736 ·

324 784 384 814 per
399 773 527 804 Italiam
551 773 853 804 archicancellarius
875 773 1032 804 universis
1056 772 1224 814 presencia
1240 772 1354 802 visuris
1376 774 1487 802 notum
1511 770 1655 809 facimus,
1679 771 1766 813 quod
1782 772 1985 813 promisimus

326 828 359 856 et
385 825 602 866 promittimus
630 823 791 855 nobilibus
817 824 893 854 viris
922 823 1078 855 Heinrico
1107 827 1140 855 et
1166 823 1337 854 Emichoni
1365 823 1405 854 de
1435 822 1613 854 Nassauwe
1645 823 1816 854 comitibus
1846 822 1924 855 dare
1953 826 1987 856 et

291 892 309 911 g,
326 876 510 918 persolvere
538 876 570 906 in
597 876 728 906 instanti
756 876 839 906 festo
871 875 1046 906 nativitatis
1070 875 1166 906 beate
1190 874 1293 906 Mal-ie
1318 875 1448 916 virginis
1472 875 1512 906 de
1537 876 1675 916 pecunia
1698 875 1790 906 nobis
1812 875 1845 906 in
1869 874 1985 906 eodem
2005 885 2030 905 ιο

327 928 408 959 festo
444 938 486 960 ex
518 931 611 969 parte
645 927 776 958 illustris
809 926 962 968 principis
997 926 1118 958 domini
1152 926 1318 958 Frederici
1352 926 1442 957 ducis
1472 927 1602 958 Austrie
1637 926 1725 968 apud
1759 925 1986 958 Oruczennach

326 979 540 1021 assignanda1
564 979 627 1010 duo
650 979 740 1010 milia
762 989 943 1010 marcarum
967 978 1182 1016 denariorum,
1213 978 1315 1009 tribus
1338 978 1548 1009 Hallensibus
1571 989 1629 1020 pro
1653 988 1716 1009 uuo
1741 978 1873 1010 denario
1898 988 1986 1010 com-

325 1031 459 1072 putatis,
494 1034 530 1061 ut
563 1030 654 1062 nobis
689 1034 722 1061 et
753 1030 889 1062 ecclesie
920 1032 1028 1061 nostre
1060 1033 1170 1061 contra
1201 1033 1328 1061 nostros
1356 1030 1502 1061 inimicos
1534 1040 1742 1072 quoscunque
1772 1032 1924 1071 potenter
1953 1032 1988 1062 et

326 1086 475 1124 patenter
505 1093 542 1114 ac
572 1082 711 1114 fideliter
742 1083 885 1113 serviant
913 1085 946 1113 et
976 1082 1135 1113 assistant.
1187 1082 1354 1124 Rogantes
1385 1085 1418 1113 et
1450 1083 1688 1113 committentes
1720 1081 1882 1113 nobilibus
1911 1081 1987 1113 viris

326 1135 447 1166 Simoni
473 1138 506 1166 et
527 1134 665 1166 Iohanni
688 1133 858 1165 comitibus
883 1133 923 1165 de
941 1133 1117 1175 Spanheim
1141 1134 1396 1175 consangwineis
1418 1134 1545 1175 nostris}
1569 1138 1605 1165 ut
1628 1143 1724 1175 quam
1747 1134 1886 1174 primum
1908 1133 1986 1174 ipsis
2005 1143 2030 1163 u

326 1187 413 1218 dicta
442 1187 579 1228 pecunia
603 1185 689 1227 apud
714 1185 941 1217 Cruczennach
965 1185 1063 1216 fuerit
1085 1188 1286 1226 presentata,
1317 1185 1404 1216 dicta
1427 1184 1491 1216 duo
1515 1185 1605 1216 milia
1627 1195 1808 1216 marcarum
1832 1184 1987 1226 predictis

326 1237 496 1268 comitibus
513 1237 554 1268 de
570 1237 748 1268 Nassauwe
772 1237 1026 1278 consangwineis
1049 1237 1165 1268 nostris
1189 1247 1230 1268 ex
1253 1240 1346 1278 parte
1370 1239 1478 1268 nostra
1500 1237 1643 1268 tribuant
1658 1240 1692 1268 et
1707 1237 1880 1278 assignent.
1915 1235 1988 1272 Qua

325 1290 463 1330 pecunia
486 1290 563 1330 ipsis
587 1289 751 1330 persoluta
774 1288 954 1329 predictum
979 1288 1094 1319 ducem
1111 1289 1241 1319 Austris
1265 1288 1306 1319 de
1330 1288 1446 1319 eadem
1471 1289 1596 1329 quitum
1619 1288 1809 1319 dimittimus
1831 1297 1891 1330 per
1911 1297 1987 1329 pre-

326 1344 443 1372 sentes.
526 1341 563 1371 In
588 1341 676 1371 cuius
699 1341 747 1371 rei
770 1340 990 1371 testimonium
1014 1340 1155 1381 sigillum
1178 1342 1323 1371 nostrum
1347 1339 1497 1371 duximus
1520 1340 1724 1382 presentibus
1747 1339 1986 1381 apponendum.

434 1391 556 1423 Datum
580 1392 703 1431 Bonne,
728 1401 811 1422 anno
834 1390 966 1422 Domini
989 1390 1221 1431 MOGOXIIII,
1245 1391 1277 1422 in
1301 1391 1354 1423 die
1379 1391 1467 1423 beati
1490 1391 1581 1423 Petri
1605 1391 1646 1422 ad
1670 1392 1806 1423 vincula.
2005 1401 2032 1421 ω

539 1612 593 1648 52.
628 1609 917 1648 PROMISSIO
946 1609 1104 1647 DUCIS
1132 1610 1429 1646 BAWARIAE
1457 1609 1560 1647 PRO
1586 1609 1784 1647 COMITE

769 1664 1092 1702 BERTHOLDO
1119 1665 1190 1702 DE
1218 1665 1551 1703 HENNEBERG.

1008 1734 1116 1770 1314.
1163 1733 1258 1779 Aug.
1279 1734 1315 1770 4.

446 1834 607 1875 Oriyinale
624 1833 698 1876 (or.)
716 1834 749 1865 in
766 1834 924 1866 tabulario
941 1834 1165 1874 Meininqensi.
1209 1833 1350 1866 Contulit
1373 1834 1420 1866 W.
1434 1834 1593 1866 Fasslein.
1632 1834 1752 1866 Pendet
1767 1833 1907 1875 siqillum
1923 1832 1991 1875 fere

331 1885 473 1918 illaesum
486 1886 551 1918 Zoro
563 1886 805 1917 membranaceo.
831 1885 892 1919 Ed.
902 1885 1083 1926 Scho'ppach
1095 1884 1391 1926 ‘Henneberyisches
1404 1885 1665 1918 Urkundenbuch’
1673 1886 1702 1924 I,
1712 1886 1755 1917 56
1764 1896 1815 1919 nr,
1823 1887 1886 1917 103
1895 1896 1934 1918 ex
1943 1896 1989 1919 or.
2008 1899 2033 1919 as

437 1946 585 1984 B5hmer,
609 1946 684 1987 Rey.
703 1946 816 1978 Ludw.
835 1956 870 1986 p.
882 1947 948 1977 ,237
971 1946 1203 1978 Reichssachen
1217 1957 1267 1978 nr.
1281 1946 1333 1977 21.
1372 1946 1524 1986 Reqesten
1539 1947 1595 1978 der
1609 1945 1816 1987 Psalzqrafen
1831 1957 1881 1978 nr.
1895 1946 1990 1979 1896.

436 2032 508 2064 Wir
523 2032 700 2064 Ludweich
716 2043 777 2063 von
795 2031 875 2063 Gots
898 2031 1025 2073 gnaden
1049 2031 1280 2074 pfallentzgraf
1300 2032 1352 2063 bei
1374 2032 1448 2063 dem
1472 2032 1554 2064 Rein
1578 2032 1645 2064 und
1667 2032 1802 2076 hertzog
1824 2033 1856 2064 in
1872 2032 1992 2065 Baiern

328 2084 483 2124 verjehen
511 2084 657 2116 offenbar
683 2094 725 2115 an
752 2083 854 2115 disem
882 2083 981 2123 brief,
1009 2083 1068 2115 daz
1091 2084 1150 2115 wir
1176 2084 1235 2115 mit
1263 2084 1337 2115 dem
1365 2084 1461 2115 edeln
1484 2094 1601 2116 manne
1624 2084 1701 2126 graf
1718 2083 1906 2126 Berht(01d)
1928 2095 1991 2116 von

328 2135 568 2167 Hennenberch
596 2139 690 2177 geret
717 2135 823 2167 haben
846 2136 911 2167 und
939 2136 998 2167 mit
1028 2137 1072 2166 im
1101 2135 1184 2167 iiber
1214 2137 1267 2168 ain
1297 2136 1433 2167 chomen
1463 2137 1546 2177 sein,
1577 2136 1635 2168 daz
1658 2137 1716 2168 wir
1743 2137 1786 2168 im
1817 2136 1992 2178 gehaizzen

328 2187 435 2218 haben
455 2187 520 2218 und
537 2187 711 2228 gehaizzen
733 2189 790 2218 mit
813 2191 912 2228 guten
930 2191 1062 2227 truwen,
1087 2187 1128 2219 ob
1145 2188 1203 2219 wir
1222 2199 1281 2219 uns
1303 2188 1363 2219 mit
1377 2198 1505 2219 unserm
1522 2188 1631 2220 ohaim
1647 2189 1781 2230 hertzog
1796 2187 2037 2230 Frid(erich)2o

328 2249 390 2269 von
429 2226 615 2270 Osterreich
646 2239 823 2280 verrihten
859 2239 918 2270 daz
945 2240 1002 2270 wir
1036 2239 1110 2271 inne
1145 2239 1249 2270 danne
1279 2240 1310 2270 in
1337 2240 1446 2271 unsrin
1478 2240 1628 2271 taeidinch
1657 2250 1775 2271 nemen
1803 2239 1910 2279 sulen,
1944 2239 1992 2271 als

329 2291 372 2321 im
403 2294 460 2321 not
492 2291 533 2321 ist
566 2301 607 2321 an
635 2291 744 2322 seinen
775 2291 903 2324 sachcn.
950 2290 1040 2322 Waer
1069 2291 1149 2322 aber
1179 2291 1237 2323 daz
1266 2292 1323 2322 wir
1352 2292 1411 2322 mit
1437 2291 1518 2323 Gots
1548 2291 1611 2322 hilf
1634 2291 1827 2323 Romischer
1854 2290 1992 2323 chunich

330 2341 471 2382 wurden,
496 2352 531 2373 so
555 2341 646 2373 sulen
663 2343 720 2373 wir
742 2343 786 2373 im
810 2343 879 2374 sein
902 2343 971 2373 lant
986 2342 1189 2384 bestaetigen,
1212 2343 1259 2374 als
1282 2354 1317 2374 er
1341 2353 1376 2374 ez
1396 2346 1470 2374 untz
1492 2343 1552 2375 her
1574 2343 1698 2385 gehabt
1712 2344 1779 2376 hat.
1811 2343 1885 2374 Wir
1900 2342 1992 2375 sfilen

329 2393 411 2424 auch
435 2394 478 2424 im
495 2393 572 2425 umb
595 2395 664 2425 sein
688 2394 780 2425 chost
794 2395 860 2426 und
879 2393 956 2425 umb
979 2394 1082 2425 ander
1097 2394 1238 2426 brueche
1261 2394 1327 2426 und
1351 2394 1458 2433 sache,
1484 2395 1516 2426 di
1540 2405 1576 2426 er
1597 2405 1634 2426 ze
1657 2394 1798 2426 handeln
1821 2394 1889 2434 hat,
1911 2394 1992 2426 alles

330 2445 388 2476 daz
411 2444 483 2486 tfin,
511 2445 569 2476 daz
599 2456 658 2477 uns
686 2445 719 2477 di
743 2446 839 2477 edeln
861 2446 938 2477 laeut
960 2445 1100 2486 Ulr(ich)
1125 2446 1182 2477 der
1206 2445 1350 2487 lantgraf
1370 2457 1431 2477 von
1455 2447 1671 2488 Liutenberg,
1700 2447 1776 2488 graf
1794 2445 1990 2488 Frid(eri0h)
2010 2457 2038 2478 π

330 2507 394 2527 von
410 2496 619 2538 Trfihending
643 2498 706 2528 und
724 2497 894 2539 Chunr(at)
919 2508 980 2528 von
998 2496 1222 2528 Slfizzelberch
1245 2497 1393 2528 haizzent
1416 2497 1481 2529 tfin.
1560 2498 1635 2530 Und
1658 2509 1694 2530 ze
1717 2498 1863 2529 urchfiud
1885 2497 1993 2540 geben

331 2548 387 2578 wir
409 2548 453 2579 im
477 2547 568 2579 disen
593 2548 679 2579 brief
699 2549 757 2579 mit
780 2559 907 2579 unserm
931 2549 1046 2590 insigel
1070 2549 1275 2589 versigelten.

439 2599 506 2631 Der
529 2600 635 2640 geben
666 2601 708 2631 ist
737 2611 773 2631 ze
797 2600 976 2640 Amberch,
1006 2600 1048 2631 da
1074 2611 1150 2631 man
1174 2611 1234 2631 von
1258 2600 1339 2631 Gots
1366 2601 1483 2642 geburt
1514 2601 1578 2633 zalt
1601 2600 1916 2633 driuzehenhundcrt
1941 2601 1994 2641 jar

331 2650 390 2681 dar
412 2651 494 2682 nach
518 2652 550 2682 iu
573 2651 647 2683 dem
671 2651 906 2683 vierzehenden
927 2652 990 2692 jar,
1015 2651 1072 2683 des
1094 2651 1238 2683 naehsten
1263 2651 1403 2693 Suntags
1426 2663 1483 2684 vor
1506 2652 1586 2684 sand
1609 2653 1812 2685 Laurentzen
1835 2655 1900 2694 tag.

435 2737 461 2769 1)
482 2736 523 2768 Cf.
543 2745 627 2770 supra
645 2745 687 2763 nr.
700 2740 734 2763 27
750 2745 771 2763 c.
786 2742 806 2763 1.
2009 2749 2040 2768 u>
