2184 3126
329 196 391 226 660
562 191 658 218 ACTA
676 190 790 217 REGNI
809 189 991 216 LUDEWICI
1010 188 1056 215 IV.
1075 188 1122 215 ΕΤ
1141 187 1328 215 FRIDERICI
1346 187 1395 215 111.
1432 188 1507 216 1324.
1542 188 1591 216 Nr.
1605 187 1664 216 837.
1683 187 1743 216 838.

327 277 531 320 vorgen(aut)
554 276 748 318 Frid(erich)
772 276 837 307 min
859 274 974 316 insigel
995 273 1140 316 gehenkt
1163 283 1204 305 an
1228 273 1319 305 disen
1342 272 1441 313 brief,
1467 272 1527 305 dez
1549 273 1635 305 mich
1657 273 1890 318 Eberh(arten)
1913 286 1977 308 von

327 330 508 361 Winestein
531 328 703 370 begnfiget.

434 388 501 420 Der
523 390 603 419 wart
630 386 736 429 geben
761 396 798 417 ze
822 385 1007 426 strasburg,
1038 395 1078 416 an
1106 384 1180 416 dem
1203 383 1365 415 zweliften
1392 386 1462 426 tag,
1494 383 1536 416 do
1564 394 1640 416 man
1668 384 1733 417 zalt
1765 395 1827 418 von
1849 385 1976 419 Kristez

327 440 442 482 geburt
464 437 776 471 drfitzehenhundert
795 437 847 477 jar
870 436 928 467 dar
950 435 1031 466 nach
1054 435 1087 466 in
1110 434 1185 467 dem
1208 434 1606 476 vierundzweintzigistem
1625 436 1688 477 jar.

436 656 510 692 838.
547 652 873 692 PUBLICATIO
904 652 1070 690 PRIMI
1101 650 1408 690 PROCESSUS
1436 652 1612 690 PAPAE
1643 653 1860 693 CONTRA
2004 667 2017 686 s

632 707 961 746 LUDEW'ICUM
990 708 1050 744 IN
1076 707 1302 745 DIOCESI
1330 707 1664 747 BASILIENSI.

1009 785 1116 821 1324.
1158 785 1235 821 Ian.
1257 785 1291 821 7.

433 886 651 918 Instrumenta
675 885 797 917 iubente
818 885 970 925 pontifice
996 884 1034 916 de
1055 883 1271 924 publicatione
1287 893 1494 924 processuum
1516 888 1628 918 contra
1649 886 1854 920 Ludewicum
1875 898 1975 929 reyem

322 938 501 970 habitorum
523 937 678 979 confecta,
701 947 835 977 quorum
859 937 893 968 in
915 935 1073 967 tabulario
1103 934 1255 966 Vaticano
1284 944 1349 967 non
1376 938 1422 967 cst
1447 945 1614 978 numerus,
1641 937 1678 969 in
1702 938 1838 971 editione
1863 943 1974 972 nostra

323 999 361 1020 ne
383 989 535 1021 adnotare
564 989 689 1029 quidem
715 997 892 1028 possumus.
941 987 1028 1028 Quae
1055 987 1161 1019 omnia
1191 987 1257 1018 iam
1285 987 1472 1019 accuratius
1496 991 1726 1021 enumerantur
1746 991 1837 1030 apud
1856 991 1975 1024 Mollat
1993 1001 2018 1033 ιρ

328 1040 460 1071 ‘Lettrcs
482 1039 672 1072 communes’
694 1039 768 1071 inde
789 1049 810 1070 a
832 1039 973 1070 numeris
986 1039 1098 1070 20346
1106 1048 1170 1078 sqq.
1194 1040 1222 1069 et
1241 1038 1352 1069 20404
1364 1048 1428 1078 sqq.
1451 1038 1511 1081 (cf.
1526 1038 1651 1072 Riezler
1672 1040 1838 1075 ‘Vatilmm
1853 1042 1973 1075 Alden’

320 1101 356 1131 p.
376 1092 439 1122 177
460 1101 509 1123 nr.
529 1093 592 1122 364
619 1093 682 1122 not.
704 1091 722 1121 1
752 1092 781 1122 et
809 1089 922 1121 ‘Neues
944 1088 1079 1121 Archiv'
1105 1089 1216 1128 XXV,
1243 1090 1332 1130 570).
1387 1089 1536 1123 Editioni
1559 1094 1687 1124 nostrae
1716 1103 1754 1125 ea
1779 1093 1974 1133 documenta,

322 1152 403 1182 quae
424 1142 655 1182 publicationes
680 1151 885 1182 processuum
909 1141 942 1173 in
964 1142 1036 1181 ipsa
1061 1141 1236 1173 Germania
1258 1142 1364 1180 factas
1384 1141 1562 1182 respiciunt
1582 1153 1724 1184 Quaeque
1744 1145 1876 1177 maioris
1897 1148 1974 1178 sunt

322 1194 474 1232 momenti,
497 1203 698 1225 reservamus.

432 1253 552 1284 Tamen
574 1252 822 1284 animadvertere
844 1252 943 1291 liceat,
961 1253 1104 1292 primum
1119 1253 1287 1292 pontificis
1302 1263 1486 1293 processum
1507 1253 1631 1286 ultimis
1651 1265 1682 1287 α.
1699 1255 1794 1288 1323.
1817 1256 1975 1290 mensibus
1993 1267 2017 1288 ιι

322 1306 358 1336 in
379 1304 446 1337 sola
469 1303 570 1335 Italia
588 1303 788 1345 publicatum
810 1313 874 1336 esse
882 1305 904 1342 ¹,
921 1299 1051 1344 praeter
1066 1305 1207 1344 priorem
1225 1305 1514 1346 praesentationem
1536 1305 1587 1338 die
1610 1307 1639 1338 6.
1662 1311 1703 1340 ηιζ
1726 1306 1804 1340 Dec.
1829 1307 1975 1341 Tridenti

320 1356 356 1387 in
378 1355 505 1387 ecclesia
520 1355 694 1387 cathedrali
708 1356 838 1394 factam,
861 1356 898 1388 dc
919 1366 982 1396 qua
998 1356 1038 1396 cf.
1055 1356 1146 1395 infra
1167 1356 1211 1388 ad
1231 1366 1282 1389 nr.
1299 1357 1372 1389 847.
1411 1356 1524 1389 Prima
1538 1366 1621 1398 quae
1641 1361 1789 1391 servatum
1797 1358 1974 1400 publicatio

321 1408 357 1438 in
379 1407 523 1439 Francia
545 1407 653 1439 habita
676 1410 721 1439 est
743 1407 887 1439 ecclesiae
902 1407 1054 1440 Elnensis
1074 1419 1105 1441 a.
1123 1408 1216 1441 1324.
1241 1408 1315 1440 Ian.
1333 1410 1375 1440 13
1396 1408 1473 1441 data
1496 1408 1630 1450 (Mouat
1651 1409 1670 1442 l.
1687 1420 1712 1443 c.
1735 1421 1785 1442 nr.
1801 1410 1942 1453 20421).

431 1466 609 1508 Oriqinalia
628 1466 854 1506 publicationis
876 1468 911 1499 in
926 1468 1040 1500 diocesi
1057 1467 1235 1500 Basiliensi
1253 1468 1365 1509 factae
1386 1469 1450 1501 duo
1469 1472 1481 1501 1
1509 1472 1539 1501 et
1561 1471 1580 1501 2
1602 1470 1710 1502 eadem
1730 1481 1832 1503 manu
1851 1468 1974 1514 scripta

320 1521 486 1550 servantur
513 1519 549 1550 in
577 1518 737 1550 tabulario
766 1518 919 1550 Vaticano
948 1520 1076 1560 signata
1099 1520 1199 1553 ‘Arna
1226 1520 1253 1552 Ο
1277 1521 1358 1559 fasc.
1376 1521 1417 1552 59
1446 1531 1497 1553 nr.
1513 1521 1565 1552 14³
1587 1523 1617 1553 et
1639 1522 1869 1555 ‘Instrumenta
1898 1523 1974 1556 mis·
1991 1535 2018 1555 no

319 1569 455 1601 cellamea
483 1580 512 1601 a.
537 1570 632 1601 1324.
660 1580 735 1609 caps
758 1569 803 1602 I'.
852 1570 1050 1602 Contulimus
1071 1581 1138 1603 nos.
1164 1590 1206 1595 ——
1233 1571 1378 1604 Pendent
1405 1572 1599 1614 autoyraphi
1623 1576 1638 1605 1
1667 1573 1806 1614 sigillum
1828 1574 1973 1615 primum

318 1622 386 1660 fere
409 1620 566 1659 illaesum,
593 1620 690 1662 siyilli
711 1622 841 1653 secundi
862 1624 892 1653 et
913 1622 1000 1654 tertii
1022 1622 1091 1654 lora
1112 1623 1386 1663 membranacea²‚·
1407 1624 1600 1665 autoyraphi
1622 1626 1641 1656 2
1663 1624 1770 1666 siqilla
1791 1625 1973 1658 desideran-

323 1675 390 1711 tur,
418 1672 493 1704 loris
514 1672 759 1704 membranaceis
780 1673 877 1713 siqilli
898 1674 1028 1705 secundi
1050 1673 1177 1706 relictis.
1223 1674 1328 1708 Dorso
1350 1676 1541 1716 inscriptum
1563 1679 1609 1708 est
1637 1676 1673 1708 in
1698 1679 1711 1708 1
1737 1676 1915 1719 Sisgauwie
1939 1681 1973 1710 et

320 1723 554 1765 Frichgauwie,
583 1724 619 1756 in
643 1726 661 1755 2
685 1723 774 1756 Citra
796 1724 922 1757 Renum
947 1728 980 1757 et
1000 1726 1084 1757 ultra
1109 1725 1329 1759 Otelsbfiheh.
1373 1727 1584 1768 Autoyrapha
1611 1728 1649 1759 in
1676 1729 1803 1769 siqnum
1824 1728 1972 1770 publica-

320 1775 415 1806 tionis
444 1785 465 1806 a
492 1775 619 1806 decanis
645 1775 785 1815 sigillata
814 1778 843 1807 et
869 1777 1057 1809 Avinionem
1083 1778 1217 1810 remissa
1245 1781 1331 1810 sunt.
1368 1797 1406 1802 —
1441 1779 1506 1813 Ed.
1529 1779 1816 1822 ‘Oberbayerischcs
1837 1780 1972 1813 Archiv’
1990 1790 2016 1810 a

319 1825 352 1863 I,
376 1826 418 1856 97
439 1836 487 1857 nr.
505 1827 546 1857 72
576 1836 614 1857 cx
639 1829 673 1864 1,
706 1827 855 1860 adiuncto
884 1830 1023 1860 extracto
1052 1830 1243 1870 autoyraphi
1269 1832 1288 1862 2
1316 1830 1357 1863 ib.
1387 1830 1408 1862 l.
1424 1841 1450 1863 c.
1474 1831 1509 1870 I,
1533 1832 1576 1863 98
1596 1842 1646 1864 nr.
1663 1833 1715 1864 73,
1771 1831 1868 1864 Eoetr.
1891 1842 1931 1865 ex
1953 1834 1972 1864 2

313 1877 441 1916 praebet
463 1877 587 1909 Riee‘ler
609 1877 628 1910 l.
645 1888 670 1909 c.
687 1889 722 1918 p.
740 1879 801 1909 170
823 1889 873 1910 nr.
889 1880 963 1911 342.

225 2178 282 2198 ΠΗ.

207 2202 259 2224 Dec.
272 2203 315 2225 181.

425 1936 499 1977 Rey.
523 1937 637 1969 Mollat
659 1937 678 1970 l.
695 1949 722 1971 c.
744 1949 793 1970 nr.
809 1939 923 1970 20418
945 1943 974 1971 et
994 1941 1116 1972 20351.

425 2022 610 2054 Gerhardus
632 2023 695 2055 Dei
724 2025 828 2066 gratia
859 2026 1029 2068 episcopus
1059 2026 1247 2058 Basiliensis
1335 2027 1462 2060 dilectis
1490 2029 1522 2060 in
1550 2028 1679 2061 Christo
1709 2028 1907 2071 Sisgauwieb
1938 2033 1972 2062 et

319 2073 559 2114 Frichgauwiec
583 2074 795 2107 decanatuum
819 2076 949 2108 decanis
1037 2078 1172 2110 salutem
1198 2082 1232 2111 et
1254 2079 1480 2112 obedienciam
1501 2081 1534 2112 in
1556 2080 1727 2112 mandatis.
1990 2093 2016 2112 ω

405 2124 564 2156 Noveritis
586 2136 643 2157 nos
666 2126 788 2158 litteras
804 2128 994 2159 sanctissimi
1010 2130 1111 2170 patris
1134 2131 1167 2161 in
1182 2129 1332 2162 Christod
1354 2142 1392 2164 ac
1415 2132 1538 2164 domini
1560 2132 1682 2165 domini
1704 2133 1858 2166 Iohannis
1874 2134 1973 2176 digna

319 2174 381 2206 Dei
403 2176 601 2216 providentia
623 2188 707 2219 pape
730 2178 838 2211 XXII.
863 2179 922 2211 sub
945 2191 1028 2212 anno
1045 2180 1175 2213 Domini
1191 2181 1439 2225 MOCOXXIH,
1462 2183 1515 2216 die
1530 2184 1702 2217 Dominica
1725 2186 1874 2227 proxima
1896 2189 1971 2218 ante

320 2226 437 2258 festum
458 2227 640 2259 Nativitatis
663 2229 806 2262 eiusdem
829 2232 990 2273 recepisse
1014 2234 1159 2264 tenorem
1183 2234 1237 2275 qui
1260 2235 1405 2276 sequitur
1426 2236 1641 2268 continentes:

427 2286 595 2319 ‘Iohannes
618 2289 785 2331 episcopus
807 2301 918 2322 servus
945 2302 1110 2324 servorum
1136 2293 1201 2325 Dei
1298 2295 1477 2327 venerabili
1505 2296 1595 2328 fratri
1622 2297 1776 2338 episcopo
1800 2296 1972 2329 Basiliensi

322 2337 457 2369 salutem
480 2341 511 2369 et
534 2340 740 2379 apostolicam
763 2341 1030 2375 benedictionem.
1986 2358 2012 2378 δῦ

427 2396 538 2438 Nuper
560 2403 669 2430 contra
693 2399 746 2431 dil.
770 2401 812 2432 fil.
829 2419 871 2424 —
886 2412 984 2444 super
1006 2404 1171 2444 premissis
1194 2404 1326 2437 duxeris
1349 2405 1507 2438 facienda.

428 2455 548 2488 Datum
571 2458 767 2501 Avinion(e),
791 2461 866 2494 VII.
890 2463 939 2494 Id.
961 2463 1103 2505 Octobr„
1127 2465 1332 2506 pontificatus
1354 2467 1455 2498 nostri
1478 2477 1562 2499 anno
1586 2466 1747 2499 oetav0.’³

423 2556 489 2584 838.
520 2560 543 2590 ²)
562 2560 579 2584 h
592 2569 657 2586 corr.
671 2571 701 2587 ex
718 2563 725 2587 l
745 2562 768 2589 2.
852 2564 876 2596 b)
894 2566 916 2591 is
933 2566 960 2591 in
978 2575 1045 2593 corr.
1065 2576 1102 2593 or.
1186 2569 1209 2601 c)
1228 2570 1284 2595 loco
1301 2570 1367 2604 Sisg.
1381 2575 1407 2597 et
1418 2571 1521 2603 Fricbg.
1539 2569 1570 2595 2:
1595 2572 1682 2597 circa
1699 2573 1817 2598 Renum
1835 2575 1866 2598 et
1882 2572 1968 2598 ultra

322 2599 532 2626 Orelsbuheln
618 2602 643 2635 d)
662 2605 688 2629 in
707 2607 806 2632 Christo
825 2610 903 2640 patris
920 2609 944 2635 ⁶2.

426 2667 451 2700 1)
470 2667 510 2694 M.
522 2668 590 2695 Nov.
601 2670 643 2697 die
654 2675 676 2698 6.
687 2672 849 2707 Florentiae,
863 2676 930 2704 Nov.
942 2682 977 2705 11.
991 2678 1076 2713 Senis,
1090 2680 1157 2708 Noc.
1168 2685 1208 2708 15.
1222 2681 1338 2715 Perueii,
1351 2681 1419 2709 Nem.
1429 2685 1470 2709 18.
1484 2681 1614 2716 Encqubii,
1627 2682 1695 2710 Noe.
1706 2686 1748 2711 20.
1762 2682 1841 2716 Galli,
1853 2682 1920 2709 Nos.
1929 2685 1966 2709 21.
1985 2689 2012 2709 ιο

328 2707 550 2744 Forosimsronii,
580 2712 648 2740 Nov.
661 2717 699 2740 23.
719 2715 806 2749 Fani,
833 2718 899 2746 Nou.
913 2723 951 2747 27.
970 2722 1103 2756 Arimini,
1129 2723 1199 2751 Nov.
1212 2727 1253 2751 30.
1274 2724 1410 2759 emate,
1435 2734 1469 2752 m.
1487 2725 1551 2754 Dec.
1570 2725 1611 2752 die
1628 2729 1653 2753 2.
1673 2725 1836 2759 Faventiam
1865 2725 1930 2752 DOC-
1943 2729 1968 2752 4·

327 2750 438 2784 Imohze,
456 2752 521 2780 Dec.
536 2757 573 2781 16.
596 2755 716 2783 Veronae
734 2758 763 2789 (l.
776 2767 797 2786 c.
817 2764 918 2795 20404,
937 2767 995 2796 405,
1014 2769 1071 2798 407,
1090 2769 1155 2800 408,
1174 2771 1236 2800 409,
1254 2771 1315 2801 410,
1334 2773 1394 2802 411,
1412 2772 1460 2795 412
1477 2768 1523 2803 (=
1537 2769 1646 2804 20346),
1669 2772 1726 2803 413,
1745 2773 1805 2802 414,
1823 2772 1880 2801 415,
1899 2768 1968 2802 417).

323 2793 353 2826 2)
373 2793 441 2820 Sunt
458 2795 545 2828 siqilla
564 2798 678 2832 episcopi
695 2803 718 2826 ct
735 2801 855 2829 binm‘um
873 2804 1043 2839 decanorum,
1060 2816 1128 2841 quae
1147 2810 1222 2837 ambo
1236 2814 1299 2844 post
1317 2811 1427 2838 adnexa
1443 2814 1516 2839 mmt.
1609 2812 1637 2845 3)
1655 2811 1747 2846 Supra
1764 2820 1807 2839 '⁴¹'-
1822 2815 1870 2839 795
1886 2810 1925 2838 “a
1943 2812 1968 2838 1·
