2124 3132
569 143 787 172 TRAOTATUS
805 144 852 171 DE
871 144 1084 172 ntec'moun.
1120 145 1197 172 1314,
1234 144 1336 172 unse.
1355 145 1397 171 57.
1768 150 1805 178 51

146 229 346 272 gelubeden,
370 229 445 275 [die]
468 231 638 263 zwuschen
660 241 719 263 uns
742 230 827 263 unde
851 231 945 263 deme
962 234 1182 273 vorgenanten
1204 229 1332 274 h[erren
1350 230 1482 273 Petere}
1508 230 1728 262 erczebischof
1749 242 1810 262 von

147 281 275 314 Mentze
305 281 455 325 gegeben
486 282 571 315 unde
599 282 772 324 gemachet
805 283 862 314 sin.
912 283 981 314 Dez
1008 282 1093 314 habe
1123 283 1180 314 wir
1211 293 1249 314 zu
1283 282 1430 314 urkilnde
1465 282 1559 314 deme
1590 287 1810 323 vorgenanten

147 333 265 366 herren
289 333 392 366 disem
415 333 502 366 brief
519 334 669 376 gegeben
692 334 838 376 versigilt
861 335 919 366 mit
941 344 1054 366 unsem
1077 334 1224 375 insigele.

256 383 325 416 Der
354 385 395 417 ist
423 385 571 427 gegeben
603 385 687 424 noch
715 384 838 418 Oristes
865 385 982 427 gebun-t
1009 385 1293 417 drizehenhundirt
1319 386 1372 426 jar
1404 386 1435 416 in
1467 385 1562 417 deme
1594 385 1808 417 virzehendcn

118 450 130 470 s
145 437 228 478 jare,
253 446 293 468 an
318 435 413 469 deme
438 436 581 469 anderen
605 440 679 479 tage
703 437 784 468 noch
810 447 905 469 unser
920 437 1060 469 Vrowen
1085 441 1161 479 tage
1185 437 1244 469 der
1266 437 1419 478 letzeren,
1443 437 1491 469 als
1514 438 1560 468 sie
1578 437 1699 477 geborn
1718 441 1808 468 wart.

165 652 352 698 57—73.
399 651 800 699 TRACTATUS
833 654 879 698 A
912 651 1091 699 DUCE
1127 653 1497 699 BAWARIAE
1534 654 1797 700 HABITI.

754 729 862 766 1314.
908 729 1010 775 Sept.
1035 729 1218 767 12.—23.

283 847 448 885 57-62.
489 848 784 886 TRACTATUS
814 849 913 886 CUM
941 849 1351 887 ARCHIEPISCOPO
1380 849 1678 886 MOGUNTlNO.

786 921 877 952 1314.
912 919 1001 962 Sept.
1022 921 1173 952 12.-—23.

108 1034 135 1055 ιο
401 1023 538 1054 57-61.
576 1021 902 1055 PROMISSIONES
924 1023 1056 1056 DUCIS
1078 1023 1168 1056 PRO
1192 1022 1565 1056 AROHIEPISCOPO.

640 1129 700 1166 57.
741 1129 916 1175 Scriptum
940 1130 1050 1176 prius.
1158 1129 1251 1175 Sept.
1271 1131 1332 1164 12.

267 1196 428 1238 Oriyinale
443 1198 651 1239 deperditum.
687 1199 932 1232 Transsumtum
945 1200 1012 1243 (tr.)
1028 1200 1172 1232 iudicum
1183 1199 1480 1240 Moyuntinensium
1495 1209 1526 1230 α.
1538 1199 1632 1231 1323.
1651 1199 1751 1231 Mart.
1762 1201 1814 1233 18.

153 1247 277 1288 factum
298 1249 335 1282 in
349 1249 507 1283 tabulario
521 1251 610 1291 reym'
624 1250 791 1283 Bawarici
813 1251 1243 1292 ‘Kaiser-Ludwiq-Select‘
1267 1251 1324 1291 (=
1341 1250 1447 1291 KLS)
1469 1261 1519 1283 nr.
1536 1251 1565 1282 1.
1610 1251 1811 1284 Contulimus

154 1308 221 1332 nos.
265 1299 414 1341 Siyillum
435 1301 527 1340 deest,
549 1301 615 1334 loro
637 1302 870 1335 membranaceo
891 1302 1007 1335 relicto.
1034 1322 1071 1327 —
1098 1303 1141 1335 In
1158 1302 1267 1344 somna
1291 1302 1415 1342 inteyra
1436 1302 1604 1334 ineditum.

110 1365 136 1386 u
260 1354 408 1395 Bo'hmer,
436 1355 512 1397 Ray.
535 1356 648 1392 Ludw.
665 1368 701 1398 1²·
717 1358 784 1390 237
810 1358 1042 1391 Reichssachen
1062 1369 1112 1391 nr.
1128 1359 1182 1391 23.
1229 1358 1380 1399 Reyesten
1407 1358 1463 1390 der
1485 1358 1694 1400 Psalzqrafen
1718 1360 1813 1393 1900.

265 1410 353 1452 Quae
375 1422 413 1444 ex
426 1412 543 1452 scripu)
558 1413 682 1445 comitis
697 1413 958 1455 Ducelburyensis
978 1424 1009 1446 a.
1027 1415 1122 1447 1308.
1153 1414 1218 1447 Oct.
1234 1416 1278 1446 28
1300 1414 1375 1446 dato
1399 1424 1501 1454 supra
1524 1417 1594 1446 tom.
1610 1415 1667 1447 IV
1686 1426 1735 1447 nr.
1747 1416 1814 1447 259

150 1461 255 1502 petita
275 1465 358 1501 sunt,
382 1463 468 1505 typis
489 1464 665 1496 minoribus
686 1465 870 1497 excudenda
892 1467 1084 1498 curavimus.

261 1517 313 1560 Cf.
335 1518 380 1550 ad
402 1518 530 1560 Scripta
552 1530 603 1552 nr.
620 1521 671 1552 57.
695 1521 738 1552 58
760 1521 898 1553 Schrohe
922 1521 985 1554 loco
1006 1532 1107 1562 supra
1129 1522 1174 1554 ad
1194 1531 1244 1554 nr.
1260 1522 1303 1553 25
1325 1522 1421 1554 citato
1439 1533 1512 1563 paq.
1531 1523 1595 1553 ‘214
1607 1533 1671 1562 sqq.

1823 1603 1855 1624 lv
1869 1609 1902 1623 nr.
1913 1605 1953 1625 ²5⁹

266 1607 293 1637 1.
326 1609 383 1637 Nos
406 1605 599 1639 Ludewicus
622 1611 674 1640 Dei
696 1612 794 1647 gracia
817 1618 926 1640 comes
954 1608 1114 1650 palatinus
1136 1608 1239 1640 Reni⁸
1264 1608 1331 1640 dux
1361 1608 1508 1639 Bawarie
1538 1609 1808 1650 recognoscimus,
1862 1632 1913 1652 ω,

112 1671 138 1692 2⁰
156 1655 243 1698 quod
264 1661 364 1695 Deum,
387 1661 538 1696 iusticiam,
562 1663 721 1698 equitatem
742 1672 854 1692 necnon
877 1664 987 1692 fidelem
1009 1664 1192 1700 diligenciam
1214 1666 1244 1692 et
1259 1664 1424 1692 devocionis
1440 1664 1590 1699 purissime
1606 1665 1811 1697 constanciam,

155 1720 241 1747 quam
264 1713 434 1742 venerabilis
456 1716 539 1750 pater
567 1716 596 1742 et
618 1715 768 1744 dominus*
790 1716 920 1743 dominus
943 1716 1043 1744 Petrus
1066 1718 1164 1743 sancte
1188 1716 1356 1751 Moguntine
1383 1715 1458 1742 sedis
1481 1716 1711 1751 archiepiscopus
1735 1717 1810 1744 sacri

154 1758 294 1792 Romani
316 1765 429 1800 imperii
451 1774 502 1801 per
517 1766 699 1794 Germaniam
714 1766 980 1795 archicancellarius
1003 1767 1078 1795 circa
1100 1776 1152 1795 nos
1176 1769 1206 1795 et
1221 1768 1312 1795 nostri
1329 1767 1540 1795 exaltacionem
1556 1768 1644 1795 habet
1668 1770 1697 1795 et
1712 1768 1815 1796 habuit

154 1824 218 1844 cum
241 1816 351 1850 effectu,
373 1819 469 1846 nostre
493 1818 732 1846 consideracionis
755 1819 844 1847 oculis
859 1821 1060 1854 preponentes,
1083 1815 1289 1857 promisimus
1313 1818 1346 1846 et
1371 1820 1565 1854 promittimus
1581 1819 1711 1852 fideliter,
1735 1820 1813 1847 inmo

154 1869 256 1903 sponte
279 1877 312 1896 ac
327 1868 485 1898 liberaliter
506 1879 559 1898 nos
574 1879 626 1906 per
640 1870 723 1899 fidem
738 1872 866 1899 nostram
889 1869 922 1898 et
937 1867 1153 1899 iuramentum
1170 1870 1315 1900 nostrum
1338 1866 1426 1909 quod
1448 1867 1588 1909 desuper
1611 1868 1812 1909 prestitimus

112 1930 136 1951 25
155 1916 367 1958 corpora-liter
397 1917 492 1949 tactis
522 1919 733 1951 sacrosanctis
766 1922 937 1958 obligamus,
971 1923 1048 1958 quod
1075 1923 1099 1950 si
1131 1924 1205 1951 forte
1234 1923 1332 1951 divina
1361 1923 1545 1958 providencia
1572 1923 1743 1958 disponente
1777 1924 1814 1951 ad

155 1971 303 2008 fastigium
326 1972 386 2001 sive
409 1973 521 2015 culmen
543 1974 620 2010 regie
643 1974 803 2002 maiestatis
826 1975 907 2010 regni
922 1975 1131 2003 Romanorum
1154 1975 1273 2010 provehi
1295 1984 1347 2003 nos
1371 1975 1530 2010 contingat,
1555 1983 1589 2003 ea
1611 1984 1667 2010 que
1690 1975 1809 2003 inferius

155 2024 223 2050 sunt
245 2025 380 2052 contenta
402 2026 520 2060 propter
541 2034 641 2053 causas
663 2026 762 2059 iustas,
786 2035 866 2054 veras
890 2028 919 2054 et
941 2027 1069 2055 notorias
1092 2035 1147 2062 que
1171 2027 1201 2055 in
1223 2027 1294 2062 ipsis
1317 2035 1378 2054 esse
1394 2029 1551 2054 noscuntur
1572 2027 1812 2060 conservabimus,

156 2075 402 2106 manutenebimus
429 2078 460 2104 et
485 2076 521 2103 ad
548 2077 663 2112 plenum
693 2078 825 2107 effectum
848 2079 907 2106 Deo
930 2079 1059 2114 propicio
1082 2079 1276 2114 perducemus.
1322 2077 1468 2106 Cartulam
1497 2078 1586 2106 eciam
1615 2079 1698 2105 huius
1727 2079 1813 2114 digne

155 2126 351 2162 promissionis
371 2129 423 2156 ac*
439 2128 626 2164 obligacionis
641 2131 738 2158 nostre
754 2139 820 2158 mox
836 2130 897 2158 sine
917 2126 1052 2158 alicuius
1074 2139 1152 2158 more
1168 2130 1316 2166 dispendio
1333 2130 1469 2158 faciemus
1486 2130 1599 2165 typario
1624 2136 1681 2157 seu
1706 2126 1812 2167 sigillo

111 2187 138 2209 so
156 2179 260 2214 regalis
284 2179 455 2208 excellencie
477 2180 514 2208 ad
535 2181 623 2209 robur
644 2181 765 2209 validius
789 2182 959 2218 consignari.

263 2228 293 2258 2.
327 2232 360 2259 In
382 2231 481 2267 primis
504 2232 651 2260 ecclesiam
668 2235 796 2261 sanctam
819 2234 872 2261 Dei
895 2235 925 2262 et
940 2234 1104 2269 specialiter
1120 2234 1268 2262 ecclesiam
1285 2233 1483 2269 Moguntinam
1508 2243 1559 2268 per
1576 2234 1671 2260 omnia
1686 2234 1813 2261 membra
1828 2245 1847 2262 e.
1860 2242 1880 2261 ι

156 2290 208 2310 sua
229 2283 288 2311 tam
315 2282 346 2310 in
373 2283 570 2318 spiritualibus
598 2293 684 2319 quam
706 2285 911 2320 temporalibus
943 2284 976 2313 et
1004 2281 1158 2313 ecelesias
1188 2281 1248 2312 sibi
1276 2281 1440 2312 subiectas
1463 2285 1603 2318 civitat-is,
1636 2285 1755 2312 diocesis
1784 2288 1814 2313 et

155 2333 301 2368 provincie
316 2335 505 2370 Moguntfine)
520 2336 730 2364 defensabimus
745 2337 875 2370 fideliter,
899 2337 1129 2365 conservabimus
1151 2339 1180 2365 et
1195 2336 1443 2364 manutenebimus
1460 2337 1615 2364 efficaciter
1635 2337 1664 2364 in
1681 2337 1813 2364 omnibus

156 2384 214 2412 suis
236 2385 353 2419 iuribus,
377 2386 540 2421 honoribus,
564 2388 754 2422 libertatibus,
778 2389 868 2422 bonis,
891 2389 1128 2424 possessionibus,
1155 2389 1314 2424 privilegiis
1337 2391 1366 2416 et
1386 2389 1490 2424 graciis
1511 2389 1565 2415 sibi
1586 2389 1661 2415 datis
1685 2391 1714 2416 et
1730 2389 1812 2416 factis

113 2445 138 2466 ss
157 2445 175 2464 a
197 2436 269 2465 divis
285 2458 292 2465 .
308 2458 315 2465 .
330 2438 550 2474 imperatoribus
573 2442 604 2468 et
625 2440 816 2468 Romanorum
839 2441 962 2476 regibus.

265 2487 294 2516 3.
328 2490 400 2518 Item
422 2491 560 2526 gracias‘,
591 2489 742 2528 privilegia
772 2493 806 2520 et
827 2488 995 2520 libertates
1017 2492 1179 2520 huiusmodi
1209 2491 1242 2519 et
1268 2487 1392 2519 litteras
1416 2498 1635 2529 quascumque
1660 2487 1806 2519 divorum
1823 2498 1875 2518 αι.

157 2535 377 2578 inpar-aeorum
400 2541 433 2570 et
449 2537 669 2572 Romanorum
692 2550 806 2582 regum
829 2539 916 2572 dicto
941 2539 1070 2572 domino
1096 2563 1127 2571 ..
1152 2539 1396 2581 archiepiscopo
1419 2544 1453 2571 et
1469 2539 1606 2570 ecclesie
1623 2539 1811 2581 Moguntine

157 2593 384 2622 confirmabimus
407 2593 456 2627 [et]
479 2594 678 2623 innovabimus
701 2595 776 2623 sicut
797 2596 892 2623 iacent
915 2596 950 2624 de
973 2596 1059 2624 verbo
1082 2596 1118 2623 ud
1142 2595 1258 2623 verbum
1281 2604 1332 2631 per
1354 2595 1467 2622 litteras
1491 2591 1557 2622 sive
1581 2595 1719 2630 speciales
1743 2592 1810 2622 sive

158 2639 338 2682 generales,
359 2644 455 2683 prout
477 2641 565 2675 idem
582 2641 730 2674 dominus
754 2667 760 2674 .
779 2667 785 2675 .
810 2643 1072 2685 archiepiscopus
1091 2643 1138 2674 eis
1153 2642 1328 2684 indiguerit
1351 2646 1384 2674 et
1407 2652 1463 2673 eas
1480 2642 1693 2684 requisiverit,
1717 2646 1811 2680 sigillo

113 2703 140 2724 ω
157 2696 236 2732 regio
260 2694 294 2724 et
315 2692 485 2735 imperiali,
509 2694 536 2725 si
559 2693 600 2726 ad
624 2693 751 2726 culmen
774 2695 918 2736 provecti
942 2694 1096 2727 fuerimus
1119 2693 1284 2736 inperiale,
1309 2698 1525 2733 consignandas.

261 2768 310 2796 57.
337 2769 362 2802 ⁸)
380 2779 462 2804 cupra
480 2771 575 2798 limam
594 2773 656 2799 add.
675 2777 706 2798 tr.
