2158 3138
128 764 154 784 1⁰

127 1024 152 1045 15

126 1286 152 1306 ²0

127 1546 151 1566 25

126 1807 152 1827 80

127 2063 152 2085 85

446 199 544 228 ACTA
563 177 677 227 IOEGNI
696 198 880 226 LUDEWICI
899 198 946 225 IV.
965 198 1011 225 ΕΤ
1030 197 1214 225 FRIDERlCl
1236 198 1285 225 111.
1322 199 1398 226 131⁴.
1437 199 1483 226 Nr.
1499 200 1556 227 117.
1769 204 1827 234 113

281 289 311 319 4.
345 286 398 319 Ad
427 287 558 319 maioris
587 295 716 329 quoque
747 285 953 327 prerogative
977 285 1128 316 virtutum
1154 287 1188 316 et
1210 286 1397 317 meritorum
1421 285 1498 317 dicti
1529 288 1654 318 comitis
1676 287 1828 319 indicium

173 348 232 370 seu
253 338 391 380 insignia
413 337 590 369 nobilitatis
609 347 677 378 sue,
694 335 810 379 quibus
834 336 1002 368 evidenter
1024 335 1198 377 prefulgeat,
1223 347 1264 368 ex
1288 347 1378 368 mera
1402 341 1510 369 nostra
1534 337 1729 370 liberalitate
1753 350 1827 380 pro-

173 389 318 422 misimus
347 391 382 421 et
410 389 644 431 promittimus,
674 389 779 429 ipsum
803 388 955 419 comitem
979 388 1157 429 principem
1187 398 1298 419 creare
1322 392 1356 420 et
1379 390 1573 421 constituere
1597 390 1723 432 sibique
1747 391 1827 421 suis-

172 451 236 483 que
259 464 268 472 .
285 465 292 472 .
316 439 554 472 successoribus
575 440 712 481 insignia
734 439 932 481 principatus
954 438 1097 470 tribuere
1121 449 1193 470 cum
1210 439 1515 482 sollempnitatibus,
1539 441 1659 472 iuribus
1682 445 1715 473 et
1731 442 1827 473 liber-

172 491 292 524 tatibus
313 491 546 524 infeodacionis
569 491 766 533 principatus
789 490 908 522 debitis
932 494 965 522 et
988 491 1159 522 consuetis.

279 550 308 579 5.
341 547 425 580 Item
449 547 481 578 in
504 550 660 589 quantum
683 546 724 578 de
747 547 816 578 iure
839 546 908 578 fieri
933 549 1051 588 potest,
1076 547 1291 588 promittimus
1315 548 1509 580 constituere
1534 559 1645 580 omnes
1668 548 1829 590 Frysones

171 599 336 642 utriusque
366 609 478 640 sexus,
503 599 732 640 cuiuscumque
762 600 864 630 status
891 601 948 629 aut
971 597 1168 630 condicionis
1192 599 1347 639 existant,
1372 603 1457 631 terre
1481 602 1514 631 et
1538 599 1699 631 districtus
1722 602 1827 632 orien-

172 650 245 682 talis
267 651 346 682 situs
369 650 514 682 eiusdem
538 650 664 682 comitis
695 652 728 681 et
757 659 887 681 suorum
910 649 1068 681 heredum
1092 650 1242 691 perpetui
1267 649 1414 690 dominii,
1438 652 1483 682 ita
1507 651 1592 693 quod
1616 651 1676 683 sibi
1699 653 1828 694 suisque

171 701 410 751 successoribus
433 705 603 735 teneantur
627 704 660 734 et
683 701 825 733 debeant
847 701 943 743 pleno
967 701 1036 733 iure
1060 700 1193 733 dominii
1218 705 1251 733 et
1266 701 1466 734 subiectione
1490 703 1522 734 in
1545 703 1691 734 omnibus
1715 708 1748 735 et
1771 715 1830 746 per

171 754 341 786 omnia‘in
367 754 527 796 personis,
558 753 651 785 bonis
685 755 719 784 et
751 752 874 784 iuribus
902 752 1034 784 subesse
1067 752 1209 784 dominio
1240 754 1420 795 temporali.
1469 754 1623 786 Veientes
1647 759 1680 786 et
1703 766 1829 787 exnunc

171 805 278 838 eidem
312 805 422 837 comiti
457 805 560 837 libere
589 803 824 844 concedentes,
859 807 895 836 ut
928 805 961 836 in
996 804 1082 836 dicto
1118 804 1264 836 districtu
1298 805 1460 846 Frysones
1488 805 1642 837 liber-tare
1673 807 1774 848 possit
1796 811 1830 839 et

170 857 392 889 nichilominus
415 857 546 888 militari
568 857 774 899 prerogativa
797 855 963 888 decorare.
1011 856 1047 887 In
1068 856 1128 887 hiis
1145 860 1254 887 tamen
1271 856 1361 888 salvo
1377 858 1445 888 iure
1463 857 1664 889 dominorum
1681 858 1827 890 aliorum.

277 914 307 945 6.
341 912 478 954 Insuper
500 912 715 958 concedemus
739 912 846 944 eidem
871 912 990 952 comiti,
1015 912 1101 953 quod
1125 913 1210 944 inter
1233 912 1331 954 opida
1346 912 1575 954 Novimagium
1601 917 1634 945 et
1655 914 1827 946 Arnsheim

170 974 229 997 seu
243 963 372 996 Renum
395 968 429 996 et
443 963 576 996 Walum
598 964 730 996 fiumina
753 963 947 996 intermedia
975 964 1130 995 fossatum
1155 963 1241 1006 quod
1264 964 1442 1006 vulgariter
1462 960 1539 996 ‘dic'
1563 965 1747 1007 appellatur
1770 977 1829 1007 pro

170 1017 408 1049 transeuncIum
443 1015 516 1048 hinc
551 1018 584 1057 et
616 1015 693 1048 inde
723 1016 776 1047 via
811 1015 1005 1047 desiccanda
1034 1015 1143 1047 facere
1173 1018 1207 1046 et
1234 1015 1346 1047 fodere
1371 1016 1472 1057 possit
1495 1019 1529 1047 et
1551 1027 1570 1048 a
1594 1016 1829 1048 deducentibus

169 1070 317 1100 vecturas
339 1078 413 1100 suas
434 1067 645 1099 intermedias
667 1067 789 1099 ibidem
814 1067 1000 1099 theloneum
1024 1078 1082 1098 seu
1106 1066 1281 1108 pedagium
1306 1068 1453 1109 recipere
1483 1068 1585 1110 possit
1608 1069 1675 1100 iure
1700 1068 1828 1100 heredi-

170 1120 252 1152 tario
282 1123 315 1151 et
343 1123 517 1162 perpetuo,
544 1122 641 1161 prout
671 1119 894 1161 temporaliter
917 1129 937 1150 a
961 1119 1091 1150 domino
1115 1117 1259 1150 Henrico
1288 1119 1486 1160 imperatore
1511 1124 1697 1161 premortuo
1721 1120 1828 1153 eidem

170 1181 358 1203 concessum
382 1172 482 1203 erat1.

277 1225 306 1255 7.
342 1222 424 1254 Item
456 1221 541 1264 quod
572 1222 604 1253 in
633 1221 791 1254 Lobbede
820 1221 950 1264 aliaque
980 1221 1133 1253 thelonea
1161 1232 1218 1253 sua
1247 1232 1309 1263 que
1334 1225 1423 1254 tenet
1447 1226 1480 1254 et
1503 1223 1620 1263 habet,
1645 1224 1671 1254 si
1694 1234 1828 1255 necesse

169 1274 276 1316 fuerit,
299 1274 341 1306 ad
364 1274 428 1306 alia
451 1273 522 1306 loca
545 1273 628 1305 infra
651 1276 771 1305 terram
795 1284 886 1305 suam
909 1277 1120 1315 transponere
1145 1276 1177 1305 et
1200 1273 1302 1304 tribus
1326 1274 1430 1316 opidis
1454 1275 1519 1306 suis
1545 1274 1699 1306 videlicet
1711 1275 1827 1306 Wans-

169 1325 257 1358 heim
280 1337 377 1368 supra
399 1325 535 1366 Mosam,
558 1325 814 1368 Reynansburch
839 1324 1002 1367 quondam
1032 1324 1152 1356 dictum
1176 1324 1361 1367 Eyscheren
1391 1330 1424 1357 et
1452 1325 1628 1357 Hurtzvort
1658 1326 1829 1358 libertates

171 1377 339 1420 opidorum
363 1377 483 1410 donare
507 1380 540 1409 et
562 1377 742 1409 concedere
766 1377 877 1419 possit,
901 1376 1009 1408 eidem
1033 1377 1142 1408 comiti
1159 1376 1383 1409 concedemus.
1422 1377 1539 1409 Preter
1561 1377 1620 1409 hec
1637 1378 1828 1410 societatem

170 1429 212 1466 ab
246 1430 316 1472 ipso
345 1430 462 1462 comite
490 1430 522 1461 in
552 1429 625 1461 loco
655 1439 712 1460 seu
740 1428 838 1470 opido
862 1428 948 1460 dicto
973 1428 1082 1460 Insula
1109 1428 1193 1460 Dei²
1216 1429 1394 1460 institutam
1423 1433 1456 1460 et
1486 1429 1604 1460 factam
1628 1429 1762 1471 provide
1786 1429 1829 1461 ad

169 1480 326 1513 honorem
349 1480 412 1513 Dei
434 1480 665 1513 ratificabimus
689 1483 722 1512 et
737 1480 998 1512 confirmabimus
1014 1491 1071 1522 pro
1089 1480 1265 1512 stabilitate
1282 1483 1442 1522 perpetua
1458 1481 1623 1512 societatis
1639 1484 1827 1513 memorate.

279 1538 309 1569 8.
343 1536 386 1568 Et
413 1537 439 1568 si
469 1537 638 1569 commode
670 1539 704 1568 et
732 1535 854 1578 absque
886 1535 1065 1578 preiudicio
1089 1536 1166 1567 iuris
1189 1536 1288 1567 nostri
1312 1536 1381 1568 fieri
1405 1537 1537 1578 poterit,
1562 1537 1592 1567 in
1617 1536 1732 1568 eodem
1757 1537 1828 1568 loco

170 1588 280 1633 Insula
303 1589 366 1621 Dei
388 1588 536 1620 volumus
560 1589 707 1620 coronari
732 1587 882 1630 quodque
906 1587 1029 1619 ibidem
1050 1598 1169 1619 corona
1192 1590 1225 1619 et
1241 1587 1355 1619 lancea
1370 1599 1443 1620 cum
1460 1588 1681 1630 imperialibus
1696 1588 1828 1630 insigni-

170 1640 230 1673 bus
253 1643 450 1682 reponantur
458 1640 480 1672 ⁸.

279 1698 308 1729 9.
339 1696 390 1728 De
415 1695 565 1738 expensis
589 1695 664 1727 dicti
687 1695 822 1736 comitis,
843 1696 996 1737 quociens
1018 1696 1051 1726 in
1075 1695 1322 1737 expedicionem
1346 1699 1487 1726 nostram
1517 1696 1650 1735 venerit,
1675 1696 1722 1726 sic
1746 1696 1829 1727 inter

170 1758 229 1780 nos
258 1750 291 1780 et
317 1748 433 1790 ipsum.
453 1750 502 1779 est
533 1746 779 1786 concordatum,
808 1747 895 1788 quod
918 1758 976 1788 pro
1001 1751 1074 1778 octo
1099 1746 1228 1787 diebus,
1259 1746 1334 1778 dum
1359 1746 1446 1778 mille
1470 1750 1611 1778 armatos
1635 1746 1770 1778 militum
1795 1750 1829 1778 et

170 1800 363 1832 famulorum
397 1799 562 1840 habuerit,
597 1798 745 1830 dabimus
777 1798 836 1830 sibi
866 1810 923 1840 pro
958 1799 1092 1841 singulis
1116 1802 1188 1830 octo
1213 1798 1328 1830 diebus
1350 1798 1439 1830 mille
1463 1808 1587 1830 marcas
1610 1798 1746 1839 argenti.
1794 1797 1828 1829 Si

170 1851 340 1894 pauciores
366 1850 532 1892 habuerit,
559 1860 618 1893 pro
647 1852 719 1882 rata
751 1849 991 1890 defalcabitur,
1014 1851 1039 1881 si
1065 1850 1173 1891 plures
1196 1850 1362 1889 habuerit,
1385 1849 1427 1880 ad
1452 1849 1571 1880 dictum
1595 1849 1828 1891 archiepiscopi

170 1903 372 1936 Coloniensis
395 1907 428 1935 et
450 1903 549 1945 ipsius
582 1902 708 1934 comitis
733 1899 1004 1943 superaddamus.
1051 1902 1123 1933 Hoc
1156 1901 1244 1933 salvo
1280 1900 1366 1943 quod
1391 1901 1683 1942 quocienscumque
1708 1900 1828 1931 dictum

172 1955 323 1987 comitem
346 1954 494 1997 predicta
517 1955 685 1986 occasione
709 1954 741 1985 in
764 1953 1010 1995 expedicionem
1035 1957 1177 1984 nostram
1202 1953 1440 1992 vocaverimus,
1465 1951 1646 1983 tenebimur
1669 1951 1729 1983 sibi
1753 1955 1828 1982 ante

171 2006 343 2039 cuiuslibet
366 2006 567 2038 evocacionis
589 2006 762 2037 terminum
786 2015 828 2036 ex
850 2005 976 2046 integro
1001 2004 1187 2036 satisfacere
1212 2003 1252 2035 de
1276 2003 1364 2035 mille
1381 2004 1496 2035 marcis
1512 2004 1637 2044 argenti
1654 2014 1711 2044 pro
1728 2003 1827 2044 septi-

170 2068 266 2090 mana
288 2061 322 2090 et
344 2058 388 2090 sic
412 2056 565 2099 deinceps
588 2067 645 2099 pro
669 2056 850 2098 septimana
874 2055 1020 2098 qualibet
1043 2055 1129 2086 dicta
1152 2055 1364 2097 expedicione
1387 2054 1532 2086 durante.
1572 2054 1607 2085 In
1633 2065 1695 2096 quo
1720 2055 1746 2085 si
1769 2065 1829 2086 nos

170 2109 257 2152 quod
289 2109 373 2141 absit
398 2109 603 2151 negligentes
630 2111 687 2140 aut
709 2108 834 2139 remissi
859 2107 1031 2147 fuerimus,
1062 2117 1125 2138 non
1150 2110 1298 2138 teneatur
1320 2106 1405 2138 idem
1431 2117 1539 2138 comes
1563 2116 1597 2137 se
1621 2106 1662 2137 nd
1686 2105 1827 2147 aliquam

171 2160 417 2203 expedicionem
442 2160 612 2202 disponere
646 2171 704 2194 nec
736 2172 808 2194 cum
836 2172 875 2193 ea
907 2161 947 2192 ad
972 2172 1029 2192 nos
1054 2162 1163 2192 venire
1187 2171 1225 2192 ac
1248 2161 1351 2192 eciam
1375 2160 1407 2191 in
1432 2171 1471 2192 ea
1495 2160 1686 2191 constitutus
1710 2162 1828 2190 extunc

170 2222 243 2244 cum
276 2223 333 2244 suo
368 2212 514 2244 exercitu
548 2215 582 2244 et
615 2213 798 2245 hominibus
827 2224 846 2245 a
876 2212 968 2244 nobis
998 2215 1032 2244 et
1059 2216 1167 2244 nostro
1197 2212 1357 2244 adiutorio
1387 2211 1541 2243 recedere
1565 2211 1633 2242 sine
1658 2210 1771 2241 iniuria
1795 2213 1829 2240 et

168 2266 278 2308 nostra
302 2263 424 2296 offensa
447 2263 602 2308 qualibet,
626 2264 697 2296 aliis
720 2269 828 2297 tamen
852 2263 1094 2296 condicionibus
1118 2268 1151 2295 et
1174 2264 1276 2305 pactis
1299 2267 1432 2305 propter
1455 2263 1515 2294 hoc
1539 2273 1602 2293 non
1627 2262 1773 2293 eominus
1796 2261 1827 2291 in

127 2322 154 2342 ⁴⁰
171 2325 229 2347 suo
253 2315 369 2347 robore
394 2314 563 2347 duraturis.

127 2585 152 2604 ⁴5

281 2372 330 2402 10.
361 2369 520 2403 Preterea
542 2372 759 2413 promittimus
782 2370 860 2402 dare
883 2370 1072 2402 consiliariis
1089 2370 1166 2402 dicti
1183 2371 1308 2402 comitis
1324 2370 1385 2401 tria
1401 2370 1489 2401 milia
1506 2380 1686 2400 marcarum
1703 2369 1828 2410 argenti

170 2432 229 2464 pro
252 2421 362 2454 media
389 2419 481 2464 parte
508 2422 541 2454 in
564 2423 712 2464 proximo
740 2422 824 2453 festo
847 2422 1023 2454 nativitatis
1045 2422 1177 2453 Domini
1201 2426 1233 2453 et
1261 2432 1319 2463 pro
1353 2422 1416 2452 alia
1440 2420 1548 2452 media
1571 2424 1663 2462 parte
1689 2421 1720 2450 in
1745 2419 1826 2451 festo

171 2472 406 2517 purificacionis
437 2473 534 2505 beate
555 2473 698 2515 Virginis
731 2473 941 2515 subsequenti
975 2473 1201 2505 solvendorum
1237 2476 1270 2505 et
1303 2471 1598 2504 distribuendorum
1629 2472 1712 2502 inter
1741 2471 1827 2512 ipsos

171 2523 380 2566 consiliarios,
403 2528 499 2566 prout
522 2524 716 2566 disposuerit
738 2524 826 2556 idem
850 2535 959 2556 comes

286 2573 334 2611 11.
369 2579 473 2622 Super
496 2580 558 2611 hiis
581 2580 729 2612 omnibus
753 2583 785 2612 et
808 2580 941 2622 singulis
964 2580 1023 2612 sibi
1048 2579 1195 2611 dabimus
1213 2583 1335 2611 nostras
1352 2579 1475 2610 litteras
1491 2578 1596 2620 sigillo
1613 2582 1720 2609 nostro
1738 2578 1827 2618 regio

171 2624 433 2672 sigillatas-infra
454 2642 614 2672 mensem,
638 2634 809 2673 postquam
832 2631 904 2663 Deo
929 2631 1026 2663 dante
1050 2632 1082 2663 in
1103 2631 1324 2663 Romanorum
1353 2641 1463 2672 regem
1493 2630 1647 2661 fuerimus
1671 2630 1824 2660 coronati.

216 2718 218 2720 Ι
276 2734 303 2766 1)
316 2733 351 2760 Δ.
366 2737 436 2760 1310.
457 2733 527 2767 Sept.
539 2737 581 2766 19,
602 2733 722 2766 Bohnaer,
743 2733 808 2767 Περ.
823 2732 916 2761 Heinr.
927 2735 985 2760 324.
1074 2733 1101 2766 2)
1120 2732 1162 2765 Cf.
1181 2741 1212 2759 ea
1230 2741 1298 2766 quae
1316 2732 1467 2758 notavimus
1478 2731 1574 2757 ‘Neues
1584 2730 1690 2757 Archiv·
1706 2730 1825 2761 XXIII,

171 2778 223 2803 803
239 2778 292 2803 noe.
306 2780 329 2803 4.
418 2776 444 2808 3)
463 2775 505 2808 Cf.
519 2776 552 2803 F.
563 2776 727 2808 Densdorff
736 2775 922 2802 ‘Nadm'eheen
940 2783 991 2801 von
1003 2775 1052 2802 der
1065 2775 1204 2809 Gottinqer
1214 2774 1390 2806 Gerellschafi
1403 2774 1450 2800 der
1464 2774 1698 2805 Wtzaeemchanen.
1720 2773 1825 2799 Philok-

170 2818 263 2845 histor.
279 2818 384 2845 Klaoee
403 2822 469 2846 1897
481 2827 510 2853 p.
523 2823 554 2845 55
571 2821 624 2845 noe.
640 2823 655 2845 5
673 2821 697 2846 et
716 2819 749 2846 A.
764 2818 929 2851 Hofineister
946 2818 1008 2845 ‘Die
1025 2818 1118 2852 keil-'qe
1137 2816 1235 2844 Lan-ee'
1253 2819 1345 2850 (190⁸)
1360 2826 1388 2851 ρ.
1402 2821 1434 2843 35
1453 2819 1505 2843 noe.
1520 2821 1542 2843 2.

276 2879 312 2897 Η..
331 2878 542 2897 communiones
561 2879 583 2897 V.
1588 2869 1619 2894 15

1843 2429 1895 2449 Dee.
1905 2431 1938 2450 ²⁵.

1863 2470 1919 2489 181&

1843 2494 1904 2515 Febr.
1916 2495 1935 2515 2.
