<?xml version="1.0" encoding="UTF-8"?>
<!DOCTYPE html PUBLIC "-//W3C//DTD XHTML 1.0 Transitional//EN"
    "http://www.w3.org/TR/xhtml1/DTD/xhtml1-transitional.dtd">
<html xmlns="http://www.w3.org/1999/xhtml" xml:lang="en" lang="en">
 <head>
  <title>
</title>
<meta http-equiv="Content-Type" content="text/html;charset=utf-8" />
  <meta name='ocr-system' content='tesseract 3.04.00' />
  <meta name='ocr-capabilities' content='ocr_page ocr_carea ocr_par ocr_line ocrx_word'/>
</head>
<body>
  <div class='ocr_page' id='page_1' title='image "./monumentagerma05geseuoft_0266.png"; bbox 0 0 2190 3172; ppageno 0'>
   <div class='ocr_carea' id='block_1_1' title="bbox 307 191 1790 233">
    <p class='ocr_par' dir='ltr' id='par_1_1' title="bbox 307 191 1790 233">
     <span class='ocr_line' id='line_1_1' title="bbox 307 191 1790 233; baseline -0.007 -4"><span class='ocrx_word' id='word_1_1' title='bbox 307 203 370 233; x_wconf 84' lang='lat'>226</span> <span class='ocrx_word' id='word_1_2' title='bbox 526 199 623 227; x_wconf 85' lang='lat' dir='ltr'>ACTA</span> <span class='ocrx_word' id='word_1_3' title='bbox 642 199 756 226; x_wconf 87' lang='lat' dir='ltr'><strong>REGNI</strong></span> <span class='ocrx_word' id='word_1_4' title='bbox 775 198 961 226; x_wconf 83' lang='lat' dir='ltr'><strong>LUDEWICI</strong></span> <span class='ocrx_word' id='word_1_5' title='bbox 980 198 1027 227; x_wconf 89' lang='lat' dir='ltr'>IV.</span> <span class='ocrx_word' id='word_1_6' title='bbox 1045 197 1092 224; x_wconf 88' lang='lat' dir='ltr'>ET</span> <span class='ocrx_word' id='word_1_7' title='bbox 1113 196 1296 224; x_wconf 81' lang='lat' dir='ltr'><strong>FRIDERICI</strong></span> <span class='ocrx_word' id='word_1_8' title='bbox 1316 195 1364 222; x_wconf 87' lang='lat' dir='ltr'>III.</span> <span class='ocrx_word' id='word_1_9' title='bbox 1402 194 1477 221; x_wconf 87' lang='grc'><strong>1315.</strong></span> <span class='ocrx_word' id='word_1_10' title='bbox 1514 193 1562 220; x_wconf 85' lang='lat' dir='ltr'>Nr.</span> <span class='ocrx_word' id='word_1_11' title='bbox 1575 192 1634 220; x_wconf 81' lang='lat'>262.</span> <span class='ocrx_word' id='word_1_12' title='bbox 1652 191 1712 219; x_wconf 83' lang='lat'><strong>263.</strong></span> <span class='ocrx_word' id='word_1_13' title='bbox 1730 191 1790 219; x_wconf 77' lang='lat'>264.</span> 
     </span>
    </p>
   </div>
   <div class='ocr_carea' id='block_1_2' title="bbox 306 277 1961 531">
    <p class='ocr_par' dir='ltr' id='par_1_2' title="bbox 306 277 1961 481">
     <span class='ocr_line' id='line_1_2' title="bbox 306 277 1958 328; baseline -0.006 -10"><span class='ocrx_word' id='word_1_14' title='bbox 306 287 402 318; x_wconf 85' lang='lat' dir='ltr'>dictis</span> <span class='ocrx_word' id='word_1_15' title='bbox 426 289 564 328; x_wconf 88' lang='lat' dir='ltr'>quatuor</span> <span class='ocrx_word' id='word_1_16' title='bbox 587 285 812 317; x_wconf 84' lang='lat' dir='ltr'>diffinitoribus</span> <span class='ocrx_word' id='word_1_17' title='bbox 842 285 987 326; x_wconf 86' lang='lat' dir='ltr'>superius</span> <span class='ocrx_word' id='word_1_18' title='bbox 1015 285 1175 326; x_wconf 81' lang='lat' dir='ltr'>expressis</span> <span class='ocrx_word' id='word_1_19' title='bbox 1201 284 1281 315; x_wconf 89' lang='lat' dir='ltr'>mori</span> <span class='ocrx_word' id='word_1_20' title='bbox 1310 285 1365 313; x_wconf 89' lang='lat' dir='ltr'>aut</span> <span class='ocrx_word' id='word_1_21' title='bbox 1387 280 1537 323; x_wconf 88' lang='lat' dir='ltr'>impediri</span> <span class='ocrx_word' id='word_1_22' title='bbox 1561 278 1767 320; x_wconf 85' lang='lat' dir='ltr'>contingerit,</span> <span class='ocrx_word' id='word_1_23' title='bbox 1797 279 1829 309; x_wconf 90' lang='lat' dir='ltr'>iu</span> <span class='ocrx_word' id='word_1_24' title='bbox 1851 277 1958 310; x_wconf 92' lang='lat' dir='ltr'>locum</span> 
     </span>
     <span class='ocr_line' id='line_1_3' title="bbox 309 329 1961 378; baseline -0.006 -9"><span class='ocrx_word' id='word_1_25' title='bbox 309 337 498 369; x_wconf 88' lang='lat' dir='ltr'>decedentis</span> <span class='ocrx_word' id='word_1_26' title='bbox 521 337 574 368; x_wconf 91' lang='lat' dir='ltr'>vel</span> <span class='ocrx_word' id='word_1_27' title='bbox 595 337 743 378; x_wconf 80' lang='lat' dir='ltr'>impediti</span> <span class='ocrx_word' id='word_1_28' title='bbox 766 336 864 367; x_wconf 85' lang='lat' dir='ltr'>alium</span> <span class='ocrx_word' id='word_1_29' title='bbox 887 335 971 367; x_wconf 84' lang='lat' dir='ltr'>infra</span> <span class='ocrx_word' id='word_1_30' title='bbox 993 346 1138 368; x_wconf 84' lang='lat' dir='ltr'>mensem</span> <span class='ocrx_word' id='word_1_31' title='bbox 1163 335 1328 376; x_wconf 83' lang='lat' dir='ltr'>eligemus.</span> <span class='ocrx_word' id='word_1_32' title='bbox 1374 332 1543 364; x_wconf 78' lang='lat' dir='ltr'>Prodictos</span> <span class='ocrx_word' id='word_1_33' title='bbox 1566 334 1675 363; x_wconf 89' lang='lat' dir='ltr'>autem</span> <span class='ocrx_word' id='word_1_34' title='bbox 1705 329 1961 371; x_wconf 86' lang='lat' dir='ltr'>consanguineos</span> 
     </span>
     <span class='ocr_line' id='line_1_4' title="bbox 307 382 1959 429; baseline -0.005 -10"><span class='ocrx_word' id='word_1_35' title='bbox 307 390 434 420; x_wconf 87' lang='lat' dir='ltr'>nostros</span> <span class='ocrx_word' id='word_1_36' title='bbox 459 389 538 419; x_wconf 85' lang='lat' dir='ltr'>citra</span> <span class='ocrx_word' id='word_1_37' title='bbox 562 388 755 419; x_wconf 88' lang='lat' dir='ltr'>Mousellam</span> <span class='ocrx_word' id='word_1_38' title='bbox 778 391 934 429; x_wconf 83' lang='lat' dir='ltr'>exceptos</span> <span class='ocrx_word' id='word_1_39' title='bbox 956 387 1093 428; x_wconf 82' lang='lat' dir='ltr'>intelligi</span> <span class='ocrx_word' id='word_1_40' title='bbox 1115 386 1262 418; x_wconf 83' lang='lat' dir='ltr'>volumus</span> <span class='ocrx_word' id='word_1_41' title='bbox 1285 385 1371 425; x_wconf 87' lang='lat' dir='ltr'>illos,</span> <span class='ocrx_word' id='word_1_42' title='bbox 1400 385 1453 426; x_wconf 92' lang='lat' dir='ltr'>qui</span> <span class='ocrx_word' id='word_1_43' title='bbox 1483 384 1575 415; x_wconf 91' lang='lat' dir='ltr'>nobis</span> <span class='ocrx_word' id='word_1_44' title='bbox 1604 382 1687 414; x_wconf 86' lang='lat' dir='ltr'>infra</span> <span class='ocrx_word' id='word_1_45' title='bbox 1710 382 1856 423; x_wconf 83' lang='lat' dir='ltr'>quintam</span> <span class='ocrx_word' id='word_1_46' title='bbox 1885 390 1959 412; x_wconf 87' lang='lat' dir='ltr'>con-</span> 
     </span>
     <span class='ocr_line' id='line_1_5' title="bbox 309 439 924 481; baseline 0 -11"><span class='ocrx_word' id='word_1_47' title='bbox 309 440 533 481; x_wconf 86' lang='lat' dir='ltr'>sanguinitatis</span> <span class='ocrx_word' id='word_1_48' title='bbox 555 440 674 471; x_wconf 88' lang='lat' dir='ltr'>lineam</span> <span class='ocrx_word' id='word_1_49' title='bbox 698 442 771 470; x_wconf 85' lang='lat' dir='ltr'>sunt</span> <span class='ocrx_word' id='word_1_50' title='bbox 793 439 924 470; x_wconf 79' lang='lat' dir='ltr'>astricti.</span> 
     </span>
    </p>

    <p class='ocr_par' dir='ltr' id='par_1_3' title="bbox 416 490 679 531">
     <span class='ocr_line' id='line_1_6' title="bbox 416 490 679 531; baseline -0.004 -9"><span class='ocrx_word' id='word_1_51' title='bbox 416 490 491 522; x_wconf 82' lang='lat' dir='ltr'>Dat.</span> <span class='ocrx_word' id='word_1_52' title='bbox 515 493 551 521; x_wconf 91' lang='lat' dir='ltr'>ut</span> <span class='ocrx_word' id='word_1_53' title='bbox 573 500 679 531; x_wconf 86' lang='lat' dir='ltr'>supra.</span> 
     </span>
    </p>
   </div>
   <div class='ocr_carea' id='block_1_3' title="bbox 503 663 1772 778">
    <p class='ocr_par' dir='ltr' id='par_1_4' title="bbox 503 663 1772 778">
     <span class='ocr_line' id='line_1_7' title="bbox 503 663 1772 714; baseline -0.005 0"><span class='ocrx_word' id='word_1_54' title='bbox 503 669 753 714; x_wconf 83' lang='lat'>263—266.</span> <span class='ocrx_word' id='word_1_55' title='bbox 795 667 1120 713; x_wconf 84' lang='lat' dir='ltr'><strong>LITTERAE</strong></span> <span class='ocrx_word' id='word_1_56' title='bbox 1155 665 1360 712; x_wconf 86' lang='lat' dir='ltr'><strong>REGIS</strong></span> <span class='ocrx_word' id='word_1_57' title='bbox 1389 663 1772 711; x_wconf 87' lang='lat' dir='ltr'><strong>ARAGONUM</strong></span> 
     </span>
     <span class='ocr_line' id='line_1_8' title="bbox 816 730 1463 778; baseline -0.005 -1"><span class='ocrx_word' id='word_1_58' title='bbox 816 733 896 777; x_wconf 87' lang='lat' dir='ltr'>ET</span> <span class='ocrx_word' id='word_1_59' title='bbox 924 731 1124 778; x_wconf 85' lang='lat' dir='ltr'><strong>REGIS</strong></span> <span class='ocrx_word' id='word_1_60' title='bbox 1162 730 1463 778; x_wconf 85' lang='lat' dir='ltr'><strong>SICILIAE.</strong></span> 
     </span>
    </p>
   </div>
   <div class='ocr_carea' id='block_1_4' title="bbox 678 806 1609 854">
    <p class='ocr_par' dir='ltr' id='par_1_5' title="bbox 678 806 1609 854">
     <span class='ocr_line' id='line_1_9' title="bbox 678 806 1609 854; baseline -0.005 -9"><span class='ocrx_word' id='word_1_61' title='bbox 678 810 786 845; x_wconf 85' lang='lat'>1315.</span> <span class='ocrx_word' id='word_1_62' title='bbox 824 809 914 854; x_wconf 90' lang='lat' dir='ltr'>Apr.</span> <span class='ocrx_word' id='word_1_63' title='bbox 933 810 1052 845; x_wconf 88' lang='lat' dir='ltr'>3o.—</span> <span class='ocrx_word' id='word_1_64' title='bbox 1073 809 1185 853; x_wconf 88' lang='lat' dir='ltr'>(inter</span> <span class='ocrx_word' id='word_1_65' title='bbox 1203 808 1293 853; x_wconf 84' lang='lat' dir='ltr'>Apr.</span> <span class='ocrx_word' id='word_1_66' title='bbox 1311 808 1359 843; x_wconf 87' lang='lat'>30</span> <span class='ocrx_word' id='word_1_67' title='bbox 1379 809 1415 843; x_wconf 83' lang='lat' dir='ltr'>et</span> <span class='ocrx_word' id='word_1_68' title='bbox 1433 807 1513 843; x_wconf 91' lang='lat' dir='ltr'>Iun.</span> <span class='ocrx_word' id='word_1_69' title='bbox 1536 806 1609 849; x_wconf 89' lang='grc'>18).</span> 
     </span>
    </p>
   </div>
   <div class='ocr_carea' id='block_1_5' title="bbox 695 923 1588 1026">
    <p class='ocr_par' dir='ltr' id='par_1_6' title="bbox 695 923 1588 1026">
     <span class='ocr_line' id='line_1_10' title="bbox 695 923 1588 958; baseline -0.001 -2"><span class='ocrx_word' id='word_1_70' title='bbox 695 927 885 958; x_wconf 74' lang='grc'>263-265,</span> <span class='ocrx_word' id='word_1_71' title='bbox 921 924 1145 957; x_wconf 84' lang='lat' dir='ltr'><strong>LITTERAE</strong></span> <span class='ocrx_word' id='word_1_72' title='bbox 1168 923 1300 956; x_wconf 81' lang='lat' dir='ltr'><strong>REGIS</strong></span> <span class='ocrx_word' id='word_1_73' title='bbox 1323 923 1588 956; x_wconf 81' lang='lat' dir='ltr'><strong>ARAGONUM.</strong></span> 
     </span>
     <span class='ocr_line' id='line_1_11' title="bbox 1003 985 1272 1026; baseline -0.004 -9"><span class='ocrx_word' id='word_1_74' title='bbox 1003 988 1095 1017; x_wconf 87' lang='lat'>1315.</span> <span class='ocrx_word' id='word_1_75' title='bbox 1125 985 1204 1026; x_wconf 88' lang='lat' dir='ltr'>Apr.</span> <span class='ocrx_word' id='word_1_76' title='bbox 1223 986 1272 1016; x_wconf 88' lang='lat'>30.</span> 
     </span>
    </p>
   </div>
   <div class='ocr_carea' id='block_1_6' title="bbox 609 1089 1670 1134">
    <p class='ocr_par' dir='ltr' id='par_1_7' title="bbox 609 1089 1670 1134">
     <span class='ocr_line' id='line_1_12' title="bbox 609 1089 1670 1134; baseline 0 -10"><span class='ocrx_word' id='word_1_77' title='bbox 609 1090 696 1125; x_wconf 65' lang='lat'>263.</span> <span class='ocrx_word' id='word_1_78' title='bbox 737 1090 892 1125; x_wconf 76' lang='lat' dir='ltr'>Litterae</span> <span class='ocrx_word' id='word_1_79' title='bbox 919 1091 968 1124; x_wconf 80' lang='lat' dir='ltr'>acl</span> <span class='ocrx_word' id='word_1_80' title='bbox 994 1101 1105 1134; x_wconf 74' lang='lat' dir='ltr'>reqem</span> <span class='ocrx_word' id='word_1_81' title='bbox 1131 1089 1397 1124; x_wconf 79' lang='lat' dir='ltr'>Maioricaram.</span> <span class='ocrx_word' id='word_1_82' title='bbox 1505 1089 1593 1134; x_wconf 75' lang='lat' dir='ltr'>Apr.</span> <span class='ocrx_word' id='word_1_83' title='bbox 1613 1089 1670 1124; x_wconf 84' lang='lat'>30.</span> 
     </span>
    </p>
   </div>
   <div class='ocr_carea' id='block_1_7' title="bbox 310 1155 1970 1301">
    <p class='ocr_par' dir='ltr' id='par_1_8' title="bbox 310 1155 1970 1301">
     <span class='ocr_line' id='line_1_13' title="bbox 424 1155 1969 1199; baseline -0.002 -9"><span class='ocrx_word' id='word_1_84' title='bbox 424 1159 520 1199; x_wconf 72' lang='lat' dir='ltr'>Copia</span> <span class='ocrx_word' id='word_1_85' title='bbox 551 1159 604 1199; x_wconf 93' lang='lat' dir='ltr'>(c.)</span> <span class='ocrx_word' id='word_1_86' title='bbox 640 1159 673 1189; x_wconf 78' lang='lat' dir='ltr'>in</span> <span class='ocrx_word' id='word_1_87' title='bbox 707 1158 866 1189; x_wconf 78' lang='lat' dir='ltr'>tabulario</span> <span class='ocrx_word' id='word_1_88' title='bbox 900 1158 984 1197; x_wconf 77' lang='lat' dir='ltr'>reyio</span> <span class='ocrx_word' id='word_1_89' title='bbox 1017 1157 1254 1189; x_wconf 80' lang='lat' dir='ltr'>Barcinonensi</span> <span class='ocrx_word' id='word_1_90' title='bbox 1285 1157 1475 1196; x_wconf 73' lang='lat' dir='ltr'>‘Reqistrum</span> <span class='ocrx_word' id='word_1_91' title='bbox 1508 1167 1557 1188; x_wconf 76' lang='lat' dir='ltr'>ur.</span> <span class='ocrx_word' id='word_1_92' title='bbox 1581 1157 1658 1187; x_wconf 81' lang='lat'><strong><em>318‘</em></strong></span> <span class='ocrx_word' id='word_1_93' title='bbox 1688 1157 1742 1195; x_wconf 82' lang='lat' dir='ltr'>fol.</span> <span class='ocrx_word' id='word_1_94' title='bbox 1766 1159 1787 1188; x_wconf 86' lang='lat'><em>7</em></span> <span class='ocrx_word' id='word_1_95' title='bbox 1819 1156 1870 1188; x_wconf 78' lang='lat' dir='ltr'>hic</span> <span class='ocrx_word' id='word_1_96' title='bbox 1902 1155 1969 1188; x_wconf 77' lang='lat' dir='ltr'>illic</span> 
     </span>
     <span class='ocr_line' id='line_1_14' title="bbox 310 1207 1970 1247; baseline -0.001 -6"><span class='ocrx_word' id='word_1_97' title='bbox 310 1210 458 1241; x_wconf 78' lang='lat' dir='ltr'>evanida.</span> <span class='ocrx_word' id='word_1_98' title='bbox 489 1227 530 1232; x_wconf 89' lang='lat'>—</span> <span class='ocrx_word' id='word_1_99' title='bbox 566 1209 626 1239; x_wconf 81' lang='lat' dir='ltr'>Ed.</span> <span class='ocrx_word' id='word_1_100' title='bbox 649 1208 814 1247; x_wconf 76' lang='lat' dir='ltr'>Zeissbery</span> <span class='ocrx_word' id='word_1_101' title='bbox 840 1207 905 1239; x_wconf 85' lang='lat' dir='ltr'>loco</span> <span class='ocrx_word' id='word_1_102' title='bbox 934 1218 1035 1247; x_wconf 82' lang='lat' dir='ltr'>supra</span> <span class='ocrx_word' id='word_1_103' title='bbox 1066 1208 1110 1238; x_wconf 85' lang='lat' dir='ltr'>ad</span> <span class='ocrx_word' id='word_1_104' title='bbox 1138 1218 1188 1238; x_wconf 79' lang='lat' dir='ltr'>nr.</span> <span class='ocrx_word' id='word_1_105' title='bbox 1205 1208 1246 1238; x_wconf 78' lang='lat'>44</span> <span class='ocrx_word' id='word_1_106' title='bbox 1273 1207 1369 1238; x_wconf 75' lang='lat' dir='ltr'>citato</span> <span class='ocrx_word' id='word_1_107' title='bbox 1392 1217 1427 1246; x_wconf 80' lang='lat' dir='ltr'>p.</span> <span class='ocrx_word' id='word_1_108' title='bbox 1443 1207 1486 1238; x_wconf 79' lang='lat'>24</span> <span class='ocrx_word' id='word_1_109' title='bbox 1508 1218 1558 1239; x_wconf 81' lang='lat' dir='ltr'>nr.</span> <span class='ocrx_word' id='word_1_110' title='bbox 1576 1208 1616 1238; x_wconf 88' lang='grc'>15</span> <span class='ocrx_word' id='word_1_111' title='bbox 1644 1218 1683 1239; x_wconf 73' lang='lat' dir='ltr'>ea:</span> <span class='ocrx_word' id='word_1_112' title='bbox 1706 1218 1732 1239; x_wconf 90' lang='lat' dir='ltr'>c.</span> <span class='ocrx_word' id='word_1_113' title='bbox 1786 1207 1970 1240; x_wconf 79' lang='lat' dir='ltr'>Editionem</span> 
     </span>
     <span class='ocr_line' id='line_1_15' title="bbox 310 1260 491 1301; baseline -0.006 -10"><span class='ocrx_word' id='word_1_114' title='bbox 310 1260 491 1301; x_wconf 82' lang='lat' dir='ltr'>repetimus.</span> 
     </span>
    </p>
   </div>
   <div class='ocr_carea' id='block_1_8' title="bbox 310 1325 1974 1780">
    <p class='ocr_par' dir='ltr' id='par_1_9' title="bbox 310 1325 1973 1471">
     <span class='ocr_line' id='line_1_16' title="bbox 419 1325 1971 1368; baseline 0 -11"><span class='ocrx_word' id='word_1_115' title='bbox 419 1327 540 1358; x_wconf 87' lang='lat' dir='ltr'>Illustri</span> <span class='ocrx_word' id='word_1_116' title='bbox 563 1326 700 1368; x_wconf 84' lang='lat' dir='ltr'>principi</span> <span class='ocrx_word' id='word_1_117' title='bbox 723 1327 963 1368; x_wconf 88' lang='lat' dir='ltr'>consanguineo</span> <span class='ocrx_word' id='word_1_118' title='bbox 986 1330 1095 1357; x_wconf 89' lang='lat' dir='ltr'>nostro</span> <span class='ocrx_word' id='word_1_119' title='bbox 1112 1326 1281 1357; x_wconf 85' lang='lat' dir='ltr'>karissimo</span> <span class='ocrx_word' id='word_1_120' title='bbox 1299 1326 1414 1357; x_wconf 84' lang='lat' dir='ltr'>Sancio</span> <span class='ocrx_word' id='word_1_121' title='bbox 1434 1325 1495 1357; x_wconf 87' lang='lat' dir='ltr'>Dei</span> <span class='ocrx_word' id='word_1_122' title='bbox 1516 1326 1626 1367; x_wconf 87' lang='lat' dir='ltr'>gracia</span> <span class='ocrx_word' id='word_1_123' title='bbox 1647 1326 1719 1367; x_wconf 88' lang='lat' dir='ltr'>regi</span> <span class='ocrx_word' id='word_1_124' title='bbox 1733 1325 1971 1366; x_wconf 77' lang='lat' dir='ltr'>Maioricamm,</span> 
     </span>
     <span class='ocr_line' id='line_1_17' title="bbox 311 1376 1973 1419; baseline -0.001 -9"><span class='ocrx_word' id='word_1_125' title='bbox 311 1379 420 1410; x_wconf 88' lang='lat' dir='ltr'>comiti</span> <span class='ocrx_word' id='word_1_126' title='bbox 442 1378 636 1409; x_wconf 88' lang='lat' dir='ltr'>Rossilionis</span> <span class='ocrx_word' id='word_1_127' title='bbox 661 1380 694 1408; x_wconf 90' lang='lat' dir='ltr'>et</span> <span class='ocrx_word' id='word_1_128' title='bbox 718 1377 880 1409; x_wconf 86' lang='lat' dir='ltr'>Ceritanie</span> <span class='ocrx_word' id='word_1_129' title='bbox 909 1388 946 1409; x_wconf 85' lang='lat' dir='ltr'>ac</span> <span class='ocrx_word' id='word_1_130' title='bbox 975 1376 1105 1409; x_wconf 85' lang='lat' dir='ltr'>domino</span> <span class='ocrx_word' id='word_1_131' title='bbox 1128 1377 1413 1419; x_wconf 85' lang='lat' dir='ltr'>Montispessulani</span> <span class='ocrx_word' id='word_1_132' title='bbox 1490 1376 1628 1408; x_wconf 87' lang='lat' dir='ltr'>Iacobus</span> <span class='ocrx_word' id='word_1_133' title='bbox 1656 1387 1716 1419; x_wconf 91' lang='lat' dir='ltr'>per</span> <span class='ocrx_word' id='word_1_134' title='bbox 1745 1376 1883 1409; x_wconf 84' lang='lat' dir='ltr'>eandem</span> <span class='ocrx_word' id='word_1_135' title='bbox 1913 1387 1973 1409; x_wconf 86' lang='lat' dir='ltr'>rex</span> 
     </span>
     <span class='ocr_line' id='line_1_18' title="bbox 310 1428 1087 1471; baseline -0.004 -9"><span class='ocrx_word' id='word_1_136' title='bbox 310 1431 499 1471; x_wconf 86' lang='lat' dir='ltr'>Aragonum</span> <span class='ocrx_word' id='word_1_137' title='bbox 524 1431 584 1460; x_wconf 89' lang='lat' dir='ltr'>etc.</span> <span class='ocrx_word' id='word_1_138' title='bbox 652 1428 789 1460; x_wconf 86' lang='lat' dir='ltr'>salutem</span> <span class='ocrx_word' id='word_1_139' title='bbox 813 1432 874 1460; x_wconf 89' lang='lat' dir='ltr'>etc.</span> <span class='ocrx_word' id='word_1_140' title='bbox 1081 1458 1087 1467; x_wconf 87' lang='grc'>,</span> 
     </span>
    </p>

    <p class='ocr_par' dir='ltr' id='par_1_10' title="bbox 310 1480 1974 1780">
     <span class='ocr_line' id='line_1_19' title="bbox 418 1480 1972 1522; baseline -0.001 -10"><span class='ocrx_word' id='word_1_141' title='bbox 418 1481 555 1512; x_wconf 81' lang='lat' dir='ltr'>Noverit</span> <span class='ocrx_word' id='word_1_142' title='bbox 578 1480 818 1522; x_wconf 81' lang='lat' dir='ltr'>magnificentia</span> <span class='ocrx_word' id='word_1_143' title='bbox 834 1483 942 1512; x_wconf 87' lang='lat' dir='ltr'>vestra</span> <span class='ocrx_word' id='word_1_144' title='bbox 964 1491 1023 1512; x_wconf 90' lang='lat' dir='ltr'>nos</span> <span class='ocrx_word' id='word_1_145' title='bbox 1046 1481 1207 1522; x_wconf 75' lang='lat' dir='ltr'>recepisse</span> <span class='ocrx_word' id='word_1_146' title='bbox 1231 1481 1357 1512; x_wconf 81' lang='lat' dir='ltr'>litteras</span> <span class='ocrx_word' id='word_1_147' title='bbox 1380 1491 1399 1512; x_wconf 88' lang='lat' dir='ltr'>a</span> <span class='ocrx_word' id='word_1_148' title='bbox 1422 1481 1627 1512; x_wconf 87' lang='lat' dir='ltr'>serenissimo</span> <span class='ocrx_word' id='word_1_149' title='bbox 1644 1480 1781 1522; x_wconf 80' lang='lat' dir='ltr'>principi</span> <span class='ocrx_word' id='word_1_150' title='bbox 1797 1480 1972 1512; x_wconf 86' lang='lat' dir='ltr'>Frederico</span> 
     </span>
     <span class='ocr_line' id='line_1_20' title="bbox 310 1530 1972 1574; baseline -0.001 -10"><span class='ocrx_word' id='word_1_151' title='bbox 310 1533 373 1565; x_wconf 93' lang='lat' dir='ltr'>Dei</span> <span class='ocrx_word' id='word_1_152' title='bbox 390 1533 499 1574; x_wconf 85' lang='lat' dir='ltr'>gracia</span> <span class='ocrx_word' id='word_1_153' title='bbox 515 1532 736 1564; x_wconf 84' lang='lat' dir='ltr'>Romanorum</span> <span class='ocrx_word' id='word_1_154' title='bbox 760 1543 838 1574; x_wconf 89' lang='lat' dir='ltr'>rege</span> <span class='ocrx_word' id='word_1_155' title='bbox 854 1532 1024 1564; x_wconf 88' lang='lat' dir='ltr'>karissimo</span> <span class='ocrx_word' id='word_1_156' title='bbox 1041 1543 1162 1574; x_wconf 87' lang='lat' dir='ltr'>genero</span> <span class='ocrx_word' id='word_1_157' title='bbox 1180 1536 1299 1573; x_wconf 86' lang='lat' dir='ltr'>nostro,</span> <span class='ocrx_word' id='word_1_158' title='bbox 1322 1533 1354 1563; x_wconf 91' lang='lat' dir='ltr'>in</span> <span class='ocrx_word' id='word_1_159' title='bbox 1371 1532 1485 1574; x_wconf 85' lang='lat' dir='ltr'>quibus</span> <span class='ocrx_word' id='word_1_160' title='bbox 1507 1532 1599 1564; x_wconf 88' lang='lat' dir='ltr'>nobis</span> <span class='ocrx_word' id='word_1_161' title='bbox 1622 1532 1813 1574; x_wconf 85' lang='lat' dir='ltr'>significavit</span> <span class='ocrx_word' id='word_1_162' title='bbox 1828 1530 1972 1574; x_wconf 58' lang='lat' dir='ltr'>[afflatum</span> 
     </span>
     <span class='ocr_line' id='line_1_21' title="bbox 311 1582 1973 1626; baseline -0.001 -11"><span class='ocrx_word' id='word_1_163' title='bbox 311 1595 403 1616; x_wconf 88' lang='lat' dir='ltr'>suum</span> <span class='ocrx_word' id='word_1_164' title='bbox 429 1588 462 1616; x_wconf 91' lang='lat' dir='ltr'>et</span> <span class='ocrx_word' id='word_1_165' title='bbox 485 1585 694 1626; x_wconf 87' lang='lat' dir='ltr'>negociorum</span> <span class='ocrx_word' id='word_1_166' title='bbox 720 1595 849 1615; x_wconf 88' lang='lat' dir='ltr'>suorum</span> <span class='ocrx_word' id='word_1_167' title='bbox 874 1595 1066 1626; x_wconf 88' lang='lat' dir='ltr'>prosperum</span> <span class='ocrx_word' id='word_1_168' title='bbox 1090 1587 1123 1615; x_wconf 91' lang='lat' dir='ltr'>et</span> <span class='ocrx_word' id='word_1_169' title='bbox 1146 1584 1329 1615; x_wconf 91' lang='lat' dir='ltr'>iucundum.</span> <span class='ocrx_word' id='word_1_170' title='bbox 1367 1584 1456 1616; x_wconf 84' lang='lat' dir='ltr'>Misit</span> <span class='ocrx_word' id='word_1_171' title='bbox 1479 1584 1582 1615; x_wconf 82' lang='lat' dir='ltr'>eciam</span> <span class='ocrx_word' id='word_1_172' title='bbox 1605 1583 1697 1615; x_wconf 87' lang='lat' dir='ltr'>nobis</span> <span class='ocrx_word' id='word_1_173' title='bbox 1713 1583 1870 1625; x_wconf 87' lang='lat' dir='ltr'>quasdam</span> <span class='ocrx_word' id='word_1_174' title='bbox 1893 1582 1973 1614; x_wconf 86' lang='lat' dir='ltr'>alias</span> 
     </span>
     <span class='ocr_line' id='line_1_22' title="bbox 312 1634 1972 1678; baseline -0.001 -10"><span class='ocrx_word' id='word_1_175' title='bbox 312 1637 437 1668; x_wconf 81' lang='lat' dir='ltr'>litteras</span> <span class='ocrx_word' id='word_1_176' title='bbox 460 1646 535 1667; x_wconf 87' lang='lat' dir='ltr'>suas</span> <span class='ocrx_word' id='word_1_177' title='bbox 552 1634 666 1678; x_wconf 85' lang='lat' dir='ltr'>v[obis]</span> <span class='ocrx_word' id='word_1_178' title='bbox 684 1635 941 1676; x_wconf 84' lang='lat' dir='ltr'>presentandas¹</span> <span class='ocrx_word' id='word_1_179' title='bbox 957 1646 1081 1678; x_wconf 91' lang='lat' dir='ltr'>nosque</span> <span class='ocrx_word' id='word_1_180' title='bbox 1106 1646 1162 1667; x_wconf 87' lang='lat' dir='ltr'>eas</span> <span class='ocrx_word' id='word_1_181' title='bbox 1177 1636 1268 1667; x_wconf 91' lang='lat' dir='ltr'>vobis</span> <span class='ocrx_word' id='word_1_182' title='bbox 1291 1636 1375 1667; x_wconf 91' lang='lat' dir='ltr'>mitti</span> <span class='ocrx_word' id='word_1_183' title='bbox 1398 1636 1626 1667; x_wconf 87' lang='lat' dir='ltr'>instantissime</span> <span class='ocrx_word' id='word_1_184' title='bbox 1642 1635 1824 1677; x_wconf 88' lang='lat' dir='ltr'>postulavit.</span> <span class='ocrx_word' id='word_1_185' title='bbox 1859 1634 1972 1666; x_wconf 81' lang='lat' dir='ltr'>Nesci-</span> 
     </span>
     <span class='ocr_line' id='line_1_23' title="bbox 312 1685 1974 1729; baseline -0.001 -10"><span class='ocrx_word' id='word_1_186' title='bbox 312 1700 383 1720; x_wconf 85' lang='lat' dir='ltr'>mus</span> <span class='ocrx_word' id='word_1_187' title='bbox 412 1691 523 1719; x_wconf 85' lang='lat' dir='ltr'>tamen</span> <span class='ocrx_word' id='word_1_188' title='bbox 555 1698 652 1728; x_wconf 84' lang='lat' dir='ltr'>super</span> <span class='ocrx_word' id='word_1_189' title='bbox 680 1687 795 1729; x_wconf 89' lang='lat' dir='ltr'>quibus</span> <span class='ocrx_word' id='word_1_190' title='bbox 826 1687 950 1728; x_wconf 83' lang='lat' dir='ltr'>scribit,</span> <span class='ocrx_word' id='word_1_191' title='bbox 981 1687 1040 1718; x_wconf 88' lang='lat' dir='ltr'>sed</span> <span class='ocrx_word' id='word_1_192' title='bbox 1069 1690 1105 1718; x_wconf 92' lang='lat' dir='ltr'>ut</span> <span class='ocrx_word' id='word_1_193' title='bbox 1134 1687 1295 1718; x_wconf 85' lang='lat' dir='ltr'>credimus</span> <span class='ocrx_word' id='word_1_194' title='bbox 1326 1685 1373 1729; x_wconf 90' lang='lat' dir='ltr'>[et</span> <span class='ocrx_word' id='word_1_195' title='bbox 1399 1685 1583 1728; x_wconf 83' lang='lat' dir='ltr'>putamus]·</span> <span class='ocrx_word' id='word_1_196' title='bbox 1611 1697 1709 1728; x_wconf 89' lang='lat' dir='ltr'>super</span> <span class='ocrx_word' id='word_1_197' title='bbox 1736 1686 1801 1717; x_wconf 89' lang='lat' dir='ltr'>suis</span> <span class='ocrx_word' id='word_1_198' title='bbox 1830 1686 1974 1727; x_wconf 78' lang='lat' dir='ltr'>negociis</span> 
     </span>
     <span class='ocr_line' id='line_1_24' title="bbox 312 1737 1974 1780; baseline -0.001 -10"><span class='ocrx_word' id='word_1_199' title='bbox 312 1740 422 1771; x_wconf 81' lang='lat' dir='ltr'>scribit</span> <span class='ocrx_word' id='word_1_200' title='bbox 444 1739 545 1770; x_wconf 91' lang='lat' dir='ltr'>vobis.</span> <span class='ocrx_word' id='word_1_201' title='bbox 591 1739 660 1770; x_wconf 87' lang='lat' dir='ltr'>Nos</span> <span class='ocrx_word' id='word_1_202' title='bbox 687 1739 796 1780; x_wconf 88' lang='lat' dir='ltr'>itaque</span> <span class='ocrx_word' id='word_1_203' title='bbox 821 1738 945 1770; x_wconf 81' lang='lat' dir='ltr'>litteras</span> <span class='ocrx_word' id='word_1_204' title='bbox 968 1739 1055 1780; x_wconf 86' lang='lat' dir='ltr'>ipsas</span> <span class='ocrx_word' id='word_1_205' title='bbox 1077 1738 1277 1780; x_wconf 84' lang='lat' dir='ltr'>providimus</span> <span class='ocrx_word' id='word_1_206' title='bbox 1299 1737 1391 1769; x_wconf 88' lang='lat' dir='ltr'>vobis</span> <span class='ocrx_word' id='word_1_207' title='bbox 1414 1748 1474 1779; x_wconf 91' lang='lat' dir='ltr'>per</span> <span class='ocrx_word' id='word_1_208' title='bbox 1496 1748 1659 1769; x_wconf 88' lang='lat' dir='ltr'>cursorem</span> <span class='ocrx_word' id='word_1_209' title='bbox 1686 1737 1763 1769; x_wconf 89' lang='lat' dir='ltr'>dicti</span> <span class='ocrx_word' id='word_1_210' title='bbox 1790 1737 1890 1779; x_wconf 85' lang='lat' dir='ltr'>regis,</span> <span class='ocrx_word' id='word_1_211' title='bbox 1918 1738 1974 1779; x_wconf 94' lang='lat' dir='ltr'>qui</span> 
     </span>
    </p>
   </div>
   <div class='ocr_carea' id='block_1_9' title="bbox 1986 992 2010 1012">
    <p class='ocr_par' dir='ltr' id='par_1_11' title="bbox 1986 992 2010 1012">
     <span class='ocr_line' id='line_1_25' title="bbox 1986 992 2010 1012; baseline -0.042 0"><span class='ocrx_word' id='word_1_212' title='bbox 1986 992 2010 1012; x_wconf 86' lang='grc'>10</span> 
     </span>
    </p>
   </div>
   <div class='ocr_carea' id='block_1_10' title="bbox 1990 1332 2016 1352">
    <p class='ocr_par' dir='ltr' id='par_1_12' title="bbox 1990 1332 2016 1352">
     <span class='ocr_line' id='line_1_26' title="bbox 1990 1332 2016 1352; baseline -0.038 0"><span class='ocrx_word' id='word_1_213' title='bbox 1990 1332 2016 1352; x_wconf 71' lang='lat'>15</span> 
     </span>
    </p>
   </div>
   <div class='ocr_carea' id='block_1_11' title="bbox 313 1789 1990 1833">
    <p class='ocr_par' dir='ltr' id='par_1_13' title="bbox 313 1789 1990 1833">
     <span class='ocr_line' id='line_1_27' title="bbox 313 1789 1990 1833; baseline -0.002 -10"><span class='ocrx_word' id='word_1_214' title='bbox 313 1792 415 1823; x_wconf 89' lang='lat' dir='ltr'>dictas</span> <span class='ocrx_word' id='word_1_215' title='bbox 444 1790 569 1822; x_wconf 84' lang='lat' dir='ltr'>litteras</span> <span class='ocrx_word' id='word_1_216' title='bbox 601 1791 777 1831; x_wconf 83' lang='lat' dir='ltr'>aportavit,</span> <span class='ocrx_word' id='word_1_217' title='bbox 810 1789 986 1833; x_wconf 85' lang='lat' dir='ltr'>[citi]ssime</span> <span class='ocrx_word' id='word_1_218' title='bbox 1017 1790 1207 1831; x_wconf 86' lang='lat' dir='ltr'>presentari.</span> <span class='ocrx_word' id='word_1_219' title='bbox 1253 1789 1357 1831; x_wconf 86' lang='lat' dir='ltr'>Igitur</span> <span class='ocrx_word' id='word_1_220' title='bbox 1379 1799 1436 1820; x_wconf 88' lang='lat' dir='ltr'>vos</span> <span class='ocrx_word' id='word_1_221' title='bbox 1466 1792 1588 1820; x_wconf 86' lang='lat' dir='ltr'>attente</span> <span class='ocrx_word' id='word_1_222' title='bbox 1618 1799 1783 1831; x_wconf 78' lang='lat' dir='ltr'>rogamus,</span> <span class='ocrx_word' id='word_1_223' title='bbox 1814 1792 1990 1830; x_wconf 84' lang='lat' dir='ltr'>quatenus·</span> 
     </span>
    </p>
   </div>
   <div class='ocr_carea' id='block_1_12' title="bbox 313 1839 1973 2190">
    <p class='ocr_par' dir='ltr' id='par_1_14' title="bbox 313 1839 1973 2138">
     <span class='ocr_line' id='line_1_28' title="bbox 313 1839 1973 1883; baseline -0.001 -10"><span class='ocrx_word' id='word_1_224' title='bbox 313 1843 517 1874; x_wconf 85' lang='lat' dir='ltr'>considerato</span> <span class='ocrx_word' id='word_1_225' title='bbox 542 1842 662 1882; x_wconf 82' lang='lat' dir='ltr'>debito,</span> <span class='ocrx_word' id='word_1_226' title='bbox 691 1852 753 1883; x_wconf 93' lang='lat' dir='ltr'>quo</span> <span class='ocrx_word' id='word_1_227' title='bbox 778 1841 924 1882; x_wconf 84' lang='lat' dir='ltr'>prefatus</span> <span class='ocrx_word' id='word_1_228' title='bbox 947 1851 1006 1872; x_wconf 81' lang='lat' dir='ltr'>rex</span> <span class='ocrx_word' id='word_1_229' title='bbox 1029 1841 1122 1872; x_wconf 87' lang='lat' dir='ltr'>nobis</span> <span class='ocrx_word' id='word_1_230' title='bbox 1145 1843 1178 1872; x_wconf 89' lang='lat' dir='ltr'>et</span> <span class='ocrx_word' id='word_1_231' title='bbox 1201 1839 1304 1883; x_wconf 85' lang='lat' dir='ltr'>[vobis</span> <span class='ocrx_word' id='word_1_232' title='bbox 1327 1841 1476 1872; x_wconf 84' lang='lat' dir='ltr'>astrictus</span> <span class='ocrx_word' id='word_1_233' title='bbox 1500 1839 1592 1883; x_wconf 72' lang='lat' dir='ltr'>est]b‚</span> <span class='ocrx_word' id='word_1_234' title='bbox 1619 1840 1744 1872; x_wconf 80' lang='lat' dir='ltr'>litteras</span> <span class='ocrx_word' id='word_1_235' title='bbox 1767 1841 1853 1882; x_wconf 86' lang='lat' dir='ltr'>ipsas</span> <span class='ocrx_word' id='word_1_236' title='bbox 1876 1850 1973 1871; x_wconf 88' lang='lat' dir='ltr'>manu</span> 
     </span>
     <span class='ocr_line' id='line_1_29' title="bbox 313 1890 1972 1934; baseline 0 -9"><span class='ocrx_word' id='word_1_237' title='bbox 313 1894 379 1925; x_wconf 84' lang='lat' dir='ltr'>leta</span> <span class='ocrx_word' id='word_1_238' title='bbox 411 1893 574 1934; x_wconf 87' lang='lat' dir='ltr'>recipiatis</span> <span class='ocrx_word' id='word_1_239' title='bbox 603 1893 808 1934; x_wconf 87' lang='lat' dir='ltr'>audiatisque</span> <span class='ocrx_word' id='word_1_240' title='bbox 838 1892 939 1934; x_wconf 79' lang='lat' dir='ltr'>gratis</span> <span class='ocrx_word' id='word_1_241' title='bbox 967 1896 1000 1923; x_wconf 88' lang='lat' dir='ltr'>et</span> <span class='ocrx_word' id='word_1_242' title='bbox 1030 1892 1202 1933; x_wconf 89' lang='lat' dir='ltr'>diligenter</span> <span class='ocrx_word' id='word_1_243' title='bbox 1230 1902 1269 1923; x_wconf 91' lang='lat' dir='ltr'>ea</span> <span class='ocrx_word' id='word_1_244' title='bbox 1299 1902 1363 1933; x_wconf 88' lang='lat' dir='ltr'>que</span> <span class='ocrx_word' id='word_1_245' title='bbox 1393 1892 1595 1923; x_wconf 88' lang='lat' dir='ltr'>continentur</span> <span class='ocrx_word' id='word_1_246' title='bbox 1622 1892 1655 1923; x_wconf 91' lang='lat' dir='ltr'>in</span> <span class='ocrx_word' id='word_1_247' title='bbox 1687 1890 1759 1934; x_wconf 78' lang='lat' dir='ltr'>[eis,</span> <span class='ocrx_word' id='word_1_248' title='bbox 1787 1894 1972 1933; x_wconf 86' lang='lat' dir='ltr'>responsuri</span> 
     </span>
     <span class='ocr_line' id='line_1_30' title="bbox 314 1942 1973 1986; baseline -0.001 -11"><span class='ocrx_word' id='word_1_249' title='bbox 314 1944 420 1976; x_wconf 88' lang='lat' dir='ltr'>eidem</span> <span class='ocrx_word' id='word_1_250' title='bbox 438 1942 537 1986; x_wconf 76' lang='lat' dir='ltr'>re]gi⁰</span> <span class='ocrx_word' id='word_1_251' title='bbox 553 1943 717 1975; x_wconf 85' lang='lat' dir='ltr'>curialiter</span> <span class='ocrx_word' id='word_1_252' title='bbox 739 1947 772 1974; x_wconf 91' lang='lat' dir='ltr'>et</span> <span class='ocrx_word' id='word_1_253' title='bbox 795 1944 902 1975; x_wconf 89' lang='lat' dir='ltr'>animo</span> <span class='ocrx_word' id='word_1_254' title='bbox 918 1943 1102 1985; x_wconf 83' lang='lat' dir='ltr'>gratulanti,</span> <span class='ocrx_word' id='word_1_255' title='bbox 1126 1946 1223 1985; x_wconf 90' lang='lat' dir='ltr'>prout</span> <span class='ocrx_word' id='word_1_256' title='bbox 1245 1942 1357 1986; x_wconf 84' lang='lat' dir='ltr'>[t]anto</span> <span class='ocrx_word' id='word_1_257' title='bbox 1373 1944 1443 1985; x_wconf 91' lang='lat' dir='ltr'>regi</span> <span class='ocrx_word' id='word_1_258' title='bbox 1459 1944 1608 1975; x_wconf 85' lang='lat' dir='ltr'>convenit</span> <span class='ocrx_word' id='word_1_259' title='bbox 1631 1947 1664 1974; x_wconf 89' lang='lat' dir='ltr'>et</span> <span class='ocrx_word' id='word_1_260' title='bbox 1686 1942 1820 1984; x_wconf 84' lang='lat' dir='ltr'>expedit</span> <span class='ocrx_word' id='word_1_261' title='bbox 1839 1954 1973 1985; x_wconf 87' lang='lat' dir='ltr'>respon-</span> 
     </span>
     <span class='ocr_line' id='line_1_31' title="bbox 314 1993 1972 2037; baseline 0 -11"><span class='ocrx_word' id='word_1_262' title='bbox 314 1995 393 2026; x_wconf 85' lang='lat' dir='ltr'>deri.</span> <span class='ocrx_word' id='word_1_263' title='bbox 439 1994 602 2026; x_wconf 86' lang='lat' dir='ltr'>Mandetis</span> <span class='ocrx_word' id='word_1_264' title='bbox 627 1993 648 2036; x_wconf 88' lang='lat'>[.</span> <span class='ocrx_word' id='word_1_265' title='bbox 667 2018 673 2024; x_wconf 92' lang='lat'>.</span> <span class='ocrx_word' id='word_1_266' title='bbox 694 1993 733 2036; x_wconf 57' lang='grc' dir='ltr'>,Ρ</span> <span class='ocrx_word' id='word_1_267' title='bbox 758 1995 884 2025; x_wconf 84' lang='lat' dir='ltr'>faciatis</span> <span class='ocrx_word' id='word_1_268' title='bbox 915 1994 1034 2026; x_wconf 89' lang='lat' dir='ltr'>dictum</span> <span class='ocrx_word' id='word_1_269' title='bbox 1065 1993 1250 2037; x_wconf 89' lang='lat' dir='ltr'>c[ursorem]</span> <span class='ocrx_word' id='word_1_270' title='bbox 1278 1994 1426 2036; x_wconf 87' lang='lat' dir='ltr'>expediri</span> <span class='ocrx_word' id='word_1_271' title='bbox 1455 1995 1568 2034; x_wconf 83' lang='lat' dir='ltr'>cicius,</span> <span class='ocrx_word' id='word_1_272' title='bbox 1599 1997 1635 2026; x_wconf 86' lang='lat' dir='ltr'>ut</span> <span class='ocrx_word' id='word_1_273' title='bbox 1663 2005 1737 2026; x_wconf 92' lang='lat' dir='ltr'>cum</span> <span class='ocrx_word' id='word_1_274' title='bbox 1763 1996 1972 2036; x_wconf 85' lang='lat' dir='ltr'>responsione</span> 
     </span>
     <span class='ocr_line' id='line_1_32' title="bbox 314 2043 1972 2088; baseline 0 -11"><span class='ocrx_word' id='word_1_275' title='bbox 314 2047 416 2087; x_wconf 87' lang='lat' dir='ltr'>possit</span> <span class='ocrx_word' id='word_1_276' title='bbox 438 2045 545 2076; x_wconf 91' lang='lat' dir='ltr'>redire</span> <span class='ocrx_word' id='word_1_277' title='bbox 569 2045 611 2076; x_wconf 88' lang='lat' dir='ltr'>ad</span> <span class='ocrx_word' id='word_1_278' title='bbox 636 2044 800 2076; x_wconf 87' lang='lat' dir='ltr'>dominum</span> <span class='ocrx_word' id='word_1_279' title='bbox 823 2055 914 2076; x_wconf 87' lang='lat' dir='ltr'>suum</span> <span class='ocrx_word' id='word_1_280' title='bbox 938 2045 1089 2076; x_wconf 86' lang='lat' dir='ltr'>celeriter</span> <span class='ocrx_word' id='word_1_281' title='bbox 1113 2043 1339 2087; x_wconf 84' lang='lat' dir='ltr'>[expeditus?].</span> <span class='ocrx_word' id='word_1_282' title='bbox 1387 2043 1483 2087; x_wconf 88' lang='lat' dir='ltr'>[Ho]c</span> <span class='ocrx_word' id='word_1_283' title='bbox 1508 2045 1628 2087; x_wconf 91' lang='lat' dir='ltr'>quippe</span> <span class='ocrx_word' id='word_1_284' title='bbox 1652 2043 1756 2088; x_wconf 92' lang='lat' dir='ltr'>[nobis</span> <span class='ocrx_word' id='word_1_285' title='bbox 1780 2044 1852 2088; x_wconf 89' lang='lat' dir='ltr'>erit]</span> <span class='ocrx_word' id='word_1_286' title='bbox 1877 2046 1972 2077; x_wconf 83' lang='lat' dir='ltr'>valde</span> 
     </span>
     <span class='ocr_line' id='line_1_33' title="bbox 315 2095 761 2138; baseline 0.002 -12"><span class='ocrx_word' id='word_1_287' title='bbox 315 2095 477 2137; x_wconf 87' lang='lat' dir='ltr'>placidum</span> <span class='ocrx_word' id='word_1_288' title='bbox 501 2099 600 2138; x_wconf 89' lang='lat' dir='ltr'>atque</span> <span class='ocrx_word' id='word_1_289' title='bbox 624 2099 761 2137; x_wconf 80' lang='lat' dir='ltr'>gratum.</span> 
     </span>
    </p>

    <p class='ocr_par' dir='ltr' id='par_1_15' title="bbox 423 2146 1644 2190">
     <span class='ocr_line' id='line_1_34' title="bbox 423 2146 1644 2190; baseline 0.002 -12"><span class='ocrx_word' id='word_1_290' title='bbox 423 2146 546 2178; x_wconf 92' lang='lat' dir='ltr'>Datum</span> <span class='ocrx_word' id='word_1_291' title='bbox 569 2147 747 2188; x_wconf 90' lang='lat' dir='ltr'>Modiliani,</span> <span class='ocrx_word' id='word_1_292' title='bbox 771 2147 815 2178; x_wconf 90' lang='lat' dir='ltr'>II.</span> <span class='ocrx_word' id='word_1_293' title='bbox 839 2147 1006 2178; x_wconf 83' lang='lat' dir='ltr'>Kalendas</span> <span class='ocrx_word' id='word_1_294' title='bbox 1028 2147 1139 2186; x_wconf 89' lang='lat' dir='ltr'>Madii,</span> <span class='ocrx_word' id='word_1_295' title='bbox 1163 2157 1246 2179; x_wconf 86' lang='lat' dir='ltr'>anno</span> <span class='ocrx_word' id='word_1_296' title='bbox 1270 2147 1401 2179; x_wconf 91' lang='lat' dir='ltr'>Domini</span> <span class='ocrx_word' id='word_1_297' title='bbox 1423 2146 1644 2190; x_wconf 84' lang='lat' dir='ltr'>M[OCCXV].</span> 
     </span>
    </p>
   </div>
   <div class='ocr_carea' id='block_1_13' title="bbox 318 2219 1973 2313">
    <p class='ocr_par' dir='ltr' id='par_1_16' title="bbox 318 2219 1973 2313">
     <span class='ocr_line' id='line_1_35' title="bbox 425 2219 1973 2262; baseline 0.003 -13"><span class='ocrx_word' id='word_1_298' title='bbox 425 2219 570 2260; x_wconf 85' lang='lat' dir='ltr'>P(etrus)</span> <span class='ocrx_word' id='word_1_299' title='bbox 594 2219 765 2261; x_wconf 89' lang='lat' dir='ltr'>Luppet(i)</span> <span class='ocrx_word' id='word_1_300' title='bbox 789 2219 942 2251; x_wconf 87' lang='lat' dir='ltr'>mandato</span> <span class='ocrx_word' id='word_1_301' title='bbox 967 2219 1087 2251; x_wconf 90' lang='lat' dir='ltr'>domini</span> <span class='ocrx_word' id='word_1_302' title='bbox 1110 2221 1206 2261; x_wconf 75' lang='lat' dir='ltr'>regis,</span> <span class='ocrx_word' id='word_1_303' title='bbox 1231 2221 1284 2261; x_wconf 92' lang='lat' dir='ltr'>qui</span> <span class='ocrx_word' id='word_1_304' title='bbox 1308 2220 1427 2252; x_wconf 86' lang='lat' dir='ltr'>dictam</span> <span class='ocrx_word' id='word_1_305' title='bbox 1450 2221 1592 2252; x_wconf 84' lang='lat' dir='ltr'>litteram</span> <span class='ocrx_word' id='word_1_306' title='bbox 1615 2221 1748 2253; x_wconf 85' lang='lat' dir='ltr'>tradidit</span> <span class='ocrx_word' id='word_1_307' title='bbox 1770 2221 1973 2262; x_wconf 85' lang='lat' dir='ltr'>manualiter,</span> 
     </span>
     <span class='ocr_line' id='line_1_36' title="bbox 318 2270 1591 2313; baseline 0.002 -12"><span class='ocrx_word' id='word_1_308' title='bbox 318 2280 390 2301; x_wconf 87' lang='lat' dir='ltr'>eam</span> <span class='ocrx_word' id='word_1_309' title='bbox 414 2270 570 2312; x_wconf 84' lang='lat' dir='ltr'>expedire</span> <span class='ocrx_word' id='word_1_310' title='bbox 594 2270 717 2312; x_wconf 86' lang='lat' dir='ltr'>absque</span> <span class='ocrx_word' id='word_1_311' title='bbox 741 2271 980 2313; x_wconf 87' lang='lat' dir='ltr'>subscripcione</span> <span class='ocrx_word' id='word_1_312' title='bbox 1003 2272 1271 2312; x_wconf 84' lang='lat' dir='ltr'>vicecancellarii,</span> <span class='ocrx_word' id='word_1_313' title='bbox 1295 2273 1349 2313; x_wconf 93' lang='lat' dir='ltr'>qui</span> <span class='ocrx_word' id='word_1_314' title='bbox 1373 2276 1442 2304; x_wconf 89' lang='lat' dir='ltr'>erat</span> <span class='ocrx_word' id='word_1_315' title='bbox 1465 2273 1591 2304; x_wconf 84' lang='lat' dir='ltr'>absens.</span> 
     </span>
    </p>
   </div>
   <div class='ocr_carea' id='block_1_14' title="bbox 547 2384 1743 2432">
    <p class='ocr_par' dir='ltr' id='par_1_17' title="bbox 547 2384 1743 2432">
     <span class='ocr_line' id='line_1_37' title="bbox 547 2384 1743 2432; baseline 0.003 -14"><span class='ocrx_word' id='word_1_316' title='bbox 547 2384 633 2420; x_wconf 70' lang='lat'>264.</span> <span class='ocrx_word' id='word_1_317' title='bbox 675 2384 828 2420; x_wconf 74' lang='lat' dir='ltr'>Litterae</span> <span class='ocrx_word' id='word_1_318' title='bbox 856 2385 902 2419; x_wconf 84' lang='lat' dir='ltr'>ad</span> <span class='ocrx_word' id='word_1_319' title='bbox 927 2385 1151 2421; x_wconf 76' lang='lat' dir='ltr'>Fridericum</span> <span class='ocrx_word' id='word_1_320' title='bbox 1176 2398 1287 2431; x_wconf 70' lang='lat' dir='ltr'>reqem</span> <span class='ocrx_word' id='word_1_321' title='bbox 1314 2386 1468 2422; x_wconf 76' lang='lat' dir='ltr'>Siciliae.</span> <span class='ocrx_word' id='word_1_322' title='bbox 1575 2386 1666 2432; x_wconf 78' lang='lat' dir='ltr'>Apr.</span> <span class='ocrx_word' id='word_1_323' title='bbox 1686 2387 1743 2421; x_wconf 86' lang='lat'>30.</span> 
     </span>
    </p>
   </div>
   <div class='ocr_carea' id='block_1_15' title="bbox 317 2453 1975 2545">
    <p class='ocr_par' dir='ltr' id='par_1_18' title="bbox 317 2453 1975 2545">
     <span class='ocr_line' id='line_1_38' title="bbox 430 2453 1975 2497; baseline 0.003 -13"><span class='ocrx_word' id='word_1_324' title='bbox 430 2453 528 2492; x_wconf 75' lang='lat' dir='ltr'>Copia</span> <span class='ocrx_word' id='word_1_325' title='bbox 551 2453 610 2495; x_wconf 87' lang='lat' dir='ltr'>(c.)</span> <span class='ocrx_word' id='word_1_326' title='bbox 634 2454 746 2485; x_wconf 69' lang='lat' dir='ltr'>ibidem</span> <span class='ocrx_word' id='word_1_327' title='bbox 777 2454 796 2485; x_wconf 84' lang='lat' dir='ltr'>l.</span> <span class='ocrx_word' id='word_1_328' title='bbox 816 2465 841 2485; x_wconf 85' lang='lat' dir='ltr'>c.</span> <span class='ocrx_word' id='word_1_329' title='bbox 870 2454 924 2493; x_wconf 86' lang='lat' dir='ltr'>fol.</span> <span class='ocrx_word' id='word_1_330' title='bbox 943 2457 963 2486; x_wconf 86' lang='lat'><em>7</em></span> <span class='ocrx_word' id='word_1_331' title='bbox 987 2456 1110 2494; x_wconf 80' lang='lat' dir='ltr'>partim</span> <span class='ocrx_word' id='word_1_332' title='bbox 1140 2456 1285 2488; x_wconf 78' lang='lat' dir='ltr'>evanida.</span> <span class='ocrx_word' id='word_1_333' title='bbox 1315 2475 1356 2480; x_wconf 89' lang='lat'>——</span> <span class='ocrx_word' id='word_1_334' title='bbox 1390 2456 1453 2488; x_wconf 87' lang='lat' dir='ltr'>Ed.</span> <span class='ocrx_word' id='word_1_335' title='bbox 1476 2456 1637 2496; x_wconf 76' lang='lat' dir='ltr'>Zeissberq</span> <span class='ocrx_word' id='word_1_336' title='bbox 1660 2455 1679 2488; x_wconf 89' lang='lat' dir='ltr'>l.</span> <span class='ocrx_word' id='word_1_337' title='bbox 1696 2467 1722 2488; x_wconf 83' lang='lat' dir='ltr'>c.</span> <span class='ocrx_word' id='word_1_338' title='bbox 1746 2467 1782 2497; x_wconf 77' lang='lat' dir='ltr'>p.</span> <span class='ocrx_word' id='word_1_339' title='bbox 1799 2457 1841 2488; x_wconf 84' lang='lat'>25</span> <span class='ocrx_word' id='word_1_340' title='bbox 1865 2467 1915 2488; x_wconf 79' lang='lat' dir='ltr'>nr.</span> <span class='ocrx_word' id='word_1_341' title='bbox 1933 2458 1975 2488; x_wconf 83' lang='lat'>16</span> 
     </span>
     <span class='ocr_line' id='line_1_39' title="bbox 317 2504 1048 2545; baseline 0.004 -10"><span class='ocrx_word' id='word_1_342' title='bbox 317 2514 356 2535; x_wconf 71' lang='lat' dir='ltr'>ea:</span> <span class='ocrx_word' id='word_1_343' title='bbox 378 2515 403 2536; x_wconf 90' lang='lat' dir='ltr'>c.</span> <span class='ocrx_word' id='word_1_344' title='bbox 428 2504 619 2536; x_wconf 81' lang='lat' dir='ltr'>decurtatas.</span> <span class='ocrx_word' id='word_1_345' title='bbox 665 2505 848 2537; x_wconf 80' lang='lat' dir='ltr'>Editionem</span> <span class='ocrx_word' id='word_1_346' title='bbox 870 2506 1048 2545; x_wconf 79' lang='lat' dir='ltr'>repetimus.</span> 
     </span>
    </p>
   </div>
   <div class='ocr_carea' id='block_1_16' title="bbox 424 2567 1975 2619">
    <p class='ocr_par' dir='ltr' id='par_1_19' title="bbox 424 2567 1975 2619">
     <span class='ocr_line' id='line_1_40' title="bbox 424 2567 1975 2619; baseline 0.003 -16"><span class='ocrx_word' id='word_1_347' title='bbox 424 2572 609 2604; x_wconf 83' lang='lat' dir='ltr'>Excellenti</span> <span class='ocrx_word' id='word_1_348' title='bbox 646 2574 782 2615; x_wconf 90' lang='lat' dir='ltr'>principi</span> <span class='ocrx_word' id='word_1_349' title='bbox 816 2573 990 2606; x_wconf 81' lang='lat' dir='ltr'>Frederico</span> <span class='ocrx_word' id='word_1_350' title='bbox 1022 2575 1086 2606; x_wconf 88' lang='lat' dir='ltr'>Dei</span> <span class='ocrx_word' id='word_1_351' title='bbox 1123 2576 1232 2617; x_wconf 83' lang='lat' dir='ltr'>gracia</span> <span class='ocrx_word' id='word_1_352' title='bbox 1266 2576 1374 2608; x_wconf 88' lang='lat' dir='ltr'>Sicilie</span> <span class='ocrx_word' id='word_1_353' title='bbox 1413 2567 1489 2619; x_wconf 35' lang='lat' dir='ltr'>regi·</span> <span class='ocrx_word' id='word_1_354' title='bbox 1520 2577 1638 2617; x_wconf 87' lang='lat' dir='ltr'>ilustri,</span> <span class='ocrx_word' id='word_1_355' title='bbox 1676 2576 1845 2608; x_wconf 87' lang='lat' dir='ltr'>karissimo</span> <span class='ocrx_word' id='word_1_356' title='bbox 1884 2577 1975 2609; x_wconf 88' lang='lat' dir='ltr'>fratri</span> 
     </span>
    </p>
   </div>
   <div class='ocr_carea' id='block_1_17' title="bbox 318 2624 1974 2718">
    <p class='ocr_par' dir='ltr' id='par_1_20' title="bbox 318 2624 1974 2718">
     <span class='ocr_line' id='line_1_41' title="bbox 318 2624 1974 2670; baseline 0.004 -16"><span class='ocrx_word' id='word_1_357' title='bbox 318 2626 427 2655; x_wconf 90' lang='lat' dir='ltr'>nostro</span> <span class='ocrx_word' id='word_1_358' title='bbox 505 2624 643 2656; x_wconf 88' lang='lat' dir='ltr'>Iacobus</span> <span class='ocrx_word' id='word_1_359' title='bbox 674 2635 732 2666; x_wconf 90' lang='lat' dir='ltr'>per</span> <span class='ocrx_word' id='word_1_360' title='bbox 761 2625 910 2657; x_wconf 87' lang='lat' dir='ltr'>eamdem</span> <span class='ocrx_word' id='word_1_361' title='bbox 938 2636 996 2657; x_wconf 87' lang='lat' dir='ltr'>rex</span> <span class='ocrx_word' id='word_1_362' title='bbox 1019 2627 1207 2668; x_wconf 89' lang='lat' dir='ltr'>Aragonum</span> <span class='ocrx_word' id='word_1_363' title='bbox 1237 2631 1297 2659; x_wconf 89' lang='lat' dir='ltr'>etc.</span> <span class='ocrx_word' id='word_1_364' title='bbox 1376 2629 1483 2660; x_wconf 82' lang='lat' dir='ltr'>votive</span> <span class='ocrx_word' id='word_1_365' title='bbox 1512 2629 1735 2670; x_wconf 84' lang='lat' dir='ltr'>prosperitatis</span> <span class='ocrx_word' id='word_1_366' title='bbox 1765 2631 1974 2670; x_wconf 80' lang='lat' dir='ltr'>augmentum</span> 
     </span>
     <span class='ocr_line' id='line_1_42' title="bbox 319 2676 1216 2718; baseline 0.004 -12"><span class='ocrx_word' id='word_1_367' title='bbox 319 2685 390 2707; x_wconf 92' lang='lat' dir='ltr'>cum</span> <span class='ocrx_word' id='word_1_368' title='bbox 415 2676 556 2707; x_wconf 85' lang='lat' dir='ltr'>fraterne</span> <span class='ocrx_word' id='word_1_369' title='bbox 582 2676 766 2707; x_wconf 86' lang='lat' dir='ltr'>dileccionis</span> <span class='ocrx_word' id='word_1_370' title='bbox 789 2676 989 2718; x_wconf 86' lang='lat' dir='ltr'>plenitudine</span> <span class='ocrx_word' id='word_1_371' title='bbox 1013 2682 1046 2710; x_wconf 88' lang='lat' dir='ltr'>et</span> <span class='ocrx_word' id='word_1_372' title='bbox 1069 2679 1216 2710; x_wconf 82' lang='lat' dir='ltr'>salutem.</span> 
     </span>
    </p>
   </div>
   <div class='ocr_carea' id='block_1_18' title="bbox 422 2751 1909 2837">
    <p class='ocr_par' dir='ltr' id='par_1_21' title="bbox 422 2751 1909 2837">
     <span class='ocr_line' id='line_1_43' title="bbox 423 2751 1909 2790; baseline 0.004 -13"><span class='ocrx_word' id='word_1_373' title='bbox 423 2751 488 2778; x_wconf 78' lang='grc'><strong>263.</strong></span> <span class='ocrx_word' id='word_1_374' title='bbox 516 2751 540 2784; x_wconf 74' lang='lat'>²)</span> <span class='ocrx_word' id='word_1_375' title='bbox 559 2753 650 2778; x_wconf 69' lang='lat' dir='ltr'>desunt</span> <span class='ocrx_word' id='word_1_376' title='bbox 668 2755 737 2778; x_wconf 85' lang='grc'>6-8</span> <span class='ocrx_word' id='word_1_377' title='bbox 750 2754 848 2779; x_wconf 78' lang='lat' dir='ltr'>litterae</span> <span class='ocrx_word' id='word_1_378' title='bbox 866 2763 886 2779; x_wconf 86' lang='lat' dir='ltr'>c.</span> <span class='ocrx_word' id='word_1_379' title='bbox 975 2754 1000 2787; x_wconf 86' lang='lat' dir='ltr'>b)</span> <span class='ocrx_word' id='word_1_380' title='bbox 1020 2758 1118 2781; x_wconf 82' lang='lat'>10—12</span> <span class='ocrx_word' id='word_1_381' title='bbox 1131 2757 1236 2782; x_wconf 76' lang='lat' dir='ltr'>litterae.</span> <span class='ocrx_word' id='word_1_382' title='bbox 1326 2757 1348 2789; x_wconf 86' lang='lat' dir='ltr'>c)</span> <span class='ocrx_word' id='word_1_383' title='bbox 1369 2759 1464 2782; x_wconf 82' lang='lat'><strong><em>12—14</em></strong></span> <span class='ocrx_word' id='word_1_384' title='bbox 1478 2758 1585 2783; x_wconf 83' lang='lat' dir='ltr'>litterae.</span> <span class='ocrx_word' id='word_1_385' title='bbox 1674 2756 1699 2790; x_wconf 86' lang='lat' dir='ltr'>d)</span> <span class='ocrx_word' id='word_1_386' title='bbox 1718 2759 1789 2782; x_wconf 76' lang='grc'>4-6</span> <span class='ocrx_word' id='word_1_387' title='bbox 1801 2757 1909 2783; x_wconf 73' lang='lat' dir='ltr'>litterae.</span> 
     </span>
     <span class='ocr_line' id='line_1_44' title="bbox 422 2802 718 2837; baseline 0 -8"><span class='ocrx_word' id='word_1_388' title='bbox 422 2803 448 2836; x_wconf 87' lang='lat'>1)</span> <span class='ocrx_word' id='word_1_389' title='bbox 467 2802 631 2837; x_wconf 77' lang='lat' dir='ltr'>Deperditae</span> <span class='ocrx_word' id='word_1_390' title='bbox 649 2806 718 2830; x_wconf 79' lang='lat' dir='ltr'>sunt.</span> 
     </span>
    </p>
   </div>
   <div class='ocr_carea' id='block_1_19' title="bbox 1991 2107 2018 2126">
    <p class='ocr_par' dir='ltr' id='par_1_22' title="bbox 1991 2107 2018 2126">
     <span class='ocr_line' id='line_1_45' title="bbox 1991 2107 2018 2126; baseline -0.037 0"><span class='ocrx_word' id='word_1_391' title='bbox 1991 2107 2018 2126; x_wconf 76' lang='lat'>³0</span> 
     </span>
    </p>
   </div>
   <div class='ocr_carea' id='block_1_20' title="bbox 1993 2758 2020 2778">
    <p class='ocr_par' dir='ltr' id='par_1_23' title="bbox 1993 2758 2020 2778">
     <span class='ocr_line' id='line_1_46' title="bbox 1993 2758 2020 2778; baseline 0 0"><span class='ocrx_word' id='word_1_392' title='bbox 1993 2758 2020 2778; x_wconf 73' lang='lat'>⁴⁰</span> 
     </span>
    </p>
   </div>
  </div>
 </body>
</html>
