2184 3126
171 800 197 820 10

168 1057 192 1078 u

166 1771 192 1791 25

165 2029 193 2050 ³⁰

167 2594 196 2614 4⁰

169 2856 194 2877 65

452 236 549 265 ACTA
568 223 681 265 REGNI
700 236 885 264 LUDEWICI
903 236 951 264 lv.
970 236 1016 264 m·
1035 237 1222 266 Famssalcl
1240 237 1290 266 ΙΙΙ.
1327 239 1402 267 1324.
1440 239 1488 267 Nr.
1500 239 1560 268 834.
1578 239 1638 268 835.
1811 244 1875 274 (553

215 325 388 356 terminum
416 324 556 366 aliquem
584 322 840 366 competentem‘
861 325 895 355 et
924 323 1109 366 decentem,
1140 325 1284 368 inspecta
1308 325 1453 358 locorum
1477 325 1653 359 distancia⁸
1677 330 1710 359 ct
1733 328 1875 359 maxime

216 376 342 418 negocii
365 375 525 408 arduitate
549 374 767 416 considerata,
796 374 879 407 infra
905 385 1003 418 quem
1030 375 1160 410 domino
1189 381 1298 410 nostro
1322 377 1468 420 predicto
1496 389 1665 420 processus
1692 379 1875 411 huiusmodi

215 427 387 459 veritatem
410 427 532 458 referre
556 436 738 468 possemus,
767 429 802 458 ut
830 426 900 468 ipse
931 426 992 458 sibi
1020 437 1058 459 ac
1085 428 1206 460 iuribus
1233 429 1299 461 suis
1320 429 1426 475 ipsum
1450 430 1710 472 contingentibus
1733 430 1775 462 de
1799 441 1875 462 con-

215 478 286 510 silio
310 488 440 510 suorum
462 477 642 520 principum
666 481 699 509 et
721 487 891 520 procerum
908 478 1016 510 valeat
1030 489 1128 521 super
1150 480 1222 521 hiis,
1246 484 1341 522 prout
1364 483 1493 513 tenetur
1515 484 1549 513 et
1572 481 1681 522 debet,
1704 482 1876 514 salubriter

215 529 401 572 providere,
429 532 464 562 et
485 529 526 561 de
548 528 752 561 informando
776 530 980 562 sanctitatem
1004 534 1144 563 vestram
1168 531 1294 574 plenius
1321 536 1354 565 et
1380 532 1515 565 melius¹¹
1539 533 1624 565 circa
1651 532 1773 565 dictum
1801 544 1875 575 pro-

214 591 340 613 cessum
363 585 396 613 et
425 581 530 623 ipsum
557 581 780 623 contingencia
809 585 842 613 et
869 581 909 614 de
937 582 1138 615 ostendenda
1165 583 1292 616 iusticia
1320 594 1378 616 sua
1405 594 1443 616 ac
1471 585 1573 616 eciam
1601 585 1790 617 innocencia
1818 596 1876 617 sua

214 633 299 666 circa
321 632 440 665 dictum
463 642 650 675 processum
679 635 713 664 et
738 633 842 674 ipsum
866 634 1102 676 contingenda,
1132 638 1228 676 prout
1256 635 1317 667 sibi
1344 635 1507 668 videbitur
1534 636 1706 679 expedire,
1738 637 1875 669 necnon¹

213 684 254 717 de
277 683 484 717 reformando
515 684 547 715 in
577 687 696 716 statum
727 683 886 726 debitum,
915 685 941 716 si
970 685 1077 717 forsan
1107 686 1140 718 in
1168 686 1330 728 aliquibus
1358 687 1582 720 excessisset&
1632 688 1752 730 Igitur,
1782 691 1876 730 pater

213 736 424 776 sanctissime,
453 745 525 768 cum
552 735 770 768 invenerimus
793 746 962 778 processus
989 737 1173 770 huiusmodi
1201 748 1272 770 esse
1295 739 1412 779 factos,
1440 739 1659 781 supplicamus
1682 739 1875 782 s(anctitati)

213 786 347 830 v(estre)
371 796 414 819 ex
435 790 528 829 parte
552 787 674 819 domini
697 788 796 820 nostri
823 788 940 830 prefati
969 788 1135 821 humiliter
1162 793 1195 821 et
1223 789 1356 831 devote,
1386 794 1422 822 ut
1448 791 1537 822 salvo
1568 791 1600 822 in
1629 791 1778 824 omnibus
1805 792 1874 823 iure

212 849 271 871 suo
294 839 466 871 terminum
494 841 734 881 competentem
763 843 859 881 prout
886 841 1083 882 premittitur
1108 840 1165 873 ad¹
1193 842 1300 874 omnia
1335 845 1369 874 et
1395 842 1522 885 singula
1551 844 1707 884 premissa
1736 853 1774 875 ac
1804 843 1875 885 ipsa

211 889 450 932 contingencial
474 889 552 923 dare
577 894 610 922 et
633 890 812 923 concedere
835 891 1026 934 dignemini,
1059 902 1130 924 cum
1158 892 1262 924 dictus
1285 893 1434 925 dominus
1456 896 1565 925 noster
1587 894 1745 935 intendat,
1773 905 1875 937 quan-

211 944 281 974 tum
309 942 341 974 in
366 942 436 984 ipso
464 946 527 983 est,
562 945 754 984 tamquam-³¹
783 942 919 975 devotus
950 942 1033 975 filius
1064 944 1244 976 sanctitatis
1273 948 1380 977 vestre
1411 946 1639 987 paternitatem
1668 949 1701 978 et
1730 950 1874 978 sanctam

213 993 382 1026 ecelesiam
406 996 442 1026 ut
464 997 602 1026 matrem
626 994 767 1026 revereri
791 998 824 1026 et
847 994 949 1036 ipsam
972 994 1063 1027 filiali
1086 995 1276 1028 obediencia
1299 1007 1357 1038 pro
1381 1006 1476 1038 posse
1498 995 1668 1037 adiuvare,
1696 997 1874 1030 defendere

212 1048 246 1077 et
267 1045 382 1077 tuerin.

320 1127 506 1159 Terminum
530 1128 670 1169 petimus
693 1137 751 1159 sex
773 1127 938 1160 mensibus
961 1127 1149 1170 longiorem.

652 1272 738 1308 835.
782 1271 972 1318 Responsio
999 1274 1187 1320 pontificia.
1293 1273 1373 1310 Ιαη.
1395 1276 1430 1310 ’7.

322 1349 478 1383 Servatur
491 1350 621 1382 nonnisi
642 1350 679 1383 in
693 1349 848 1383 Processu
870 1350 963 1394 infra
983 1362 1035 1386 nr.
1050 1353 1114 1383 839
1136 1352 1262 1391 edendo,
1285 1352 1324 1384 de
1338 1353 1432 1384 ouius
1446 1353 1604 1385 codicibus
1623 1356 1704 1385 1-—5
1727 1364 1755 1386 υ.
1772 1354 1872 1392 infra.

214 1401 328 1434 Omms
349 1401 542 1434 contulimus
562 1412 629 1434 nos.

320 1460 370 1494 De
392 1464 528 1502 tempore
549 1472 578 1494 v.
602 1461 693 1502 infra
715 1472 764 1495 nr.
782 1463 847 1495 839
869 1473 940 1505 cap.
959 1464 990 1497 4.

321 1552 369 1593 (1)
394 1551 542 1584 Vidimus
558 1552 699 1584 litteram
716 1556 882 1594 patentem
899 1557 932 1586 et
948 1553 1217 1596 supplicationem
1232 1554 1406 1596 predictas,
1423 1565 1503 1596 quas
1518 1555 1551 1586 in
1566 1558 1676 1587 nostra
1689 1558 1723 1588 et
1738 1555 1872 1587 fratrum

210 1606 394 1636 nostrorum
417 1604 581 1645 presentia
598 1603 745 1637 exhiberi
768 1606 913 1647 curastis,
936 1609 970 1638 et
985 1608 1138 1638 contenta
1159 1606 1192 1637 in
1216 1606 1262 1638 eis
1285 1606 1504 1639 intelleximus
1521 1606 1694 1650 diligenter
1716 1618 1754 1639 ac
1776 1617 1874 1649 super

210 1654 273 1686 illis
296 1665 369 1687 cum
393 1655 517 1687 eisdem
540 1655 692 1687 fratribus
715 1655 949 1689 deliberatione
967 1656 1138 1699 prehabito
1153 1657 1310 1699 diligenti,
1333 1658 1539 1691 attendentes
1562 1662 1595 1691 et
1617 1658 1660 1691 ad
1682 1659 1873 1691 memoriam

210 1706 403 1740 reducentes
433 1707 655 1747 devotionem,
686 1717 782 1750 quam
810 1708 955 1750 prefatus
983 1708 1050 1740 dux
1079 1708 1239 1741 Bavarie·
1267 1719 1325 1751 per
1358 1709 1439 1741 alios
1466 1710 1599 1742 nuncios
1626 1721 1701 1742 suos
1727 1710 1769 1742 ad
1798 1720 1872 1752 pre-

213 1759 350 1790 sentiam
373 1762 516 1790 nostram
546 1758 725 1791 hactenusb
749 1759 927 1792 destinatos
955 1761 1024 1792 eius
1052 1760 1176 1793 litteras
1205 1761 1246 1793 de
1277 1761 1442 1794 credentia
1471 1761 1657 1794 deferentes
1685 1761 1727 1794 ad
1754 1773 1813 1794 nos
1840 1766 1874 1794 et

211 1810 638 1852 sepefatamn'Romanamd
663 1811 834 1844 ecclesiam
858 1822 892 1844 se
916 1822 1032 1854 gerere
1055 1812 1237 1853 asserebat,
1269 1817 1302 1845 et
1329 1813 1415 1855 quod
1442 1813 1527 1845 inter
1553 1813 1618 1845 alia
1644 1824 1871 1856 nonnunquam

211 1861 306 1894 nobis
329 1861 511 1894 obtulerat⁰
534 1872 594 1903 per
616 1862 786 1895 nonnullos
809 1873 851 1895 ex
874 1863 992 1895 nuntiis
1014 1864 1216 1906 supradictis,
1240 1874 1275 1896 se
1291 1867 1440 1907 paratum
1463 1865 1495 1896 in
1518 1865 1655 1897 ecclesie
1678 1865 1824 1907 predicte
1840 1869 1873 1897 et

210 1916 354 1946 nostrum
383 1913 576 1956 obsequium
604 1917 716 1946 contra
743 1914 883 1947 rebelles
911 1915 1049 1948 ecclesie
1083 1915 1125 1947 ad
1154 1919 1262 1958 partes
1291 1916 1447 1948 accedere
1476 1916 1688 1957 Lombardie,
1719 1918 1874 1949 miramur

209 1975 308 2008 quam
331 1964 506 2007 plurimum
530 1968 563 1997 et
586 1965 702 1998 causas
723 1966 816 1998 nobis
839 1967 922 1999 iuste
946 1967 1168 1999 admirationis
1190 1968 1360 2010 ingeritur,
1388 1968 1551 2010 quomodo
1581 1969 1626 2000 sic
1654 1968 1760 2000 subito
1785 1969 1874 2001 nulla

210 2026 270 2059 per
291 2027 350 2048 nos
373 2016 435 2048 sibi
458 2016 536 2049 data
559 2017 729 2049 occasione
753 2018 804 2050 vel
829 2028 926 2050 causa
949 2019 981 2050 in
1005 2019 1106 2051 virum
1130 2018 1267 2051 alterum
1290 2020 1332 2050 sit
1357 2020 1530 2051 mutatus².
1575 2020 1651 2062 Ipse
1678 2031 1818 2063 namque
1842 2022 1872 2052 in

210 2070 434 2111 contemptum
457 2072 603 2101 nostrum
627 2072 660 2101 et
674 2079 826 2111 magnam
850 2070 999 2102 iniuriam
1016 2074 1126 2102 sancte
1141 2071 1254 2102 matris
1276 2071 1414 2103 ecclesie
1437 2081 1472 2103 se
1495 2082 1607 2114 regem
1623 2071 1874 2114 Roman(orum)

210 2120 364 2160 intitulat,
388 2130 461 2152 cum
485 2120 525 2152 de
549 2121 655 2153 electo
679 2121 711 2153 in
735 2121 896 2153 discordia
919 2122 951 2153 in
974 2120 1223 2163 Rdman(orum)
1247 2133 1371 2164 regem,
1394 2123 1476 2155 sicut
1497 2123 1558 2155 iste
1581 2123 1680 2155 fuisse
1704 2123 1830 2165 dicitur,
1853 2133 1873 2155 a

210 2171 298 2204 nullo
322 2171 365 2203 sit
385 2172 418 2203 in
442 2171 576 2204 dubium
600 2172 833 2214 revocandum,
863 2173 949 2215 quod
977 2177 1052 2205 ante
1079 2173 1348 2216 approbationem
1372 2185 1430 2206 seu
1452 2174 1682 2207 admissionem
1705 2175 1874 2207 electionis

212 2233 271 2255 sue
294 2233 354 2265 per
376 2223 488 2256 sedem
512 2223 726 2266 apostolicam
750 2224 894 2257 habitam
922 2236 986 2257 non
1014 2225 1113 2257 debet
1139 2225 1195 2257 tali
1223 2227 1352 2260 nomine
1381 2226 1432 2258 vel
1460 2227 1553 2259 titulo
1581 2226 1754 2269 appellari,
1786 2226 1874 2270 quod

211 2274 323 2317 utique
353 2274 491 2316 dudum,
520 2285 593 2308 cum
622 2275 663 2308 de
691 2275 908 2308 intitulatione
937 2275 1072 2308 duorum
1097 2277 1274 2309 electorum
1301 2278 1333 2308 in
1355 2288 1450 2320 reges
1472 2277 1723 2321 Roman(orum)
1745 2282 1873 2310 contro-

211 2325 338 2358 veniat
359 2326 534 2369 incidisset,
558 2338 616 2370 per
639 2327 751 2360 sedem
769 2328 906 2360 eandem
923 2327 1042 2360 auditis
1057 2328 1307 2371 allegationibus
1330 2330 1470 2371 partium
1492 2330 1525 2361 in
1541 2340 1617 2362 casu
1640 2330 1736 2362 simili
1759 2330 1872 2362 decre-

210 2379 279 2409 tum
295 2377 412 2419 extitit,
429 2378 662 2411 deliberatione
679 2390 750 2412 cum
764 2380 935 2412 fratribus*
949 2383 1023 2412 tunc
1036 2383 1146 2412 sancte
1159 2380 1306 2412 Romane
1323 2381 1459 2414 ecclesie
1471 2381 1687 2413 cardinalibus
1703 2381 1874 2424 prehabita

211 2428 361 2471 diligenti
371 2429 394 2462 ².
492 2430 539 2472 (2)
562 2430 612 2463 Ac
635 2431 766 2473 insuper
789 2431 855 2463 dux
878 2431 1042 2473 predictus
1058 2431 1209 2464 Galeatio
1233 2432 1274 2464 de
1290 2432 1542 2465 vicecomitibus
1564 2434 1697 2476 eiusque
1722 2433 1872 2465 fratribus

213 2479 254 2512 de
270 2479 457 2514 Mediolano
480 2481 658 2515 rebellibus
681 2482 827 2515 eiusdem
853 2483 991 2515 ecclesie
1015 2483 1066 2515 ac¹
1090 2483 1130 2515 de
1158 2483 1266 2516 heresi
1289 2495 1348 2526 per
1369 2494 1482 2517 eorum
1505 2488 1727 2527 competentes
1750 2485 1874 2517 iudices

317 2582 385 2611 884.
412 2582 433 2618 ¹)
451 2589 629 2618 conpetentem
647 2586 672 2613 2.
753 2586 778 2619 Β)
797 2587 926 2613 ᾱίευιιιοίἱ
944 2587 972 2617 1,·
989 2586 1089 2619 eiqnum
1102 2587 1300 2613 abbreviationis
1312 2596 1415 2613 warum
1432 2587 1457 2614 2.
1535 2587 1562 2622 ¹¹)
1580 2594 1612 2615 et
1629 2590 1745 2615 melius
1763 2589 1831 2615 decet
1849 2589 1874 2615 2.

212 2625 230 2658 ¹)
250 2627 356 2653 Necnon
369 2626 393 2653 1.
408 2626 433 2653 2.
503 2626 530 2661 k)
548 2633 601 2655 sset
617 2629 646 2655 in
658 2629 714 2659 loco
726 2638 788 2655 nuo
809 2630 831 2656 1.
902 2628 921 2662 ¹)
939 2630 975 2655 ad
994 2630 1384 2664 omnis—contingemus
1401 2631 1492 2657 duum
1509 2630 1534 2657 2.
1605 2630 1638 2664 ¹¹¹)
1655 2632 1743 2665 pn'ma
1762 2641 1786 2658 m
1805 2641 1872 2659 corr.

211 2677 243 2695 ex
260 2678 278 2695 n
298 2669 330 2700 1;
348 2673 481 2703 tamqnam
498 2669 524 2698 2.
611 2671 638 2705 ΙΙ)
654 2673 767 2706 sequitur
785 2673 896 2706 epatium
913 2672 991 2698 crium
1009 2672 1138 2698 linearum
1157 2672 1180 2699 1.
1193 2671 1218 2698 2.

321 2732 387 2760 885.
415 2733 440 2768 Ιἱ)
458 2735 576 2762 Bawarie
593 2734 618 2762 8.
712 2735 738 2769 1θ)
756 2737 881 2763 nethenus
898 2736 924 2762 4.
1017 2736 1042 2768 ⁰)
1060 2738 1184 2770 prefatam
1201 2736 1226 2763 8.
1238 2736 1263 2764 4.
1362 2736 1388 2770 ⁸¹)
1407 2738 1475 2765 deest
1492 2737 1516 2765 3.
1529 2738 1554 2765 4.
1642 2739 1665 2770 ⁰)
1684 2739 1736 2765 obt.
1755 2740 1829 2766 nobis
1847 2739 1871 2766 3.

214 2775 234 2808 f)
255 2781 308 2803 tam
326 2777 394 2803 male
411 2776 436 2803 4.
524 2777 550 2811 Ι)
569 2780 740 2806 controverti·
757 2779 782 2806 4.
870 2778 897 2811 ¹¹)
916 2779 1044 2805 similibus
1061 2780 1129 2806 male
1147 2779 1172 2806 3.
1184 2779 1208 2806 4.
1290 2779 1310 2813 ί)
1327 2786 1353 2807 et
1370 2780 1395 2808 3.

319 2853 345 2886 1)
365 2857 385 2880 1.
400 2853 465 2889 Περ.
486 2857 527 2887 10,
541 2857 565 2882 6.
654 2855 682 2888 2)
703 2855 744 2888 Cf.
769 2855 872 2884 Urbani
887 2855 935 2883 IV.
955 2855 1091 2890 epistolam
1107 2863 1193 2901 supra
1211 2859 1271 2884 tom.
1285 2857 1322 2883 H
1334 2865 1376 2884 nr.
1389 2861 1447 2885 405.
