2124 3132
573 174 793 203 'rBAc'rA'rUS
810 175 857 203 DE
874 176 1086 205 ELECTIONE.
1124 179 1196 206 1814.
1233 179 1282 207 Nr.
1295 181 1336 207 44.
1356 181 1397 208 45.
1774 188 1814 217 43

269 264 389 296 Verum
416 266 489 306 post
516 263 755 297 coufeccionem
783 264 940 297 dictarum
968 266 1147 298 litterarum
1175 267 1356 308 recepimus
1384 268 1507 299 litteras
1534 274 1671 310 vestras,
1703 274 1815 302 tenore

160 325 295 358 quarum
310 315 540 358 perpendimus
555 316 809 349 incolumitatem
822 320 961 349 vestram
978 321 1012 349 et
1028 317 1267 350 karissimorum
1284 318 1417 350 fratrum
1434 323 1625 361 nostrorum,
1643 320 1683 351 dc
1701 321 1817 363 quibus

159 366 291 410 quidem
314 377 429 399 novam
454 370 487 399 et
511 367 726 409 magnifficam
750 369 981 410 assumpsimus
1003 369 1144 401 leticiam
1166 370 1197 400 in
1213 370 1458 412 inmensumque
1476 376 1583 403 noster
1599 373 1723 403 animun
1740 384 1814 404 con-

159 419 288 460 quievit.
334 419 548 461 Vestramque
578 420 866 462 magnifficenoiam
894 430 991 462 quam
1015 420 1219 463 frequencius
1244 422 1420 462 poterimus
1444 423 1474 453 in
1499 423 1639 455 futurum
1665 424 1705 456 de
1730 429 1816 456 statu

127 479 139 499 ι
159 469 235 502 dicti
259 469 379 502 domini
403 469 492 502 ducis
516 473 549 502 et
571 474 680 503 nostro
702 471 797 513 plene
820 470 1016 503 intendimus
1039 471 1223 504 informare.

497 679 550 715 45.
585 678 862 717 SCRIPTUM
885 678 1079 717 DOMINI
1102 681 1173 717 DE
1196 680 1479 719 MONTJOIE.

847 747 957 784 1314.
998 748 1066 784 lul.
1089 749 1122 784 3.

265 837 427 879 originale
449 838 524 881 (or.)
547 838 583 870 in
605 837 765 870 tabulario
786 839 870 879 reyio
893 838 1174 879 Dusseldorpiensi
1196 839 1293 872 ‘Koln
1315 840 1470 880 Domstift
1493 853 1543 873 nr.
1560 843 1644 874 860⁰.
1696 843 1817 875 Contu-

153 889 248 922 bimus
268 899 335 921 nos.
381 889 524 922 Pendeat
545 889 651 930 st‘qilla
673 889 760 922 laesa
785 889 862 922 loris
883 891 1138 923 membranaceis
1170 909 1209 914 —
1240 891 1302 923 Ed.
1327 891 1505 924 Lacomblet
1530 893 1813 926 ‘Urkundenbuch'

110 947 136 968 ¹⁰
154 941 224 980 III,
247 942 309 975 101
332 951 381 973 nr.
399 942 462 973 135
485 951 525 975 ea:
545 951 592 973 or.

231 1008 240 1010 0
263 992 314 1032 0!ss
334 1003 435 1032 supra
456 1002 506 1025 nr.
522 993 565 1024 26
587 1003 656 1032 cap.
674 993 704 1026 3.

256 1079 420 1112 Universis
442 1082 608 1121 presentes
629 1078 754 1111 litteras
777 1079 966 1121 inspecturis
985 1090 1042 1110 nos
1058 1079 1245 1121 Reynoldus
1263 1079 1303 1111 de
1320 1080 1472 1122 Munyoie
1489 1085 1522 1113 et
1538 1082 1578 1113 de
1593 1082 1806 1126 Valkenburg

150 1130 298 1164 dominus
325 1134 437 1162 notum
463 1129 612 1171 facimus,
643 1129 729 1172 quod
759 1130 836 1162 licet
864 1131 948 1163 inter
977 1130 1192 1163 reverendum
1221 1135 1348 1173 patrem
1371 1132 1403 1163 in
1427 1131 1555 1164 Christo
1581 1144 1618 1165 ac
1643 1134 1809 1167 dominum

149 1185 293 1215 nostrum
317 1181 482 1215 dominum
497 1181 675 1214 Henricum
692 1181 919 1214 Ooloniensem
942 1182 1223 1225 archiepiscopum
1247 1186 1280 1215 et
1302 1194 1360 1214 nos
1383 1188 1576 1216 conventum
1593 1185 1699 1225 fuerit,
1724 1186 1811 1228 quod

106 1243 130 1263 u
149 1237 320 1276 postquam
347 1233 447 1266 frater
472 1236 582 1266 noster
609 1234 844 1276 preposituram
868 1235 1055 1276 Aquensem
1085 1235 1266 1277 resignaret
1292 1238 1326 1266 et
1354 1234 1483 1267 domino
1513 1235 1676 1268 Gerrardo
1707 1238 1811 1269 archi-

148 1285 283 1318 diacono
299 1285 492 1317 Treverensi
513 1285 624 1327 nepoti
648 1284 793 1318 eiusdem
816 1285 936 1318 domini
960 1286 1195 1328 archiepiscopi
1219 1285 1381 1328 provideri
1405 1288 1607 1329 contingeret
1623 1288 1664 1319 de
1685 1289 1812 1330 eadem,

147 1336 234 1379 quod
266 1336 491 1368 nichilominus
524 1335 706 1369 oblationes
738 1336 821 1368 infra
855 1337 1018 1369 civitatem
1054 1337 1241 1379 Aquensem
1275 1338 1375 1379 ipsius
1408 1340 1611 1380 prepositure
1649 1341 1815 1382 recepisse

147 1386 370 1420 debuissemus
398 1397 457 1429 per
483 1386 564 1419 duos
592 1397 692 1419 annos
722 1387 874 1430 quodque
901 1386 1066 1420 debuisset
1092 1388 1185 1420 nobis
1208 1399 1227 1420 a
1251 1399 1330 1431 rege
1355 1389 1461 1421 futuro
1486 1401 1690 1432 procurasse,
1726 1393 1812 1434 quod

146 1443 212 1471 tam
246 1438 302 1471 diu
334 1439 571 1481 preposituram
601 1438 740 1471 eandem
771 1438 918 1471 conferre
948 1440 1179 1482 potuissemus,
1214 1450 1312 1482 quam
1347 1440 1403 1472 diu
1438 1441 1580 1474 officium
1620 1443 1812 1476 scultetatus

102 1499 128 1520 ιο
145 1491 307 1533 Aquensis
335 1491 368 1522 in
396 1490 530 1532 pignore
560 1490 755 1522 haberemus
783 1490 825 1523 ab
855 1491 925 1533 ipso
955 1501 1047 1534 rege,
1113 1494 1224 1524 tamen
1252 1502 1294 1524 ex
1321 1494 1533 1525 conventione
1565 1495 1699 1536 speciali
1723 1500 1812 1537 post-

144 1541 276 1574 modum
298 1542 533 1574 interveniente
557 1542 601 1574 sic
624 1543 707 1574 inter
728 1542 833 1584 ipsum
858 1546 891 1574 et
913 1553 971 1574 nos
995 1546 1045 1574 est
1067 1542 1250 1575 condictum
1274 1547 1307 1575 et
1330 1548 1533 1586 conventum,
1558 1546 1644 1587 quod
1670 1546 1711 1578 de
1737 1558 1811 1589 pre-

143 1594 248 1626 missis
271 1593 395 1625 duobus
418 1593 570 1634 articulis,
598 1596 712 1635 utpote
740 1593 781 1625 de
809 1593 1026 1626 oblationibus
1050 1594 1187 1626 duorum
1211 1606 1367 1627 annorum
1391 1599 1424 1628 et
1447 1596 1488 1628 de
1512 1598 1717 1639 prepositura
1741 1600 1813 1640 ipsa

143 1645 279 1678 durante
307 1645 377 1687 ipso
407 1645 542 1687 pignore
569 1655 628 1687 per
655 1655 714 1677 nos
741 1645 952 1686 conferenda,
983 1657 1055 1678 cum
1086 1647 1147 1678 hoc
1177 1646 1217 1679 de
1249 1648 1317 1678 iure
1348 1650 1433 1679 stare
1463 1659 1526 1679 non
1554 1650 1672 1690 possit,
1703 1651 1812 1692 quoad

144 1696 374 1739 obligationem
409 1699 443 1728 et
474 1697 721 1739 promissionem
749 1696 842 1729 nobis
870 1697 911 1729 de
940 1697 1001 1729 hoc
1031 1697 1164 1739 factam,
1200 1699 1275 1740 quia
1305 1699 1336 1730 in
1371 1699 1442 1730 aliis
1474 1710 1558 1741 eque
1591 1702 1691 1741 gratis
1719 1702 1813 1734 nobis

101 1758 126 1779 κ
143 1748 328 1781 huiusmodi
354 1749 626 1791 recompensavit,
655 1749 779 1791 quitum
808 1747 944 1781 dicimus
967 1752 1000 1782 et
1023 1749 1212 1782 dimittimus
1235 1750 1340 1792 ipsum
1364 1751 1554 1793 simpliciter
1578 1756 1611 1783 et
1636 1751 1676 1784 de
1701 1753 1811 1795 plano.

144 1799 259 1832 Frater
281 1803 390 1832 tamen
412 1803 529 1840 noster,
553 1800 607 1842 qui
630 1799 672 1832 ad
696 1811 829 1843 presens
851 1801 956 1843 ipsam
978 1802 1217 1843 preposituram
1240 1805 1339 1843 tenet,
1363 1813 1426 1834 non
1450 1803 1510 1834 nisi
1527 1808 1717 1836 consecutus
1736 1816 1810 1847 pre-

144 1851 285 1884 bendam
307 1852 341 1884 in
363 1852 501 1884 ecclesia
522 1852 638 1884 maiori
653 1852 839 1885 Coloniensi
855 1853 906 1885 vel
930 1853 972 1885 ad
988 1857 1159 1886 vacantem
1182 1853 1303 1886 ibidem
1327 1865 1385 1886 seu
1402 1858 1588 1887 vacaturam
1606 1857 1811 1889 concorditer

143 1905 294 1945 receptus
305 1903 404 1935 fuerit
419 1906 453 1935 et
466 1904 527 1935 nisi
542 1903 650 1936 littere
664 1915 762 1946 super
773 1905 998 1937 commissione
1011 1905 1192 1937 collationis
1203 1907 1406 1948 prepositure
1420 1906 1516 1938 beate
1529 1907 1632 1939 Mai-ie
1648 1908 1810 1950 Aquensis

143 1954 186 1987 ad
208 1957 313 1987 certos
336 1965 446 1995 annos,
470 1954 511 1986 de
528 1954 643 1997 quibus
660 1958 710 1988 est
724 1959 927 1997 conventum,
950 1956 1043 1988 nobis
1058 1957 1208 1989 facienda
1225 1960 1259 1989 et
1274 1967 1372 1999 super
1387 1959 1653 1999 augmentatione
1670 1970 1810 2001 summe,

99 2016 126 2037 so
143 2017 201 2049 pro
224 2017 289 2049 qua
312 2006 454 2038 officium
476 2006 666 2039 scultetatus
689 2017 762 2040 cum
785 2008 849 2040 suis
872 2009 1050 2040 attinentiis
1073 2008 1166 2040 nobis
1190 2012 1239 2040 est
1262 2009 1456 2052 obligatum,
1481 2019 1554 2041 cum
1579 2013 1809 2052 prorogatione

142 2061 303 2091 certorum
326 2069 492 2099 annorum,
515 2057 598 2091 infra
621 2069 703 2101 quos
721 2069 785 2091 non
807 2059 995 2100 redimatur,
1018 2060 1112 2092 nobis
1135 2071 1155 2092 a
1177 2070 1256 2102 rege
1276 2061 1416 2093 creando
1433 2060 1553 2092 fuerint
1569 2062 1719 2104 sigillate,
1744 2074 1809 2094 non

141 2109 304 2142 tenebitur
332 2110 437 2152 ipsam
466 2111 704 2152 preposituram
730 2112 906 2154 resignare.
950 2112 1021 2144 Nec
1049 2112 1090 2144 de
1121 2113 1284 2154 perceptis
1307 2113 1359 2144 vel
1389 2112 1430 2144 de
1457 2113 1675 2154 percipiendis
1700 2115 1810 2146 medio

141 2164 288 2203 tempore
315 2161 490 2203 impetetur
515 2172 576 2194 nec
599 2173 619 2194 a
641 2162 772 2195 domino
799 2165 908 2195 nostro
932 2163 1194 2206 archiepiscop0¹·
1218 2163 1365 2206 predicto
1389 2174 1449 2196 nec
1473 2176 1493 2196 a
1516 2170 1636 2206 nepote
1663 2166 1809 2198 eiusdem

142 2213 358 2245 conveniatur.
393 2212 572 2255 Postquam
594 2214 693 2246 etiam
717 2214 824 2247 eidem
841 2214 881 2247 de
896 2215 967 2257 ipsa
982 2216 1187 2257 prepositura
1201 2216 1365 2258 provisum
1383 2215 1508 2256 fueritb,
1533 2216 1593 2248 sibi
1610 2217 1642 2248 in
1660 2217 1806 2249 eiusdem

98 2275 123 2295 οε,
141 2265 343 2306 prepositure
371 2267 404 2296 et
432 2265 548 2297 iurium
577 2265 719 2308 ipsorum
749 2267 951 2298 assecutione
979 2267 1114 2308 pacifica
1144 2271 1256 2299 contra
1283 2267 1499 2309 impedientes
1529 2278 1603 2299 eum
1627 2269 1659 2299 in
1683 2269 1808 2301 eisdem

142 2316 258 2348 nostris
283 2316 485 2358 promotione
516 2319 549 2348 et
576 2317 716 2349 consiliis
738 2318 938 2358 assistemus,
970 2317 1083 2350 fraude
1108 2322 1142 2350 et
1165 2318 1239 2350 dolo
1262 2319 1295 2350 in
1319 2319 1380 2350 hiis
1404 2319 1554 2350 exclusis.
1654 2320 1692 2351 In
1718 2322 1808 2352 cuius

141 2367 189 2399 rei
212 2368 430 2399 testimouium
458 2371 624 2409 presentes
650 2369 775 2401 litteras
798 2369 906 2401 eidem
930 2369 1060 2401 domino
1084 2374 1193 2402 nostro
1217 2370 1313 2412 sigilli
1337 2371 1437 2402 nostri
1460 2371 1635 2402 munimine
1660 2371 1809 2403 dedimus

144 2418 311 2460 sigillatas.

249 2470 292 2502 Et
317 2481 375 2502 nos
398 2469 559 2502 Henricus
581 2471 644 2503 Dei
671 2473 776 2514 gratia
803 2472 1064 2515 archiepiscopus
1093 2473 1230 2505 ecclesie
1254 2472 1455 2504 Coloniensis
1484 2474 1566 2504 sacri
1594 2474 1720 2514 imperii
1746 2484 1806 2515 per

97 2532 125 2552 «ιο
144 2520 288 2553 Ytaliam
310 2521 610 2554 archicancellarius
633 2523 821 2564 profitemur
844 2525 1001 2566 premissa
1017 2535 1094 2557 vera
1118 2529 1151 2556 et
1173 2526 1219 2556 sic
1242 2529 1315 2556 acta
1338 2535 1420 2565 esse,
1443 2525 1582 2566 sigillum
1606 2529 1750 2556 nostrum
1774 2526 1805 2557 in

144 2583 255 2605 eorum
281 2573 476 2606 evidentiam
499 2574 561 2606 hiis
582 2574 700 2606 litteris
721 2576 926 2618 apponendo.

251 2623 371 2656 Datum
394 2635 477 2657 anno
498 2625 628 2657 Domini
644 2625 761 2659 MOOO
785 2627 1039 2669 quartodecimo,
1064 2628 1145 2659 seria
1169 2631 1282 2670 quarta
1306 2632 1378 2669 post
1395 2628 1509 2660 festum
1526 2628 1695 2659 beatorum
1714 2628 1804 2659 Petri

144 2678 177 2707 et
199 2675 294 2707 Pauli
317 2676 548 2718 apostolorum.

247 2750 296 2779 45.
324 2753 348 2785 “)
367 2762 382 2779 c
399 2762 466 2779 corr.
480 2762 511 2780 ex
525 2755 541 2779 h
560 2763 598 2780 or.
688 2754 712 2788 b)
731 2756 845 2788 nequitur
862 2757 936 2782 delet.
955 2757 986 2782 de
1004 2757 1095 2782 eadem
1114 2766 1152 2782 or.
