2124 3132
569 214 788 243 TRAc'rA'rus
806 215 853 242 DE
871 214 1084 244 ELEc'rlouu.
1122 217 1198 246 1314.
1234 217 1282 246 Νι.
1294 219 1336 246 85.
1354 218 1398 247 86,
1768 227 1807 257 37

155 347 217 386 35.
257 347 462 384 Protestaao
488 347 736 393 archiepiscopi
762 346 978 384 Coloniam&
1005 352 1036 384 et
1058 349 1202 394 Rudolfi'
1227 351 1363 387 comitis
1382 351 1545 388 Palatini.
1642 353 1734 391 Mai.
1750 357 1808 390 12.

264 418 426 463 Om'qinale
448 420 525 465 (or.)
551 421 592 453 in
614 419 775 453 tubalea-io
805 421 889 462 reyv‘o
918 420 1198 463 Dusseldmriensi
1224 423 1384 457 ‘Karkan
1406 435 1456 459 nr.
1472 427 1554 459 501‘.
1611 426 1809 461 Gnutulimus

152 483 219 506 nos.
263 471 386 505 Pendet
406 470 508 506 scham
529 470 667 514 millum
691 470 824 512 Rudolfi
845 472 936 505 valde
964 473 1084 507 laesum
1113 474 1178 507 loro
1201 476 1442 508 membranaceo,
1475 495 1515 501 —
1546 477 1607 510 Ed.
1631 479 1809 512 Lacomblaet

154 523 176 557 1.
193 535 219 557 c.
235 523 306 563 III,
329 524 372 556 97
392 534 442 557 nr.
462 524 525 556 131
547 524 601 565 ex(
610 531 656 556 or.

121 594 135 616 ι
164 638 165 641 ¹
259 582 406 633 Bdhmer,
430 583 506 625 Req.
531 583 646 616 Ludw.
663 594 701 624 p.
716 583 781 615 236
803 595 853 616 nr.
871 585 921 618 15.
967 584 1119 626 Reqesten
1140 586 1197 619 der
1219 586 1427 628 Psalzqrasen
1449 599 1499 620 nr.
1518 591 1610 623 1733.

260 678 425 712 Universis
447 681 616 721 presentes
639 677 764 710 litteras
786 678 979 720 inspecturis
1001 691 1059 712 nos
1075 679 1246 712 Heinricus
1262 681 1323 714 Dei
1346 681 1455 724 gracia
1477 688 1586 716 sancte
1609 683 1809 717 Coloniensis

152 730 289 770 ecclesie
313 729 574 773 archiepiscopus
596 730 678 762 sacri
702 729 830 772 imperii
846 740 905 772 per
919 730 1063 763 Ytaliam
1081 732 1380 764 archicancellarius
1396 738 1429 765 et
1444 744 1502 765 nos
1517 734 1677 767 Rudolfus
1693 736 1809 769 eadem

136 783 263 827 gracia
285 792 395 815 comes
417 781 579 824 palatinus
601 779 685 813 Reni
708 780 775 813 dux
791 781 939 814 Bawarie
963 785 1074 814 notum
1098 783 1242 823 facimus,
1267 784 1352 826 quod
1377 783 1417 815 ad
1442 785 1577 817 invicem
1601 791 1711 818 mutuo
1735 798 1809 829 pro-

151 833 308 868 mittimus
330 832 413 866 alter
434 835 579 865 nostrum
603 831 697 864 alteri
719 831 784 864 fide
807 834 943 875 prestita
966 833 1135 876 corporali,
1160 834 1245 876 quod
1268 835 1373 866 nullus
1396 839 1536 868 nostrum
1561 836 1591 868 in
1613 837 1672 869 hac
1688 838 1808 870 Roma-

109 897 135 919 ιο
153 897 265 935 uorum
301 885 394 928 regni
420 885 593 917 vacacione
629 894 671 916 ex
704 887 807 916 morte
843 884 964 917 domini
993 885 1139 918 Heinrici
1171 884 1389 918 Romanorum
1422 887 1624 929 imperatoris
1654 888 1808 922 illustrem

152 937 331 981 principem
358 935 521 985 dominum
545 935 724 968 Iohannem
752 945 863 977 regem
887 935 1046 969 Bohemie
1074 936 1106 968 in
1135 947 1246 979 regem
1270 937 1370 979 eliget
1392 949 1448 970 seu
1472 939 1503 970 in
1527 950 1599 971 eum
1623 939 1807 982 eligendum

152 989 345 1029 conseneiet,
362 996 440 1020 ‘cum
455 987 674 1020 'verisimiliter
695 991 828 1030 propter
851 987 1014 1020 defectum
1038 989 1133 1020 etatis
1156 999 1251 1030 quem
1275 990 1395 1031 patitur
1415 990 1535 1022 eleccio
1552 991 1583 1022 in
1600 1003 1736 1033 persona
1751 1003 1808 1024 sua

151 1039 348 1074 celebranda
378 1039 420 1072 de
449 1040 519 1072 iure
550 1040 668 1071 cassari
699 1043 811 1081 posset
837 1043 870 1071 et
897 1040 942 1071 sic
971 1050 1030 1082 per
1056 1050 1255 1082 consequens
1284 1040 1333 1072 ius
1360 1045 1502 1073 nostrum
1530 1042 1669 1084 eligendi
1698 1054 1807 1085 regem

151 1091 370 1125 Romanorum
402 1091 612 1134 perderemus
640 1091 703 1123 ista
731 1091 835 1132 vice-¹,
870 1090 911 1122 ad
946 1090 1033 1133 quod
1062 1091 1245 1123 evitandum
1277 1092 1540 1124 concordavimus
1572 1094 1603 1125 in
1635 1094 1807 1136 premissis.

108 1155 134 1178 u
150 1143 224 1194 Nos
242 1144 345 1176 eciam
367 1142 629 1185 archiepiscopus
653 1141 854 1174 Ooloniensis
880 1142 1045 1184 predictus
1069 1142 1283 1184 promittimus
1307 1142 1436 1175 domino
1461 1143 1548 1184 duci,
1573 1145 1658 1187 quod
1682 1146 1709 1177 si
1732 1157 1807 1178 con-

149 1194 254 1238 tingat
279 1205 339 1227 nos
356 1194 464 1226 'alium
490 1203 602 1236 regem
633 1193 756 1235 eligere
785 1203 881 1236 quam
909 1193 1065 1227 illustrem
1095 1194 1273 1236 principem
1302 1194 1417 1226 ducem
1441 1196 1584 1236 Austrie,
1615 1196 1700 1238 quod
1725 1197 1807 1228 bonu

149 1247 214 1280 fide
237 1246 280 1279 ad
302 1246 365 1279 hoc
387 1244 617 1286 laborabimus,
640 1248 677 1277 ut
700 1244 815 1276 eadem
840 1248 906 1277 tam
930 1254 988 1287 pro
1012 1245 1163 1288 expensis
1186 1245 1250 1277 suis
1273 1255 1369 1288 quam
1386 1246 1468 1287 aliis,
1491 1257 1554 1288 que
1570 1257 1628 1289 pro
1644 1257 1679 1280 se
1695 1248 1808 1290 petivit

149 1298 234 1340 fieri,
266 1297 354 1331 idem
381 1297 447 1330 dux
474 1296 517 1329 ab
545 1297 615 1339 ipso
638 1295 806 1328 Friderico
834 1301 867 1328 et
894 1306 956 1338 que
983 1298 1053 1339 ipse
1077 1295 1260 1329 Fridericus
1287 1297 1392 1329 eidem
1420 1297 1534 1330 fecisse
1557 1298 1734 1339 debuisset,
1765 1299 1806 1331 ab

151 1351 215 1384 alio
242 1361 302 1393 per
327 1361 386 1382 nos
414 1350 446 1382 in
474 1359 585 1392 regem
615 1348 766 1390 eligendo
796 1348 893 1380 modo
921 1349 1014 1381 simili
1044 1352 1258 1391 consequatur
1280 1349 1454 1381 secundum
1478 1349 1654 1382 litterarum
1679 1361 1805 1382 suarum

108 1414 135 1437 so
152 1402 400 1443 continenciam‚
431 1410 510 1443 quas
532 1410 630 1442 super
651 1399 713 1432 hoc
736 1400 837 1432 habet
859 1411 878 1432 a
902 1401 983 1433 duce
1006 1402 1136 1433 Austris
1159 1400 1343 1443 supradicto
1353 1401 1374 1432 ¹.
1419 1401 1470 1432 Ita
1493 1405 1599 1433 tamen
1624 1401 1709 1444 quod
1733 1406 1806 1433 ante

130 1450 571 1487 ·-oslebrstam·cleccionem
595 1450 655 1484 sibi
679 1462 778 1494 super
800 1452 860 1484 hoc
883 1452 1044 1485 sufficiens
1067 1453 1178 1484 eaueio
1204 1452 1378 1494 prebeatur
1401 1453 1512 1485 fraude
1537 1457 1570 1485 et
1594 1451 1668 1484 dolo
1691 1453 1722 1484 in
1746 1452 1806 1484 hiis

151 1500 339 1555 exclusis.‘'
393 1504 432 1536 In
464 1504 553 1536 cuius
585 1504 634 1536 rei
663 1504 881 1536 testimonium
913 1514 972 1535 nos
1001 1503 1172 1536 Heinricus
1202 1503 1462 1546 archiepiscopus
1492 1508 1525 1536 et
1554 1504 1713 1536 Rudolfus
1743 1504 1806 1536 dux

150 1555 289 1600 predicti
310 1556 418 1599 sigilla
438 1558 548 1588 nostra
572 1555 722 1587 duximus
745 1554 950 1597 presentibus
973 1554 1176 1597 apponenda.

209 1604 380 1640 Datum
413 1608 447 1639 in
477 1607 679 1648 Bacharaco‚
714 1605 767 1638 die
798 1606 968 1638 Dominica
1002 1610 1076 1638 ante
1111 1606 1331 1638 ascensionem
1366 1606 1510 1647 Domini,
1545 1617 1628 1639 anno
1662 1607 1806 1639 eiusdem

104 1672 132 1695 ss
150 1657 322 1693 millesimo
335 1659 573 1692 trecentesimo
596 1658 852 1701 quartodecimo.

393 1815 445 1845 36.
469 1815 520 1846 37.
555 1810 910 1845 PROCURATORIA
933 1809 1209 1843 ELEOTORUM
1233 1810 1560 1843 SAECULARIUM.

431 1883 432 1886 ¹
452 1884 454 1888 ¹
904 1871 979 1904 Mai.
999 1874 1048 1903 15.

346 1976 443 2015 36.
482 1976 770 2014 Procuraton'wm
795 1977 942 2022 Rudolft
968 1977 1097 2013 comitis
1125 1975 1291 2011 Palatini.
1397 1973 1490 2009 Mai.
1510 1975 1568 2009 15.

260 2051 438 2094 Oriqinale
446 2054 463 2090 1,
487 2052 524 2084 in
546 2051 704 2084 tabulario
725 2061 870 2084 caesareo
900 2050 1144 2086 Vindobonensi.
1193 2048 1392 2082 Cmttulimus
1413 2058 1480 2080 nos.
1524 2047 1644 2079 Pendet
1665 2046 1804 2088 siqillum

103 2110 132 2132 ⁸⁰
148 2091 275 2148 laeam
298 2102 364 2138 loro
392 2103 637 2142 membranaceo.
696 2103 740 2136 1η
769 2113 856 2136 verso
885 2102 1016 2143 legitur:
1050 2101 1093 2134 ad
1123 2101 1325 2134 electionem
1401 2099 1686 2141 procui-(storiam)
1714 2098 1804 2131 ducis

142 2155 431 2248 Βανφέἰιζιηαζε
449 2208 468 2238 2
498 2206 534 2238 in
564 2205 722 2239 tabulario
751 2204 891 2246 yenerale‘
923 2205 1012 2246 φερνή
1042 2203 1206 2238 Βαιυανίεἰ
1239 2202 1418 2243 ‘Sponheim
1450 2201 1642 2243 Grafschast
1668 2201 1749 2241 fasc.
1771 2201 1802 2232 1’

138 2237 200 2303 Δκν.
204 2258 305 2302 ,20⁶⁰
333 2257 587 2301 Desprq‘psimus
608 2268 674 2294 nos.
719 2256 866 2299 Sigillum
887 2256 981 2295 deest,
1003 2255 1080 2289 loris
1102 2253 1346 2288 membranaceis
1367 2253 1494 2286 relictis.

257 2319 400 2357 Be‘hmer,
424 2318 765 2359 Rey.1;udw.p.236
788 2315 1019 2349 Reichssachen
1033 2326 1083 2348 nr.
1097 2317 1148 2348 16.
1187 2314 1338 2355 Royesten
1352 2314 1409 2346 der
1424 2313 1632 2356 Psalsyrnfen
1643 2323 1695 2345 nr.
1708 2313 1802 2344 1734.

102 2425 130 2447 ss
255 2413 413 2446 Noverint
435 2413 576 2445 universi
599 2422 733 2454 quorum
758 2412 893 2443 interest
915 2410 966 2443 vel
990 2410 1043 2453 qui
1067 2421 1124 2441 sua
1147 2409 1341 2442 crediderint
1364 2409 1530 2447 interesse,
1553 2407 1638 2449 quod
1658 2417 1728 2438 cum
1746 2417 1803 2438 nos

147 2464 308 2498 Rudolfus
341 2464 404 2497 Dei
438 2466 543 2508 gratia
577 2475 685 2496 comes
719 2463 879 2506 palatinus
912 2461 996 2494 Reni
1027 2461 1092 2493 dux
1123 2461 1270 2493 Bawarie
1301 2459 1491 2491 tractatibus
1519 2457 1678 2490 habendis
1707 2468 1803 2500 super

147 2515 311 2550 eleccione
348 2516 448 2548 futuri
484 2516 571 2558 regis
609 2526 671 2558 que
705 2525 795 2547 nunc>
821 2513 976 2546 incumbit
1010 2514 1114 2545 causis
1155 2512 1344 2544 necessariis
1377 2514 1410 2542 et
1443 2510 1609 2552 legitfimis
1643 2509 1801 2551 prepediti

147 2577 347 2610 nequeamus
369 2567 582 2610 personaliter
605 2567 771 2608 interesse,
795 2565 1008 2598 reverendum
1033 2565 1063 2595 in
1081 2563 1229 2595 Christo·
1252 2567 1377 2605 patrem
1399 2566 1432 2593 et
1447 2561 1609 2593 dominum
1626 2560 1800 2592 Iohannem

147 2619 365 2652 venerabilem
390 2619 577 2661 episcopum
601 2618 738 2650 ecclesie
761 2617 1017 2659 Argentinensis‚
1041 2614 1219 2647 Iohannem
1243 2614 1283 2646 de
1308 2613 1482 2655 Spanheim
1507 2616 1539 2644 et
1562 2612 1736 2643 Iohannem
1760 2611 1800 2642 de

102 2670 304 2704 soNazzawe
335 2670 528 2713 spectabiles
559 2671 694 2702 comites
724 2680 765 2701 ex
797 2672 886 2701 certa
914 2667 1052 2699 sciencia
1080 2670 1204 2698 nostros
1232 2666 1366 2697 facimus
1394 2670 1426 2696 et
1454 2664 1637 2695 ordinamus
1666 2667 1698 2694 ot
1725 2673 1799 2693 con-

250 2773 297 2801 86.
326 2774 350 2806 ⁸)
368 2775 439 2800 XPm
458 2773 483 2799 2.

253 2843 278 2876 1)
297 2841 338 2876 G'f.
357 2842 388 2870 J.
401 2840 530 2869 Riesack
547 2841 608 2869 ‘Die
628 2838 819 2874 Reichspolitik
837 2837 882 2864 des
901 2837 1073 2872 Erebischofs
1092 2835 1213 2863 Bataui„
1232 2843 1281 2862 von
1304 2834 1386 2861 ffler'
1403 2843 1431 2868 p.
1445 2838 1477 2860 22
1495 2836 1549 2860 noc.
1562 2838 1586 2860 2.
