2184 3126
434 170 531 199 ACTA
550 164 664 199 REGNI
681 170 867 199 LUDEWICI
888 170 933 198 lv.
953 170 999 198 ET
1017 170 1202 199 mmmmm
1221 171 1270 199 111.
1308 172 1383 199 1324.
1420 171 1468 209 Nr.
1481 172 1541 200 846.
1558 173 1618 201 847.
1798 177 1863 208 669
1915 216 1919 219 ι

425 320 517 357 846.·
554 320 710 358 Litterae
736 323 784 358 acl
810 321 1024 367 Liupoldum
1051 321 1170 357 (lucem
1199 320 1373 360 Austriae.
1483 321 1562 357 Ian.
1583 324 1638 358 19.

310 398 409 440 Copia
437 398 492 441 (c.)
519 398 634 431 ibidem
666 402 737 432 tom,
756 401 868 432 11211
891 399 946 440 fol.
967 400 1018 432 74¹
1046 410 1097 432 nr.
1118 399 1191 432 904.
1240 400 1440 434 Contulimus
1460 411 1528 434 nos.
1580 401 1642 434 Est
1676 402 1860 442 inscriptio:

199 450 328 483 Dilecto
355 450 420 482 filio
449 450 550 482 nobili
578 451 645 483 viro
672 450 836 494 Lippoldo
863 451 936 484 duci
960 452 1101 484 Austrie.
1136 471 1178 475 —
1212 451 1275 484 Ed.
1299 451 1588 495 ‘oberbayerisches
1608 453 1738 486 Archiv'
1761 454 1793 492 Ι,
1817 456 1859 484 658

198 511 249 533 m.
265 502 308 533 33
329 511 369 534 ex
391 512 418 535 c.

169 573 180 592 s
308 560 456 599 Bohmer,
479 561 556 602 Rey.
580 561 695 595 Ludw.
715 573 749 603 p.
767 563 829 595 305
853 562 968 596 Pctbste
989 574 1039 596 nr.
1055 565 1129 595 211.

303 655 562 698 Magnificentie·
578 659 631 688 tue
649 657 782 689 nuncios
798 668 899 700 nuper
914 657 956 690 ad
971 661 1114 690 nostram
1130 660 1326 700 presentiam
1339 661 1506 693 venientes
1522 660 1663 703 benigne
1677 661 1858 703 recepimu„

196 709 231 740 ot
253 717 316 749 que
339 706 510 740 voluerunt
532 717 640 740 coram
664 708 756 740 nobis
779 719 973 751 proponere,
1001 708 1140 742 libenter
1161 709 1344 743 audivimus
1371 715 1404 743 et
1431 712 1651 745 intelleximus
1674 712 1857 755 diligenter.

195 757 280 791 Sane
303 758 399 791 certis
422 768 464 790 ex
487 759 591 791 causis
614 759 646 791 in
662 760 919 792 consideratione
936 760 1094 801 deductis,
1119 772 1199 803 quas
1215 761 1314 794 iidem
1330 764 1437 795 nuncii
1458 763 1515 795 tibi
1539 763 1672 796 refferre
1696 767 1857 806 poterunt,

194 820 253 842 nos
275 809 308 842 in
330 810 566 852 presentiarum
590 821 649 843 nec
673 812 733 843 fuit
756 811 935 854 expediens
962 822 1022 845 nec
1050 812 1159 845 decuit
1187 813 1366 846 concedere
1394 825 1454 847 nec
1482 814 1655 848 admittere
1683 815 1856 858 postulata.

154 867 179 888 ιο
198 860 303 903 Super
319 871 383 903 quo
400 865 456 893 tua
472 872 530 894 nos
546 862 667 894 habeat
682 862 834 895 nobilitas
849 868 1030 896 excusatos.
1069 863 1175 907 Super
1191 866 1252 897 hiis
1269 866 1366 898 etiam
1384 867 1567 898 carissimus
1582 868 1613 898 in
1631 867 1758 899 Christo
1773 867 1857 899 filius

195 915 306 945 noster
319 912 482 946 Robertus
506 924 563 946 rex
579 913 688 946 Sicilie
712 914 844 947 illustris
867 918 923 948 tue
939 915 1099 948 nobilitati
1122 916 1233 949 scribit
1255 917 1382 959 plenius
1405 928 1464 959 per
1479 918 1613 950 nuncios
1628 922 1825 951 memoratos
1835 920 1854 950 ¹.

303 973 424 1006 Datum
448 974 618 1014 Avinione,
642 974 754 1007 XIIII.
778 975 852 1008 Kal.
876 975 1068 1019 Febr0[a]r.‚
1091 987 1175 1009 anno
1199 981 1324 1010 octavo.

195 1212 434 1259 847—849.
468 1211 987 1260 PUBLICATIONES
1015 1214 1459 1262 PROCESSUUM
1485 1215 1854 1265 PONTIFICIS

584 1280 661 1327 IN
689 1281 1005 1329 DIOECESI
1032 1282 1470 1330 TRIDENTINA.

151 1377 174 1398 a
742 1362 850 1400 1324.
886 1363 963 1400 Ian.
985 1363 1226 1401 21.—Febr.
1252 1364 1308 1402 12.

414 1489 502 1527 847.
543 1490 736 1527 Publicalio
763 1491 800 1526 in
827 1490 970 1527 ecclesia
1000 1491 1124 1527 maiori
1155 1491 1373 1529 Tridentino.
1477 1493 1557 1529 Ian.
1577 1496 1637 1530 21.

315 1566 478 1608 Oriyinale
501 1567 574 1610 (or.)
603 1569 638 1600 in
659 1568 818 1601 tabulario
848 1568 1003 1602 Vaticano
1030 1570 1172 1603 ‘Arnum
1200 1569 1229 1603 Ο
1246 1570 1325 1610 fasc.
1350 1572 1392 1603 56
1413 1582 1464 1604 nr.
1479 1572 1515 1603 2'
1538 1573 1708 1613 siqnatum.
1735 1574 1853 1606 Omitte-

193 1617 288 1650 limus
303 1617 350 1650 vel
365 1618 590 1660 descripsimus
603 1630 670 1652 nos.
694 1638 734 1643 -
759 1619 971 1653 Decurtatum
986 1621 1033 1653 ed.
1051 1621 1339 1663 ‘Oberbayerisches
1354 1623 1487 1655 Archiv'
1503 1623 1531 1662 I,
1550 1625 1611 1655 101
1631 1635 1681 1657 ην.
1695 1625 1736 1656 75
1751 1635 1791 1657 ex
1806 1635 1852 1657 or.

301 1677 378 1719 Req.
394 1678 520 1712 Rieaeler
535 1679 701 1712 ‘Vatikam
719 1680 837 1713 Akten’
855 1682 972 1721 p.173
993 1691 1043 1714 nr.
1060 1684 1140 1721 348,·
1162 1682 1280 1714 Mouat
1303 1682 1434 1715 ‘Lettres
1448 1674 1640 1717 communes’
1662 1695 1712 1717 nr.
1728 1686 1851 1717 20423.

151 1751 177 1772 so
306 1738 355 1778 Cf.
374 1738 622 1783 publicationem
648 1739 782 1772 similem
809 1751 840 1774 a.
866 1741 959 1773 1323.
989 1740 1066 1774 Dec.
1084 1743 1104 1773 6
1130 1742 1246 1775 ibidem
1271 1743 1392 1783 factam
1419 1743 1539 1776 Mollat
1566 1743 1586 1776 l.
1609 1755 1635 1776 c.
1657 1755 1707 1776 nr.
1731 1745 1852 1782 20416,

194 1798 290 1829 quam
313 1790 378 1822 iam
400 1791 581 1823 notavimus
602 1801 703 1831 supra
720 1802 795 1832 paq.
813 1793 876 1823 660
899 1791 954 1826 lin.
973 1793 1013 1824 15
1024 1803 1070 1834 sq.

298 1883 336 1916 In
359 1884 479 1917 Christi
502 1886 630 1917 nomine
654 1886 769 1918 Amen.

298 1935 484 1968 Nativitatis
522 1936 666 1969 eiusdem
704 1948 788 1970 anno
824 1938 995 1971 millesimo
1029 1940 1257 1972 trecentesimo
1292 1941 1464 1983 vigessimo
1502 1945 1634 1984 quarto,
1677 1941 1851 1973 indictione

191 1988 338 2029 septima,
362 1987 415 2020 die
432 1987 566 2020 Sabbati
590 1990 762 2031 vigessimo
779 1991 882 2032 primo
897 1990 1048 2029 Ianuarii,
1063 1991 1209 2024 Tridenti
1232 1993 1263 2024 in
1281 1993 1419 2025 ecclesia
1441 1993 1631 2034 cathedrali,
1649 1993 1851 2036 presentibus

148 2047 174 2068 u
194 2041 228 2070 et
257 2038 379 2071 ibidem
414 2041 599 2072 convocatis
629 2045 662 2073 et
691 2043 897 2084 congregatis
924 2043 1108 2085 specialiter
1135 2043 1176 2075 ad
1204 2044 1408 2086 infrascripta
1431 2045 1472 2077 ad
1495 2056 1608 2077 sonum
1632 2056 1789 2088 campane
1812 2056 1850 2078 ac

189 2100 270 2122 voce
299 2092 454 2133 preconia
483 2096 550 2123 tam
578 2092 736 2134 religiosis
764 2096 796 2126 et
824 2094 1050 2126 ecclesiasticis
1077 2105 1172 2137 quarn
1201 2095 1273 2127 aliis
1299 2097 1498 2129 secularibus
1526 2097 1672 2139 personis
1698 2097 1851 2129 videlicet

189 2141 274 2174 inter
296 2142 377 2175 alias
400 2153 554 2186 personas
577 2144 737 2186 religiosis
761 2149 793 2177 et
816 2145 987 2188 fidedignis
1009 2157 1046 2178 ac
1072 2147 1310 2179 venerabilibus
1333 2148 1407 2180 viris
1434 2148 1586 2180 fratribus
1607 2148 1707 2180 Petro
1731 2148 1849 2181 abbate

188 2194 375 2226 monasterii
407 2194 516 2227 Sancti
544 2195 711 2228 Laurentii
739 2197 839 2228 sancti
863 2196 1048 2236 Benedicti,
1078 2197 1196 2230 Iacobo
1226 2198 1266 2231 de
1292 2199 1441 2232 Bononia
1469 2201 1590 2242 priore,
1624 2200 1777 2233 Gabriele
1808 2201 1848 2232 dc

193 2243 326 2277 Verona
348 2245 528 2288 subpriore,
543 2247 783 2289 Bonaventura,
799 2248 949 2280 Nicolino
972 2252 1005 2281 et
1020 2250 1201 2292 Augustino
1226 2250 1266 2282 de
1283 2250 1437 2283 Tridento
1454 2255 1487 2283 et
1498 2251 1643 2284 Iohanne
1659 2251 1701 2284 de
1717 2252 1849 2284 Verona

146 2302 174 2323 ⁸⁰
192 2296 455 2329 conventualibus
477 2298 734 2341 Predicatorum,
758 2299 909 2332 fratribus
933 2300 1143 2334 Constantino
1167 2301 1208 2334 de
1231 2301 1407 2334 Monticulo
1429 2303 1623 2345 guardiano,
1647 2303 1783 2336 Nicolao
1807 2304 1847 2335 de

191 2347 360 2388 Mant(ua),
384 2349 527 2382 Adriano
551 2350 592 2383 de
615 2350 788 2384 Roveredo
813 2356 845 2384 et
867 2351 1007 2384 Martino
1031 2353 1072 2385 de
1089 2353 1208 2385 Tolosa
1231 2354 1495 2387 conventualibus
1518 2355 1678 2387 Minorum
1701 2355 1846 2387 ordinum

189 2401 224 2430 et
251 2403 464 2432 conventuum
497 2412 599 2444 prope
622 2402 830 2444 Tridentum,
867 2403 1017 2436 fratribus
1045 2404 1199 2437 Gabriele
1228 2405 1270 2437 de
1293 2405 1438 2438 Tervisio
1470 2407 1594 2449 priore,
1625 2407 1847 2449 Partholopeo

194 2449 235 2482 de
259 2450 391 2484 Verona
413 2452 545 2494 lectore,
569 2453 705 2486 Alberto
729 2454 770 2487 de
793 2454 987 2497 Allemania‚
1011 2455 1152 2498 Symone
1176 2456 1216 2488 de
1233 2456 1354 2500 Feltro,
1376 2457 1635 2500 Barthossomeo)
1659 2459 1700 2491 de
1716 2459 1847 2491 Verona

191 2505 225 2534 et
248 2501 436 2536 Franscisco
466 2503 508 2536 de
530 2504 662 2544 Bocano
689 2507 953 2539 conventualibus
985 2512 1161 2541 conventus
1183 2508 1439 2542 Heremittarum
1469 2509 1511 2542 de
1539 2510 1695 2543 Tridento
1722 2520 1846 2542 necnon

144 2558 172 2578 δῦ
191 2552 434 2587 honorabilibus
456 2555 532 2588 viris
554 2556 691 2589 dominis
714 2557 860 2590 Gerardo
885 2558 925 2591 de
942 2558 1086 2602 Surburg
1109 2560 1345 2602 archidiacono,
1368 2561 1505 2594 Nicolao
1528 2562 1570 2594 de
1586 2561 1725 2594 Miksina
1742 2563 1845 2595 scola-

189 2605 280 2646 stico,
314 2605 457 2638 Henrico
491 2606 578 2639 dicto
613 2608 764 2651 Agnello‚
800 2608 946 2642 Gerardo
980 2611 1021 2643 de
1053 2611 1200 2644 Bononia
1234 2615 1268 2644 et
1302 2612 1445 2646 Iohanne
1476 2613 1517 2645 de
1546 2613 1657 2646 Brixia
1685 2615 1847 2646 canonicis

291 2707 358 2736 84⁶.
385 2709 409 2742 ι)
428 2711 498 2744 regie
515 2710 577 2736 add.
597 2719 618 2737 c.

295 2786 322 2819 1)
344 2785 420 2820 Quae
439 2786 543 2814 litterae
560 2790 678 2815 sen-atae
697 2797 751 2815 non
770 2792 842 2817 stant.
