2184 3126
441 166 538 195 ACTA
558 165 671 194 REGNI
691 164 876 194 LUDEWICI
895 164 942 193 1v.
960 163 1006 192 ΕΤ
1026 163 1211 192 FRIDERICI
1230 163 1279 192 111.
1318 164 1392 192 1324.
1430 163 1477 191 Nr.
1491 163 1550 191 835.
1569 163 1628 191 836.
1799 166 1862 196 655

206 254 363 295 eiusdem,
386 253 468 286 infra
492 264 572 297 quos
595 253 762 286 certificari
786 252 954 295 possimus,
977 250 1055 294 quid
1078 260 1137 293 per
1159 250 1298 283 eundem
1315 251 1400 283 circa
1415 250 1572 293 premissa
1595 250 1740 282 extiterit
1763 250 1864 282 refor-

206 309 339 339 matum.
385 305 450 338 Per
472 305 534 338 hoc
556 308 666 337 tamen
688 308 780 337 non¹²¹
803 303 950 335 volumus
976 312 1036 335 nec
1058 301 1254 335 intendimus
1276 313 1335 334 nos
1361 301 1566 344 aliquatenus
1589 300 1765 343 obligarem
1788 302 1865 343 quin

207 358 305 390 etiam
329 356 507 390 eorundem
530 356 665 389 duorum
693 355 851 388 mensium
879 354 1041 397 pendente
1067 354 1204 386 termino
1232 353 1274 386 ad
1302 354 1571 396 aggravationes⁰
1594 352 1671 385 dicti
1696 362 1865 395 processus

208 412 241 442 et
263 409 363 441 uliasv
386 409 544 451 possimus
567 407 745 450 procedere
769 410 880 439 contra
902 406 1022 448 ipsum,
1050 406 1077 437 si
1104 408 1138 438 et
1165 408 1260 448 prout
1282 405 1375 438 nobis
1398 416 1456 448 pro
1480 405 1725 438 conservatione
1749 404 1864 436 iurium

175 472 187 492 s
208 464 241 493 et
263 460 393 493 honoris
416 459 561 493 eiusdem
586 458 722 491 ecclesie
746 458 920 491 viderimus
944 456 1109 500 expedire.

519 688 595 725 836.
629 686 902 726 LUDEWICI
925 685 1264 724 APPELLATIO
1288 686 1555 725 SECUNDA.

899 755 1007 792 1324.
1048 755 1126 793 Ian.
1148 755 1182 792 5.

318 856 418 897 Copia
439 865 552 888 coaeva
575 855 632 899 (c.)
658 855 695 886 in
716 853 916 886 bibliothecae
937 853 1135 886 Parieiensis
1163 854 1227 887 cod.
1251 855 1306 887 lat.
1329 855 1418 886 4113
1439 855 1529 895 (olim
1555 854 1685 887 Colbert.
1709 856 1788 896 753)
1809 854 1865 894 sol.

207 909 356 941 31-32¹.
394 907 559 940 Praecedit
580 906 730 939 rubrum.-
757 905 830 938 Hec
859 907 910 939 est
926 905 1108 948 appellacio
1131 905 1187 938 «iffi
1206 906 1288 938 Lod.
1312 908 1341 938 et
1367 916 1467 938 manu
1489 906 1590 938 altera
1613 910 1724 939 contra
1747 917 1865 949 papam

165 969 190 989 ιο
208 959 397 1001 Iohannem,
421 960 554 1000 itemque
573 967 673 990 manu
688 957 860 998 posteriori
881 967 941 1000 pro
963 967 1028 989 una
1046 957 1129 989 libra
1143 957 1231 990 Hall.
1276 957 1326 991 De
1345 957 1444 990 huius
1466 958 1583 991 codicis
1604 958 1709 990 indole
1722 969 1750 990 v.
1766 969 1867 999 supra

209 1014 280 1044 tom.
297 1011 359 1050 IV,
380 1013 403 1044 2
423 1011 468 1043 ad
491 1020 541 1042 nr.
559 1010 642 1041 1251
665 1010 800 1050 itemque
822 1008 1064 1051 Praefationem
1085 1009 1218 1041 editioni
1238 1011 1366 1042 nostrae
1387 1019 1488 1050 supra
1509 1010 1554 1042 ad
1575 1020 1625 1042 nr.
1642 1009 1706 1041 824
1728 1010 1865 1042 citatae¹

209 1063 364 1096 adiectam
382 1073 416 1104 p.
431 1064 453 1094 3
474 1072 539 1103 sqq.
584 1060 767 1093 Editionem
788 1060 840 1092 hic
861 1060 1046 1100 repetimus;
1067 1071 1095 1092 v.
1119 1060 1261 1094 tabulam
1283 1061 1312 1094 1.
1336 1061 1357 1094 l.
1373 1071 1398 1093 c.
1421 1061 1566 1093 additam
1588 1062 1646 1102 (=
1661 1061 1717 1100 fol.
1733 1062 1812 1104 32¹).

316 1122 566 1165 Appellationem
594 1120 678 1153 hamc
703 1120 891 1159 secundam,
922 1120 1016 1152 cuiue
1041 1120 1172 1153 initium
1198 1120 1244 1153 ad
1269 1121 1396 1153 modum
1421 1122 1544 1160 formae
1569 1122 1732 1154 redactum
1760 1123 1818 1159 est,
1845 1131 1867 1152 a

208 1175 312 1207 scriba
338 1174 475 1216 quodam
503 1171 712 1205 cancellariae
739 1171 903 1204 Ludewici
937 1172 1020 1213 reyis
1048 1174 1213 1204 exaratam
1241 1183 1319 1211 esse,
1350 1173 1386 1204 in
1412 1172 1470 1205 illa
1495 1172 1704 1213 Pmefatione
1726 1183 1762 1213 p.
1778 1174 1799 1204 4
1820 1183 1866 1213 sq.

167 1239 191 1259 u
209 1226 374 1265 evicimus‚·
396 1226 437 1265 cs.
454 1226 549 1258 etiam
570 1224 662 1264 infra
684 1223 729 1256 ad
749 1233 782 1255 a.
799 1223 892 1255 1324.
916 1222 1001 1255 Mai.
1016 1224 1061 1255 22
1081 1225 1111 1255 et
1133 1223 1386 1257 dissertationem
1407 1234 1434 1256 v.
1451 1224 1490 1256 cl.
1506 1223 1624 1257 Karoli
1645 1224 1780 1257 Zeumer
1801 1223 1867 1256 alic

144 1295 147 1297 ,
209 1278 349 1311 citatam.
395 1276 589 1317 Interposita
610 1278 664 1314 est,
683 1274 877 1316 prinsquam
899 1275 1053 1307 terminus
1074 1275 1139 1308 diei
1162 1278 1191 1309 7.
1209 1286 1250 1308 m.
1266 1276 1340 1309 lem.
1364 1277 1400 1308 in
1422 1276 1577 1309 Processu
1593 1277 1702 1318 primo
1722 1287 1754 1309 a.
1772 1277 1866 1308 1323.

213 1329 276 1363 Oct.
293 1330 314 1361 8
330 1329 550 1371 praescriptus
572 1327 748 1366 cecidisset,·
769 1327 810 1366 cs.
832 1337 934 1367 supra
948 1337 986 1367 p.
1003 1328 1067 1358 618
1088 1326 1108 1358 l.
1125 1329 1154 1360 1.

321 1389 375 1421 Fe
396 1398 478 1430 quae
500 1387 690 1420 concordant
711 1396 782 1419 cum
796 1386 1018 1427 Amellatione
1035 1387 1145 1427 prima
1166 1398 1268 1428 supra
1289 1398 1340 1420 nr.
1357 1389 1430 1427 824,
1453 1389 1537 1430 typis
1558 1389 1733 1421 minoribus
1754 1387 1868 1420 excudi

211 1441 372 1480 iussimus,
395 1440 534 1480 capitum
556 1448 705 1471 numeros
725 1438 762 1470 in
783 1438 925 1480 maryine
940 1441 1104 1479 ponentes.
1160 1438 1336 1471 Bibliorum
1357 1439 1434 1478 locu,
1456 1450 1536 1481 quae
1558 1441 1624 1472 iam
1646 1450 1747 1480 supra
1768 1439 1868 1471 adno-

166 1503 194 1524 πο
211 1492 359 1530 tavimus,
381 1492 515 1532 itemque
538 1491 646 1531 capita
670 1489 840 1522 Processus
855 1489 959 1531 primi
980 1489 1032 1522 hic
1054 1490 1188 1531 repetita
1209 1500 1273 1523 non
1294 1494 1379 1524 sunt.

317 1586 362 1630 (I)
385 1591 418 1618 Iu
441 1590 546 1619 Christi
568 1589 683 1618 nomine
705 1589 816 1617 amen‘.

317 1638 377 1679 (ΙΙ)
401 1642 524 1671 Coram·
544 1642 623 1670 vobis
646 1635 887 1669 honorabilibus
903 1635 979 1667 viris
995 1659 1003 1667 .
1017 1659 1024 1667 .
1041 1635 1180 1668 talibus·
1204 1642 1234 1669 et
1257 1642 1304 1669 te·
1327 1641 1459 1676 publico·
1474 1642 1588 1670 notario
1610 1643 1756 1677 tamquam
1772 1650 1866 1670 coram

210 1694 277 1722 viris
298 1694 418 1730 ydoneis
440 1695 470 1722 et
492 1693 622 1730 personis
645 1691 799 1720 autenticis
822 1700 874 1719 uos
897 1687 1069 1727 hodonem)
1091 1686 1155 1720 Dei
1178 1689 1288 1730 gracia
1310 1692 1502 1721 Romanorum
1525 1702 1573 1721 rex
1597 1702 1708 1729 semper
1729 1695 1867 1729 augustus

209 1755 395 1782 couparemus
424 1747 455 1774 et
477 1744 674 1780 infrascriptae
697 1743 923 1780 protestaciones
952 1744 1066 1771 nostras
1093 1742 1128 1771 et
1156 1739 1415 1782 appellacionem
1442 1754 1537 1773 coram
1563 1745 1643 1773 vobis
1673 1746 1866 1781 proponimus,

165 1802 191 1824 π
210 1794 443 1836 interponimus
466 1799 496 1826 et
518 1797 548 1825 in
571 1796 684 1832 scriptis
707 1795 863 1828 offerimus,
892 1794 951 1823 acsi
980 1795 1010 1822 in
1037 1795 1186 1830 presencia
1208 1795 1316 1824 domini
1338 1797 1430 1824 nostri
1453 1792 1575 1825 domini
1589 1792 1743 1825 Iohannis
1765 1798 1866 1826 summi

210 1847 358 1883 pontificis,
372 1847 450 1875 cuius
463 1847 574 1882 copiam
587 1846 742 1882 [arltanteb
756 1845 876 1874 termino
888 1847 1032 1880 tamquam
1045 1845 1170 1874 absentis
1182 1848 1212 1874 et
1224 1846 1372 1882 re[mote]b
1384 1847 1518 1876 distantis
1529 1848 1634 1876 hebere
1646 1857 1701 1876 non
1713 1857 1866 1884 possumus,

209 1907 330 1927 essemus
348 1899 532 1934 personaliter
550 1898 711 1930 constituti,
737 1897 934 1933 promittentes
953 1905 1093 1932 expresse,
1117 1898 1191 1932 quod
1214 1898 1325 1925 easdem
1347 1898 1376 1925 iu
1399 1898 1487 1934 ipsius
1509 1899 1609 1927 summi
1630 1899 1773 1935 pontificis
1796 1900 1867 1928 noti-

209 1949 290 1983 ciam,
309 1959 392 1985 quam
411 1950 531 1985 primum
549 1949 704 1985 [co]mode¹³
722 1948 884 1984 poterimus,
903 1948 1071 1977 deducemus
1090 1951 1119 1977 et
1137 1957 1230 1977 coram
1249 1958 1282 1978 eo
1294 1949 1491 1979 innovabimus
1503 1953 1533 1979 et
1549 1951 1765 1987 publicabimus,
1784 1955 1867 1988 prout

209 2001 295 2030 fuerit
312 2004 492 2037 oportunum:

165 2057 192 2079 ⁸⁰
315 2055 339 2083 1.
365 2055 408 2082 “In
421 2054 519 2090 primis
532 2054 730 2089 protestamur,
749 2051 823 2086 quod
842 2053 969 2079 sanctam
982 2051 1136 2079 Romanam
1149 2052 1304 2086 ecclesiam,
1324 2054 1387 2082 fidei
1407 2054 1546 2084 catholice
1559 2056 1732 2091 magistram,
1750 2057 1868 2083 matrem
1882 2064 1902 2081 ο.
1926 2073 1932 2079 .

212 2105 243 2132 et
266 2103 429 2140 alumpnum
450 2104 580 2131 nostram
603 2095 763 2141 [tenemur
786 2094 848 2138 θίὶ]ο
871 2100 972 2134 colere,
995 2100 1114 2136 diligere
1137 2102 1167 2129 et
1189 2101 1294 2135 fovere,
1317 2104 1424 2130 statum
1447 2103 1507 2131 eius
1531 2095 1653 2132 solidare
1675 2106 1706 2132 et
1728 2103 1790 2131 iura
1812 2111 1867 2131 ser-

211 2160 277 2184 vare
300 2164 411 2191 semper
431 2154 606 2184 intendimus
628 2153 704 2181 bons.
726 2152 788 2180 fide.

313 2205 338 2234 2.
365 2206 436 2234 Item
454 2205 528 2240 quod
546 2205 642 2233 hostes
660 2203 719 2232 eius
738 2205 767 2231 et
785 2202 904 2230 rebelles
924 2202 1067 2237 quoslibet
1089 2211 1158 2237 quos
1181 2203 1285 2231 scimus
1309 2204 1352 2232 vel
1375 2213 1394 2232 a
1417 2205 1588 2240 professione
1611 2205 1687 2234 dicte
1705 2205 1770 2233 fidei
1787 2206 1865 2234 eber·
1880 2219 1900 2234 e,

211 2258 307 2285 rantes
323 2258 468 2292 tanquam
486 2256 576 2285 fidelis
595 2256 749 2284 advocatus
767 2257 797 2283 et
815 2254 937 2282 fervidus
956 2254 1109 2283 christiane
1122 2255 1185 2283 fidei
1204 2255 1311 2284 zelator
1327 2256 1471 2285 hostiliter
1488 2257 1618 2293 persequi
1636 2259 1666 2286 et
1683 2257 1868 2286 exterminare

168 2315 194 2336 ss
212 2307 338 2336 volumus
356 2309 417 2337 toto
434 2317 523 2344 posse.

315 2360 341 2388 3.
367 2360 440 2388 Item
457 2360 532 2395 quod
549 2369 603 2388 non
623 2360 774 2394 credimus,
799 2361 897 2387 contre,
918 2359 1009 2395 ipsam
1031 2361 1157 2387 sanctam
1176 2359 1322 2387 ecclesiam
1340 2369 1390 2388 nos
1408 2369 1540 2395 umquam
1557 2360 1586 2388 in
1604 2361 1700 2396 aliquo
1719 2362 1867 2389 excessisse
1881 2374 1900 2390 ο.
1926 2384 1932 2389 .

212 2418 243 2444 et
262 2415 287 2443 si
307 2416 420 2451 quaudo
445 2411 545 2456 [quod
565 2411 680 2456 absit]‘'
699 2416 911 2449 excederemus,
938 2415 1032 2451 parati
1052 2424 1147 2443 sumus
1173 2416 1210 2443 ad
1236 2416 1296 2444 eius
1319 2417 1523 2445 correctionem
1546 2417 1692 2446 humiliter
1718 2418 1867 2446 emendare

212 2468 243 2494 et
260 2465 312 2494 sub
329 2466 428 2502 regula
445 2467 594 2503 discipline
611 2475 660 2495 sue
679 2467 841 2495 obedienter
859 2466 1008 2494 consistere
1026 2475 1145 2501 suoque
1164 2466 1282 2494 consilio
1299 2468 1329 2495 et
1346 2466 1481 2503 regimine
1499 2468 1659 2503 gubernari.

314 2564 383 2593 888.
409 2566 443 2599 ΙΙΙ)
460 2574 508 2593 use
526 2566 558 2598 l:
577 2575 624 2594 nos
642 2575 693 2594 uon
710 2567 736 2595 4.
818 2566 846 2600 Ι1)
864 2567 973 2600 obligui
990 2565 1015 2592 3.
1102 2566 1127 2598 ⁰)
1145 2568 1359 2600 aggravationem
1376 2567 1401 2595 ³.
1488 2567 1515 2602 ν)
1533 2569 1586 2595 alis
1604 2568 1629 2595 4.

169 2627 197 2647 ⁴0
317 2624 386 2653 88⁸.
412 2626 437 2659 δ)
455 2626 510 2652 sine
527 2627 616 2653 alinea
633 2635 654 2653 ο.
735 2626 762 2660 ¹²)
779 2627 852 2653 uncie
869 2627 970 2653 inclusa
989 2635 1095 2652 corr-om
1113 2635 1133 2652 c.
1222 2628 1246 2658 0)
1263 2629 1336 2654 uncis
1353 2629 1454 2655 finctum
1471 2629 1560 2655 eodem
1578 2638 1657 2656 manu
1675 2634 1772 2655 mutato
1790 2630 1867 2655 duem

210 2668 240 2694 in
256 2669 374 2702 mov-qino
386 2669 475 2702 posita
492 2678 514 2696 c.

314 2745 342 2779 1)
359 2744 413 2772 Sed
429 2745 462 2778 «τ’.
481 2753 514 2772 sa
530 2753 602 2779 qaae
618 2746 725 2774 monuit
742 2747 781 2775 K.
793 2747 908 2774 Zamnes·
923 2746 1020 2773 ‘Neues
1037 2745 1149 2774 Archiv'
1169 2746 1292 2781 XXXI,
1313 2751 1359 2776 756
1367 2755 1418 2782 eq„
1440 2748 1521 2775 cuius
1538 2749 1689 2782 afflationem
1709 2749 1795 2775 semei
1814 2749 1867 2775 ias·

213 2787 414 2823 Appellatiom
430 2789 604 2816 minam
617 2789 744 2823 primm,
760 2789 911 2822 secundm,
930 2789 1044 2817 tertiam.
