2190 3172
317 253 378 284 306
548 249 644 277 ACTA
663 248 778 276 REGNI
795 247 982 275 LUDEWICI
1001 246 1046 273 1V.
1065 246 1111 272 ET
1131 244 1315 272 FRIDERICI
1333 245 1382 271 111.
1418 245 1495 272 1316.
1531 245 1580 273 Nr.
1592 246 1651 274 365.
1669 246 1729 274 366.

357 338 540 369 discrimina
564 335 761 368 removenda
791 338 824 366 et
852 333 1066 365 desiderande
1094 333 1182 374 pacis
1205 332 1444 364 oblectamenta
1466 333 1615 365 universo
1638 333 1758 375 populo
1783 332 1964 366 Christiane

359 390 524 431 religionis
547 388 688 419 suaviter
710 385 914 418 conferenda.

465 446 511 477 (ΙΙ)
539 440 623 471 Item
657 438 742 480 quod
776 437 926 468 nunciata
960 435 1064 467 letitia
1094 434 1241 466 federum
1270 435 1396 467 noviter
1424 439 1660 468 contractorum
1692 447 1764 468 cum
1793 437 1963 479 magnifico

358 493 502 534 principe
527 491 656 522 domino
679 489 823 521 Roberto
847 487 1025 519 Ierusalem
1054 490 1087 518 et
1114 486 1222 518 Sicilie
1250 497 1328 529 rege
1351 487 1550 520 firmatorum
1573 488 1699 520 vinculo
1723 488 1860 530 nuptiali
1881 489 1966 521 inter

358 544 515 575 illustrem
540 541 691 574 Carolum
716 540 829 572 ducem
855 538 1004 571 Calabrie
1029 538 1280 580 primogenitum
1311 549 1404 570 suum
1435 542 1468 571 et
1494 540 1732 571 serenissimam
1755 539 1962 573 catharinam

357 605 499 626 sororem
533 594 632 635 ipsius
664 592 784 623 domini
819 590 970 632 principis
999 589 1219 621 Romanorum
1249 591 1335 632 regis
1367 591 1595 632 Ter(visinum)
1622 602 1757 624 comune
1786 593 1966 625 comuniter

358 649 391 676 et
420 646 545 676 divisim
575 643 748 675 multifarie
780 642 857 673 dicit
891 646 923 673 et
954 641 1111 680 declarat,
1149 651 1220 672 cum
1255 641 1371 673 eadem
1401 641 1513 674 federa
1539 644 1729 685 presentivit
1755 643 1798 675 ad
1823 645 1964 676 universi

355 697 494 728 Romani
516 695 644 737 imperii
666 694 867 736 principumss
894 693 990 724 Italie
1014 693 1153 733 regionis
1177 693 1335 734 quietem,
1363 703 1477 736 pacem
1508 698 1541 726 et
1568 695 1772 727 concordiam
1795 695 1966 728 salubriter

356 747 548 780 redundare.

464 803 527 836 (ΙΙΙ)
549 798 634 829 Item
658 797 700 828 ad
724 796 757 828 id
781 796 868 838 quod
892 796 1035 838 queritur
1051 796 1173 827 consuli
1189 795 1296 828 eidem
1313 796 1443 829 domino
1466 799 1536 840 regi
1559 798 1600 830 de
1623 799 1682 830 viis
1705 802 1738 831 et
1757 799 1862 831 modis
1882 800 1966 841 aptis

356 853 391 882 et
413 850 544 881 utilibus
567 849 609 881 ad
632 859 689 880 sue
707 848 893 879 intentionis
909 847 1109 889 propositum
1125 848 1363 889 exequendum,
1385 848 1524 881 offerunt
1546 860 1581 882 se
1597 850 1754 882 Tervisini
1776 861 1834 892 pre
1850 851 1967 883 ceteris

356 902 451 934 Italie
475 901 655 933 civitatibus
678 900 827 932 Romano
858 900 994 941 imperio
1019 898 1133 930 fideles
1161 903 1194 930 et
1223 899 1332 931 devoti
1359 911 1397 932 ac
1425 901 1587 933 affectioni
1614 905 1647 934 et
1673 902 1837 934 devotioni
1864 902 1966 945 regali

356 954 552 994 conformes,
587 953 678 984 iuxta
706 951 955 993 possibilitatem
990 951 1175 993 exigentieb
1204 951 1348 993 ipsorum
1376 952 1484 984 eidem
1515 953 1645 985 domino
1676 955 1746 996 regi
1778 955 1810 985 in
1838 955 1903 986 suis
1933 957 1967 986 et

357 1006 576 1037 Romanorum
600 1004 728 1045 imperii
751 1002 903 1045 agendis,
935 1008 972 1034 ut
1001 1002 1204 1045 providentia
1229 1003 1336 1035 divina
1358 1005 1555 1046 permiserit,
1588 1005 1720 1038 consilia
1749 1009 1783 1038 et
1811 1005 1966 1048 obsequia

356 1061 537 1099 opportuna
559 1056 698 1087 fideliter
720 1055 887 1096 impertiri.

465 1113 525 1146 (IV)
549 1108 632 1139 Item
650 1107 736 1148 quod
753 1107 882 1138 domine
899 1110 1079 1139 memorate
1092 1110 1239 1149 ternpore
1252 1108 1404 1139 transitus
1419 1109 1469 1139 sui
1484 1119 1543 1150 per
1558 1109 1721 1141 civitatem
1737 1112 1771 1141 et
1788 1109 1966 1141 districtum

357 1161 584 1200 Ter(visinum)
611 1159 827 1191 exhibeantur
855 1163 932 1200 per⁰
955 1158 1166 1199 Ter(visin0s)
1194 1159 1324 1191 honoris
1354 1162 1388 1191 et
1414 1159 1517 1192 letitie
1546 1163 1653 1192 tantus
1679 1161 1800 1200 cultus,
1829 1164 1966 1203 quantus

356 1213 521 1254 utriusque
539 1212 624 1253 regis
638 1211 866 1242 excellentiam
880 1210 975 1242 decet
992 1214 1024 1242 et
1044 1211 1200 1252 congruit,
1222 1211 1398 1243 secundum
1415 1211 1501 1253 quod
1517 1222 1576 1253 per
1591 1212 1756 1244 dominum
1772 1216 1967 1254 potestatem

357 1268 390 1295 et
413 1265 532 1295 curiam
558 1267 590 1294 et
615 1262 783 1294 consilium
808 1261 890 1294 CCC
915 1263 1172 1304 apropinquante
1196 1266 1343 1304 tempore
1367 1263 1580 1295 deliberatum
1604 1264 1774 1304 exstiterit,
1796 1264 1967 1306 prehabita

357 1315 611 1347 consideratione
643 1317 675 1346 et
704 1314 864 1355 doctrina,
899 1314 1039 1356 qualiter
1068 1314 1131 1345 alie
1157 1315 1260 1346 vicine
1291 1315 1438 1346 civitates
1471 1315 1502 1346 in
1532 1315 1688 1347 honorem
1719 1315 1902 1347 huiusmodi
1931 1325 1966 1347 se

356 1367 531 1399 habebunt

422 1419 467 1459 (3)
490 1419 647 1450 Dominus
673 1417 882 1449 Benvenutus
913 1417 953 1449 de
981 1418 1188 1459 Castagnedo
1216 1419 1365 1449 antianus
1393 1419 1537 1450 comunis
1564 1419 1752 1461 Ter(visini)
1781 1430 1840 1461 pro
1869 1429 1904 1451 se
1933 1421 1968 1451 et

313 1470 385 1502 aliis
408 1471 473 1501 suis
496 1471 590 1501 sociis
614 1470 753 1501 antianis
776 1469 841 1501 iam
866 1469 942 1501 dieti
966 1470 1110 1502 comunis
1133 1470 1305 1508 consuluit,
1329 1470 1416 1512 quod
1440 1470 1526 1502 dicta
1547 1471 1686 1513 provisio
1709 1471 1742 1503 in
1765 1470 1912 1503 omnibus
1935 1474 1968 1503 et

313 1533 372 1564 per
395 1523 501 1553 omnia
525 1522 670 1554 obtineat
694 1521 896 1562 firmitatem,
928 1524 961 1553 et
987 1522 1093 1563 posito
1121 1523 1240 1563 partito
1270 1533 1328 1564 per
1357 1522 1477 1554 dictum
1508 1522 1672 1555 dominum
1701 1526 1898 1564 potestatem
1924 1522 1967 1554 ad

313 1573 478 1615 bux(ulas)
503 1578 535 1605 et
558 1573 736 1613 ball(ottas)
753 1573 914 1604 firmatum
938 1573 999 1604 fuit
1021 1583 1080 1615 per
1096 1572 1202 1605 CCIX
1219 1574 1418 1606 consiliarios
1440 1574 1624 1615 concordeS,
1648 1574 1731 1606 VIII
1753 1574 1966 1616 discrepanti-

314 1625 384 1666 bus,
409 1625 494 1667 quod
517 1625 583 1666 fiat,
608 1629 703 1667 prout
727 1625 886 1656 consuluit
909 1624 1012 1656 dictus
1036 1626 1192 1657 antianus.

402 1840 501 1885 366.
528 1840 627 1885 367.
670 1838 1006 1885 CASSATIO
1039 1838 1476 1885 LITTERARUM
1509 1837 1872 1885 REGIARUM

653 1906 698 1949 A
727 1903 1084 1950 LUDEWICO
1114 1901 1623 1950 CONCESSARUM.

934 1981 1040 2017 1316.
1080 1981 1148 2017 lul.
1173 1981 1288 2017 17.—
1302 1981 1359 2017 19.

813 2093 900 2130 366.
940 2094 1072 2129 Forma
1099 2093 1220 2129 latina.
1325 2093 1396 2128 Iul.
1416 2095 1474 2129 17.

425 2166 604 2207 Or·i9inalia
629 2167 691 2199 cluo
718 2171 728 2199 1
757 2171 786 2200 et
810 2170 829 2199 2
859 2168 966 2200 eadem
999 2178 1098 2199 manu
1126 2168 1247 2208 scripta
1274 2168 1310 2199 in
1340 2167 1497 2200 tabulario
1523 2167 1662 2209 yenerali
1687 2169 1775 2208 reqm'
1802 2168 1967 2200 Bawarici

315 2218 405 2250 KLS
420 2229 469 2250 nr.
484 2219 556 2250 105.
595 2218 832 2259 Descripsimus
848 2219 895 2251 vel
912 2219 1104 2251 contulimus
1119 2230 1185 2251 nos.
1224 2219 1367 2251 Pendent
1386 2219 1524 2260 siyillum
1544 2220 1721 2252 maiestatis
1740 2220 1931 2261 autoyrapki
1948 2222 1962 2251 1

314 2269 379 2307 fere
402 2269 554 2308 illaeswn,
577 2270 718 2311 siyillum
740 2274 891 2303 secretum
917 2271 1111 2312 autographi
1133 2273 1152 2303 2
1176 2271 1296 2303 laesum
1318 2271 1395 2304 loris
1417 2272 1671 2304 membranaceis.
1696 2290 1736 2295 -
1760 2272 1932 2304 Ineditum.

423 2356 614 2387 Ludowicus
635 2356 698 2388 Dei
721 2357 825 2398 gratia
841 2357 1062 2389 Romanorum
1084 2368 1143 2389 rex
1166 2368 1294 2400 semper
1317 2361 1472 2399 augustus
1552 2358 1707 2390 universis
1731 2359 1813 2390 sacri
1826 2357 1966 2390 Romani

315 2407 443 2448 imperii
465 2407 615 2439 fidelibus
638 2412 805 2449 presentes
829 2409 953 2441 litteras
976 2410 1167 2451 inspecturis
1253 2411 1390 2452 gratiam
1415 2413 1448 2442 et
1471 2420 1566 2441 omne
1590 2410 1719 2441 bonum.

423 2459 603 2491 Veritatem
627 2471 733 2492 rerum
756 2464 921 2503 gestarum
950 2461 1112 2492 erroribus
1142 2461 1232 2492 iuxta
1259 2472 1422 2493 sacrarum
1451 2462 1562 2503 legum
1589 2462 1776 2493 sancciones
1802 2472 1867 2493 non
1889 2471 1965 2493 con-

316 2510 404 2540 venit
426 2511 544 2544 viciari.
595 2512 752 2543 Litteram
781 2513 942 2554 quandam
974 2524 1036 2555 que
1063 2523 1083 2544 a
1112 2513 1305 2545 cancellaria
1335 2517 1444 2545 nostra
1476 2514 1637 2545 emanavit
1666 2524 1724 2555 pro
1754 2513 1966 2555 prudentibus

317 2561 393 2592 viris
423 2562 543 2594 civibus
572 2563 940 2606 Nfirembergen(sibus)
971 2575 1068 2606 super
1098 2565 1414 2606 inpignoracionibus
1450 2565 1642 2607 quibusdam
1672 2565 1898 2597 conmittendis
1927 2575 1965 2596 ac

318 2614 482 2654 permissis
505 2614 657 2646 adversus
674 2616 847 2657 prudentes
863 2617 948 2648 viros
965 2617 1050 2648 cives
1066 2616 1330 2658 Ratisponenses,
1353 2618 1386 2649 in
1409 2628 1472 2659 qua
1495 2628 1584 2649 error
1606 2628 1759 2659 expresse
1783 2620 1966 2659 compertus

1984 811 2010 831 1⁰

1984 1069 2009 1088 1⁸

1984 1587 2010 1607 2⁸

1984 2425 2009 2444 ³5

320 2667 378 2704 est,
402 2665 446 2696 sic
471 2666 555 2706 quod
578 2667 673 2698 aliter
696 2679 791 2709 quam
815 2669 1005 2700 intencionis
1027 2671 1135 2700 nostre
1159 2669 1268 2700 extitit
1289 2672 1399 2710 preter
1420 2672 1562 2701 nostram
1588 2670 1754 2701 scientiam
1775 2669 1852 2701 data
1875 2668 1964 2710 fuist,
1983 2682 2010 2701 ιο

319 2715 519 2748 decernimus
551 2728 660 2750 carere
691 2721 777 2751 omni
807 2720 922 2752 robore
952 2720 1120 2752 firmitatis.
1165 2720 1420 2752 Pronunciantes
1443 2722 1550 2753 omnia
1578 2725 1611 2753 et
1639 2721 1779 2763 singula,
1814 2731 1877 2763 que
1907 2731 1966 2763 per

421 2806 486 2833 365.
514 2808 537 2840 a)
556 2809 699 2842 Principem
719 2811 756 2836 ed.
846 2811 871 2843 b)
891 2813 1046 2845 negligentis
1065 2812 1103 2837 ed.
1193 2810 1216 2844 0)
1235 2821 1279 2845 pro
1298 2812 1336 2838 ed.

422 2871 488 2898 366.
516 2872 540 2904 ⁸)
560 2875 618 2899 data
638 2875 685 2899 fuit
704 2876 771 2901 deest
790 2876 812 2901 2.
