2184 3126
441 222 537 251 ACTA
558 221 671 250 Rmm
690 220 873 249 LUDEwlcl
892 221 940 249 1v.
959 221 1004 249 ET
1023 220 1207 249 Falnssmcl
1229 221 1276 249 lll.
1314 221 1390 249 1324.
1427 221 1475 248 Nr.
1487 221 1548 249 896.
1565 222 1625 250 897.
1790 224 1850 253 711

202 313 309 343 tecum
332 309 373 342 de
396 309 618 342 benivolencia
640 309 731 351 regia
754 307 987 351 dispensantes.
1020 307 1146 340 Harum
1166 308 1351 340 testimonio
1366 307 1558 348 litterarum,
1581 316 1661 349 quas
1677 305 1736 338 tibi
1759 316 1858 348 super

202 362 264 394 hiis
286 361 345 394 sub
368 360 546 394 maiestatis
569 363 677 392 nostre
699 359 805 403 sigillo
827 359 976 392 dedimus
998 359 1195 400 conscriptas
1218 361 1251 390 et
1274 357 1420 391 eiusdem
1443 358 1540 400 sigilli
1564 358 1662 390 nostri
1679 358 1856 390 munimine

202 413 380 446 roboratas.

308 463 430 496 Datum
460 464 493 496 in
519 462 770 503 Franchenfurt‚
805 462 845 495 V.
871 461 947 494 Idus
975 461 1112 504 Aprilis,
1146 471 1231 493 anno
1263 460 1394 493 Domini
1420 460 1591 493 millesimo
1626 461 1856 493 trecentesimo

170 529 182 549 s
201 516 354 549 vicesimo
378 519 502 558 quarto,
526 516 617 557 regni
640 525 716 547 vero
740 514 838 546 nostri
862 523 946 546 anno
970 512 1105 545 decimo.

304 732 404 779 897.
434 732 533 779 898.
574 729 910 777 IOHANNIS
937 729 1096 776 XXII.
1126 729 1343 775 PAPAE
1371 727 1754 776 PROCESSUS

433 798 700 847 CONTRA
729 797 1057 845 LUDEWIGI
1083 797 1623 844 AMBASIATORES

605 868 680 915 IN
708 866 1166 914 LOMBARDIAM
1194 864 1455 914 MISSOS.

809 943 917 981 1324.
958 944 1050 990 Apr.
1074 943 1259 980 12.—16.

159 1069 184 1090 ιο
634 1056 720 1093 897.
762 1055 949 1092 Processus
970 1055 1157 1101 pontificis.
1264 1056 1353 1102 Apr.
1371 1057 1432 1092 12.

313 1131 512 1165 Contulimus
541 1134 554 1163 1
584 1130 706 1171 copiam
733 1139 877 1162 coaevam
902 1130 939 1162 in
970 1129 1143 1170 exemplari·
1168 1129 1213 1161 ad
1237 1130 1415 1172 episcqmm
1444 1130 1703 1171 Arqeneinensem
1730 1128 1782 1160 die
1807 1128 1856 1159 13.

202 1195 242 1216 m.
266 1184 348 1225 Apr.
371 1183 466 1215 misso
488 1182 582 1225 infra
603 1192 654 1214 nr.
670 1182 735 1213 898
756 1181 814 1214 sub
839 1185 875 1220 1;

311 1245 331 1276 2
353 1243 419 1276 cod.
441 1242 642 1275 bibliothecae
670 1241 860 1274 Dresdmis
882 1241 914 1273 A
937 1242 978 1272 70
1006 1250 1085 1273 saec.
1106 1240 1205 1273 XIV.
1228 1251 1286 1279 ex„
1314 1241 1352 1273 de
1377 1251 1438 1281 quo
1464 1251 1496 1272 v.
1521 1251 1623 1280 supra
1649 1240 1694 1271 ad
1722 1250 1774 1271 nr.
1796 1240 1861 1271 792

202 1295 260 1328 sub
282 1298 312 1334 2,
334 1295 389 1335 sol.
406 1296 457 1333 63,
479 1294 534 1327 ubi
555 1293 707 1326 rubrum:
730 1293 986 1325 Pronunciantur
1007 1292 1181 1324 Bertoldus
1196 1292 1236 1324 dc
1252 1292 1371 1335 Nyffen
1393 1296 1427 1324 et
1447 1293 1503 1325 alii
1526 1292 1589 1324 duo
1606 1292 1749 1324 fautores
1765 1291 1859 1324 here·

160 1359 185 1380 ιι
204 1348 340 1380 ticorum
363 1350 397 1379 et
418 1347 584 1378 irritantur
606 1355 668 1387 que
691 1355 749 1387 pro
772 1344 899 1376 Bavaro
922 1347 1057 1386 egerunt
1079 1344 1111 1375 in
1134 1343 1279 1386 partibus
1300 1343 1506 1376 Lombardie.

306 1406 453 1445 Bffimer,
478 1405 553 1447 Rey.
576 1405 690 1438 Ludw.
707 1415 743 1445 p.
759 1404 825 1436 216
846 1403 962 1436 deste
983 1413 1034 1436 nr.
1049 1404 1102 1436 23.

310 1492 473 1524 Iohannes
496 1490 669 1533 episcopus
694 1501 804 1523 servus
827 1500 991 1523 servorum
1015 1489 1088 1522 Dei.
1179 1490 1232 1522 Ad
1255 1490 1398 1522 futuram
1421 1490 1469 1522 rei
1491 1490 1692 1522 memoriam.

315 1546 342 1575 1.
366 1542 470 1575 Vinee
494 1542 617 1575 domini
640 1541 785 1575 Sabaoth
808 1542 884 1574 licet
906 1542 1047 1574 inmeriti
1069 1542 1280 1584 permissione
1304 1541 1413 1574 divina
1433 1544 1603 1584 gerentes·
1625 1541 1859 1573 solicitudinem

206 1598 304 1638 atque
321 1604 431 1627 curam
447 1593 618 1636 providere
635 1597 668 1626 et
682 1604 781 1636 agere
797 1593 1060 1635 circumspectius
1075 1604 1134 1625 nos
1150 1597 1289 1636 oportet,
1312 1597 1348 1626 ut
1367 1604 1430 1626 non
1445 1593 1550 1625 solum
1567 1592 1861 1635 pretergredientes

159 1658 188 1679 ιο
206 1646 364 1679 catholice
385 1645 461 1678 fidei
482 1646 631 1678 semitam
652 1648 685 1678 et
700 1645 1010 1687 prevaricationemb
1026 1643 1198 1686 addentes‚·
1210 1648 1246 1677 ut
1261 1644 1399 1677 eandem
1414 1645 1542 1677 vineam
1558 1644 1688 1677 valeant
1703 1644 1861 1683 demoliri,

205 1697 283 1730 sed⁰
306 1698 406 1730 etiam
429 1696 556 1729 favores
585 1700 619 1729 et
647 1696 769 1729 auxilia
791 1697 1011 1728 ministrantes
1034 1696 1156 1729 eisdem
1180 1701 1347 1739 tamquam
1374 1696 1553 1738 degeneres
1575 1696 1771 1738 propagines
1794 1697 1860 1727 noti

205 1750 284 1781 fiant
307 1752 340 1781 et
363 1759 382 1781 a
404 1749 489 1781 veris
511 1747 588 1781 fidei
612 1747 788 1780 cultoribus
811 1747 1000 1780 evitenturd.
1047 1747 1132 1780 Sane
1149 1748 1236 1791 quia,
1257 1748 1334 1780 licet
1349 1747 1470 1780 dudum
1487 1747 1862 1788 Galeatius‚.Luchinus,

204 1800 384 1840 Mai-chus‘,
408 1800 569 1833 Iohannes
591 1803 625 1832 et
640 1799 823 1842 Stephanus
839 1799 955 1832 fratres
976 1798 1032 1831 filii
1050 1799 1224 1842 dampnate
1240 1801 1396 1832 memorie
1412 1799 1535 1831 Mathei
1551 1799 1592 1832 de
1608 1798 1862 1831 Vicecomitibus

205 1852 246 1884 de
271 1851 457 1885 Mediolano
485 1851 526 1883 de
554 1851 628 1884 labe
651 1851 819 1894 pravitatis
841 1850 984 1883 heretice
1007 1851 1144 1883 convicti
1167 1850 1325 1894 legittime
1348 1851 1484 1884 fuerintf
1505 1855 1539 1883 et
1560 1862 1618 1893 per
1640 1854 1862 1893 competentes

162 1915 188 1936 οι
208 1903 330 1941 iudices
353 1904 594 1936 sentencialiter
617 1902 843 1945 condempnati
868 1912 906 1934 ac
922 1912 1091 1944 processus
1114 1905 1148 1934 et
1169 1903 1328 1934 sententie
1344 1903 1643 1945 condempnationis
1658 1901 1863 1934 huiusmodit

207 1958 274 1988 tam
308 1956 341 1987 in
368 1954 565 1987 Lombardie
599 1964 696 1997 quam
729 1954 761 1986 in
796 1953 867 1986 aliis
894 1953 1029 1986 diversis
1062 1953 1208 1996 partibus
1246 1954 1487 1996 sollempniter*¹
1517 1954 1671 1996 publicati
1705 1953 1863 1995 multique

206 2006 365 2039 catholice
388 2006 465 2038 fidei
488 2006 688 2049 professores
710 2016 772 2038 non
797 2005 900 2037 solum
924 2005 965 2037 de
989 2006 1230 2045 circumvicinis,
1254 2005 1311 2037 sed
1327 2007 1425 2038 etiam
1441 2005 1483 2038 de
1506 2005 1579 2038 aliis
1593 2005 1738 2048 partibus
1752 2008 1864 2037 contra

208 2057 312 2090 dictos
336 2057 498 2090 hereticos
520 2058 552 2089 in
576 2058 850 2100 expugnationem
878 2067 989 2089 eorum
1016 2067 1107 2089 arma
1137 2061 1351 2099 sumpserunt,
1380 2058 1434 2100 qui
1462 2067 1535 2090 cum
1558 2057 1703 2089 exercitu
1726 2055 1863 2088 ecclesie

206 2109 436 2151 accesserunt¹,
465 2108 684 2142 Bertholdus*
712 2109 753 2140 de
777 2108 957 2140 Marsteron
989 2107 1092 2140 dictus
1114 2108 1156 2140 dc
1179 2108 1288 2140 Nitl'en
1315 2113 1350 2140 et
1371 2108 1569 2141 Bertholdus
1596 2108 1637 2141 de
1660 2106 1862 2150 Groyspsch¹

163 2171 192 2192 so
211 2166 276 2193 aem
290 2161 494 2194 Fridericus¹¹
510 2161 551 2194 de
568 2160 808 2202 Truendingen,
832 2161 885 2202 qui
909 2171 944 2192 se
967 2159 1129 2202 magnifici
1152 2161 1210 2192 viri
1227 2160 1403 2192 Ludovici⁰
1426 2160 1517 2192 ducis
1531 2160 1690 2192 Bavariev
1706 2159 1737 2191 in
1752 2169 1863 2201 regem

207 2211 446 2246 Romanorum⁴¹
462 2212 567 2254 electi,
591 2223 686 2255 quem
710 2222 822 2255 regem
846 2212 1013 2244 nominant
1029 2211 1292 2254 Roman(orum)‚
1315 2212 1572 2244 ambaxiatores'
1589 2215 1622 2243 et
1637 2211 1770 2243 nuncios
1792 2210 1862 2242 fore

207 2263 359 2296 dicebant
381 2264 548 2307 dictusque
571 2263 767 2296 Bertholdus
790 2263 830 2296 de
846 2264 1046 2296 Marsteron·
1069 2263 1214 2295 eiusdem
1237 2260 1332 2296 electi
1356 2264 1387 2296 in
1411 2263 1473 2296 illis
1495 2262 1641 2306 partibus
1663 2273 1721 2305 pro
1744 2261 1863 2294 vicario

207 2314 336 2357 publice
351 2325 386 2348 se
401 2315 562 2358 gerebat‘‚
578 2315 672 2348 dictis
681 2315 831 2348 Galeatio
848 2319 882 2348 et
896 2314 1048 2347 fratribus
1060 2315 1207 2347 favorem
1223 2315 1435 2357 multiplicem
1450 2313 1705 2358 impendebs[n]t
1714 2313 1862 2346 eosdem-

209 2376 272 2408 que
298 2366 460 2400 hereticos
482 2367 572 2400 velut
595 2367 757 2410 conplices
780 2371 814 2400 et
836 2368 981 2400 fautores
1004 2377 1116 2399 eorum
1140 2366 1316 2399 defendere
1339 2367 1489 2409 nequiter
1514 2365 1754 2409 presumebant,
1777 2364 1863 2397 ordi-

164 2427 190 2448 ω
210 2418 361 2450 naciones
389 2429 448 2461 per
475 2419 622 2452 civitates
644 2419 841 2451 Lombardie
865 2429 903 2451 ac
925 2418 1080 2450 mandata
1106 2422 1139 2451 et
1162 2422 1316 2460 precepta
1339 2428 1380 2451 ex
1403 2422 1495 2460 parte
1518 2417 1664 2450 eiusdem
1687 2416 1782 2450 electi
1805 2416 1864 2448 sub

210 2469 302 2511 penis
324 2469 476 2512 gravibus
499 2469 655 2503 facientes
678 2471 710 2502 in
726 2470 884 2503 dictorum
901 2470 1118 2503 hereticorum
1134 2470 1278 2502 favorem
1294 2473 1328 2502 et
1342 2470 1497 2502 auxilium
1513 2469 1730 2510 manifestum,
1751 2472 1864 2511 gentes

210 2521 308 2553 etiam
330 2521 506 2564 armigeras
528 2531 587 2564 per
607 2532 706 2554 unum
729 2533 772 2554 ex
795 2522 852 2563 eis,
875 2522 1027 2554 videlicet
1050 2521 1211 2564 prefatum
1227 2521 1439 2554 Bertholdmn
1463 2521 1504 2554 de
1520 2520 1716 2553 Mai-steron·
1738 2519 1863 2552 Medio-

210 2571 318 2604 lanum
346 2571 505 2605 mittendo
534 2572 690 2605 adversus
716 2574 894 2606 exercitum
926 2573 1068 2605 fidelium
1097 2572 1242 2605 eiusdem
1278 2573 1415 2606 ecclesie
1443 2577 1555 2606 contra
1578 2572 1681 2605 dictos
1703 2571 1865 2604 hereticos

311 2664 378 2697 80⁷.
405 2667 430 2699 ⁸)
448 2667 501 2693 div.
516 2675 571 2700 ger.
583 2675 664 2702 perun.
681 2666 706 2694 2.
776 2667 801 2701 ιθ)
820 2668 1053 2701 ρηνιτίωοίοιιοιιι
1071 2667 1188 2694 cimil-'ter
1204 2675 1305 2701 semper
1323 2667 1348 2694 1.
1422 2668 1447 2701 ο)
1465 2673 1505 2695 set
1522 2677 1621 2701 semper
1637 2667 1663 2694 2.
1737 2666 1763 2699 (¹)
1782 2668 1864 2693 sicen-

167 2714 195 2734 40
213 2713 256 2735 tur
275 2709 299 2736 1.
398 2710 422 2743 θ)
440 2710 574 2741 machus.
600 2710 734 2736 Luchinus
753 2710 776 2737 1.
875 2709 896 2742 t)
914 2711 1019 2736 fuerunt
1037 2710 1150 2743 legitime
1168 2710 1193 2736 2.
1290 2710 1316 2744 Ι)
1334 2711 1446 2738 buiusm.
1463 2712 1537 2738 cond.
1554 2711 1581 2737 2.
1682 2709 1707 2742 ιι)
1726 2710 1865 2736 solenniter

212 2752 330 2778 einr-iliter
346 2760 445 2785 semper
462 2752 488 2779 2.
573 2751 746 2790 ¹)1seeesserit
765 2753 788 2779 l.
874 2751 900 2785 ¹¹)
919 2753 1087 2779 Berehtoldus
1105 2753 1130 2778 1.
1216 2752 1236 2786 ¹)
1253 2752 1408 2788 Grfinspsch
1428 2754 1450 2779 1.
1538 2755 1572 2787 Β)
1590 2758 1616 2780 et
1633 2756 1659 2780 2.
1730 2753 1755 2785 ΙΙ)
1775 2754 1865 2778 Frede-

214 2795 286 2820 ricns
303 2793 328 2820 2.
432 2795 456 2826 ο)
476 2795 607 2821 Ludewici
626 2795 650 2822 1.
746 2795 771 2828 Ρ)
791 2796 905 2822 Bswsris
926 2796 948 2822 l.
1057 2796 1084 2827 ἢ)
1103 2797 1246 2823 Romnum
1266 2796 1296 2829 1;
1319 2798 1425 2824 Romn-
1442 2797 1467 2823 2.
1583 2799 1604 2828 ¹)
1623 2797 1822 2823 nimbum-tores
1844 2796 1865 2821 1.

211 2836 234 2869 ⁸)
252 2837 383 2864 Mssteron
401 2836 426 2864 2.
513 2838 534 2871 ι)
552 2845 580 2864 se
597 2845 651 2871 ger.
664 2838 734 2872 publ.
753 2837 777 2864 2.
