2184 3126
323 248 385 278 (350
527 240 624 269 ACTA
642 238 754 266 REGNI
773 235 957 264 LUDEWICI
975 234 1022 263 IV.
1041 232 1088 259 ΕΤ
1107 230 1294 258 FRIDERICI
1312 231 1362 257 III.
1399 229 1474 257 1324.
1510 228 1558 255 Nr.
1571 228 1630 256 828.
1649 228 1709 255 829.
1727 227 1786 255 830.

319 330 493 369 stituimus‚
522 328 603 358 sicut
624 327 656 356 in
679 324 749 356 aliis
771 322 886 354 nostris
908 320 1022 351 litteris
1045 318 1224 350 continetur
1233 316 1253 357 ¹,
1284 315 1324 347 ab
1353 315 1439 346 omni
1465 314 1664 356 obligatione
1688 316 1721 345 et
1743 323 1842 345 onere
1866 313 1972 346 soluta

321 385 355 414 et
376 381 478 412 libera
500 379 654 410 faciemus
677 386 714 407 ac
737 375 819 406 infra
842 373 927 404 idem
950 371 1067 402 festum
1091 368 1197 400 eidem
1221 367 1350 399 domine
1369 366 1576 408 Margharete
1598 364 1761 407 predictas
1775 364 1847 397 XIM
1872 365 1972 397 libr„

321 432 463 465 redditus
486 431 518 461 in
541 428 755 470 predictorum
771 427 946 456 castrorum
963 425 995 454 et
1011 421 1146 453 aliorum
1169 420 1313 451 locorum
1329 418 1506 449 vicinorum
1522 416 1703 449 redditibus
1725 417 1815 448 iuxta
1829 417 1973 459 priorum

320 482 546 516 continentiam
569 478 768 510 litteraruml
794 473 1082 507 demonstrabimus
1109 474 1143 503 et
1165 469 1452 502 determinabimus
1476 468 1641 510 expedire.
1686 468 1841 510 Alioquin
1868 471 1973 501 castra

321 538 354 567 et
378 533 568 565 munitiones
595 532 701 561 nostre
724 526 939 567 Heidelberg,
965 522 1198 562 Welresaweb,
1231 521 1434 562 Wisenloch,
1466 519 1698 559 Oberncheim‚
1728 520 1910 552 Niwenstat
1939 523 1973 552 et
2002 531 2015 550 s

321 585 508 626 Wolfsperg
531 592 602 614 cum
625 582 765 622 ipsorum
781 577 964 609 castellanis
980 579 1013 607 et
1031 574 1190 614 fidelibus,
1214 572 1432 604 iurisdictione
1455 582 1494 604 ac
1516 571 1719 613 pertinentiis
1741 574 1775 604 et
1793 571 1973 604 redditibus

320 636 473 669 universis
490 633 582 665 simul
599 642 669 663 cum
686 630 838 672 predictis
861 628 973 660 castris
991 627 1051 658 sibi
1074 627 1106 657 in
1130 625 1239 656 dotem
1257 627 1352 655 erunt
1367 623 1410 655 ad
1433 627 1502 656 tota
1523 626 1673 665 tempora
1689 623 1755 655 vite
1778 634 1845 655 sue.
1933 623 1972 655 In

322 688 409 719 cuius
432 686 479 718 rei
502 683 718 716 testimonium
742 683 926 723 presentem
948 679 1089 710 litteram
1114 676 1261 708 dedimus
1284 675 1391 717 sigillo
1413 675 1531 707 nostri⁰
1553 674 1662 707 Adolfi
1686 679 1721 707 et
1743 679 1805 707 cet.

337 821 422 857 8Q9.
464 819 638 855 Sententia
665 827 766 862 super
792 815 1000 851 alienatione
1028 813 1188 848 bonorum
1214 811 1304 857 reyis
1331 810 1449 847 liberis
1475 811 1696 856 irrequisitis.
1799 811 1880 847 Ian.
1895 812 1958 847 26.

430 893 527 933 Copia
550 891 603 934 (c.)
627 890 740 923 ibidem
762 900 814 921 nr.
830 890 901 921 137.
952 887 1148 920 Contulimus
1170 895 1235 918 noa
1287 885 1348 917 Est
1369 885 1520 917 rubrum:
1552 885 1637 917 Item
1663 895 1728 918 une
1756 888 1848 918 autre
1876 886 1973 919 lettre
1992 900 2016 920 ιο

323 946 388 977 dou
410 945 456 976 dit
478 955 544 985 roy.

429 1003 574 1040 Bo'hmer,
598 1002 672 1042 Rey.
691 1000 801 1033 Ludw.
819 1011 855 1040 p.
869 1001 912 1030 40
934 1009 983 1031 nr.
1001 999 1072 1030 683.

427 1089 494 1121 Nos
522 1088 706 1120 Ludovicus
733 1089 766 1118 et
793 1089 854 1117 eet.
883 1085 924 1116 ad
951 1085 1171 1116 universorum
1199 1083 1351 1114 noticiam
1377 1081 1525 1114 volumus
1554 1083 1738 1124 pervenire,
1767 1082 1851 1124 quod
1882 1082 1975 1114 nobis

321 1141 408 1183 apud
431 1140 563 1182 opidum
579 1137 833 1179 Hachemb(erc)
857 1136 970 1168 iuditio
993 1135 1196 1177 presentibus
1219 1138 1252 1167 et
1275 1134 1362 1166 facta
1384 1134 1549 1175 sigillatim
1572 1135 1825 1176 interrogatione
1848 1137 1975 1176 specta-

322 1193 432 1224 bilium
456 1195 488 1223 et
510 1191 663 1222 nobilium
686 1190 826 1220 virorum
845 1187 1026 1220 Eberhardi
1048 1187 1088 1219 de
1111 1186 1361 1227 Wirtemberch,
1385 1185 1558 1218 Geralchi⁸
1579 1186 1778 1227 Iuliacensis,
1801 1185 1911 1218 Adolfi
1934 1185 1976 1218 de
1994 1195 2020 1215 u

321 1243 430 1275 Monte
455 1243 617 1282 comitum,
640 1240 798 1272 Friderici
821 1239 946 1271 comitis
969 1238 1009 1270 de
1033 1238 1271 1278 Truhendinch‚
1294 1237 1446 1270 Gelrachi
1469 1238 1511 1270 de
1533 1237 1719 1279 Nassaweb‚
1743 1237 1913 1269 Godet'ridi
1935 1237 1976 1270 de

323 1294 406 1336 Seyn
429 1294 596 1334 comitum,
619 1291 781 1334 Reynoldi
804 1291 1010 1333 primogeniti
1034 1291 1160 1322 comitis
1182 1289 1330 1330 Ghelrie,
1347 1289 1506 1322 willelmi
1529 1293 1563 1322 et
1585 1288 1755 1322 Godefridi
1778 1288 1910 1321 fratrum
1935 1287 1978 1320 de

321 1346 454 1386 Iuliaco,
477 1345 673 1386 Engelwerti
696 1343 737 1375 de
762 1343 861 1384 Seyn,
884 1343 1019 1374 Dietriei
1042 1342 1082 1374 de
1107 1341 1308 1373 Usemburch
1332 1345 1364 1374 et
1387 1341 1526 1384 Gysouis
1549 1341 1590 1373 de
1613 1340 1774 1373 Molsberc
1796 1350 1922 1373 necnon
1943 1342 1978 1372 et

323 1397 529 1438 plurimorum
552 1396 687 1427 aliorum
711 1394 810 1426 multe
827 1394 1025 1426 auctoritatis
1040 1394 1180 1424 viromm
1196 1394 1394 1435 presentium
1410 1396 1444 1425 et
1458 1393 1551 1425 nobis
1566 1393 1784 1425 assistentium
1806 1391 1848 1424 ad
1864 1402 1976 1424 eorum

321 1458 522 1480 communem
535 1450 568 1479 et
581 1446 773 1478 concordem
790 1446 988 1477 sentenciam
1001 1445 1167 1477 diffinitive
1180 1445 1461 1487 pronunciavimus
1473 1448 1507 1477 et
1517 1445 1796 1477 sentenciavimus:
1884 1443 1978 1476 nobis
1995 1451 2022 1473 ὀ

322 1500 419 1531 licere
436 1502 468 1531 et
479 1500 606 1530 licuisse
619 1499 659 1530 de
672 1499 751 1538 iure,
766 1497 852 1539 quod
865 1497 950 1529 bona
962 1497 1199 1538 patrimonialia
1212 1507 1274 1539 que
1287 1497 1464 1529 habemus⁰
1475 1497 1630 1536 alienare,
1645 1496 1798 1538 vendere,
1811 1495 1933 1528 donare
1945 1498 1979 1528 et

322 1550 430 1582 dotem
454 1561 510 1582 seu
533 1549 738 1582 dotaliciumd
762 1550 869 1580 facere
893 1552 926 1580 et
950 1549 1144 1580 constituere
1175 1549 1207 1580 in
1235 1549 1358 1580 eisdem
1392 1549 1552 1590 possimus
1579 1547 1696 1590 libere,
1723 1548 1840 1579 nostris
1866 1546 1977 1579 liberis

322 1603 426 1634 invitis
448 1603 635 1644 irrequisitis
664 1604 697 1633 et
724 1602 755 1632 in
778 1601 893 1632 minori
920 1604 1006 1633 etate
1030 1601 1223 1642 constitutis,
1254 1601 1352 1632 etiam
1375 1603 1478 1632 matre
1501 1603 1629 1632 mortua
1651 1599 1850 1632 eorumdem.
1938 1598 1977 1630 In

322 1654 409 1685 cuius
431 1656 537 1685 nostre
560 1653 831 1695 pronunciationis
854 1656 887 1684 et
902 1653 1060 1684 sententie
1085 1653 1303 1684 testimonium
1319 1655 1487 1694 presentes
1510 1651 1665 1684 conscribi
1689 1653 1722 1684 et
1743 1653 1852 1683 nostre
1874 1651 1975 1683 maie-

321 1706 411 1736 statis
434 1705 537 1747 sigillo
561 1706 707 1736 iussimus
731 1705 930 1736 communiri.
1552 1699 1556 1704 ’
1993 1715 2020 1735 25

426 1757 543 1788 Actum
571 1760 604 1788 et
631 1757 742 1788 datum
772 1757 804 1787 in
831 1756 902 1787 loco
930 1755 1184 1798 Hachemb(erc)
1212 1756 1368 1798 predicto,
1396 1755 1472 1788 VII.
1496 1755 1569 1787 Kal.
1597 1754 1703 1796 Febr„
1733 1765 1818 1786 anno
1843 1754 1976 1786 Domini

322 1807 582 1848 MOGCXXIIII,
606 1809 695 1850 regni
719 1808 819 1840 nostri
843 1818 926 1839 anno
950 1807 991 1839 X.

523 1943 609 1979 830.
648 1943 802 1979 Litterae
831 1945 922 1989 reyis
948 1955 1051 1989 snper
1077 1945 1286 1980 successione
1314 1943 1510 1980 liberorum.
1614 1942 1695 1978 Ian.
1715 1943 1778 1978 28.

433 2017 530 2057 Copia
554 2018 609 2059 (c.)
634 2018 747 2049 ibidem
768 2028 818 2050 nr.
834 2019 907 2050 134.
963 2018 1163 2051 Contulimus
1184 2027 1249 2050 nos.
1299 2018 1361 2050 Est
1382 2018 1535 2050 rubrum:
1572 2017 1656 2049 Item
1678 2027 1743 2048 une
1766 2019 1858 2048 autre
1880 2015 1976 2047 lettre

325 2067 388 2099 dou
411 2079 468 2110 roy
491 2069 704 2110 d'Alemagne
728 2080 802 2101 sour
824 2070 855 2101 le
880 2070 926 2102 dit
950 2071 1079 2102 traitiet.
1994 2076 2020 2096 ³⁰

430 2128 574 2166 Bfflzmer,
597 2128 672 2169 Rey.
696 2129 807 2162 Ludw.
826 2140 862 2171 p.
877 2131 919 2161 40
941 2141 991 2162 nr.
1009 2131 1081 2162 685.

432 2212 499 2243 Nos
521 2213 702 2245 Ludovicus
717 2214 779 2246 Dei
803 2216 907 2256 gratia
929 2215 1152 2247 Romanorum
1167 2226 1226 2248 rex
1242 2225 1371 2257 semper
1393 2217 1548 2256 augustus
1566 2213 1696 2256 publice
1718 2213 1979 2255 recognoscimus

327 2263 358 2293 in
382 2263 441 2294 hiis
457 2264 588 2305 scriptis,
613 2276 669 2296 nos
684 2266 767 2297 velle
785 2270 817 2298 et
833 2267 879 2298 sic
895 2267 1060 2298 ordinasse
1077 2270 1110 2299 et
1132 2268 1311 2308 statuisse⁸‚
1334 2269 1371 2298 ut
1385 2266 1479 2298 liberi
1494 2265 1605 2307 nostri,
1629 2274 1709 2307 quos
1725 2265 1823 2296 dante
1838 2263 1979 2296 Domino

329 2324 370 2344 ex
399 2315 505 2346 inclita
527 2315 731 2357 Marghareta
764 2318 950 2350 conthorale
978 2322 1087 2350 nostra
1115 2319 1294 2360 carissima,
1325 2317 1512 2360 spectabilis
1540 2317 1600 2348 viri
1623 2315 1789 2348 Guillelmi
1815 2315 1978 2356 Hanonie,

329 2364 516 2407 HoHancfie,
540 2366 710 2399 Zeelandie
733 2370 858 2400 comitis
881 2373 914 2402 et
937 2369 1058 2402 domini
1072 2370 1177 2402 Frizie
1200 2371 1304 2402 soceri
1325 2370 1425 2401 nostri
1449 2369 1515 2401 filia
1538 2368 1796 2411 procreabimus,
1820 2367 1980 2409 equaliter
1997 2376 2022 2396 ³⁵

330 2416 420 2446 cumb
444 2416 513 2447 aliis
535 2417 643 2449 liberis
666 2421 790 2461 nostris,
815 2431 895 2462 quos
910 2422 999 2463 prius
1014 2421 1195 2463 habuimus,
1218 2422 1252 2453 in
1274 2421 1423 2454 omnib'us
1445 2420 1537 2452 bonis
1552 2421 1669 2452 nostris
1691 2419 1783 2451 nobis
1805 2418 1980 2451 succedere

332 2469 498 2498 teneantur
520 2471 551 2499 et
574 2480 682 2510 parem
707 2481 776 2502 cum
801 2472 924 2504 eisdem
940 2474 973 2504 in
987 2484 1071 2505 nunc
1094 2473 1214 2505 habitis
1237 2476 1270 2505 et
1291 2474 1324 2504 in
1346 2473 1489 2504 futurum
1511 2471 1670 2504 habendis
1692 2482 1751 2513 per
1774 2471 1882 2503 omnia
1897 2470 1979 2502 reci-

330 2527 406 2558 pere
441 2520 627 2559 portionem.
684 2521 833 2554 Ceterum
868 2535 1069 2566 quecumque
1104 2524 1211 2556 eidem
1245 2524 1424 2556 conthorali
1461 2527 1568 2556 nostre
1603 2533 1662 2565 per
1695 2523 1819 2565 priores
1853 2525 1980 2554 nostras

330 2567 474 2600 litteras²
505 2570 579 2601 dare
610 2573 824 2615 promisimus,
859 2585 930 2606 cum
965 2577 1110 2618 requisiti
1138 2576 1307 2617 fuerimus,
1342 2575 1556 2608 effectualiter
1589 2575 1758 2607 attendere
1787 2578 1820 2607 et
1849 2583 1978 2606 servare

433 2666 498 2693 828.
526 2667 550 2699 b)
569 2669 722 2696 Welresaire
739 2680 760 2697 c.
847 2673 870 2705 ⁰)
889 2675 896 2698 i
915 2683 981 2700 corr.
1000 2683 1031 2700 ez
1049 2685 1063 2701 ο
1082 2684 1102 2701 c.
1995 2681 2022 2701 4⁰

433 2717 498 2744 829.
526 2718 549 2750 Β)
568 2719 603 2744 eie
620 2729 640 2745 c.
726 2721 750 2753 b)
770 2722 898 2750 Nassaue?
916 2734 937 2751 c.
1025 2726 1049 2759 c)
1066 2726 1151 2753 liebus
1170 2736 1191 2753 c.
1278 2726 1304 2760 d)
1323 2727 1468 2752 dotaliciam
1488 2736 1509 2753 c-

434 2768 502 2795 830.
531 2770 555 2801 ¹³)
574 2774 599 2795 et
616 2773 732 2798 statuisse
751 2782 831 2807 supra
850 2777 942 2801 lineam
959 2778 1022 2804 add.
1041 2788 1061 2804 c.
1150 2778 1175 2811 b)
1194 2780 1307 2812 sequitur
1324 2780 1379 2805 suis
1398 2779 1470 2805 delet.
1489 2788 1510 2805 c.

434 2843 460 2878 1)
478 2843 568 2877 Supra
586 2853 627 2872 nr.
639 2850 698 2874 826.
787 2850 814 2882 2)
833 2850 921 2884 Supra
939 2861 978 2879 nr.
993 2857 1044 2881 825
1062 2857 1086 2881 et
1103 2858 1158 2882 827.
