2184 3126
166 774 190 794 1⁰

165 1033 190 1054 15

481 170 579 200 ACTA
597 169 712 199 13le
730 168 914 198 LUDEWICI
934 168 981 196 IV.
1000 168 1045 196 m·
1065 167 1250 196 FRIDERICI
1269 167 1318 195 111.
1355 166 1431 195 1823.
1468 167 1516 195 Nr.
1531 167 1588 196 729.
1800 170 1864 201 569

207 257 340 299 Spedale
370 261 501 299 seynata
535 257 630 290 1323.
660 257 691 290 2.
715 256 852 289 Martii:
885 255 1081 299 Exemplum
1110 254 1311 287 auctoritatis
1340 264 1493 287 concesse
1524 254 1655 287 domino
1686 253 1866 287 Bertoldo?

211 308 353 343 Contulit
374 319 402 342 υ.
418 308 454 341 cl.
471 308 514 342 H.
531 308 696 342 Bresslau.
720 327 762 332 —
785 308 849 341 Ed.
871 307 960 340 Verci
982 307 1103 340 Ἠιονέα
1125 305 1207 339 della
1222 316 1332 339 marca
1351 306 1555 347 Triviqiana’
1579 306 1641 343 IX,
1658 307 1699 338 31
1723 316 1773 339 nr.
1791 307 1865 339 958.

315 368 462 408 Bo'hmer,
485 369 560 410 Req.
577 368 690 403 Ludw.
701 379 737 410 p,
752 368 796 400 32
816 379 867 400 nr.
883 368 957 401 543.

315 454 384 487 Nos
406 454 591 487 Ludovicus
613 455 676 487 Dei
699 454 804 497 gratia
827 454 1048 487 Romanorum
1070 462 1129 485 rex
1152 449 1282 495 semper
1303 456 1467 495 augustus.

315 507 366 539 De
390 506 454 539 fide
479 509 512 538 et
534 505 705 548 prudentia
728 506 844 538 nobilis
867 509 901 538 et
922 505 1038 548 legalis
1061 505 1120 537 viri
1142 504 1289 537 Bertoldi
1313 505 1439 537 comitis
1462 504 1503 537 de
1520 504 1698 537 Max-steten
1722 504 1800 537 dicti
1824 504 1867 537 de

206 558 329 592 Nifl'em
350 557 456 591 fidelis
478 557 579 590 nostri
602 557 817 590 indubitatam
832 557 983 589 fiduciam
1003 556 1196 597 obtinentes,
1220 556 1350 599 plenam
1374 556 1434 588 sibi
1458 557 1651 589 auctoritate
1675 557 1766 599 regia
1789 567 1865 589 con-

208 610 354 644 cedimus
381 609 570 643 facultatem
597 610 629 641 in
656 609 789 651 singulis
818 609 929 649 terris,
963 607 1161 648 civitatibus,
1195 608 1322 648 castris,
1358 607 1463 650 opidis
1494 611 1527 640 et
1550 607 1634 640 villis
1656 608 1866 651 Lombardie,

208 662 324 695 Tuscie
354 664 388 694 et
409 661 553 694 Marchie
582 661 624 693 ad
647 661 814 693 consilium
841 661 1039 703 collegarum
1067 670 1197 692 suorum
1220 659 1368 692 Bertoldi
1396 659 1438 692 de
1461 659 1623 702 Greispah
1652 663 1686 692 et
1707 659 1867 693 Friderici

208 713 250 747 de
273 712 504 755 'l'ruhendigen
526 713 678 745 comitum
704 713 855 754 vicarios,
888 713 1090 755 capitaneos,
1113 715 1306 755 potestates,
1330 711 1454 744 iudices
1478 723 1535 744 seu
1559 716 1702 745 rectores
1725 713 1866 745 auctori-

209 767 275 798 tate
297 765 389 807 regia
411 767 445 796 et
467 765 537 796 vice
561 767 595 796 et
616 765 744 797 nomine
768 768 877 796 nostro
900 767 934 797 et
957 763 1097 796 Romani
1119 764 1247 806 imperii
1270 763 1312 795 de
1335 774 1418 796 novo
1435 764 1578 805 creandi,
1602 763 1752 805 faciendi,
1775 764 1866 797 insti-

208 816 319 850 tuendi
342 826 380 849 ac
403 815 582 857 ordinandi,
610 817 773 848 institutos
802 815 878 848 olim
901 825 922 848 a
943 814 1228 859 predecessoribus
1250 816 1368 848 uostris
1390 815 1639 858 imperatoribus
1662 826 1720 848 seu
1743 815 1867 848 Romae

206 878 321 901 norum
338 867 470 910 regibus
490 867 522 899 in
539 867 794 911 quibuscumque
811 868 935 909 officiis,
956 866 1177 910 dignitatibus,
1199 867 1414 909 potestatibus
1429 877 1487 900 seu
1504 868 1630 900 vicariis
1645 867 1867 908 confirmandi,

207 919 335 952 locandi
358 923 391 953 et
413 920 647 952 institutionem
670 921 812 962 ipsorum
835 919 1012 952 renovandi
1035 919 1077 952 ad
1100 922 1229 961 tempus
1261 919 1313 951 vel
1339 919 1381 951 ad
1405 920 1504 951 vitam
1527 919 1670 962 ipsorum
1698 930 1737 952 ac
1767 920 1867 952 etiam

207 972 240 1005 in
262 974 453 1014 perpetuum
477 971 675 1014 eosdemque
692 972 838 1012 vicarios,
860 974 1039 1014 potestates
1062 981 1100 1003 ac
1123 970 1203 1003 alios
1221 970 1378 1003 officiales
1394 982 1452 1003 seu
1468 970 1637 1012 officiatos,
1662 982 1866 1014 quocumque

207 1024 337 1056 nomine
353 1022 571 1067 censea[n]tur
593 1024 660 1055 sive
677 1023 930 1066 quibuscumque
954 1023 1077 1065 prosint
1092 1021 1285 1064 civitatibus,
1309 1022 1530 1065 dignitatibus,
1555 1023 1669 1055 officiis
1691 1024 1743 1055 vel
1767 1024 1867 1056 bene-

207 1075 303 1115 ficiis,
340 1085 476 1118 quorum
502 1075 660 1108 institutio
688 1075 741 1107 vel
768 1074 934 1107 destitutio
966 1074 1058 1107 nobis
1090 1077 1123 1106 et
1148 1074 1297 1106 Romano
1325 1074 1461 1117 imperio
1489 1074 1666 1107 dinoscitur
1691 1075 1866 1117 pertinere,

207 1126 407 1167 removendi,
424 1126 619 1169 deponendi,
636 1126 833 1159 destituendi
848 1130 881 1159 et
895 1126 1043 1169 privandi
1057 1137 1096 1158 ac
1112 1126 1265 1168 privatos,
1289 1126 1460 1158 destitutos
1476 1130 1510 1159 et
1525 1130 1668 1160 remotos
1682 1127 1868 1169 nunciandi,

168 1214 171 1215 ⁷
207 1179 240 1211 in
262 1178 369 1211 locum
388 1179 535 1220 ipsorum
558 1189 616 1210 seu
638 1178 710 1211 loco
727 1178 904 1211 eorundem
928 1179 1008 1211 alios
1024 1178 1231 1220 subrogandi,
1254 1178 1373 1210 multas
1396 1182 1429 1210 et
1451 1188 1553 1221 penas
1576 1188 1689 1211 eorum
1705 1181 1869 1222 preceptis

166 2494 192 2514 4³

166 2712 193 2733 ω

209 1234 242 1262 et
256 1230 416 1262 mandatis
432 1230 664 1262 rebellantibus
680 1229 754 1274 [vel]
768 1230 990 1262 resistentibus
1005 1229 1202 1272 imponendi,
1219 1229 1260 1262 ab
1274 1229 1397 1262 eisdem
1411 1230 1564 1272 exigendi
1580 1234 1614 1262 et
1628 1230 1867 1264 absolutionem

210 1292 318 1314 eorum
344 1281 570 1324 compellendi,
658 1282 828 1325 privilegia
850 1283 992 1324 ipsorum
1015 1281 1203 1323 innovandi,
1226 1281 1403 1314 renovandi
1426 1285 1459 1314 et
1482 1282 1707 1323 confirmandi,
1730 1283 1762 1315 in
1786 1294 1867 1326 qua-

209 1343 346 1376 cumque
375 1334 546 1366 verborum
576 1333 680 1366 forma
715 1334 888 1376 impetrata
917 1333 1036 1365 fuerint
1066 1333 1118 1365 vel
1147 1343 1316 1374 concessa,
1417 1333 1652 1366 ecclesiasticas
1681 1334 1868 1377 dignitates,

209 1383 448 1428 canonica[tu]s‚
472 1385 654 1427 prebendas
676 1395 734 1418 seu
756 1385 821 1418 alia
844 1385 1002 1417 beneficia
1024 1385 1057 1416 in
1080 1384 1261 1427 collegiatis
1284 1384 1430 1417 ecclesiis
1453 1388 1519 1417 tarn
1542 1385 1746 1428 regularibus
1769 1397 1866 1429 quam

209 1436 407 1468 secularibus
434 1437 563 1469 nominc
593 1437 818 1479 primariarum
846 1439 1025 1469 nostrarum
1055 1447 1188 1479 precum
1215 1436 1418 1478 conferendi,
1507 1447 1662 1479 personas
1685 1439 1784 1470 etiam
1808 1449 1867 1471 ex-

209 1487 379 1530 pedientes
402 1489 433 1520 in
456 1489 589 1530 milites,
613 1488 821 1530 consiliarios,
845 1484 1040 1531 capellanos,
1064 1488 1240 1520 familiares
1262 1492 1295 1520 et
1318 1487 1514 1521 domesticos
1536 1493 1663 1522 nostros
1685 1494 1718 1522 et
1740 1491 1868 1533 imperii

209 1540 385 1582 recipiendi
408 1543 442 1572 et
461 1540 662 1583 aggregandi
684 1550 722 1572 ac
745 1540 791 1572 sic
814 1541 954 1582 receptis
973 1540 1172 1573 concedendi
1189 1551 1266 1572 cum
1290 1542 1407 1572 nostris
1429 1541 1584 1573 militibus
1606 1545 1640 1574 et
1655 1542 1869 1575 familiaribus

209 1601 322 1634 parem
344 1592 515 1634 privilegii,
539 1591 699 1634 stipendii,
723 1591 854 1624 honoris
877 1596 910 1624 et
928 1595 1030 1624 status
1046 1592 1248 1634 dignitatem,
1336 1603 1461 1625 necnon
1485 1593 1664 1634 ordinandi,
1688 1594 1818 1626 creandi
1835 1598 1869 1626 et

209 1642 400 1676 conficiendi
421 1643 567 1686 publicos
589 1644 748 1684 notarios,
771 1644 855 1676 filios
876 1644 1041 1676 naturales
1064 1648 1130 1676 tam
1154 1645 1279 1686 spurios
1302 1654 1398 1686 quam
1421 1654 1589 1677 manzeres
1612 1650 1646 1677 et
1667 1645 1748 1678 alios
1770 1657 1868 1688 quos-

210 1705 348 1738 cumque
377 1705 419 1728 ex
445 1695 570 1727 incestu
597 1695 692 1727 coitu*
712 1698 900 1738 procreatos
927 1695 1128 1738 legitimandi
1159 1700 1192 1728 et
1214 1706 1287 1728 cum
1320 1696 1399 1738 ipsis
1432 1707 1530 1738 super
1563 1696 1694 1730 defectu
1723 1697 1870 1739 quolibet

210 1797 387 1826 audientium
399 1799 429 1826 et
440 1797 662 1834 intelligentium
681 1799 773 1825 totum
785 1799 911 1825 tenorem
924 1797 1110 1832 prescriptum
1128 1805 1184 1825 non
1203 1797 1336 1825 vitiatum
1354 1807 1446 1833 neque
1464 1798 1604 1827 abolitum
1622 1799 1651 1827 in
1670 1800 1768 1835 aliqua
1786 1803 1869 1836 parte

210 1840 260 1873 sui,
279 1840 328 1868 sed
346 1840 487 1876 integrum
507 1842 536 1868 et
553 1841 664 1868 illesum
683 1842 713 1868 et
730 1849 793 1867 cum
811 1840 891 1868 bulla
909 1849 990 1868 cerea
1007 1848 1056 1868 seu
1073 1840 1169 1875 sigillo
1182 1840 1316 1875 pendenti
1330 1841 1487 1876 supradicti
1499 1841 1606 1870 domini
1624 1843 1699 1878 regis
1711 1846 1868 1878 apparente

209 1892 284 1918 vera,
302 1884 414 1919 integra
431 1885 461 1912 et
479 1883 573 1915 illesa,
596 1883 625 1910 in
649 1892 706 1918 qua
728 1883 839 1918 quidem
862 1883 1008 1918 sculptura
1029 1893 1078 1912 seu
1101 1883 1195 1918 imago
1216 1883 1306 1918 ipsius
1332 1884 1407 1920 regis
1429 1885 1547 1913 sedebat
1570 1885 1600 1912 in
1623 1885 1694 1913 solio
1719 1895 1767 1914 seu
1786 1889 1869 1915 trono

209 1926 307 1963 regali,
327 1931 425 1955 tenens
442 1929 586 1962 sceptrum
604 1926 712 1962 regium
731 1926 760 1953 in
783 1935 866 1954 manu
885 1926 984 1954 dextra
1002 1928 1031 1954 et
1049 1935 1163 1961 pomum
1180 1926 1210 1954 in
1229 1935 1313 1954 manu
1332 1927 1456 1960 sinistra,
1474 1928 1521 1955 cui
1538 1927 1635 1956 littere
1653 1931 1734 1957 erant
1752 1930 1868 1957 circum·

209 1969 314 2006 scripte
333 1969 470 1998 dicentes:
487 1970 656 1998 ‘Ludovicus
674 1969 726 1997 Dei
744 1969 838 2005 gratia
855 1969 1042 1997 Romanorum
1060 1978 1109 1997 rex
1127 1978 1236 2004 semper
1254 1970 1406 2005 augustus'.
1444 1971 1532 2004 Quem
1551 1980 1613 1999 cum
1632 1972 1672 1999 sic
1690 1972 1869 2006 invenissem,

210 2021 273 2040 curn
295 2013 479 2046 auctoritate,
505 2013 620 2040 licentia
644 2014 674 2040 et
694 2012 830 2040 mandato
852 2012 989 2047 sapientis
1016 2012 1069 2039 viri
1088 2012 1193 2040 domini
1212 2013 1352 2041 Albertiui
1378 2014 1413 2041 de
1432 2013 1589 2042 Lambertis
1608 2014 1722 2048 iudicis,
1747 2015 1869 2043 consulis

211 2055 335 2084 comunis
354 2056 462 2084 Verone
481 2057 511 2084 st
529 2056 630 2084 iudicis
647 2055 791 2086 ordinarii.
814 2056 989 2083 decernentis
1007 2055 1178 2083 auctoritate
1196 2056 1325 2084 iudiciali
1344 2056 1411 2084 huic
1429 2057 1558 2092 exemplo
1575 2057 1636 2085 sive
1653 2059 1767 2093 sumpto
1785 2058 1868 2087 fidem

210 2098 368 2134 plenariam
386 2101 524 2134 perpetuo
541 2099 671 2127 adhiberi
689 2099 797 2131 debere,
816 2099 993 2134 transcripsi,
1017 2099 1175 2134 exemplavi
1200 2101 1230 2127 et
1255 2099 1289 2126 in·
1303 2099 1376 2127 hanc
1394 2100 1539 2135 publicam
1558 2101 1675 2128 sormam
1691 2101 1803 2137 redegi.
1827 2101 1868 2129 nil

209 2141 307 2170 addito
325 2142 371 2170 vel
388 2141 529 2170 diminuto
547 2151 595 2170 seu
608 2144 726 2174 mutato,
745 2142 820 2177 quod
838 2151 947 2169 sensum
969 2142 1014 2170 vel
1031 2142 1201 2170 sententiam
1214 2144 1306 2170 mutet
1323 2142 1352 2169 in
1371 2143 1476 2177 aliquo,
1495 2145 1524 2171 et
1543 2143 1578 2171 de
1597 2144 1743 2172 voluntate
1761 2144 1868 2172 domini

210 2184 322 2213 comitis
344 2185 529 2221 suprascripti
553 2185 590 2213 ad
614 2185 780 2213 instantiam
804 2185 908 2213 nobilis
931 2185 985 2213 viri
1004 2185 1148 2213 Thomasii
1174 2185 1242 2213 olim
1264 2185 1369 2213 domini
1387 2186 1567 2222 Salinguerre
1590 2187 1624 2215 de
1643 2187 1779 2215 Ferraria.
1815 2187 1868 2215 Die

209 2227 329 2256 Sabbati
347 2227 449 2256 XVIII.
463 2230 542 2264 Aug„
561 2227 760 2262 mcccxxw,
779 2228 836 2256 ind.
847 2228 908 2259 VII.
928 2227 955 2255 in
976 2228 1093 2256 civitate
1108 2228 1215 2256 Verone
1229 2228 1256 2255 iu
1270 2229 1395 2264 hospitio
1408 2229 1483 2257 della
1495 2229 1592 2264 Spata.
1610 2230 1639 2258 in
1658 2238 1713 2265 quo
1731 2230 1868 2266 magister

209 2270 346 2299 Henricus
366 2270 401 2299 de
424 2271 643 2299 Schirichsteich
666 2271 854 2299 cancellarius
875 2271 1060 2306 suprascripti
1084 2271 1196 2299 comitis
1220 2271 1367 2300 Bertboldi
1395 2274 1463 2300 tunc
1487 2273 1620 2308 temporis
1647 2273 1810 2306 habitabat,
1838 2274 1868 2301 in

210 2314 353 2349 presentia
370 2314 403 2342 R.
420 2314 524 2342 'l'aschi
547 2315 687 2349 quondam
710 2315 815 2342 domini
838 2315 971 2342 Iohannis
994 2315 1161 2342 Theotonici
1183 2314 1287 2342 notarii
1310 2315 1497 2350 infrascripti.
1521 2316 1663 2343 Baxalerii
1685 2317 1790 2344 not-arii
1815 2317 1868 2344 filii

210 2356 316 2384 domini
334 2356 478 2385 Libanorii
496 2358 531 2386 de
549 2357 653 2386 Sancto
673 2357 832 2390 Benedici»,
852 2357 984 2386 Iohannis
1001 2358 1053 2385 filii
1072 2357 1176 2385 domini
1195 2357 1339 2386 Thomasii
1358 2358 1393 2386 de
1411 2358 1543 2387 Sturletis
1561 2359 1597 2387 de
1609 2359 1743 2391 Bononia.
1763 2360 1867 2388 Folleti

210 2399 350 2434 quondam
372 2400 477 2428 domini
501 2401 618 2429 Avansii
640 2401 675 2429 de
699 2401 821 2429 Iohanne
843 2400 986 2429 domicelli
1010 2401 1153 2436 magnifici
1176 2401 1228 2428 viri
1253 2401 1359 2428 domini
1384 2401 1467 2429 Canis
1491 2401 1611 2429 Grandis
1635 2402 1709 2430 della
1733 2402 1816 2430 Scala
1839 2406 1869 2430 et

210 2443 349 2471 Hentaechi
367 2443 419 2471 filii
437 2443 542 2471 domini
562 2443 705 2472 Lamberti
725 2444 760 2472 de
777 2443 918 2479 Ciprianis
937 2443 970 2471 de
989 2443 1141 2471 Florentia.

314 2486 373 2522 Ego
391 2487 469 2514 Iasus
491 2487 633 2521 qnondam
656 2486 762 2515 domini
781 2487 914 2514 Iohannis
937 2486 1038 2514 iudicis
1061 2487 1095 2514 de
1115 2486 1261 2515 Thedesco
1283 2487 1389 2515 domini
1409 2487 1522 2516 Benrici
1542 2488 1721 2523 imperatoris
1739 2489 1868 2516 notarius

211 2529 338 2557 omnibus
356 2529 556 2565 suprascriptis
574 2538 687 2565 presens
705 2539 768 2558 cum
786 2530 880 2558 omnia
895 2529 1089 2564 suprascripta
1102 2529 1234 2557 vidissem
1251 2532 1282 2558 et
1299 2531 1492 2566 cognovissem
1510 2531 1544 2559 de
1563 2531 1680 2559 licentia
1698 2533 1727 2559 et
1746 2533 1867 2559 auctori-

210 2574 273 2600 tate
290 2571 475 2607 suprascripti
493 2572 594 2600 iudicis
612 2573 735 2601 consulis
752 2572 898 2600 adhibitus
916 2581 966 2607 per
983 2573 1091 2599 dietum
1108 2572 1288 2600 Thomasinm
1306 2576 1335 2601 et
1356 2573 1525 2602 invenissem
1543 2577 1668 2602 tenorem
1682 2576 1867 2610 suprascripti

211 2614 332 2650 exempli
354 2624 416 2643 cum
434 2615 562 2650 predicto
580 2624 645 2644 vero
663 2615 796 2651 originali
815 2618 845 2644 et
862 2615 1008 2643 autentico
1026 2615 1204 2647 concordare.
1228 2616 1288 2648 die.
1313 2616 1375 2644 loco
1398 2619 1428 2645 et
1446 2617 1590 2652 presentia
1606 2618 1806 2653 supmcriptis
1824 2628 1868 2645 me

211 2658 372 2693 subscripsi,
389 2658 426 2686 ad
443 2657 577 2686 maiorem
594 2658 757 2687 firmitatem
775 2659 885 2694 signum
904 2658 959 2686 mei
978 2659 1180 2686 tabellionatus
1198 2661 1362 2687 consuetum
1380 2669 1532 2695 apponens.

314 2708 449 2743 Scriptum
467 2709 668 2744 legitimationis
686 2718 704 2736 α
722 2710 825 2737 vicar-io
841 2718 998 2743 concessum,
1017 2710 1088 2743 quod
1106 2719 1124 2736 a
1142 2711 1270 2745 iringi-vtro
1283 2710 1414 2738 Heinrico
1432 2711 1464 2739 de
1486 2712 1663 2747 Chirichsteiy
1680 2713 1747 2739 dicti
1765 2712 1868 2739 donnini

211 2751 308 2779 vicario*
324 2752 485 2779 cancellario
502 2752 633 2786 scriptum
651 2755 700 2786 est,
722 2752 816 2779 dotum
832 2752 953 2779 Veronae
974 2762 1000 2780 α.
1014 2756 1086 2780 1324.
1107 2755 1175 2788 Aug.
1191 2757 1226 2781 17.
1244 2762 1278 2781 ea:
1301 2754 1389 2782 indice
1407 2755 1538 2782 tabularii
1557 2756 1712 2790 Hospitalis
1735 2756 1758 2782 T
1756 2756 1867 2782 erlis-‘ni

211 2795 316 2822 notam
335 2795 372 2823 Η.
386 2794 523 2822 Brassica.

314 2854 353 2873 u..
365 2854 591 2874 consmurions
603 2855 628 2873 v.
1627 2850 1659 2876 :2
