2184 3126
307 199 367 229 756
539 193 636 221 ACTA
655 192 754 220 REGN
758 192 767 218 Ι
789 190 970 218 LUDEWICI
990 190 1036 216 IV.
1054 189 1101 216 ET
1121 188 1306 216 FRIDERICI
1326 189 1372 215 111.
1410 187 1486 215 1324.
1521 187 1570 214 Nr.
1583 187 1644 215 912.
1662 187 1722 215 913.

304 284 339 314 in
361 283 451 314 dorso
478 281 608 321 leyitur:
630 280 693 317 HA:
724 279 856 318 itemque
884 287 983 309 manu
1009 275 1218 308 cancellariae
1246 274 1442 306 Trevirensis
1469 274 1610 315 scripta:
1639 297 1774 307 ......
1798 274 1958 317 derogare

304 335 365 365 iuri
388 334 564 366 electorum
587 342 645 372 per
668 341 742 362 suos
765 339 944 371 processus.

411 392 556 429 Bo'hmer,
580 391 654 430 Rey.
672 390 784 422 Ludw.
803 400 838 429 p.
854 389 920 419 216
942 387 1057 419 Pa'bste
1078 397 1127 419 m:
1145 386 1198 418 27.

412 455 430 484 2
455 452 576 491 copiam
600 450 655 491 (c.)
685 450 720 481 in
749 449 952 490 Reyestorum
980 447 1208 479 Vaticanorum
1237 445 1392 477 tabularii
1419 445 1568 478 Vaticani
1601 448 1673 478 tom.
1691 446 1755 478 112
1768 447 1806 472 ΙΙ
1828 445 1888 488 fol.
1905 447 1958 478 67¹

302 516 351 537 nr.
369 506 449 542 865,
485 502 540 534 ubi
561 501 749 540 inscriptum
771 503 834 532 est:
868 499 1005 531 Iohanni
1027 499 1098 540 regi
1120 498 1255 530 Boemie
1279 497 1413 536 illustri;
1446 497 1493 528 ed.
1518 496 1805 539 ‘oberbayerisches
1826 497 1958 530 Archiv’
1990 509 2003 529 5

303 557 332 594 Ι,
349 557 388 587 55
411 566 460 588 nr.
479 557 519 586 14
542 565 580 586 ew
603 564 648 591 c.,·
671 551 852 584 Sauerland
875 550 1064 583 ‘Urkunden
1085 550 1154 581 und
1170 549 1332 589 Reyesten’
1357 549 1384 586 1,
1401 549 1466 580 317
1487 558 1538 581 nr.
1553 550 1617 581 672
1638 560 1677 581 ex
1700 560 1745 588 c.‚·
1766 560 1828 590 req.
1846 548 1960 581 Dudik

303 608 378 639 ‘Iter
400 606 592 638 Romanum’
616 605 667 642 II,
690 605 730 634 91
753 614 803 635 nr.
822 604 872 635 70.

413 667 462 705 Cf.
487 667 622 697 Bo'hmer
645 665 663 696 l.
680 676 706 696 c.

409 753 570 784 Iohannes
605 751 774 792 episcopus
808 759 919 781 servus
952 758 1119 780 servorum
1147 747 1210 778 Dei
1321 745 1498 778 venerabili
1528 746 1619 779 fratri
1647 772 1654 779 .
1676 772 1683 778 .
1714 747 1958 790 archiepiscopo

303 804 521 844 Treveren(si)
610 802 747 834 salutem
771 804 804 833 et
826 800 1037 842 apostolicam
1061 799 1351 830 benedictionem&
1979 810 2005 830 1⁰

409 854 544 886 Infausti
568 853 705 886 rumoris
729 853 864 884 assertio
888 852 1004 883 nostris
1027 850 1161 892 pertulit
1184 849 1314 881 auribus
1337 849 1399 881 hiis
1421 849 1550 890 diebus,
1578 850 1666 892 quod
1689 850 1821 892 quidam
1842 852 1960 893 iniqui-

302 907 377 938 tatis
400 907 455 938 filii
479 906 537 938 sub
561 909 650 937 veste
673 904 787 935 humili
810 903 975 944 religionis
998 902 1140 934 exterius
1163 904 1330 943 gestantes
1353 901 1510 942 habitum,
1532 901 1591 933 sed
1612 902 1746 934 interius
1761 912 1781 933 a
1797 902 1962 945 religionis

302 960 437 991 veritate
460 958 568 997 vacui,
597 956 767 998 iniquitate
795 955 882 997 pleni
913 958 945 986 et
967 954 1097 986 malicia
1118 964 1182 985 non
1206 957 1367 991 carentes,
1396 953 1465 984 eius
1488 953 1542 995 qui
1566 953 1607 985 ab
1629 953 1725 985 inicio
1748 954 1890 986 mendax
1913 959 1963 987 est

302 1014 336 1042 et
358 1013 451 1052 pater
473 1008 633 1041 mendacii
658 1018 757 1049 opera
780 1007 929 1048 nequiter
951 1005 1118 1046 imitando,
1142 1005 1201 1037 tibi
1223 1005 1342 1037 fraterb
1358 1015 1396 1036 ac
1420 1004 1613 1046 quibusdam
1636 1005 1708 1037 aliis
1731 1006 1817 1048 regis
1839 1005 1961 1038 Roma·
1979 1029 1981 1031 .

302 1072 415 1094 norum
441 1059 648 1103 promovendi
675 1060 707 1090 in
730 1059 962 1100 imperatorem
986 1056 1221 1089 coelectoribus
1244 1057 1307 1088 tuis
1330 1056 1412 1088 falso
1443 1060 1477 1088 et
1499 1056 1700 1089 mendaciter
1721 1061 1962 1100 suggesserunt,
1982 1067 2006 1087 ιε

303 1113 390 1154 quod
414 1113 497 1144 circa
520 1121 700 1153 processus,
725 1120 806 1151 quos
830 1113 941 1142 contra
963 1109 1168 1151 magnificum
1193 1109 1296 1140 virum
1311 1108 1514 1140 Ludovicum
1538 1108 1653 1141 ducem
1675 1108 1816 1142 Bavarie
1841 1109 1963 1142 dudum

302 1164 334 1195 in
358 1164 516 1195 discordia
539 1163 570 1194 in
601 1172 712 1203 regem
735 1161 957 1193 Romanorum
986 1161 1126 1192 electum
1154 1163 1287 1202 propter
1309 1160 1415 1192 varios
1445 1170 1598 1192 excessus
1622 1160 1824 1193 execrabiles
1851 1161 1962 1194 contra

302 1215 417 1256 Deum,
441 1225 498 1246 nos
522 1217 554 1246 et
570 1213 751 1245 Romanam
777 1213 947 1244 ecclesiam
972 1213 1083 1254 reique
1108 1211 1237 1254 publice
1260 1207 1433 1244 utilitatem
1456 1222 1517 1254 per
1539 1222 1613 1244 eum
1634 1215 1840 1255 perpetratos
1862 1223 1965 1255 nuper

301 1267 484 1307 habuimus,
513 1266 554 1297 ad
585 1265 645 1297 hoc
675 1267 784 1296 nostra
814 1264 982 1296 ferebatur
1010 1265 1145 1296 intentio
1178 1267 1212 1296 et
1242 1263 1464 1307 dirigebantur
1492 1264 1599 1296 studia
1627 1265 1745 1297 mentis
1775 1268 1899 1306 nostre,
1928 1269 1964 1298 ut

301 1318 430 1350 tandem
464 1321 495 1349 te
526 1321 559 1349 et
588 1315 787 1348 coelectores
815 1316 896 1347 alios
926 1316 1067 1358 eligendi
1096 1317 1165 1348 iure
1197 1315 1381 1348 huiusmodi
1409 1316 1619 1358 privaremus.
1675 1316 1717 1348 Et
1743 1316 1820 1348 licet
1848 1316 1963 1349 creda·
1981 1324 2008 1345 ²0

301 1381 371 1401 mus
401 1372 432 1401 te
460 1372 596 1410 tuosque
627 1367 825 1399 coelectores
853 1367 1036 1399 huiusmodi
1064 1368 1153 1399 falsis
1182 1367 1443 1410 suggestionibus
1471 1378 1513 1400 ex
1540 1368 1701 1400 fermento
1730 1369 1907 1411 iniquitatis
1930 1372 1965 1401 et

301 1422 427 1453 malicie
458 1420 690 1462 prodeuntibus
722 1429 818 1450 aures
849 1430 912 1450 non
941 1420 1170 1451 accomodasse
1202 1419 1340 1451 faciliter
1366 1419 1408 1451 ad
1438 1419 1650 1461 credendum,
1680 1422 1790 1452 tamen
1817 1420 1860 1452 ad
1887 1430 1963 1452 con-

303 1472 500 1504 fundendum
525 1472 653 1503 omnino
678 1471 859 1513 nequiciam
883 1471 1065 1503 huiusmodi
1091 1471 1307 1503 detractorum
1325 1473 1542 1514 satagentium
1565 1473 1649 1503 inter
1670 1474 1809 1504 matrem
1833 1475 1866 1504 et
1880 1472 1964 1505 filios

303 1524 454 1556 scandala
464 1525 627 1564 suscitare,
644 1523 801 1564 premissa
813 1523 1006 1554 fraternitati
1019 1526 1092 1555 tuec
1108 1523 1306 1565 providimus
1318 1523 1541 1564 describenda,
1558 1534 1655 1565 quam
1670 1527 1784 1555 tenere
1796 1524 1964 1556 volumus'¹

303 1576 448 1616 indubie,
477 1575 562 1617 quod
590 1578 697 1606 nostre
725 1575 911 1606 intentionis
939 1585 1146 1617 nequaquam
1170 1575 1277 1607 extitit
1306 1585 1366 1607 nec
1389 1575 1499 1607 existit
1525 1585 1585 1618 per
1608 1586 1776 1617 processus
1799 1575 1963 1618 predictos
1981 1583 2008 1604 π

303 1628 354 1660 vel
377 1628 474 1659 aliase
494 1628 556 1658 tuis
580 1630 613 1658 et
635 1627 771 1658 aliorum
795 1626 1013 1658 coelectorum
1037 1627 1159 1659 iuribus
1182 1627 1214 1658 in
1237 1627 1347 1669 aliquo
1370 1627 1540 1670 derogare.
1573 1626 1733 1659 Indecens
1757 1628 1844 1660 enim
1867 1630 1964 1669 esset,

305 1680 389 1722 quod
412 1679 486 1711 inde
511 1681 721 1721 sequerentur
745 1678 869 1719 iniurie,
893 1678 979 1710 unde
1003 1679 1072 1710 iura
1096 1682 1279 1719 nascuntur,
1303 1682 1337 1710 et
1359 1679 1406 1710 illi
1428 1678 1470 1711 de
1493 1683 1629 1721 paterna
1651 1690 1748 1711 manu
1771 1682 1965 1712 nocumenta

304 1732 473 1772 sentirent,
503 1732 556 1772 qui
580 1741 638 1772 per
661 1741 732 1762 eam
758 1730 799 1762 ad
823 1731 960 1772 gratiam
984 1734 1172 1762 meruerunt
1200 1731 1314 1762 attolli.
1367 1730 1526 1767 Quocirca
1550 1731 1785 1763 fraternitatem
1810 1731 1972 1774 eandem}

304 1784 457 1816 attentius
492 1782 716 1824 deprecamur,
762 1783 912 1823 quatinus
946 1786 1035 1814 tuum
1071 1783 1213 1814 animum
1249 1782 1291 1814 ad
1330 1783 1548 1825 cuiuscunque
1586 1783 1714 1815 sinistre
1748 1783 1966 1826 suggestionis

304 1835 487 1866 instantiam
510 1845 606 1876 super
632 1834 693 1865 hiis
716 1845 779 1865 non
802 1835 951 1875 inclines,
981 1834 1038 1866 sed
1061 1834 1168 1876 potius
1191 1838 1399 1876 suggestores
1427 1834 1559 1866 eosdem
1587 1834 1800 1867 fabricatores
1827 1835 1962 1867 menda·
1981 1841 2007 1861 ³⁰

305 1887 426 1918 ciorum
449 1889 579 1927 reputes
603 1888 635 1917 et
658 1886 843 1918 mendaces.

411 1937 486 1969 Dat.
511 1937 709 1979 Avinion(e),
734 1937 829 1970 VIIJir
846 1938 918 1970 Kal.
943 1938 1036 1977 Iunii,
1062 1939 1266 1980 pontificatus
1289 1938 1409 1970 nostri1²
1433 1949 1517 1970 anno
1541 1938 1680 1970 octavo&

638 2078 724 2114 913.
766 2078 922 2114 Litterae
949 2080 996 2114 ad
1022 2090 1131 2124 restem
1159 2079 1355 2115 Danommn.
1461 2079 1554 2115 Mai.
1574 2079 1632 2114 31.

418 2152 516 2191 Copia
532 2153 587 2192 (c.)
611 2153 646 2183 in
662 2152 865 2192 Reyestorum
889 2155 969 2184 tomo
985 2153 1080 2185 citato
1099 2153 1159 2194 fol.
1176 2155 1227 2185 68¹
1250 2164 1300 2185 nr.
1314 2155 1395 2192 867,-
1416 2152 1608 2185 contulimus
1622 2163 1690 2186 nos,
1713 2171 1756 2176 —
1778 2152 1841 2184 Ed.
1859 2151 1964 2185 ‘Ober-

307 2203 499 2243 baycrisches
522 2203 658 2235 Archiv'
682 2205 709 2242 I,
735 2205 775 2235 56
797 2215 847 2236 nr.
866 2205 906 2235 15
930 2215 968 2236 cx
991 2215 1035 2243 c.‚·
1058 2206 1151 2237 ‘Acta
1168 2206 1359 2245 pontificum
1381 2204 1526 2237 Danica’
1548 2205 1578 2243 Ι,
1600 2205 1642 2235 49
1664 2215 1714 2236 nr.
1732 2204 1773 2235 15
1796 2214 1835 2236 ex
1857 2214 1883 2236 c.
1982 2213 2008 2234 ιε

413 2262 558 2301 Βϋῖινηεν,
583 2263 660 2303 Ιῖεῃ.
677 2264 788 2296 Ludw.
808 2275 842 2304 p.
859 2264 924 2295 216
946 2264 1062 2296 Pc‘e'bste
1084 2275 1134 2296 nr.
1150 2265 1203 2296 28.

417 2347 588 2380 Carissimo
614 2350 645 2380 in
669 2350 794 2382 Christo
818 2351 883 2382 filio
907 2351 1107 2383 Christoforo
1131 2351 1201 2393 regi
1222 2351 1388 2383 Danorum
1411 2350 1536 2382 illustri.

418 2399 464 2440 (1)
503 2399 739 2442 Magnificentie
777 2405 831 2434 tue
877 2402 991 2434 litteris
1035 2403 1130 2435 solita
1171 2402 1371 2444 benignitate
1410 2403 1564 2444 receptis,
1612 2406 1707 2444 prout
1751 2412 1794 2434 ex
1836 2401 1964 2433 illarum

310 2454 419 2482 tenore
442 2452 684 2493 perpendimus,
708 2464 858 2495 magnam
883 2454 1088 2486 devotionem
1117 2465 1195 2497 erga
1221 2465 1280 2486 nos
1309 2457 1345 2486 ut
1373 2455 1573 2496 spiritualem
1600 2457 1727 2496 patrem
1755 2457 1788 2486 et
1819 2456 1964 2486 sanctam

308 2500 488 2533 Romanam
513 2503 680 2535 ecclesiam
703 2508 838 2537 matrem
867 2509 953 2537 tuam
977 2506 1100 2538 habere
1123 2506 1303 2548 pretendis,
1327 2517 1391 2538 non
1414 2506 1536 2548 absque
1560 2507 1684 2539 sincere
1707 2506 1824 2538 mentis
1846 2505 1964 2537 indicio
1983 2515 2010 2535 ω

308 2555 340 2584 te
364 2552 455 2584 nobis
479 2556 512 2584 et
534 2557 588 2585 tua
612 2555 790 2588 liberaliter
813 2557 990 2590 offerendo.
1041 2558 1147 2600 Super
1169 2569 1233 2600 quo
1255 2551 1508 2591 benivolentiam
1538 2559 1662 2601 regiam
1691 2569 1764 2590 cum
1788 2557 1965 2600 gratiarum

412 2646 478 2673 912.
505 2649 528 2680 ἃ)
549 2649 682 2682 inscriptio
701 2651 728 2675 in
746 2650 774 2676 2:
804 2653 938 2677 Iohanni
962 2654 1029 2686 regi
1048 2654 1174 2679 Boemie
1192 2654 1327 2680 illustri.
1433 2652 1459 2686 b)
1479 2654 1529 2679 fili
1548 2654 1713 2680 carissime
1731 2652 1757 2679 2.
1865 2653 1888 2685 ⁰)
1907 2653 1963 2678 loco

309 2691 365 2715 frat.
378 2694 421 2716 tue
439 2690 468 2716 2:
488 2697 531 2717 tue
549 2693 748 2719 celsitudini.
819 2693 845 2726 d)
865 2696 993 2721 voluimus
1010 2696 1035 2721 2.
1106 2697 1130 2728 Θ)
1149 2705 1194 2730 per
1206 2698 1392 2730 prom—alias
1410 2698 1438 2722 in
1456 2698 1512 2723 loco
1529 2706 1590 2723 raso
1610 2697 1640 2729 13
1659 2697 1710 2722 vel
1728 2697 1812 2722 alias
1830 2696 1922 2722 desunt
1939 2694 1965 2721 2.

309 2731 329 2763 f)
349 2733 403 2758 loco
422 2734 478 2759 frat.
497 2735 602 2760 eandem
620 2734 650 2760 2:
670 2738 873 2763 serenitatem
892 2739 1019 2771 regiam.
1099 2739 1124 2771 8)
1143 2741 1251 2773 septimo
1270 2740 1294 2766 2.
1373 2739 1399 2773 h)
1419 2745 1489 2774 pont.
1507 2741 1587 2766 nostri
1605 2740 1698 2766 deam!
1714 2739 1739 2766 2.
1819 2738 1838 2772 ¹)
1856 2747 1964 2772 ¹³qu⁷²-

309 2780 351 2800 mr
368 2776 396 2801 in
413 2775 444 2801 2:
477 2775 493 2803 C
518 2779 548 2802 ln
566 2779 675 2803 eundem
694 2780 795 2804 modum
814 2782 935 2814 seriptum
955 2787 993 2807 est
1011 2783 1118 2808 mutatis
1131 2784 1260 2809 mutandis
1279 2784 1520 2817 archiepiscopo
1538 2784 1728 2809 Treverensi
1760 2781 1777 2810 G
1795 2782 1963 2815 Archiepi-
1981 2789 2006 2808 45

311 2826 406 2851 scopo
424 2821 612 2853 Magantino
648 2820 664 2847 (Ἴ
690 2823 728 2847 Et
746 2823 990 2857 archiepiscopo
1009 2826 1202 2852 Coloniensi.
