2124 3132
596 199 813 227 TRAOTATUS
831 198 878 226 DE
896 198 1110 227 ELECTloNE.
1148 199 1222 228 1314.
1260 200 1307 228 Νι.
1323 202 1362 228 17.
1383 202 1421 229 18.
1799 209 1836 237 25

483 323 540 360 17.
580 322 748 369 Epistola
774 323 1022 368 archiepiscopi
1056 323 1285 360 Treverensis.
1394 325 1470 360 Ian.
1489 328 1549 361 29.

289 388 436 427 Bshmer,
459 387 536 429 Ray.
551 387 664 435 Μαι.
681 398 718 428 p.
735 388 799 420 413
823 388 1055 420 Reichssachen
1075 399 1125 421 nr.
1142 390 1207 420 393
1228 389 1355 430 (Addit.
1373 389 1457 431 III).

284 473 493 507 Sanctissimo
516 474 549 505 in
568 472 696 506 Christo
721 474 804 516 patri
827 484 865 506 ac
888 474 1019 506 domino
1043 474 1173 506 domino
1189 475 1348 507 Clementi
1373 475 1479 507 divina
1503 476 1705 518 providentia
1728 489 1835 511 saero-

96 563 99 565 ,
177 529 288 559 sancte
304 525 453 558 Romane
476 535 515 557 ac
538 525 728 558 universalis
752 526 888 558 ecclesie
911 536 1036 558 summo
1060 527 1201 568 pontifici
1261 526 1438 559 Balduinus
1454 528 1597 560 eiusdem
1616 533 1649 560 et
1666 530 1713 561 sui
1730 531 1834 572 gratia

145 591 159 611 s
177 581 287 611 sancte
308 576 517 609 Treverensis
541 576 678 609 ecclesie
695 577 956 620 archiepiscopus
973 578 1055 609 sacri
1071 578 1197 620 imperii
1215 589 1273 620 per
1289 578 1428 610 Galliam
1446 579 1745 613 archicancellarius
1800 594 1835 613 sc

177 628 329 662 devotum
352 626 394 660 ad
418 626 538 670 pedum
561 626 672 660 oscula
695 627 874 661 beatorum.

283 679 416 712 Litteris
443 678 622 711 sanctitatis
645 683 752 711 vestre
781 679 904 711 honore
932 682 966 711 et
992 681 1178 712 reverencia
1202 680 1316 722 quibus
1339 681 1448 713 decuit
1471 682 1587 714 habitis
1611 687 1644 715 et
1666 694 1738 716 cum
1762 684 1833 716 dili-

175 731 291 775 gencia
313 730 497 772 intellectis,
521 731 727 763 sanctitatem
743 734 882 763 vestram
906 731 1000 773 cupio
1023 742 1087 763 non
1110 732 1224 772 latere,
1248 732 1333 775 quod
1356 733 1468 765 ultimo
1492 734 1524 765 in
1547 735 1683 766 crastino
1700 736 1833 767 circum-

177 783 305 816 cisionis
333 778 465 815 Domini
499 781 542 814 ad
576 782 779 815 tractandum
813 793 911 824 super
944 782 1111 815 electionis
1143 783 1338 815 imminentis
1370 785 1467 816 futuri
1501 786 1587 826 regis
1615 785 1832 819 Romanorum

133 847 159 868 ιο
175 835 312 877 negocio
343 833 412 866 dies
441 833 549 866 extitit
575 833 748 876 deputata,
777 833 820 866 ad
849 844 944 876 quam
974 835 1049 876 quia
1077 834 1181 866 solum
1209 835 1469 878 archiepiscopus
1493 835 1693 869 coloniensis
1716 843 1749 870 et
1773 848 1834 880 ego

177 886 394 927 convenimus,
418 885 460 918 ob
484 885 621 918 aliorum
645 885 822 918 electorum
846 884 1073 929 absentia[m]·
1096 885 1138 917 ab
1162 885 1277 918 eadem
1302 886 1354 918 die
1378 888 1446 919 sine
1469 889 1686 930 assignatione
1702 889 1834 921 alterius

176 938 304 971 termini
327 941 360 970 et
382 937 445 970 fine
468 937 577 980 aliqpo
601 939 652 969 est
673 947 846 969 recessum.
881 937 940 969 Est
962 940 1070 969 tamen
1094 948 1168 969 mea
1191 938 1330 970 intencio
1354 939 1383 970 in
1408 939 1494 971 dicto
1518 940 1683 972 electionis
1699 942 1832 983 negocio

175 992 418 1022 votummeum
440 984 595 1028 intalem
620 988 776 1031 dirigere,
805 999 900 1031 quem
924 988 1054 1021 credam
1078 989 1150 1022 Deo
1174 989 1363 1031 amabilem,
1391 991 1527 1023 ecclesie
1551 991 1703 1024 devotum
1727 1003 1763 1024 ac
1787 994 1832 1024 rei

176 1040 306 1084 publice
330 1040 534 1073 defensorem
559 1043 592 1072 et
614 1040 738 1073 utilem.
777 1039 843 1072 Sed
867 1039 972 1072 adhuc
996 1041 1120 1083 ignoro,
1144 1051 1240 1083 quem
1262 1041 1304 1073 ad
1328 1041 1388 1074 hoc
1413 1042 1519 1074 divina
1543 1042 1736 1085 disposuerit
1759 1055 1832 1085 pro-

135 1104 158 1125 u
176 1091 319 1126 videntIa
340 1091 605 1134 promovendum.

284 1144 402 1176 Vestre
429 1143 592 1175 sanctitati
620 1154 673 1176 me
701 1146 735 1175 et
758 1143 889 1175 domum
913 1153 1019 1175 meam
1044 1143 1193 1175 continue
1217 1145 1460 1186 recommendo,
1486 1149 1616 1188 paratus
1639 1145 1680 1177 ad
1705 1157 1831 1188 queque

175 1195 354 1228 sanctitatis
377 1197 483 1227 vestre
507 1194 714 1237 beneplacita
737 1194 880 1226 obedire.

281 1247 356 1279 Dat.
374 1245 533 1288 Treveris,
556 1245 609 1278 die
632 1246 758 1278 XXIX.
775 1246 925 1278 Ianuarii.

176 1462 242 1508 18.
272 1463 337 1509 19.
378 1460 860 1508 PROMISSIONES
888 1463 1214 1510 IOHANNIS
1243 1463 1431 1510 REGIS
1460 1463 1827 1511 BOHEMIAE.

131 1549 160 1571 nu
826 1540 934 1577 1314.
979 1540 1089 1576 Febr.
1118 1541 1245 1578 1.—2.

508 1624 566 1689 18.
610 1652 783 1698 Scriptum
805 1664 873 1698 pro
900 1654 1018 1688 comite
1045 1654 1087 1688 de
1113 1653 1244 1688 Monte.
1351 1653 1455 1689 Febr.
1474 1655 1507 1689 1.

287 1716 449 1759 orifinale
464 1717 539 1760 (or.)
561 1717 597 1750 in
613 1718 772 1750 tabulario
794 1718 878 1759 reyio
895 1717 1172 1758 Dusseldorpiensi
1194 1718 1431 1759 ‘Jmich-Berq‘
1453 1719 1589 1752 nr.219.
1631 1719 1830 1751 Contulimus

176 1778 243 1801 nos.
300 1769 449 1810 Siciliam
482 1768 603 1802 laesum
629 1770 748 1810 pendet
781 1769 846 1802 loro
879 1770 1122 1804 membranaceo.
1161 1789 1199 1794 —
1245 1770 1306 1802 Ed.
1338 1770 1516 1802 Lacomblet
1553 1770 1829 1804 ‘Urkundenlmch‘

177 1820 248 1859 111,
272 1821 313 1852 91
336 1831 386 1853 nr.
403 1822 476 1855 125.

134 1889 161 1911 ss
287 1880 434 1920 Bo‘hmer,
458 1880 534 1922 Req.
549 1880 662 1913 Ludw.
680 1891 716 1921 p.
731 1882 796 1913 294
819 1881 947 1914 Iohann
968 1892 1017 1915 nr.
1034 1883 1099 1914 362
1121 1882 1248 1922 (Addit.
1265 1882 1309 1923 I).

280 1965 349 1999 Nos
364 1966 527 2000 Iohannes
541 1966 605 1999 Dei
627 1967 734 2009 gratia
750 1967 884 1999 Boemie
901 1971 935 1998 et
951 1967 1087 1999 Polonie
1110 1978 1178 2007 rex,
1202 1969 1283 1999 sacri
1306 1968 1432 2010 imperii
1455 1969 1535 2000 citra
1554 1972 1679 2000 montes
1695 1970 1830 2001 vicarius

173 2018 335 2060 generalis
358 2028 396 2051 ac
411 2018 707 2061 L'ucemburgensis
728 2029 838 2051 comes
854 2020 1112 2061 recognoscimus
1128 2030 1164 2051 ac
1181 2023 1292 2051 tenore
1308 2020 1504 2061 presentium
1521 2024 1667 2052 constare
1684 2020 1829 2053 volumus

174 2069 344 2110 universis,
380 2070 468 2112 quod
502 2071 578 2113 quia
611 2070 798 2113 spectabilis
828 2071 876 2102 vir
904 2071 1043 2103 Adoli'us
1071 2082 1180 2102 comes
1213 2071 1254 2103 de
1289 2072 1399 2103 Monte
1433 2073 1689 2114 consanguineus
1721 2077 1831 2104 noster

172 2119 362 2153 karissimus
384 2122 416 2153 in
440 2122 647 2155 assecucione
671 2123 761 2164 regni
778 2122 996 2154 Romanorum
1021 2126 1089 2154 tota
1111 2133 1169 2154 sua
1192 2123 1336 2164 potentia
1359 2134 1417 2155 nos
1439 2127 1623 2155 constanter
1644 2127 1678 2155 et
1692 2123 1831 2155 fideliter

128 2182 156 2203 ιο
173 2171 284 2204 iuvare
322 2174 483 2215 promisit,
527 2184 695 2216 quousque
737 2174 857 2206 dictum
895 2184 1029 2215 regnum
1067 2174 1135 2205 sine
1172 2174 1308 2206 aliorum
1346 2176 1591 2217 impugnacione
1629 2175 1830 2207 concorditer

173 2222 363 2265 habeamus,
386 2224 447 2257 sibi
471 2226 614 2268 quinque
637 2226 726 2258 milia
749 2236 941 2266 marcarum,
965 2225 1065 2257 tribus
1079 2225 1315 2267 Hallen(sibus)
1339 2237 1398 2269 pro
1421 2226 1552 2258 denario
1575 2226 1720 2268 quolibet
1741 2237 1828 2258 com-

173 2275 340 2317 putandis,
369 2287 428 2319 pro
452 2278 605 2319 expensis
634 2280 668 2309 et
690 2278 925 2309 instauracione
949 2278 1111 2309 exercitus
1137 2278 1352 2319 promittimus
1375 2289 1433 2309 nos
1456 2278 1596 2310 daturos.
1641 2277 1691 2309 De
1714 2278 1830 2320 quibus

174 2325 237 2358 duo
267 2327 358 2360 milia
392 2339 574 2361 marcarum
608 2329 764 2361 ducentas
798 2332 831 2361 et
862 2329 1094 2371 quinquaginta
1124 2339 1249 2360 marcas
1278 2329 1338 2361 sibi
1366 2329 1454 2371 apud
1487 2329 1696 2371 spectabilem
1728 2330 1828 2361 virum

175 2377 385 2419 Ger(ardum)
420 2380 572 2412 comitem
602 2380 816 2413 Iuliacensem
852 2381 1122 2422 consanguineum
1156 2384 1300 2412 nostrum
1334 2380 1560 2422 deputavimus
1593 2385 1627 2412 et
1656 2382 1758 2423 ipsum
1788 2381 1828 2412 de

126 2440 154 2461 ει
174 2429 338 2462 solucione
363 2430 448 2463 dicte
472 2432 610 2474 pecunie
633 2433 697 2464 iam
722 2436 844 2464 certum
866 2432 1000 2464 fecimus
1016 2435 1050 2463 et
1064 2442 1222 2464 securum.
1255 2431 1431 2469 Residuam
1448 2443 1524 2463 vero
1542 2436 1666 2474 partem
1683 2433 1829 2474 pecunie.

175 2480 328 2514 videlicet
351 2481 414 2514 duo
437 2483 528 2515 milia
549 2493 730 2516 marcarum
755 2485 977 2525 septingentas
1001 2487 1034 2515 et
1057 2484 1287 2525 quinquaginta
1309 2494 1434 2515 marcas
1457 2483 1533 2515 dicti
1550 2485 1746 2525 pagamenti,
1768 2483 1828 2515 sibi

175 2536 346 2576 postquam
371 2545 490 2567 corona
512 2537 606 2578 regni
627 2535 767 2568 Romani
790 2537 893 2578 Aquis
916 2536 1060 2567 coronati
1083 2535 1247 2575 fuerimus,
1270 2535 1353 2567 infra
1375 2546 1492 2567 annum
1516 2535 1682 2567 dimidium
1706 2534 1827 2576 persol-

172 2594 286 2617 vemus
313 2586 366 2618 vel
396 2597 468 2619 eam
500 2588 671 2629 pecuniam
701 2587 762 2619 sibi
791 2587 1018 2629 deputabimus
1048 2586 1266 2628 recipiendam
1295 2588 1327 2618 in
1354 2587 1461 2629 aliquo
1491 2587 1642 2618 theloneo
1672 2586 1754 2618 Beni
1786 2585 1826 2617 ad

172 2636 273 2679 ipsius
300 2638 484 2679 consilium,
515 2638 570 2670 ubi
599 2639 704 2682 magis
731 2640 835 2681 ipsum
863 2638 1049 2671 theloneum
1076 2638 1246 2670 defensare
1275 2639 1394 2680 poterit
1419 2643 1453 2670 et
1475 2638 1566 2670 nobis
1590 2648 1627 2669 ac
1651 2636 1826 2669 reverendo

126 2700 155 2720 ω
174 2689 259 2730 patri
281 2688 412 2722 domino
427 2689 626 2732 B(alduyn0)
643 2690 887 2733 archiepiscopo
904 2690 1095 2722 Treverensi
1111 2693 1225 2732 patruo
1241 2694 1348 2722 nostro
1365 2690 1533 2721 karissimo
1549 2690 1652 2730 magis
1668 2688 1827 2719 videbitur

177 2739 343 2782 expedire.
388 2741 456 2773 Nos
487 2742 585 2774 etiam
616 2745 650 2774 et
675 2742 763 2774 idem
790 2746 923 2784 patruus
949 2745 1058 2774 noster
1079 2741 1121 2773 ab
1145 2741 1293 2773 omnibus
1315 2741 1592 2782 infestacionibus,
1623 2750 1702 2782 quas
1725 2739 1827 2771 dictus

276 2825 325 2852 1⁷.
353 2827 378 2860 ⁸)
397 2829 515 2855 absentia
533 2837 554 2855 c.
