<?xml version="1.0" encoding="UTF-8"?>
<!DOCTYPE html PUBLIC "-//W3C//DTD XHTML 1.0 Transitional//EN"
    "http://www.w3.org/TR/xhtml1/DTD/xhtml1-transitional.dtd">
<html xmlns="http://www.w3.org/1999/xhtml" xml:lang="en" lang="en">
 <head>
  <title>
</title>
<meta http-equiv="Content-Type" content="text/html;charset=utf-8" />
  <meta name='ocr-system' content='tesseract 3.04.00' />
  <meta name='ocr-capabilities' content='ocr_page ocr_carea ocr_par ocr_line ocrx_word'/>
</head>
<body>
  <div class='ocr_page' id='page_1' title='image "./monumentagerma05geseuoft_0684.png"; bbox 0 0 2184 3126; ppageno 0'>
   <div class='ocr_carea' id='block_1_1' title="bbox 317 151 1692 191">
    <p class='ocr_par' dir='ltr' id='par_1_1' title="bbox 317 151 1692 191">
     <span class='ocr_line' id='line_1_1' title="bbox 317 151 1692 191; baseline -0.008 0"><span class='ocrx_word' id='word_1_1' title='bbox 317 162 379 191; x_wconf 90' lang='grc'><strong>644</strong></span> <span class='ocrx_word' id='word_1_2' title='bbox 589 156 685 183; x_wconf 86' lang='lat' dir='ltr'>ACTA</span> <span class='ocrx_word' id='word_1_3' title='bbox 702 154 815 182; x_wconf 89' lang='lat' dir='ltr'>REGNI</span> <span class='ocrx_word' id='word_1_4' title='bbox 834 152 1020 181; x_wconf 88' lang='lat' dir='ltr'>LUDEWICI</span> <span class='ocrx_word' id='word_1_5' title='bbox 1038 152 1086 179; x_wconf 92' lang='lat' dir='ltr'><strong>IV.</strong></span> <span class='ocrx_word' id='word_1_6' title='bbox 1103 151 1150 179; x_wconf 88' lang='lat' dir='ltr'><strong>ET</strong></span> <span class='ocrx_word' id='word_1_7' title='bbox 1170 151 1355 180; x_wconf 83' lang='lat' dir='ltr'><strong>FRIDERICI</strong></span> <span class='ocrx_word' id='word_1_8' title='bbox 1373 152 1421 179; x_wconf 93' lang='lat'>111.</span> <span class='ocrx_word' id='word_1_9' title='bbox 1460 153 1535 180; x_wconf 82' lang='lat'><strong>1323.</strong></span> <span class='ocrx_word' id='word_1_10' title='bbox 1570 153 1620 180; x_wconf 88' lang='lat' dir='ltr'><strong>Nr.</strong></span> <span class='ocrx_word' id='word_1_11' title='bbox 1632 153 1692 181; x_wconf 81' lang='lat'>824.</span> 
     </span>
    </p>
   </div>
   <div class='ocr_carea' id='block_1_2' title="bbox 303 238 1963 1676">
    <p class='ocr_par' dir='ltr' id='par_1_2' title="bbox 315 238 1963 386">
     <span class='ocr_line' id='line_1_2' title="bbox 315 238 1962 284; baseline 0.001 -11"><span class='ocrx_word' id='word_1_12' title='bbox 315 242 441 284; x_wconf 87' lang='lat' dir='ltr'><strong>imperii</strong></span> <span class='ocrx_word' id='word_1_13' title='bbox 469 242 649 273; x_wconf 87' lang='lat' dir='ltr'><strong>iuramenta</strong></span> <span class='ocrx_word' id='word_1_14' title='bbox 678 252 715 272; x_wconf 90' lang='lat' dir='ltr'><strong>ac</strong></span> <span class='ocrx_word' id='word_1_15' title='bbox 742 240 782 272; x_wconf 87' lang='lat' dir='ltr'><strong>de</strong></span> <span class='ocrx_word' id='word_1_16' title='bbox 811 239 1031 282; x_wconf 80' lang='lat' dir='ltr'>dignitatibus,</span> <span class='ocrx_word' id='word_1_17' title='bbox 1062 238 1237 270; x_wconf 85' lang='lat' dir='ltr'>honoribus</span> <span class='ocrx_word' id='word_1_18' title='bbox 1267 241 1300 270; x_wconf 90' lang='lat' dir='ltr'><strong>et</strong></span> <span class='ocrx_word' id='word_1_19' title='bbox 1329 238 1443 270; x_wconf 83' lang='lat' dir='ltr'><strong>officiis</strong></span> <span class='ocrx_word' id='word_1_20' title='bbox 1466 239 1611 270; x_wconf 86' lang='lat' dir='ltr'><strong>eiusdem</strong></span> <span class='ocrx_word' id='word_1_21' title='bbox 1638 239 1780 282; x_wconf 89' lang='lat' dir='ltr'><strong>imperii,</strong></span> <span class='ocrx_word' id='word_1_22' title='bbox 1811 242 1962 284; x_wconf 85' lang='lat' dir='ltr'><strong>exemplo</strong></span> 
     </span>
     <span class='ocr_line' id='line_1_3' title="bbox 315 289 1963 336; baseline 0.001 -12"><span class='ocrx_word' id='word_1_23' title='bbox 315 295 419 335; x_wconf 89' lang='lat' dir='ltr'><strong>posito</strong></span> <span class='ocrx_word' id='word_1_24' title='bbox 449 293 488 324; x_wconf 90' lang='lat' dir='ltr'><strong>de</strong></span> <span class='ocrx_word' id='word_1_25' title='bbox 511 292 732 324; x_wconf 81' lang='lat' dir='ltr'><strong>marchionatu</strong></span> <span class='ocrx_word' id='word_1_26' title='bbox 757 291 1042 333; x_wconf 84' lang='lat' dir='ltr'><strong>Magdeburgensi,</strong></span> <span class='ocrx_word' id='word_1_27' title='bbox 1071 300 1130 331; x_wconf 93' lang='lat' dir='ltr'><strong>pro</strong></span> <span class='ocrx_word' id='word_1_28' title='bbox 1157 289 1248 321; x_wconf 90' lang='lat' dir='ltr'><strong>libito</strong></span> <span class='ocrx_word' id='word_1_29' title='bbox 1277 289 1476 331; x_wconf 88' lang='lat' dir='ltr'><strong>disponendo</strong></span> <span class='ocrx_word' id='word_1_30' title='bbox 1507 293 1540 321; x_wconf 91' lang='lat' dir='ltr'><strong>et</strong></span> <span class='ocrx_word' id='word_1_31' title='bbox 1566 290 1660 332; x_wconf 90' lang='lat' dir='ltr'><strong>plura</strong></span> <span class='ocrx_word' id='word_1_32' title='bbox 1683 291 1747 322; x_wconf 88' lang='lat' dir='ltr'><strong>alia</strong></span> <span class='ocrx_word' id='word_1_33' title='bbox 1770 292 1963 336; x_wconf 86' lang='lat' dir='ltr'><strong>exercendo,</strong></span> 
     </span>
     <span class='ocr_line' id='line_1_4' title="bbox 316 340 1626 386; baseline -0.001 -10"><span class='ocrx_word' id='word_1_34' title='bbox 316 355 379 386; x_wconf 86' lang='lat' dir='ltr'><strong>que</strong></span> <span class='ocrx_word' id='word_1_35' title='bbox 402 344 442 376; x_wconf 87' lang='lat' dir='ltr'><strong>ad</strong></span> <span class='ocrx_word' id='word_1_36' title='bbox 466 345 607 385; x_wconf 89' lang='lat' dir='ltr'><strong>ipsorum</strong></span> <span class='ocrx_word' id='word_1_37' title='bbox 629 344 720 384; x_wconf 87' lang='lat' dir='ltr'><strong>regni</strong></span> <span class='ocrx_word' id='word_1_38' title='bbox 743 346 777 374; x_wconf 90' lang='lat' dir='ltr'><strong>et</strong></span> <span class='ocrx_word' id='word_1_39' title='bbox 798 343 925 383; x_wconf 90' lang='lat' dir='ltr'><strong>imperii</strong></span> <span class='ocrx_word' id='word_1_40' title='bbox 948 342 1093 383; x_wconf 83' lang='lat' dir='ltr'><strong>regimen</strong></span> <span class='ocrx_word' id='word_1_41' title='bbox 1115 351 1179 372; x_wconf 91' lang='lat' dir='ltr'><strong>non</strong></span> <span class='ocrx_word' id='word_1_42' title='bbox 1203 343 1252 371; x_wconf 89' lang='lat' dir='ltr'><strong>est</strong></span> <span class='ocrx_word' id='word_1_43' title='bbox 1274 340 1408 372; x_wconf 91' lang='lat' dir='ltr'><strong>dubium</strong></span> <span class='ocrx_word' id='word_1_44' title='bbox 1431 341 1594 382; x_wconf 89' lang='lat' dir='ltr'><strong>pertinere</strong></span> <span class='ocrx_word' id='word_1_45' title='bbox 1605 342 1626 375; x_wconf 87' lang='lat'><strong>².</strong></span> 
     </span>
    </p>

    <p class='ocr_par' dir='ltr' id='par_1_3' title="bbox 308 395 1963 992">
     <span class='ocr_line' id='line_1_5' title="bbox 424 395 1963 439; baseline 0 -8"><span class='ocrx_word' id='word_1_46' title='bbox 424 403 472 431; x_wconf 88' lang='lat'><strong>10.</strong></span> <span class='ocrx_word' id='word_1_47' title='bbox 506 399 636 431; x_wconf 82' lang='lat' dir='ltr'><strong>Adiecit</strong></span> <span class='ocrx_word' id='word_1_48' title='bbox 665 400 808 439; x_wconf 82' lang='lat' dir='ltr'><strong>insuper,</strong></span> <span class='ocrx_word' id='word_1_49' title='bbox 841 396 926 438; x_wconf 89' lang='lat' dir='ltr'><strong>quod</strong></span> <span class='ocrx_word' id='word_1_50' title='bbox 957 396 1101 428; x_wconf 85' lang='lat' dir='ltr'><strong>eiusdem</strong></span> <span class='ocrx_word' id='word_1_51' title='bbox 1131 396 1267 428; x_wconf 81' lang='lat' dir='ltr'><strong>ecclesie</strong></span> <span class='ocrx_word' id='word_1_52' title='bbox 1299 395 1474 428; x_wconf 79' lang='lat' dir='ltr'><strong>rebellibus</strong></span> <span class='ocrx_word' id='word_1_53' title='bbox 1508 396 1590 428; x_wconf 88' lang='lat' dir='ltr'><strong>sicut</strong></span> <span class='ocrx_word' id='word_1_54' title='bbox 1617 396 1762 429; x_wconf 83' lang='lat' dir='ltr'><strong>Galiazio</strong></span> <span class='ocrx_word' id='word_1_55' title='bbox 1793 397 1834 430; x_wconf 88' lang='lat' dir='ltr'><strong>de</strong></span> <span class='ocrx_word' id='word_1_56' title='bbox 1864 399 1963 431; x_wconf 85' lang='lat' dir='ltr'><strong>Vice-</strong></span> 
     </span>
     <span class='ocr_line' id='line_1_6' title="bbox 314 447 1963 488; baseline -0.001 -5"><span class='ocrx_word' id='word_1_57' title='bbox 314 451 481 483; x_wconf 87' lang='lat' dir='ltr'><strong>comitibus</strong></span> <span class='ocrx_word' id='word_1_58' title='bbox 505 453 538 482; x_wconf 90' lang='lat' dir='ltr'><strong>et</strong></span> <span class='ocrx_word' id='word_1_59' title='bbox 561 451 628 482; x_wconf 89' lang='lat' dir='ltr'><strong>eius</strong></span> <span class='ocrx_word' id='word_1_60' title='bbox 651 449 801 481; x_wconf 87' lang='lat' dir='ltr'><strong>fratribus</strong></span> <span class='ocrx_word' id='word_1_61' title='bbox 818 449 858 480; x_wconf 89' lang='lat' dir='ltr'><strong>de</strong></span> <span class='ocrx_word' id='word_1_62' title='bbox 874 448 981 479; x_wconf 89' lang='lat' dir='ltr'><strong>heresi</strong></span> <span class='ocrx_word' id='word_1_63' title='bbox 997 447 1241 488; x_wconf 80' lang='lat' dir='ltr'><strong>condempnatis</strong></span> <span class='ocrx_word' id='word_1_64' title='bbox 1265 450 1298 478; x_wconf 91' lang='lat' dir='ltr'><strong>et</strong></span> <span class='ocrx_word' id='word_1_65' title='bbox 1319 447 1480 478; x_wconf 87' lang='lat' dir='ltr'><strong>nonnullis</strong></span> <span class='ocrx_word' id='word_1_66' title='bbox 1502 447 1573 479; x_wconf 83' lang='lat' dir='ltr'><strong>aliis</strong></span> <span class='ocrx_word' id='word_1_67' title='bbox 1596 451 1708 480; x_wconf 89' lang='lat' dir='ltr'><strong>contra</strong></span> <span class='ocrx_word' id='word_1_68' title='bbox 1723 448 1842 481; x_wconf 87' lang='lat' dir='ltr'><strong>dictam</strong></span> <span class='ocrx_word' id='word_1_69' title='bbox 1857 450 1963 482; x_wconf 87' lang='lat' dir='ltr'><strong>eccle-</strong></span> 
     </span>
     <span class='ocr_line' id='line_1_7' title="bbox 314 498 1962 541; baseline 0 -8"><span class='ocrx_word' id='word_1_70' title='bbox 314 503 394 533; x_wconf 89' lang='lat' dir='ltr'><strong>siam</strong></span> <span class='ocrx_word' id='word_1_71' title='bbox 421 512 510 533; x_wconf 87' lang='lat' dir='ltr'><strong>suam</strong></span> <span class='ocrx_word' id='word_1_72' title='bbox 537 501 683 532; x_wconf 89' lang='lat' dir='ltr'><strong>iniuriam</strong></span> <span class='ocrx_word' id='word_1_73' title='bbox 714 503 747 531; x_wconf 90' lang='lat' dir='ltr'><strong>et</strong></span> <span class='ocrx_word' id='word_1_74' title='bbox 773 500 942 541; x_wconf 89' lang='lat' dir='ltr'><strong>negocium</strong></span> <span class='ocrx_word' id='word_1_75' title='bbox 970 498 1046 530; x_wconf 91' lang='lat' dir='ltr'><strong>fidei</strong></span> <span class='ocrx_word' id='word_1_76' title='bbox 1075 501 1108 530; x_wconf 88' lang='lat' dir='ltr'><strong>et</strong></span> <span class='ocrx_word' id='word_1_77' title='bbox 1134 498 1262 540; x_wconf 86' lang='lat' dir='ltr'><strong>imperii</strong></span> <span class='ocrx_word' id='word_1_78' title='bbox 1289 502 1541 540; x_wconf 84' lang='lat' dir='ltr'><strong>prosequentem</strong></span> <span class='ocrx_word' id='word_1_79' title='bbox 1568 510 1626 531; x_wconf 88' lang='lat' dir='ltr'><strong>nos</strong></span> <span class='ocrx_word' id='word_1_80' title='bbox 1653 500 1859 533; x_wconf 77' lang='lat' dir='ltr'><strong>defensorem</strong></span> <span class='ocrx_word' id='word_1_81' title='bbox 1886 511 1962 533; x_wconf 86' lang='lat' dir='ltr'><strong>con-</strong></span> 
     </span>
     <span class='ocr_line' id='line_1_8' title="bbox 313 548 1963 594; baseline 0.001 -10"><span class='ocrx_word' id='word_1_82' title='bbox 313 553 507 584; x_wconf 87' lang='lat' dir='ltr'><strong>stituerimus</strong></span> <span class='ocrx_word' id='word_1_83' title='bbox 537 555 569 583; x_wconf 89' lang='lat' dir='ltr'><strong>et</strong></span> <span class='ocrx_word' id='word_1_84' title='bbox 597 552 755 583; x_wconf 84' lang='lat' dir='ltr'><strong>fautorem</strong></span> <span class='ocrx_word' id='word_1_85' title='bbox 767 552 789 582; x_wconf 75' lang='lat'><strong>¹.</strong></span> <span class='ocrx_word' id='word_1_86' title='bbox 834 551 973 592; x_wconf 84' lang='lat' dir='ltr'><strong>Propter</strong></span> <span class='ocrx_word' id='word_1_87' title='bbox 1005 560 1067 592; x_wconf 93' lang='lat' dir='ltr'><strong>que</strong></span> <span class='ocrx_word' id='word_1_88' title='bbox 1099 552 1227 591; x_wconf 86' lang='lat' dir='ltr'><strong>sumpto</strong></span> <span class='ocrx_word' id='word_1_89' title='bbox 1257 549 1355 581; x_wconf 91' lang='lat' dir='ltr'><strong>modo</strong></span> <span class='ocrx_word' id='word_1_90' title='bbox 1385 548 1469 593; x_wconf 74' lang='lat' dir='ltr'><strong>[de]‘</strong></span> <span class='ocrx_word' id='word_1_91' title='bbox 1491 551 1691 592; x_wconf 88' lang='lat' dir='ltr'><strong>plenitudine</strong></span> <span class='ocrx_word' id='word_1_92' title='bbox 1721 553 1891 594; x_wconf 87' lang='lat' dir='ltr'><strong>potestatis</strong></span> <span class='ocrx_word' id='word_1_93' title='bbox 1921 553 1963 586; x_wconf 89' lang='lat' dir='ltr'><strong>de</strong></span> 
     </span>
     <span class='ocr_line' id='line_1_9' title="bbox 313 601 1963 644; baseline 0.001 -9"><span class='ocrx_word' id='word_1_94' title='bbox 313 604 445 635; x_wconf 84' lang='lat' dir='ltr'><strong>fratrum</strong></span> <span class='ocrx_word' id='word_1_95' title='bbox 476 613 618 644; x_wconf 88' lang='lat' dir='ltr'><strong>suorum,</strong></span> <span class='ocrx_word' id='word_1_96' title='bbox 650 606 685 633; x_wconf 90' lang='lat' dir='ltr'><strong>ut</strong></span> <span class='ocrx_word' id='word_1_97' title='bbox 714 602 804 643; x_wconf 89' lang='lat' dir='ltr'><strong>dicit,</strong></span> <span class='ocrx_word' id='word_1_98' title='bbox 839 602 970 633; x_wconf 90' lang='lat' dir='ltr'><strong>consilio</strong></span> <span class='ocrx_word' id='word_1_99' title='bbox 999 612 1058 632; x_wconf 91' lang='lat' dir='ltr'><strong>nos</strong></span> <span class='ocrx_word' id='word_1_100' title='bbox 1085 602 1246 632; x_wconf 88' lang='lat' dir='ltr'><strong>monuisse</strong></span> <span class='ocrx_word' id='word_1_101' title='bbox 1277 601 1402 642; x_wconf 89' lang='lat' dir='ltr'><strong>dicitur,</strong></span> <span class='ocrx_word' id='word_1_102' title='bbox 1438 602 1524 644; x_wconf 90' lang='lat' dir='ltr'><strong>quod</strong></span> <span class='ocrx_word' id='word_1_103' title='bbox 1557 603 1641 635; x_wconf 89' lang='lat' dir='ltr'><strong>infra</strong></span> <span class='ocrx_word' id='word_1_104' title='bbox 1674 604 1770 635; x_wconf 87' lang='lat' dir='ltr'><strong>trium</strong></span> <span class='ocrx_word' id='word_1_105' title='bbox 1803 605 1963 637; x_wconf 89' lang='lat' dir='ltr'><strong>mensium</strong></span> 
     </span>
     <span class='ocr_line' id='line_1_10' title="bbox 311 652 1963 698; baseline 0.001 -12"><span class='ocrx_word' id='word_1_106' title='bbox 311 655 451 696; x_wconf 84' lang='lat' dir='ltr'><strong>spacium</strong></span> <span class='ocrx_word' id='word_1_107' title='bbox 476 654 517 685; x_wconf 90' lang='lat' dir='ltr'><strong>ab</strong></span> <span class='ocrx_word' id='word_1_108' title='bbox 534 654 837 694; x_wconf 84' lang='lat' dir='ltr'><strong>amministracione,</strong></span> <span class='ocrx_word' id='word_1_109' title='bbox 863 653 1001 685; x_wconf 87' lang='lat' dir='ltr'><strong>fautoria</strong></span> <span class='ocrx_word' id='word_1_110' title='bbox 1025 655 1058 684; x_wconf 89' lang='lat' dir='ltr'><strong>et</strong></span> <span class='ocrx_word' id='word_1_111' title='bbox 1075 652 1262 684; x_wconf 85' lang='lat' dir='ltr'><strong>defensione</strong></span> <span class='ocrx_word' id='word_1_112' title='bbox 1278 652 1432 694; x_wconf 79' lang='lat' dir='ltr'><strong>predictis</strong></span> <span class='ocrx_word' id='word_1_113' title='bbox 1447 664 1576 695; x_wconf 88' lang='lat' dir='ltr'><strong>prorsus</strong></span> <span class='ocrx_word' id='word_1_114' title='bbox 1592 654 1837 696; x_wconf 80' lang='lat' dir='ltr'><strong>abstineremus,</strong></span> <span class='ocrx_word' id='word_1_115' title='bbox 1858 656 1963 698; x_wconf 84' lang='lat' dir='ltr'><strong>ipsam</strong></span> 
     </span>
     <span class='ocr_line' id='line_1_11' title="bbox 310 703 1963 746; baseline 0.002 -10"><span class='ocrx_word' id='word_1_116' title='bbox 310 706 633 737; x_wconf 85' lang='lat' dir='ltr'><strong>amministracionem</strong></span> <span class='ocrx_word' id='word_1_117' title='bbox 656 705 787 736; x_wconf 92' lang='lat' dir='ltr'><strong>minime</strong></span> <span class='ocrx_word' id='word_1_118' title='bbox 810 705 1017 746; x_wconf 86' lang='lat' dir='ltr'><strong>resumpturi,</strong></span> <span class='ocrx_word' id='word_1_119' title='bbox 1040 705 1101 735; x_wconf 90' lang='lat' dir='ltr'><strong>nisi</strong></span> <span class='ocrx_word' id='word_1_120' title='bbox 1124 707 1198 736; x_wconf 90' lang='lat' dir='ltr'><strong>tunc</strong></span> <span class='ocrx_word' id='word_1_121' title='bbox 1214 703 1346 735; x_wconf 91' lang='lat' dir='ltr'><strong>demum</strong></span> <span class='ocrx_word' id='word_1_122' title='bbox 1362 715 1434 737; x_wconf 92' lang='lat' dir='ltr'><strong>cum</strong></span> <span class='ocrx_word' id='word_1_123' title='bbox 1457 705 1655 738; x_wconf 89' lang='lat' dir='ltr'><strong>eleccionem</strong></span> <span class='ocrx_word' id='word_1_124' title='bbox 1677 710 1820 739; x_wconf 89' lang='lat' dir='ltr'><strong>nostram</strong></span> <span class='ocrx_word' id='word_1_125' title='bbox 1835 707 1963 740; x_wconf 79' lang='lat' dir='ltr'><strong>admitti</strong></span> 
     </span>
     <span class='ocr_line' id='line_1_12' title="bbox 310 755 1963 800; baseline 0.002 -12"><span class='ocrx_word' id='word_1_126' title='bbox 310 760 342 788; x_wconf 90' lang='lat' dir='ltr'><strong>et</strong></span> <span class='ocrx_word' id='word_1_127' title='bbox 365 766 534 797; x_wconf 84' lang='lat' dir='ltr'><strong>personam</strong></span> <span class='ocrx_word' id='word_1_128' title='bbox 557 756 727 797; x_wconf 89' lang='lat' dir='ltr'><strong>contigerit</strong></span> <span class='ocrx_word' id='word_1_129' title='bbox 750 756 939 798; x_wconf 83' lang='lat' dir='ltr'><strong>approbari,</strong></span> <span class='ocrx_word' id='word_1_130' title='bbox 971 755 1120 797; x_wconf 90' lang='lat' dir='ltr'><strong>quodque</strong></span> <span class='ocrx_word' id='word_1_131' title='bbox 1148 758 1242 797; x_wconf 87' lang='lat' dir='ltr'><strong>gesta</strong></span> <span class='ocrx_word' id='word_1_132' title='bbox 1271 765 1331 797; x_wconf 89' lang='lat' dir='ltr'><strong>per</strong></span> <span class='ocrx_word' id='word_1_133' title='bbox 1358 766 1417 787; x_wconf 91' lang='lat' dir='ltr'><strong>nos</strong></span> <span class='ocrx_word' id='word_1_134' title='bbox 1446 759 1520 798; x_wconf 89' lang='lat' dir='ltr'><strong>post</strong></span> <span class='ocrx_word' id='word_1_135' title='bbox 1541 762 1765 800; x_wconf 86' lang='lat' dir='ltr'><strong>presumptum</strong></span> <span class='ocrx_word' id='word_1_136' title='bbox 1787 769 1907 791; x_wconf 90' lang='lat' dir='ltr'><strong>nomen</strong></span> <span class='ocrx_word' id='word_1_137' title='bbox 1929 762 1963 791; x_wconf 89' lang='lat' dir='ltr'><strong>et</strong></span> 
     </span>
     <span class='ocr_line' id='line_1_13' title="bbox 309 806 1962 853; baseline 0.003 -15"><span class='ocrx_word' id='word_1_138' title='bbox 309 807 435 838; x_wconf 89' lang='lat' dir='ltr'><strong>titulum</strong></span> <span class='ocrx_word' id='word_1_139' title='bbox 470 807 671 838; x_wconf 88' lang='lat' dir='ltr'><strong>studeremus</strong></span> <span class='ocrx_word' id='word_1_140' title='bbox 711 809 864 849; x_wconf 88' lang='lat' dir='ltr'><strong>quantum</strong></span> <span class='ocrx_word' id='word_1_141' title='bbox 900 810 1067 848; x_wconf 88' lang='lat' dir='ltr'><strong>pateretur</strong></span> <span class='ocrx_word' id='word_1_142' title='bbox 1099 806 1296 848; x_wconf 89' lang='lat' dir='ltr'><strong>possibilitas</strong></span> <span class='ocrx_word' id='word_1_143' title='bbox 1332 806 1415 839; x_wconf 87' lang='lat' dir='ltr'><strong>infra</strong></span> <span class='ocrx_word' id='word_1_144' title='bbox 1450 808 1588 840; x_wconf 89' lang='lat' dir='ltr'><strong>eundem</strong></span> <span class='ocrx_word' id='word_1_145' title='bbox 1625 810 1797 853; x_wconf 87' lang='lat' dir='ltr'><strong>terminum</strong></span> <span class='ocrx_word' id='word_1_146' title='bbox 1830 811 1962 843; x_wconf 82' lang='lat' dir='ltr'><strong>realiter</strong></span> 
     </span>
     <span class='ocr_line' id='line_1_14' title="bbox 309 858 1961 903; baseline 0.003 -14"><span class='ocrx_word' id='word_1_147' title='bbox 309 868 470 889; x_wconf 84' lang='lat' dir='ltr'><strong>revocare.</strong></span> <span class='ocrx_word' id='word_1_148' title='bbox 515 858 668 899; x_wconf 90' lang='lat' dir='ltr'><strong>Alioquin</strong></span> <span class='ocrx_word' id='word_1_149' title='bbox 692 861 802 890; x_wconf 91' lang='lat' dir='ltr'><strong>contra</strong></span> <span class='ocrx_word' id='word_1_150' title='bbox 825 869 883 890; x_wconf 88' lang='lat' dir='ltr'><strong>nos</strong></span> <span class='ocrx_word' id='word_1_151' title='bbox 906 858 948 890; x_wconf 90' lang='lat' dir='ltr'><strong>ad</strong></span> <span class='ocrx_word' id='word_1_152' title='bbox 971 858 1227 900; x_wconf 85' lang='lat' dir='ltr'><strong>publicacionem</strong></span> <span class='ocrx_word' id='word_1_153' title='bbox 1251 868 1424 900; x_wconf 89' lang='lat' dir='ltr'><strong>penarum,</strong></span> <span class='ocrx_word' id='word_1_154' title='bbox 1449 870 1529 901; x_wconf 77' lang='lat' dir='ltr'><strong>quas</strong></span> <span class='ocrx_word' id='word_1_155' title='bbox 1551 863 1685 902; x_wconf 89' lang='lat' dir='ltr'><strong>propter</strong></span> <span class='ocrx_word' id='word_1_156' title='bbox 1706 862 1881 903; x_wconf 87' lang='lat' dir='ltr'><strong>premissos</strong></span> <span class='ocrx_word' id='word_1_157' title='bbox 1903 872 1961 894; x_wconf 87' lang='lat' dir='ltr'><strong>ex-</strong></span> 
     </span>
     <span class='ocr_line' id='line_1_15' title="bbox 309 908 1962 952; baseline 0.004 -13"><span class='ocrx_word' id='word_1_158' title='bbox 309 919 416 940; x_wconf 86' lang='lat' dir='ltr'><strong>cessus</strong></span> <span class='ocrx_word' id='word_1_159' title='bbox 438 908 588 940; x_wconf 84' lang='lat' dir='ltr'><strong>incidisse</strong></span> <span class='ocrx_word' id='word_1_160' title='bbox 610 909 780 949; x_wconf 88' lang='lat' dir='ltr'><strong>noscimur,</strong></span> <span class='ocrx_word' id='word_1_161' title='bbox 805 912 838 940; x_wconf 85' lang='lat' dir='ltr'><strong>et</strong></span> <span class='ocrx_word' id='word_1_162' title='bbox 860 909 941 941; x_wconf 86' lang='lat' dir='ltr'><strong>alias</strong></span> <span class='ocrx_word' id='word_1_163' title='bbox 964 912 1117 951; x_wconf 89' lang='lat' dir='ltr'><strong>quantum</strong></span> <span class='ocrx_word' id='word_1_164' title='bbox 1140 909 1293 941; x_wconf 79' lang='lat' dir='ltr'><strong>suaderet</strong></span> <span class='ocrx_word' id='word_1_165' title='bbox 1315 910 1441 942; x_wconf 83' lang='lat' dir='ltr'><strong>iusticia</strong></span> <span class='ocrx_word' id='word_1_166' title='bbox 1462 911 1656 952; x_wconf 86' lang='lat' dir='ltr'><strong>procederet</strong></span> <span class='ocrx_word' id='word_1_167' title='bbox 1677 915 1787 945; x_wconf 81' lang='lat' dir='ltr'><strong>nostra</strong></span> <span class='ocrx_word' id='word_1_168' title='bbox 1809 913 1962 946; x_wconf 77' lang='lat' dir='ltr'><strong>absencia</strong></span> 
     </span>
     <span class='ocr_line' id='line_1_16' title="bbox 308 959 570 992; baseline 0.004 -2"><span class='ocrx_word' id='word_1_169' title='bbox 308 970 371 991; x_wconf 90' lang='lat' dir='ltr'><strong>non</strong></span> <span class='ocrx_word' id='word_1_170' title='bbox 394 959 540 992; x_wconf 89' lang='lat' dir='ltr'><strong>obstante</strong></span> <span class='ocrx_word' id='word_1_171' title='bbox 549 960 570 991; x_wconf 84' lang='lat'><strong>².</strong></span> 
     </span>
    </p>

    <p class='ocr_par' dir='ltr' id='par_1_4' title="bbox 303 1015 1963 1676">
     <span class='ocr_line' id='line_1_17' title="bbox 419 1015 1960 1062; baseline 0.004 -16"><span class='ocrx_word' id='word_1_172' title='bbox 419 1018 466 1046; x_wconf 90' lang='lat'><strong>11.</strong></span> <span class='ocrx_word' id='word_1_173' title='bbox 500 1015 554 1046; x_wconf 91' lang='lat' dir='ltr'><strong>Ad</strong></span> <span class='ocrx_word' id='word_1_174' title='bbox 582 1016 643 1047; x_wconf 93' lang='lat' dir='ltr'><strong>hec</strong></span> <span class='ocrx_word' id='word_1_175' title='bbox 666 1016 821 1047; x_wconf 89' lang='lat' dir='ltr'><strong>universis</strong></span> <span class='ocrx_word' id='word_1_176' title='bbox 844 1016 990 1057; x_wconf 90' lang='lat' dir='ltr'><strong>personis</strong></span> <span class='ocrx_word' id='word_1_177' title='bbox 1014 1016 1241 1048; x_wconf 87' lang='lat' dir='ltr'><strong>ecclesiasticis</strong></span> <span class='ocrx_word' id='word_1_178' title='bbox 1271 1019 1305 1047; x_wconf 92' lang='lat' dir='ltr'><strong>et</strong></span> <span class='ocrx_word' id='word_1_179' title='bbox 1333 1016 1546 1058; x_wconf 88' lang='lat' dir='ltr'><strong>secularibus,</strong></span> <span class='ocrx_word' id='word_1_180' title='bbox 1575 1018 1793 1061; x_wconf 87' lang='lat' dir='ltr'><strong>cuiuscunque</strong></span> <span class='ocrx_word' id='word_1_181' title='bbox 1819 1021 1960 1062; x_wconf 86' lang='lat' dir='ltr'><strong>preemi-</strong></span> 
     </span>
     <span class='ocr_line' id='line_1_18' title="bbox 308 1067 1961 1113; baseline 0.004 -15"><span class='ocrx_word' id='word_1_182' title='bbox 308 1067 419 1098; x_wconf 89' lang='lat' dir='ltr'><strong>nencie</strong></span> <span class='ocrx_word' id='word_1_183' title='bbox 444 1067 616 1107; x_wconf 80' lang='lat' dir='ltr'><strong>extiterint,</strong></span> <span class='ocrx_word' id='word_1_184' title='bbox 641 1067 772 1099; x_wconf 88' lang='lat' dir='ltr'><strong>eciamsi</strong></span> <span class='ocrx_word' id='word_1_185' title='bbox 797 1067 973 1108; x_wconf 89' lang='lat' dir='ltr'><strong>pontificali</strong></span> <span class='ocrx_word' id='word_1_186' title='bbox 988 1067 1040 1098; x_wconf 88' lang='lat' dir='ltr'><strong>vel</strong></span> <span class='ocrx_word' id='word_1_187' title='bbox 1062 1068 1165 1110; x_wconf 89' lang='lat' dir='ltr'><strong>regali</strong></span> <span class='ocrx_word' id='word_1_188' title='bbox 1183 1067 1390 1109; x_wconf 83' lang='lat' dir='ltr'><strong>prefulgeant</strong></span> <span class='ocrx_word' id='word_1_189' title='bbox 1406 1068 1573 1110; x_wconf 79' lang='lat' dir='ltr'><strong>dignitate,</strong></span> <span class='ocrx_word' id='word_1_190' title='bbox 1596 1080 1634 1102; x_wconf 88' lang='lat' dir='ltr'><strong>ac</strong></span> <span class='ocrx_word' id='word_1_191' title='bbox 1657 1071 1850 1113; x_wconf 82' lang='lat' dir='ltr'><strong>civitatibus,</strong></span> <span class='ocrx_word' id='word_1_192' title='bbox 1873 1082 1961 1104; x_wconf 90' lang='lat' dir='ltr'><strong>com·</strong></span> 
     </span>
     <span class='ocr_line' id='line_1_19' title="bbox 308 1118 1962 1165; baseline 0.004 -16"><span class='ocrx_word' id='word_1_193' title='bbox 308 1118 514 1149; x_wconf 87' lang='lat' dir='ltr'><strong>munitatibus</strong></span> <span class='ocrx_word' id='word_1_194' title='bbox 538 1121 571 1149; x_wconf 90' lang='lat' dir='ltr'><strong>et</strong></span> <span class='ocrx_word' id='word_1_195' title='bbox 593 1118 853 1150; x_wconf 85' lang='lat' dir='ltr'><strong>universitatibus</strong></span> <span class='ocrx_word' id='word_1_196' title='bbox 877 1118 935 1150; x_wconf 92' lang='lat' dir='ltr'><strong>sub</strong></span> <span class='ocrx_word' id='word_1_197' title='bbox 960 1119 1055 1150; x_wconf 87' lang='lat' dir='ltr'><strong>certis</strong></span> <span class='ocrx_word' id='word_1_198' title='bbox 1077 1120 1169 1160; x_wconf 90' lang='lat' dir='ltr'><strong>penis</strong></span> <span class='ocrx_word' id='word_1_199' title='bbox 1191 1119 1367 1151; x_wconf 90' lang='lat' dir='ltr'><strong>inhibuisse</strong></span> <span class='ocrx_word' id='word_1_200' title='bbox 1383 1119 1510 1161; x_wconf 87' lang='lat' dir='ltr'><strong>dicitur,</strong></span> <span class='ocrx_word' id='word_1_201' title='bbox 1533 1131 1574 1153; x_wconf 91' lang='lat' dir='ltr'><strong>ne</strong></span> <span class='ocrx_word' id='word_1_202' title='bbox 1597 1121 1691 1154; x_wconf 86' lang='lat' dir='ltr'><strong>nobis</strong></span> <span class='ocrx_word' id='word_1_203' title='bbox 1713 1125 1869 1164; x_wconf 81' lang='lat' dir='ltr'><strong>tanquam</strong></span> <span class='ocrx_word' id='word_1_204' title='bbox 1891 1124 1962 1165; x_wconf 84' lang='lat' dir='ltr'><strong>regi</strong></span> 
     </span>
     <span class='ocr_line' id='line_1_20' title="bbox 308 1169 1963 1213; baseline 0.005 -14"><span class='ocrx_word' id='word_1_205' title='bbox 308 1170 339 1200; x_wconf 94' lang='lat' dir='ltr'><strong>in</strong></span> <span class='ocrx_word' id='word_1_206' title='bbox 362 1169 436 1209; x_wconf 85' lang='lat' dir='ltr'><strong>hiis,</strong></span> <span class='ocrx_word' id='word_1_207' title='bbox 462 1179 523 1210; x_wconf 89' lang='lat' dir='ltr'><strong>que</strong></span> <span class='ocrx_word' id='word_1_208' title='bbox 546 1170 638 1210; x_wconf 88' lang='lat' dir='ltr'><strong>regni</strong></span> <span class='ocrx_word' id='word_1_209' title='bbox 661 1172 694 1200; x_wconf 91' lang='lat' dir='ltr'><strong>et</strong></span> <span class='ocrx_word' id='word_1_210' title='bbox 715 1170 843 1210; x_wconf 88' lang='lat' dir='ltr'><strong>imperii</strong></span> <span class='ocrx_word' id='word_1_211' title='bbox 866 1170 1054 1211; x_wconf 90' lang='lat' dir='ltr'><strong>contingunt</strong></span> <span class='ocrx_word' id='word_1_212' title='bbox 1076 1170 1236 1212; x_wconf 84' lang='lat' dir='ltr'><strong>regimen,</strong></span> <span class='ocrx_word' id='word_1_213' title='bbox 1259 1171 1319 1201; x_wconf 91' lang='lat' dir='ltr'><strong>nisi</strong></span> <span class='ocrx_word' id='word_1_214' title='bbox 1342 1173 1417 1202; x_wconf 90' lang='lat' dir='ltr'><strong>tunc</strong></span> <span class='ocrx_word' id='word_1_215' title='bbox 1441 1171 1587 1213; x_wconf 87' lang='lat' dir='ltr'><strong>demum,</strong></span> <span class='ocrx_word' id='word_1_216' title='bbox 1616 1183 1689 1205; x_wconf 91' lang='lat' dir='ltr'><strong>cum</strong></span> <span class='ocrx_word' id='word_1_217' title='bbox 1712 1174 1906 1206; x_wconf 82' lang='lat' dir='ltr'><strong>electionem</strong></span> <span class='ocrx_word' id='word_1_218' title='bbox 1928 1177 1963 1207; x_wconf 87' lang='lat' dir='ltr'><strong>et</strong></span> 
     </span>
     <span class='ocr_line' id='line_1_21' title="bbox 306 1220 1962 1268; baseline 0.005 -18"><span class='ocrx_word' id='word_1_219' title='bbox 306 1230 475 1261; x_wconf 83' lang='lat' dir='ltr'><strong>personam</strong></span> <span class='ocrx_word' id='word_1_220' title='bbox 497 1223 639 1252; x_wconf 86' lang='lat' dir='ltr'><strong>nostram</strong></span> <span class='ocrx_word' id='word_1_221' title='bbox 662 1230 721 1261; x_wconf 91' lang='lat' dir='ltr'><strong>per</strong></span> <span class='ocrx_word' id='word_1_222' title='bbox 737 1220 847 1252; x_wconf 88' lang='lat' dir='ltr'><strong>sedem</strong></span> <span class='ocrx_word' id='word_1_223' title='bbox 876 1220 1012 1252; x_wconf 88' lang='lat' dir='ltr'><strong>eandem</strong></span> <span class='ocrx_word' id='word_1_224' title='bbox 1036 1221 1209 1263; x_wconf 89' lang='lat' dir='ltr'><strong>approbari</strong></span> <span class='ocrx_word' id='word_1_225' title='bbox 1235 1225 1268 1254; x_wconf 89' lang='lat' dir='ltr'><strong>et</strong></span> <span class='ocrx_word' id='word_1_226' title='bbox 1290 1222 1417 1254; x_wconf 88' lang='lat' dir='ltr'><strong>admitti</strong></span> <span class='ocrx_word' id='word_1_227' title='bbox 1441 1223 1623 1266; x_wconf 85' lang='lat' dir='ltr'><strong>contigerit,</strong></span> <span class='ocrx_word' id='word_1_228' title='bbox 1645 1225 1678 1256; x_wconf 92' lang='lat' dir='ltr'><strong>in</strong></span> <span class='ocrx_word' id='word_1_229' title='bbox 1700 1225 1810 1267; x_wconf 88' lang='lat' dir='ltr'><strong>aliquo</strong></span> <span class='ocrx_word' id='word_1_230' title='bbox 1826 1228 1962 1268; x_wconf 81' lang='lat' dir='ltr'><strong>pareant</strong></span> 
     </span>
     <span class='ocr_line' id='line_1_22' title="bbox 307 1271 1959 1319; baseline 0.005 -18"><span class='ocrx_word' id='word_1_231' title='bbox 307 1271 358 1302; x_wconf 90' lang='lat' dir='ltr'><strong>vel</strong></span> <span class='ocrx_word' id='word_1_232' title='bbox 386 1271 552 1303; x_wconf 88' lang='lat' dir='ltr'><strong>intendant</strong></span> <span class='ocrx_word' id='word_1_233' title='bbox 583 1274 615 1303; x_wconf 90' lang='lat' dir='ltr'><strong>et</strong></span> <span class='ocrx_word' id='word_1_234' title='bbox 642 1282 683 1303; x_wconf 92' lang='lat' dir='ltr'><strong>ne</strong></span> <span class='ocrx_word' id='word_1_235' title='bbox 712 1271 804 1303; x_wconf 93' lang='lat' dir='ltr'><strong>nobis</strong></span> <span class='ocrx_word' id='word_1_236' title='bbox 832 1272 865 1303; x_wconf 89' lang='lat' dir='ltr'><strong>iu</strong></span> <span class='ocrx_word' id='word_1_237' title='bbox 896 1272 1138 1314; x_wconf 89' lang='lat' dir='ltr'><strong>quibuscunque</strong></span> <span class='ocrx_word' id='word_1_238' title='bbox 1166 1273 1208 1304; x_wconf 88' lang='lat' dir='ltr'><strong>ad</strong></span> <span class='ocrx_word' id='word_1_239' title='bbox 1238 1273 1432 1315; x_wconf 86' lang='lat' dir='ltr'><strong>prelibatum</strong></span> <span class='ocrx_word' id='word_1_240' title='bbox 1461 1275 1608 1316; x_wconf 87' lang='lat' dir='ltr'><strong>regimen</strong></span> <span class='ocrx_word' id='word_1_241' title='bbox 1635 1276 1854 1317; x_wconf 83' lang='lat' dir='ltr'><strong>spectantibus</strong></span> <span class='ocrx_word' id='word_1_242' title='bbox 1884 1287 1959 1319; x_wconf 88' lang='lat' dir='ltr'><strong>pre-</strong></span> 
     </span>
     <span class='ocr_line' id='line_1_23' title="bbox 306 1322 1961 1370; baseline 0.005 -18"><span class='ocrx_word' id='word_1_243' title='bbox 306 1322 404 1353; x_wconf 89' lang='lat' dir='ltr'><strong>beant</strong></span> <span class='ocrx_word' id='word_1_244' title='bbox 427 1322 669 1364; x_wconf 85' lang='lat' dir='ltr'><strong>quomodolibet</strong></span> <span class='ocrx_word' id='word_1_245' title='bbox 693 1323 872 1364; x_wconf 92' lang='lat' dir='ltr'><strong>consilium,</strong></span> <span class='ocrx_word' id='word_1_246' title='bbox 897 1324 1053 1356; x_wconf 87' lang='lat' dir='ltr'><strong>auxilium</strong></span> <span class='ocrx_word' id='word_1_247' title='bbox 1069 1325 1121 1356; x_wconf 86' lang='lat' dir='ltr'><strong>vel</strong></span> <span class='ocrx_word' id='word_1_248' title='bbox 1144 1324 1298 1357; x_wconf 87' lang='lat' dir='ltr'><strong>favorem.</strong></span> <span class='ocrx_word' id='word_1_249' title='bbox 1337 1325 1411 1357; x_wconf 88' lang='lat' dir='ltr'><strong>Non</strong></span> <span class='ocrx_word' id='word_1_250' title='bbox 1434 1325 1635 1358; x_wconf 83' lang='lat' dir='ltr'><strong>obstantibus</strong></span> <span class='ocrx_word' id='word_1_251' title='bbox 1657 1327 1854 1370; x_wconf 82' lang='lat' dir='ltr'><strong>quibuslibet</strong></span> <span class='ocrx_word' id='word_1_252' title='bbox 1875 1329 1961 1361; x_wconf 86' lang='lat' dir='ltr'><strong>iura-</strong></span> 
     </span>
     <span class='ocr_line' id='line_1_24' title="bbox 306 1374 1960 1422; baseline 0.005 -18"><span class='ocrx_word' id='word_1_253' title='bbox 306 1374 420 1405; x_wconf 85' lang='lat' dir='ltr'><strong>mentis</strong></span> <span class='ocrx_word' id='word_1_254' title='bbox 443 1374 534 1405; x_wconf 92' lang='lat' dir='ltr'><strong>nobis</strong></span> <span class='ocrx_word' id='word_1_255' title='bbox 557 1377 720 1416; x_wconf 84' lang='lat' dir='ltr'><strong>tamquam</strong></span> <span class='ocrx_word' id='word_1_256' title='bbox 744 1375 813 1416; x_wconf 84' lang='lat' dir='ltr'><strong>regi</strong></span> <span class='ocrx_word' id='word_1_257' title='bbox 837 1375 889 1407; x_wconf 92' lang='lat' dir='ltr'><strong>vel</strong></span> <span class='ocrx_word' id='word_1_258' title='bbox 913 1376 944 1407; x_wconf 91' lang='lat' dir='ltr'><strong>in</strong></span> <span class='ocrx_word' id='word_1_259' title='bbox 960 1376 1210 1418; x_wconf 91' lang='lat' dir='ltr'><strong>Rom(anorum)</strong></span> <span class='ocrx_word' id='word_1_260' title='bbox 1234 1387 1346 1418; x_wconf 86' lang='lat' dir='ltr'><strong>regem</strong></span> <span class='ocrx_word' id='word_1_261' title='bbox 1370 1377 1474 1409; x_wconf 87' lang='lat' dir='ltr'><strong>electo</strong></span> <span class='ocrx_word' id='word_1_262' title='bbox 1497 1388 1517 1409; x_wconf 91' lang='lat' dir='ltr'><strong>a</strong></span> <span class='ocrx_word' id='word_1_263' title='bbox 1533 1378 1698 1420; x_wconf 83' lang='lat' dir='ltr'><strong>quibusvis</strong></span> <span class='ocrx_word' id='word_1_264' title='bbox 1718 1380 1864 1421; x_wconf 89' lang='lat' dir='ltr'><strong>personis</strong></span> <span class='ocrx_word' id='word_1_265' title='bbox 1885 1390 1960 1422; x_wconf 86' lang='lat' dir='ltr'><strong>pre-</strong></span> 
     </span>
     <span class='ocr_line' id='line_1_25' title="bbox 306 1425 1960 1472; baseline 0.005 -17"><span class='ocrx_word' id='word_1_266' title='bbox 306 1425 403 1466; x_wconf 87' lang='lat' dir='ltr'><strong>stitis,</strong></span> <span class='ocrx_word' id='word_1_267' title='bbox 433 1435 494 1466; x_wconf 92' lang='lat' dir='ltr'><strong>que</strong></span> <span class='ocrx_word' id='word_1_268' title='bbox 518 1425 664 1456; x_wconf 88' lang='lat' dir='ltr'><strong>decernit</strong></span> <span class='ocrx_word' id='word_1_269' title='bbox 687 1427 814 1468; x_wconf 89' lang='lat' dir='ltr'><strong>penitus</strong></span> <span class='ocrx_word' id='word_1_270' title='bbox 837 1437 901 1458; x_wconf 93' lang='lat' dir='ltr'><strong>non</strong></span> <span class='ocrx_word' id='word_1_271' title='bbox 923 1430 1034 1459; x_wconf 89' lang='lat' dir='ltr'><strong>tenere</strong></span> <span class='ocrx_word' id='word_1_272' title='bbox 1057 1438 1117 1459; x_wconf 87' lang='lat' dir='ltr'><strong>neo</strong></span> <span class='ocrx_word' id='word_1_273' title='bbox 1141 1428 1211 1459; x_wconf 88' lang='lat' dir='ltr'><strong>fore</strong></span> <span class='ocrx_word' id='word_1_274' title='bbox 1234 1429 1436 1470; x_wconf 87' lang='lat' dir='ltr'><strong>aliquatenus</strong></span> <span class='ocrx_word' id='word_1_275' title='bbox 1459 1429 1676 1472; x_wconf 81' lang='lat' dir='ltr'><strong>observanda,</strong></span> <span class='ocrx_word' id='word_1_276' title='bbox 1706 1441 1778 1463; x_wconf 90' lang='lat' dir='ltr'><strong>cum</strong></span> <span class='ocrx_word' id='word_1_277' title='bbox 1800 1432 1960 1465; x_wconf 81' lang='lat' dir='ltr'><strong>iurantem</strong></span> 
     </span>
     <span class='ocr_line' id='line_1_26' title="bbox 306 1476 1960 1524; baseline 0.006 -17"><span class='ocrx_word' id='word_1_278' title='bbox 306 1487 369 1507; x_wconf 92' lang='lat' dir='ltr'><strong>non</strong></span> <span class='ocrx_word' id='word_1_279' title='bbox 397 1476 540 1518; x_wconf 88' lang='lat' dir='ltr'><strong>obligent</strong></span> <span class='ocrx_word' id='word_1_280' title='bbox 567 1480 733 1518; x_wconf 85' lang='lat' dir='ltr'><strong>tamquam</strong></span> <span class='ocrx_word' id='word_1_281' title='bbox 762 1478 791 1509; x_wconf 90' lang='lat' dir='ltr'><strong>ei</strong></span> <span class='ocrx_word' id='word_1_282' title='bbox 818 1479 968 1520; x_wconf 88' lang='lat' dir='ltr'><strong>prestita,</strong></span> <span class='ocrx_word' id='word_1_283' title='bbox 998 1480 1049 1510; x_wconf 87' lang='lat' dir='ltr'><strong>cui</strong></span> <span class='ocrx_word' id='word_1_284' title='bbox 1079 1480 1216 1521; x_wconf 90' lang='lat' dir='ltr'><strong>prestari</strong></span> <span class='ocrx_word' id='word_1_285' title='bbox 1243 1491 1308 1511; x_wconf 90' lang='lat' dir='ltr'><strong>non</strong></span> <span class='ocrx_word' id='word_1_286' title='bbox 1330 1480 1501 1523; x_wconf 91' lang='lat' dir='ltr'><strong>deberent,</strong></span> <span class='ocrx_word' id='word_1_287' title='bbox 1531 1485 1564 1514; x_wconf 91' lang='lat' dir='ltr'><strong>et</strong></span> <span class='ocrx_word' id='word_1_288' title='bbox 1587 1492 1650 1524; x_wconf 89' lang='lat' dir='ltr'><strong>que</strong></span> <span class='ocrx_word' id='word_1_289' title='bbox 1673 1483 1742 1515; x_wconf 87' lang='lat' dir='ltr'><strong>sine</strong></span> <span class='ocrx_word' id='word_1_290' title='bbox 1766 1483 1960 1517; x_wconf 83' lang='lat' dir='ltr'><strong>detrimento</strong></span> 
     </span>
     <span class='ocr_line' id='line_1_27' title="bbox 308 1527 1959 1576; baseline 0.005 -18"><span class='ocrx_word' id='word_1_291' title='bbox 308 1527 418 1559; x_wconf 83' lang='lat' dir='ltr'><strong>salutis</strong></span> <span class='ocrx_word' id='word_1_292' title='bbox 442 1531 475 1559; x_wconf 86' lang='lat' dir='ltr'><strong>et</strong></span> <span class='ocrx_word' id='word_1_293' title='bbox 497 1528 602 1559; x_wconf 88' lang='lat' dir='ltr'><strong>anime</strong></span> <span class='ocrx_word' id='word_1_294' title='bbox 626 1529 768 1570; x_wconf 89' lang='lat' dir='ltr'><strong>periculo</strong></span> <span class='ocrx_word' id='word_1_295' title='bbox 792 1531 912 1561; x_wconf 89' lang='lat' dir='ltr'><strong>servari</strong></span> <span class='ocrx_word' id='word_1_296' title='bbox 935 1534 1110 1572; x_wconf 86' lang='lat' dir='ltr'><strong>nequeant,</strong></span> <span class='ocrx_word' id='word_1_297' title='bbox 1134 1531 1215 1563; x_wconf 86' lang='lat' dir='ltr'><strong>sicut</strong></span> <span class='ocrx_word' id='word_1_298' title='bbox 1238 1531 1329 1573; x_wconf 88' lang='lat' dir='ltr'><strong>dicit,</strong></span> <span class='ocrx_word' id='word_1_299' title='bbox 1353 1542 1411 1564; x_wconf 87' lang='lat' dir='ltr'><strong>seu</strong></span> <span class='ocrx_word' id='word_1_300' title='bbox 1432 1533 1459 1564; x_wconf 92' lang='lat' dir='ltr'><strong>si</strong></span> <span class='ocrx_word' id='word_1_301' title='bbox 1482 1533 1587 1565; x_wconf 87' lang='lat' dir='ltr'><strong>eciam</strong></span> <span class='ocrx_word' id='word_1_302' title='bbox 1609 1534 1716 1576; x_wconf 64' lang='lat' dir='ltr'><strong>quode</strong></span> <span class='ocrx_word' id='word_1_303' title='bbox 1739 1536 1959 1567; x_wconf 83' lang='lat' dir='ltr'><strong>excommuni-</strong></span> 
     </span>
     <span class='ocr_line' id='line_1_28' title="bbox 307 1578 1959 1628; baseline 0.006 -19"><span class='ocrx_word' id='word_1_304' title='bbox 307 1579 382 1619; x_wconf 87' lang='lat' dir='ltr'><strong>cari,</strong></span> <span class='ocrx_word' id='word_1_305' title='bbox 405 1578 552 1611; x_wconf 89' lang='lat' dir='ltr'><strong>interdici</strong></span> <span class='ocrx_word' id='word_1_306' title='bbox 574 1579 626 1611; x_wconf 86' lang='lat' dir='ltr'><strong>vel</strong></span> <span class='ocrx_word' id='word_1_307' title='bbox 649 1580 801 1621; x_wconf 87' lang='lat' dir='ltr'><strong>suspendi</strong></span> <span class='ocrx_word' id='word_1_308' title='bbox 824 1591 887 1612; x_wconf 91' lang='lat' dir='ltr'><strong>non</strong></span> <span class='ocrx_word' id='word_1_309' title='bbox 903 1581 1042 1623; x_wconf 88' lang='lat' dir='ltr'><strong>valeant,</strong></span> <span class='ocrx_word' id='word_1_310' title='bbox 1066 1582 1161 1614; x_wconf 87' lang='lat' dir='ltr'><strong>alicui</strong></span> <span class='ocrx_word' id='word_1_311' title='bbox 1180 1583 1231 1614; x_wconf 86' lang='lat' dir='ltr'><strong>vel</strong></span> <span class='ocrx_word' id='word_1_312' title='bbox 1255 1583 1415 1624; x_wconf 89' lang='lat' dir='ltr'><strong>aliquibus</strong></span> <span class='ocrx_word' id='word_1_313' title='bbox 1438 1584 1574 1626; x_wconf 88' lang='lat' dir='ltr'><strong>speciali</strong></span> <span class='ocrx_word' id='word_1_314' title='bbox 1597 1585 1767 1628; x_wconf 84' lang='lat' dir='ltr'><strong>privilegio</strong></span> <span class='ocrx_word' id='word_1_315' title='bbox 1791 1587 1832 1618; x_wconf 86' lang='lat' dir='ltr'><strong>sit</strong></span> <span class='ocrx_word' id='word_1_316' title='bbox 1853 1586 1959 1619; x_wconf 91' lang='lat' dir='ltr'><strong>indul·</strong></span> 
     </span>
     <span class='ocr_line' id='line_1_29' title="bbox 303 1630 1362 1676; baseline 0.006 -15"><span class='ocrx_word' id='word_1_317' title='bbox 303 1633 380 1671; x_wconf 88' lang='lat' dir='ltr'><strong>tum,</strong></span> <span class='ocrx_word' id='word_1_318' title='bbox 403 1630 489 1672; x_wconf 89' lang='lat' dir='ltr'><strong>quod</strong></span> <span class='ocrx_word' id='word_1_319' title='bbox 511 1634 620 1662; x_wconf 91' lang='lat' dir='ltr'><strong>contra</strong></span> <span class='ocrx_word' id='word_1_320' title='bbox 642 1633 799 1673; x_wconf 86' lang='lat' dir='ltr'><strong>premissa</strong></span> <span class='ocrx_word' id='word_1_321' title='bbox 820 1633 899 1664; x_wconf 92' lang='lat' dir='ltr'><strong>nulli</strong></span> <span class='ocrx_word' id='word_1_322' title='bbox 922 1634 990 1665; x_wconf 92' lang='lat' dir='ltr'><strong>vult</strong></span> <span class='ocrx_word' id='word_1_323' title='bbox 1011 1635 1139 1675; x_wconf 87' lang='lat' dir='ltr'><strong>penitus</strong></span> <span class='ocrx_word' id='word_1_324' title='bbox 1162 1634 1331 1676; x_wconf 86' lang='lat' dir='ltr'><strong>suffragari</strong></span> <span class='ocrx_word' id='word_1_325' title='bbox 1339 1634 1362 1668; x_wconf 82' lang='lat'><strong>³.</strong></span> 
     </span>
    </p>
   </div>
   <div class='ocr_carea' id='block_1_3' title="bbox 305 1686 1959 1786">
    <p class='ocr_par' dir='ltr' id='par_1_5' title="bbox 305 1686 1959 1786">
     <span class='ocr_line' id='line_1_30' title="bbox 413 1686 1959 1733; baseline 0.006 -17"><span class='ocrx_word' id='word_1_326' title='bbox 413 1687 460 1717; x_wconf 84' lang='lat'><strong>12.</strong></span> <span class='ocrx_word' id='word_1_327' title='bbox 495 1686 697 1718; x_wconf 88' lang='lat' dir='ltr'><strong>Protestatur</strong></span> <span class='ocrx_word' id='word_1_328' title='bbox 719 1689 859 1730; x_wconf 90' lang='lat' dir='ltr'><strong>insuper,</strong></span> <span class='ocrx_word' id='word_1_329' title='bbox 883 1689 969 1731; x_wconf 90' lang='lat' dir='ltr'><strong>quod</strong></span> <span class='ocrx_word' id='word_1_330' title='bbox 992 1700 1051 1731; x_wconf 87' lang='lat' dir='ltr'><strong>per</strong></span> <span class='ocrx_word' id='word_1_331' title='bbox 1067 1690 1259 1723; x_wconf 89' lang='lat' dir='ltr'><strong>dilacionem</strong></span> <span class='ocrx_word' id='word_1_332' title='bbox 1283 1691 1423 1733; x_wconf 86' lang='lat' dir='ltr'><strong>predicti</strong></span> <span class='ocrx_word' id='word_1_333' title='bbox 1445 1692 1574 1724; x_wconf 85' lang='lat' dir='ltr'><strong>termini</strong></span> <span class='ocrx_word' id='word_1_334' title='bbox 1597 1693 1693 1724; x_wconf 88' lang='lat' dir='ltr'><strong>trium</strong></span> <span class='ocrx_word' id='word_1_335' title='bbox 1715 1693 1874 1725; x_wconf 90' lang='lat' dir='ltr'><strong>mensium</strong></span> <span class='ocrx_word' id='word_1_336' title='bbox 1895 1704 1959 1726; x_wconf 92' lang='lat' dir='ltr'><strong>non</strong></span> 
     </span>
     <span class='ocr_line' id='line_1_31' title="bbox 305 1737 1959 1786; baseline 0.006 -19"><span class='ocrx_word' id='word_1_337' title='bbox 305 1738 372 1768; x_wconf 86' lang='lat' dir='ltr'><strong>vult</strong></span> <span class='ocrx_word' id='word_1_338' title='bbox 394 1737 577 1779; x_wconf 88' lang='lat' dir='ltr'><strong>aliqualiter</strong></span> <span class='ocrx_word' id='word_1_339' title='bbox 600 1738 750 1780; x_wconf 85' lang='lat' dir='ltr'><strong>obligari,</strong></span> <span class='ocrx_word' id='word_1_340' title='bbox 779 1741 855 1782; x_wconf 92' lang='lat' dir='ltr'><strong>quin</strong></span> <span class='ocrx_word' id='word_1_341' title='bbox 880 1741 939 1772; x_wconf 81' lang='lat' dir='ltr'><strong>ea¹³</strong></span> <span class='ocrx_word' id='word_1_342' title='bbox 962 1741 1125 1782; x_wconf 88' lang='lat' dir='ltr'><strong>pendente</strong></span> <span class='ocrx_word' id='word_1_343' title='bbox 1155 1742 1197 1773; x_wconf 91' lang='lat' dir='ltr'><strong>ad</strong></span> <span class='ocrx_word' id='word_1_344' title='bbox 1220 1742 1479 1784; x_wconf 87' lang='lat' dir='ltr'><strong>publicacionem</strong></span> <span class='ocrx_word' id='word_1_345' title='bbox 1506 1754 1662 1785; x_wconf 88' lang='lat' dir='ltr'><strong>penarum</strong></span> <span class='ocrx_word' id='word_1_346' title='bbox 1685 1755 1765 1786; x_wconf 86' lang='lat' dir='ltr'><strong>quas</strong></span> <span class='ocrx_word' id='word_1_347' title='bbox 1789 1745 1959 1778; x_wconf 86' lang='lat' dir='ltr'><strong>incidimus</strong></span> 
     </span>
    </p>
   </div>
   <div class='ocr_carea' id='block_1_4' title="bbox 1983 720 2007 740">
    <p class='ocr_par' dir='ltr' id='par_1_6' title="bbox 1983 720 2007 740">
     <span class='ocr_line' id='line_1_32' title="bbox 1983 720 2007 740; baseline 0 0"><span class='ocrx_word' id='word_1_348' title='bbox 1983 720 2007 740; x_wconf 82' lang='lat'><strong>1⁰</strong></span> 
     </span>
    </p>
   </div>
   <div class='ocr_carea' id='block_1_5' title="bbox 1980 979 2004 998">
    <p class='ocr_par' dir='ltr' id='par_1_7' title="bbox 1980 979 2004 998">
     <span class='ocr_line' id='line_1_33' title="bbox 1980 979 2004 998; baseline 0 0"><span class='ocrx_word' id='word_1_349' title='bbox 1980 979 2004 998; x_wconf 61' lang='lat'><strong>1}</strong></span> 
     </span>
    </p>
   </div>
   <div class='ocr_carea' id='block_1_6' title="bbox 1979 1492 2004 1513">
    <p class='ocr_par' dir='ltr' id='par_1_8' title="bbox 1979 1492 2004 1513">
     <span class='ocr_line' id='line_1_34' title="bbox 1979 1492 2004 1513; baseline -0.04 0"><span class='ocrx_word' id='word_1_350' title='bbox 1979 1492 2004 1513; x_wconf 69' lang='lat'><strong>²5</strong></span> 
     </span>
    </p>
   </div>
   <div class='ocr_carea' id='block_1_7' title="bbox 304 1788 1999 1837">
    <p class='ocr_par' dir='ltr' id='par_1_9' title="bbox 304 1788 1999 1837">
     <span class='ocr_line' id='line_1_35' title="bbox 304 1788 1999 1837; baseline 0.006 -19"><span class='ocrx_word' id='word_1_351' title='bbox 304 1788 479 1829; x_wconf 86' lang='lat' dir='ltr'><strong>procedere</strong></span> <span class='ocrx_word' id='word_1_352' title='bbox 495 1789 603 1820; x_wconf 86' lang='lat' dir='ltr'><strong>valeat</strong></span> <span class='ocrx_word' id='word_1_353' title='bbox 619 1790 670 1821; x_wconf 91' lang='lat' dir='ltr'><strong>vel</strong></span> <span class='ocrx_word' id='word_1_354' title='bbox 694 1791 783 1832; x_wconf 86' lang='lat' dir='ltr'><strong>alias,</strong></span> <span class='ocrx_word' id='word_1_355' title='bbox 808 1793 890 1823; x_wconf 89' lang='lat' dir='ltr'><strong>sicut</strong></span> <span class='ocrx_word' id='word_1_356' title='bbox 913 1792 973 1824; x_wconf 91' lang='lat' dir='ltr'><strong>sibi</strong></span> <span class='ocrx_word' id='word_1_357' title='bbox 989 1794 1093 1825; x_wconf 88' lang='lat' dir='ltr'><strong>visum</strong></span> <span class='ocrx_word' id='word_1_358' title='bbox 1115 1794 1212 1826; x_wconf 87' lang='lat' dir='ltr'><strong>fuerit</strong></span> <span class='ocrx_word' id='word_1_359' title='bbox 1236 1795 1392 1836; x_wconf 86' lang='lat' dir='ltr'><strong>expedire</strong></span> <span class='ocrx_word' id='word_1_360' title='bbox 1401 1795 1423 1827; x_wconf 83' lang='lat'><strong>³.</strong></span> <span class='ocrx_word' id='word_1_361' title='bbox 1462 1794 1506 1827; x_wconf 87' lang='lat' dir='ltr'><strong>Et</strong></span> <span class='ocrx_word' id='word_1_362' title='bbox 1526 1798 1563 1826; x_wconf 88' lang='lat' dir='ltr'><strong>ut</strong></span> <span class='ocrx_word' id='word_1_363' title='bbox 1585 1805 1755 1837; x_wconf 86' lang='lat' dir='ltr'><strong>processus</strong></span> <span class='ocrx_word' id='word_1_364' title='bbox 1776 1796 1960 1829; x_wconf 88' lang='lat' dir='ltr'><strong>huiusmodi</strong></span> <span class='ocrx_word' id='word_1_365' title='bbox 1983 1808 1999 1823; x_wconf 62' lang='grc' dir='ltr'><strong>ι’</strong></span> 
     </span>
    </p>
   </div>
   <div class='ocr_carea' id='block_1_8' title="bbox 301 1840 1960 2038">
    <p class='ocr_par' dir='ltr' id='par_1_10' title="bbox 301 1840 1960 2038">
     <span class='ocr_line' id='line_1_36' title="bbox 302 1840 1960 1884; baseline 0.006 -14"><span class='ocrx_word' id='word_1_366' title='bbox 302 1840 334 1870; x_wconf 92' lang='lat' dir='ltr'><strong>in</strong></span> <span class='ocrx_word' id='word_1_367' title='bbox 357 1843 497 1871; x_wconf 87' lang='lat' dir='ltr'><strong>nostram</strong></span> <span class='ocrx_word' id='word_1_368' title='bbox 520 1841 670 1872; x_wconf 89' lang='lat' dir='ltr'><strong>noticiam</strong></span> <span class='ocrx_word' id='word_1_369' title='bbox 688 1842 877 1884; x_wconf 84' lang='lat' dir='ltr'><strong>deducatur,</strong></span> <span class='ocrx_word' id='word_1_370' title='bbox 902 1854 976 1876; x_wconf 93' lang='lat' dir='ltr'><strong>eum</strong></span> <span class='ocrx_word' id='word_1_371' title='bbox 993 1845 1105 1876; x_wconf 90' lang='lat' dir='ltr'><strong>hostiis</strong></span> <span class='ocrx_word' id='word_1_372' title='bbox 1128 1848 1162 1876; x_wconf 90' lang='lat' dir='ltr'><strong>et</strong></span> <span class='ocrx_word' id='word_1_373' title='bbox 1184 1845 1385 1877; x_wconf 86' lang='lat' dir='ltr'><strong>liminaribus</strong></span> <span class='ocrx_word' id='word_1_374' title='bbox 1399 1846 1627 1878; x_wconf 85' lang='lat' dir='ltr'><strong>Avinionensis</strong></span> <span class='ocrx_word' id='word_1_375' title='bbox 1650 1847 1786 1879; x_wconf 87' lang='lat' dir='ltr'><strong>ecclesie</strong></span> <span class='ocrx_word' id='word_1_376' title='bbox 1809 1848 1839 1879; x_wconf 89' lang='lat' dir='ltr'><strong>in</strong></span> <span class='ocrx_word' id='word_1_377' title='bbox 1865 1849 1960 1880; x_wconf 87' lang='lat' dir='ltr'><strong>cartis</strong></span> 
     </span>
     <span class='ocr_line' id='line_1_37' title="bbox 303 1891 1957 1941; baseline 0.006 -20"><span class='ocrx_word' id='word_1_378' title='bbox 303 1893 336 1921; x_wconf 92' lang='lat' dir='ltr'><strong>et</strong></span> <span class='ocrx_word' id='word_1_379' title='bbox 358 1891 551 1923; x_wconf 86' lang='lat' dir='ltr'><strong>membranis</strong></span> <span class='ocrx_word' id='word_1_380' title='bbox 574 1894 787 1934; x_wconf 86' lang='lat' dir='ltr'><strong>conscriptum</strong></span> <span class='ocrx_word' id='word_1_381' title='bbox 811 1895 925 1935; x_wconf 86' lang='lat' dir='ltr'><strong>affixit,</strong></span> <span class='ocrx_word' id='word_1_382' title='bbox 950 1899 986 1927; x_wconf 89' lang='lat' dir='ltr'><strong>ut</strong></span> <span class='ocrx_word' id='word_1_383' title='bbox 1009 1897 1054 1928; x_wconf 89' lang='lat' dir='ltr'><strong>sic</strong></span> <span class='ocrx_word' id='word_1_384' title='bbox 1076 1896 1170 1928; x_wconf 90' lang='lat' dir='ltr'><strong>nobis</strong></span> <span class='ocrx_word' id='word_1_385' title='bbox 1193 1907 1250 1928; x_wconf 85' lang='lat' dir='ltr'><strong>suo</strong></span> <span class='ocrx_word' id='word_1_386' title='bbox 1275 1908 1392 1929; x_wconf 91' lang='lat' dir='ltr'><strong>sonoro</strong></span> <span class='ocrx_word' id='word_1_387' title='bbox 1409 1899 1562 1940; x_wconf 89' lang='lat' dir='ltr'><strong>preconio</strong></span> <span class='ocrx_word' id='word_1_388' title='bbox 1582 1899 1771 1940; x_wconf 88' lang='lat' dir='ltr'><strong>innotescat,</strong></span> <span class='ocrx_word' id='word_1_389' title='bbox 1795 1900 1861 1931; x_wconf 88' lang='lat' dir='ltr'><strong>acsi</strong></span> <span class='ocrx_word' id='word_1_390' title='bbox 1883 1910 1957 1941; x_wconf 91' lang='lat' dir='ltr'><strong>per-</strong></span> 
     </span>
     <span class='ocr_line' id='line_1_38' title="bbox 301 1942 1958 1992; baseline 0.006 -20"><span class='ocrx_word' id='word_1_391' title='bbox 301 1942 453 1973; x_wconf 86' lang='lat' dir='ltr'><strong>sonaliter</strong></span> <span class='ocrx_word' id='word_1_392' title='bbox 475 1943 566 1974; x_wconf 87' lang='lat' dir='ltr'><strong>nobis</strong></span> <span class='ocrx_word' id='word_1_393' title='bbox 588 1944 763 1977; x_wconf 86' lang='lat' dir='ltr'><strong>insinuatus</strong></span> <span class='ocrx_word' id='word_1_394' title='bbox 787 1949 820 1977; x_wconf 92' lang='lat' dir='ltr'><strong>et</strong></span> <span class='ocrx_word' id='word_1_395' title='bbox 842 1947 1023 1988; x_wconf 85' lang='lat' dir='ltr'><strong>publicatus</strong></span> <span class='ocrx_word' id='word_1_396' title='bbox 1039 1948 1251 1990; x_wconf 89' lang='lat' dir='ltr'><strong>solempniter</strong></span> <span class='ocrx_word' id='word_1_397' title='bbox 1267 1950 1437 1981; x_wconf 85' lang='lat' dir='ltr'><strong>extitisset.</strong></span> <span class='ocrx_word' id='word_1_398' title='bbox 1480 1949 1722 1982; x_wconf 87' lang='lat' dir='ltr'><strong>Constitucione</strong></span> <span class='ocrx_word' id='word_1_399' title='bbox 1745 1950 1902 1992; x_wconf 85' lang='lat' dir='ltr'><strong>qualibet¹</strong></span> <span class='ocrx_word' id='word_1_400' title='bbox 1925 1952 1958 1982; x_wconf 88' lang='lat' dir='ltr'><strong>in</strong></span> 
     </span>
     <span class='ocr_line' id='line_1_39' title="bbox 303 1994 937 2038; baseline 0.009 -14"><span class='ocrx_word' id='word_1_401' title='bbox 303 1995 495 2025; x_wconf 89' lang='lat' dir='ltr'><strong>contrarium</strong></span> <span class='ocrx_word' id='word_1_402' title='bbox 519 1994 650 2038; x_wconf 80' lang='lat' dir='ltr'><strong>[edita]f</strong></span> <span class='ocrx_word' id='word_1_403' title='bbox 671 2007 734 2028; x_wconf 91' lang='lat' dir='ltr'><strong>non</strong></span> <span class='ocrx_word' id='word_1_404' title='bbox 758 1997 906 2030; x_wconf 87' lang='lat' dir='ltr'><strong>obstante</strong></span> <span class='ocrx_word' id='word_1_405' title='bbox 915 1999 937 2030; x_wconf 72' lang='lat'><strong>⁴.</strong></span> 
     </span>
    </p>
   </div>
   <div class='ocr_carea' id='block_1_9' title="bbox 302 2080 1958 2592">
    <p class='ocr_par' dir='ltr' id='par_1_11' title="bbox 302 2080 1958 2592">
     <span class='ocr_line' id='line_1_40' title="bbox 410 2080 1957 2129; baseline 0.006 -19"><span class='ocrx_word' id='word_1_406' title='bbox 410 2081 457 2110; x_wconf 87' lang='lat'><strong>13.</strong></span> <span class='ocrx_word' id='word_1_407' title='bbox 488 2080 609 2112; x_wconf 91' lang='lat' dir='ltr'><strong>Verum</strong></span> <span class='ocrx_word' id='word_1_408' title='bbox 639 2092 696 2113; x_wconf 91' lang='lat' dir='ltr'><strong>nos</strong></span> <span class='ocrx_word' id='word_1_409' title='bbox 726 2083 941 2115; x_wconf 89' lang='lat' dir='ltr'><strong>circumcincti</strong></span> <span class='ocrx_word' id='word_1_410' title='bbox 964 2085 1048 2116; x_wconf 88' lang='lat' dir='ltr'><strong>stola</strong></span> <span class='ocrx_word' id='word_1_411' title='bbox 1070 2085 1196 2117; x_wconf 90' lang='lat' dir='ltr'><strong>iusticie</strong></span> <span class='ocrx_word' id='word_1_412' title='bbox 1224 2088 1257 2117; x_wconf 92' lang='lat' dir='ltr'><strong>et</strong></span> <span class='ocrx_word' id='word_1_413' title='bbox 1284 2086 1394 2118; x_wconf 86' lang='lat' dir='ltr'><strong>amicti</strong></span> <span class='ocrx_word' id='word_1_414' title='bbox 1417 2086 1516 2128; x_wconf 88' lang='lat' dir='ltr'><strong>pallio</strong></span> <span class='ocrx_word' id='word_1_415' title='bbox 1539 2087 1698 2128; x_wconf 87' lang='lat' dir='ltr'><strong>veritatis,</strong></span> <span class='ocrx_word' id='word_1_416' title='bbox 1726 2087 1758 2118; x_wconf 91' lang='lat' dir='ltr'><strong>in</strong></span> <span class='ocrx_word' id='word_1_417' title='bbox 1781 2087 1842 2119; x_wconf 82' lang='lat' dir='ltr'><strong>hac</strong></span> <span class='ocrx_word' id='word_1_418' title='bbox 1864 2090 1957 2129; x_wconf 89' lang='lat' dir='ltr'><strong>parte</strong></span> 
     </span>
     <span class='ocr_line' id='line_1_41' title="bbox 302 2129 1957 2180; baseline 0.007 -21"><span class='ocrx_word' id='word_1_419' title='bbox 302 2129 377 2160; x_wconf 85' lang='lat' dir='ltr'><strong>facti</strong></span> <span class='ocrx_word' id='word_1_420' title='bbox 401 2132 434 2160; x_wconf 90' lang='lat' dir='ltr'><strong>et</strong></span> <span class='ocrx_word' id='word_1_421' title='bbox 454 2130 530 2162; x_wconf 89' lang='lat' dir='ltr'><strong>iuris</strong></span> <span class='ocrx_word' id='word_1_422' title='bbox 553 2134 670 2164; x_wconf 89' lang='lat' dir='ltr'><strong>conscii</strong></span> <span class='ocrx_word' id='word_1_423' title='bbox 693 2133 779 2165; x_wconf 87' lang='lat' dir='ltr'><strong>clare</strong></span> <span class='ocrx_word' id='word_1_424' title='bbox 803 2135 1037 2176; x_wconf 89' lang='lat' dir='ltr'><strong>respondemus</strong></span> <span class='ocrx_word' id='word_1_425' title='bbox 1061 2139 1093 2168; x_wconf 87' lang='lat' dir='ltr'><strong>et</strong></span> <span class='ocrx_word' id='word_1_426' title='bbox 1117 2136 1253 2168; x_wconf 88' lang='lat' dir='ltr'><strong>dicimus</strong></span> <span class='ocrx_word' id='word_1_427' title='bbox 1276 2137 1318 2168; x_wconf 88' lang='lat' dir='ltr'><strong>ad</strong></span> <span class='ocrx_word' id='word_1_428' title='bbox 1339 2138 1511 2179; x_wconf 88' lang='lat' dir='ltr'><strong>premissa,</strong></span> <span class='ocrx_word' id='word_1_429' title='bbox 1543 2138 1630 2180; x_wconf 91' lang='lat' dir='ltr'><strong>quod</strong></span> <span class='ocrx_word' id='word_1_430' title='bbox 1652 2138 1809 2170; x_wconf 85' lang='lat' dir='ltr'><strong>hactenus</strong></span> <span class='ocrx_word' id='word_1_431' title='bbox 1831 2149 1851 2170; x_wconf 88' lang='lat' dir='ltr'><strong>a</strong></span> <span class='ocrx_word' id='word_1_432' title='bbox 1874 2141 1957 2171; x_wconf 87' lang='lat' dir='ltr'><strong>tem-</strong></span> 
     </span>
     <span class='ocr_line' id='line_1_42' title="bbox 303 2182 1958 2232; baseline 0.007 -22"><span class='ocrx_word' id='word_1_433' title='bbox 303 2190 396 2221; x_wconf 86' lang='lat' dir='ltr'><strong>pore,</strong></span> <span class='ocrx_word' id='word_1_434' title='bbox 420 2182 508 2212; x_wconf 92' lang='lat' dir='ltr'><strong>cuius</strong></span> <span class='ocrx_word' id='word_1_435' title='bbox 530 2193 593 2214; x_wconf 92' lang='lat' dir='ltr'><strong>non</strong></span> <span class='ocrx_word' id='word_1_436' title='bbox 617 2187 665 2215; x_wconf 84' lang='lat' dir='ltr'><strong>est</strong></span> <span class='ocrx_word' id='word_1_437' title='bbox 688 2186 858 2227; x_wconf 85' lang='lat' dir='ltr'><strong>memoria,</strong></span> <span class='ocrx_word' id='word_1_438' title='bbox 889 2187 973 2219; x_wconf 90' lang='lat' dir='ltr'><strong>circa</strong></span> <span class='ocrx_word' id='word_1_439' title='bbox 997 2187 1119 2219; x_wconf 91' lang='lat' dir='ltr'><strong>electos</strong></span> <span class='ocrx_word' id='word_1_440' title='bbox 1141 2188 1391 2230; x_wconf 86' lang='lat' dir='ltr'><strong>Rom(anorum)</strong></span> <span class='ocrx_word' id='word_1_441' title='bbox 1414 2199 1510 2231; x_wconf 88' lang='lat' dir='ltr'><strong>reges</strong></span> <span class='ocrx_word' id='word_1_442' title='bbox 1534 2193 1567 2221; x_wconf 88' lang='lat' dir='ltr'><strong>et</strong></span> <span class='ocrx_word' id='word_1_443' title='bbox 1589 2190 1752 2232; x_wconf 89' lang='lat' dir='ltr'><strong>principes</strong></span> <span class='ocrx_word' id='word_1_444' title='bbox 1774 2190 1820 2222; x_wconf 88' lang='lat' dir='ltr'><strong>sic</strong></span> <span class='ocrx_word' id='word_1_445' title='bbox 1843 2193 1894 2222; x_wconf 87' lang='lat' dir='ltr'><strong>est</strong></span> <span class='ocrx_word' id='word_1_446' title='bbox 1916 2191 1958 2222; x_wconf 91' lang='lat' dir='ltr'><strong>de</strong></span> 
     </span>
     <span class='ocr_line' id='line_1_43' title="bbox 303 2230 1956 2284; baseline 0.008 -23"><span class='ocrx_word' id='word_1_447' title='bbox 303 2230 370 2262; x_wconf 88' lang='lat' dir='ltr'><strong>iure</strong></span> <span class='ocrx_word' id='word_1_448' title='bbox 395 2234 428 2262; x_wconf 91' lang='lat' dir='ltr'><strong>et</strong></span> <span class='ocrx_word' id='word_1_449' title='bbox 451 2235 677 2267; x_wconf 89' lang='lat' dir='ltr'><strong>consuetudine</strong></span> <span class='ocrx_word' id='word_1_450' title='bbox 700 2236 905 2269; x_wconf 86' lang='lat' dir='ltr'><strong>observatum</strong></span> <span class='ocrx_word' id='word_1_451' title='bbox 930 2242 963 2270; x_wconf 91' lang='lat' dir='ltr'><strong>et</strong></span> <span class='ocrx_word' id='word_1_452' title='bbox 986 2240 1031 2270; x_wconf 90' lang='lat' dir='ltr'><strong>sic</strong></span> <span class='ocrx_word' id='word_1_453' title='bbox 1054 2242 1181 2281; x_wconf 89' lang='lat' dir='ltr'><strong>tenent,</strong></span> <span class='ocrx_word' id='word_1_454' title='bbox 1210 2240 1321 2271; x_wconf 86' lang='lat' dir='ltr'><strong>dicunt</strong></span> <span class='ocrx_word' id='word_1_455' title='bbox 1343 2243 1376 2272; x_wconf 90' lang='lat' dir='ltr'><strong>et</strong></span> <span class='ocrx_word' id='word_1_456' title='bbox 1399 2242 1545 2273; x_wconf 88' lang='lat' dir='ltr'><strong>senciunt</strong></span> <span class='ocrx_word' id='word_1_457' title='bbox 1568 2244 1602 2273; x_wconf 88' lang='lat' dir='ltr'><strong>et</strong></span> <span class='ocrx_word' id='word_1_458' title='bbox 1624 2252 1753 2283; x_wconf 89' lang='lat' dir='ltr'><strong>semper</strong></span> <span class='ocrx_word' id='word_1_459' title='bbox 1774 2245 1956 2284; x_wconf 86' lang='lat' dir='ltr'><strong>tenuerunt,</strong></span> 
     </span>
     <span class='ocr_line' id='line_1_44' title="bbox 304 2280 1956 2336; baseline 0.009 -25"><span class='ocrx_word' id='word_1_460' title='bbox 304 2280 453 2313; x_wconf 87' lang='lat' dir='ltr'><strong>dixerunt</strong></span> <span class='ocrx_word' id='word_1_461' title='bbox 476 2286 508 2315; x_wconf 89' lang='lat' dir='ltr'><strong>et</strong></span> <span class='ocrx_word' id='word_1_462' title='bbox 530 2290 696 2318; x_wconf 86' lang='lat' dir='ltr'><strong>senserunt</strong></span> <span class='ocrx_word' id='word_1_463' title='bbox 712 2289 872 2330; x_wconf 87' lang='lat' dir='ltr'><strong>principes</strong></span> <span class='ocrx_word' id='word_1_464' title='bbox 896 2293 929 2321; x_wconf 89' lang='lat' dir='ltr'><strong>et</strong></span> <span class='ocrx_word' id='word_1_465' title='bbox 951 2291 1102 2323; x_wconf 86' lang='lat' dir='ltr'><strong>meliores</strong></span> <span class='ocrx_word' id='word_1_466' title='bbox 1122 2302 1160 2323; x_wconf 89' lang='lat' dir='ltr'><strong>ac</strong></span> <span class='ocrx_word' id='word_1_467' title='bbox 1177 2293 1316 2324; x_wconf 89' lang='lat' dir='ltr'><strong>maiores</strong></span> <span class='ocrx_word' id='word_1_468' title='bbox 1331 2294 1459 2334; x_wconf 90' lang='lat' dir='ltr'><strong>imperii</strong></span> <span class='ocrx_word' id='word_1_469' title='bbox 1484 2297 1517 2325; x_wconf 90' lang='lat' dir='ltr'><strong>et</strong></span> <span class='ocrx_word' id='word_1_470' title='bbox 1540 2296 1590 2325; x_wconf 90' lang='lat' dir='ltr'><strong>est</strong></span> <span class='ocrx_word' id='word_1_471' title='bbox 1604 2294 1746 2325; x_wconf 82' lang='lat' dir='ltr'><strong>maxime</strong></span> <span class='ocrx_word' id='word_1_472' title='bbox 1762 2295 1794 2325; x_wconf 91' lang='lat' dir='ltr'><strong>in</strong></span> <span class='ocrx_word' id='word_1_473' title='bbox 1810 2294 1956 2336; x_wconf 90' lang='lat' dir='ltr'><strong>partibus</strong></span> 
     </span>
     <span class='ocr_line' id='line_1_45' title="bbox 304 2332 1954 2388; baseline 0.01 -26"><span class='ocrx_word' id='word_1_474' title='bbox 304 2332 475 2366; x_wconf 88' lang='lat' dir='ltr'><strong>Alamanie</strong></span> <span class='ocrx_word' id='word_1_475' title='bbox 499 2335 582 2367; x_wconf 89' lang='lat' dir='ltr'><strong>adeo</strong></span> <span class='ocrx_word' id='word_1_476' title='bbox 605 2339 764 2370; x_wconf 89' lang='lat' dir='ltr'><strong>notorium</strong></span> <span class='ocrx_word' id='word_1_477' title='bbox 788 2341 875 2382; x_wconf 88' lang='lat' dir='ltr'><strong>apud</strong></span> <span class='ocrx_word' id='word_1_478' title='bbox 899 2352 1022 2384; x_wconf 89' lang='lat' dir='ltr'><strong>omnes,</strong></span> <span class='ocrx_word' id='word_1_479' title='bbox 1045 2346 1082 2374; x_wconf 90' lang='lat' dir='ltr'><strong>ut</strong></span> <span class='ocrx_word' id='word_1_480' title='bbox 1103 2354 1167 2375; x_wconf 90' lang='lat' dir='ltr'><strong>non</strong></span> <span class='ocrx_word' id='word_1_481' title='bbox 1190 2344 1231 2375; x_wconf 90' lang='lat' dir='ltr'><strong>sit</strong></span> <span class='ocrx_word' id='word_1_482' title='bbox 1255 2345 1309 2386; x_wconf 94' lang='lat' dir='ltr'><strong>qui</strong></span> <span class='ocrx_word' id='word_1_483' title='bbox 1333 2344 1460 2376; x_wconf 90' lang='lat' dir='ltr'><strong>dubitet</strong></span> <span class='ocrx_word' id='word_1_484' title='bbox 1481 2345 1534 2377; x_wconf 89' lang='lat' dir='ltr'><strong>vel</strong></span> <span class='ocrx_word' id='word_1_485' title='bbox 1555 2345 1693 2387; x_wconf 85' lang='lat' dir='ltr'><strong>ignoret,</strong></span> <span class='ocrx_word' id='word_1_486' title='bbox 1710 2345 1797 2388; x_wconf 91' lang='lat' dir='ltr'><strong>quod</strong></span> <span class='ocrx_word' id='word_1_487' title='bbox 1816 2345 1954 2388; x_wconf 85' lang='lat' dir='ltr'><strong>Rom(a-</strong></span> 
     </span>
     <span class='ocr_line' id='line_1_46' title="bbox 303 2384 1955 2439; baseline 0.011 -27"><span class='ocrx_word' id='word_1_488' title='bbox 303 2384 429 2425; x_wconf 88' lang='lat' dir='ltr'><strong>norum)</strong></span> <span class='ocrx_word' id='word_1_489' title='bbox 451 2395 508 2416; x_wconf 83' lang='lat' dir='ltr'><strong>rex</strong></span> <span class='ocrx_word' id='word_1_490' title='bbox 532 2397 570 2417; x_wconf 93' lang='lat' dir='ltr'><strong>eo</strong></span> <span class='ocrx_word' id='word_1_491' title='bbox 594 2389 695 2420; x_wconf 87' lang='lat' dir='ltr'><strong>solum</strong></span> <span class='ocrx_word' id='word_1_492' title='bbox 713 2391 798 2431; x_wconf 92' lang='lat' dir='ltr'><strong>quod</strong></span> <span class='ocrx_word' id='word_1_493' title='bbox 821 2393 944 2425; x_wconf 92' lang='lat' dir='ltr'><strong>electus</strong></span> <span class='ocrx_word' id='word_1_494' title='bbox 968 2397 1017 2425; x_wconf 89' lang='lat' dir='ltr'><strong>est</strong></span> <span class='ocrx_word' id='word_1_495' title='bbox 1039 2404 1059 2426; x_wconf 84' lang='lat' dir='ltr'><strong>a</strong></span> <span class='ocrx_word' id='word_1_496' title='bbox 1082 2395 1280 2437; x_wconf 87' lang='lat' dir='ltr'><strong>principibus</strong></span> <span class='ocrx_word' id='word_1_497' title='bbox 1304 2395 1508 2438; x_wconf 87' lang='lat' dir='ltr'><strong>electoribus,</strong></span> <span class='ocrx_word' id='word_1_498' title='bbox 1532 2397 1574 2429; x_wconf 90' lang='lat' dir='ltr'><strong>ad</strong></span> <span class='ocrx_word' id='word_1_499' title='bbox 1590 2408 1670 2439; x_wconf 88' lang='lat' dir='ltr'><strong>quos</strong></span> <span class='ocrx_word' id='word_1_500' title='bbox 1691 2398 1833 2439; x_wconf 86' lang='lat' dir='ltr'><strong>pertinet</strong></span> <span class='ocrx_word' id='word_1_501' title='bbox 1854 2397 1955 2439; x_wconf 88' lang='lat' dir='ltr'><strong>ipsius</strong></span> 
     </span>
     <span class='ocr_line' id='line_1_47' title="bbox 304 2433 1956 2491; baseline 0.01 -27"><span class='ocrx_word' id='word_1_502' title='bbox 304 2433 441 2475; x_wconf 87' lang='lat' dir='ltr'><strong>eleccio,</strong></span> <span class='ocrx_word' id='word_1_503' title='bbox 465 2438 610 2470; x_wconf 90' lang='lat' dir='ltr'><strong>omnibus</strong></span> <span class='ocrx_word' id='word_1_504' title='bbox 630 2441 681 2471; x_wconf 91' lang='lat' dir='ltr'><strong>vel</strong></span> <span class='ocrx_word' id='word_1_505' title='bbox 703 2443 817 2474; x_wconf 88' lang='lat' dir='ltr'><strong>maiori</strong></span> <span class='ocrx_word' id='word_1_506' title='bbox 840 2455 973 2476; x_wconf 91' lang='lat' dir='ltr'><strong>numero</strong></span> <span class='ocrx_word' id='word_1_507' title='bbox 999 2446 1175 2478; x_wconf 91' lang='lat' dir='ltr'><strong>eorundem</strong></span> <span class='ocrx_word' id='word_1_508' title='bbox 1200 2450 1233 2479; x_wconf 89' lang='lat' dir='ltr'><strong>et</strong></span> <span class='ocrx_word' id='word_1_509' title='bbox 1256 2451 1427 2480; x_wconf 87' lang='lat' dir='ltr'><strong>coronatus</strong></span> <span class='ocrx_word' id='word_1_510' title='bbox 1449 2459 1568 2480; x_wconf 88' lang='lat' dir='ltr'><strong>corona</strong></span> <span class='ocrx_word' id='word_1_511' title='bbox 1591 2450 1682 2491; x_wconf 86' lang='lat' dir='ltr'><strong>regia</strong></span> <span class='ocrx_word' id='word_1_512' title='bbox 1704 2450 1737 2481; x_wconf 93' lang='lat' dir='ltr'><strong>in</strong></span> <span class='ocrx_word' id='word_1_513' title='bbox 1759 2449 1862 2481; x_wconf 89' lang='lat' dir='ltr'><strong>solitis</strong></span> <span class='ocrx_word' id='word_1_514' title='bbox 1876 2449 1956 2481; x_wconf 90' lang='lat' dir='ltr'><strong>locis</strong></span> 
     </span>
     <span class='ocr_line' id='line_1_48' title="bbox 304 2487 1956 2543; baseline 0.012 -29"><span class='ocrx_word' id='word_1_515' title='bbox 304 2487 337 2515; x_wconf 87' lang='lat' dir='ltr'><strong>et</strong></span> <span class='ocrx_word' id='word_1_516' title='bbox 361 2487 529 2528; x_wconf 88' lang='lat' dir='ltr'><strong>consuetis,</strong></span> <span class='ocrx_word' id='word_1_517' title='bbox 553 2499 611 2520; x_wconf 85' lang='lat' dir='ltr'><strong>rex</strong></span> <span class='ocrx_word' id='word_1_518' title='bbox 634 2494 682 2522; x_wconf 88' lang='lat' dir='ltr'><strong>est</strong></span> <span class='ocrx_word' id='word_1_519' title='bbox 705 2495 737 2524; x_wconf 92' lang='lat' dir='ltr'><strong>et</strong></span> <span class='ocrx_word' id='word_1_520' title='bbox 759 2505 815 2535; x_wconf 92' lang='lat' dir='ltr'><strong>pro</strong></span> <span class='ocrx_word' id='word_1_521' title='bbox 832 2506 910 2537; x_wconf 86' lang='lat' dir='ltr'><strong>rege</strong></span> <span class='ocrx_word' id='word_1_522' title='bbox 926 2497 1066 2529; x_wconf 89' lang='lat' dir='ltr'><strong>habetur</strong></span> <span class='ocrx_word' id='word_1_523' title='bbox 1082 2501 1116 2529; x_wconf 87' lang='lat' dir='ltr'><strong>et</strong></span> <span class='ocrx_word' id='word_1_524' title='bbox 1137 2508 1197 2529; x_wconf 82' lang='lat' dir='ltr'><strong>rex</strong></span> <span class='ocrx_word' id='word_1_525' title='bbox 1213 2500 1397 2531; x_wconf 87' lang='lat' dir='ltr'><strong>nominatur</strong></span> <span class='ocrx_word' id='word_1_526' title='bbox 1419 2503 1452 2532; x_wconf 88' lang='lat' dir='ltr'><strong>et</strong></span> <span class='ocrx_word' id='word_1_527' title='bbox 1475 2500 1582 2533; x_wconf 89' lang='lat' dir='ltr'><strong>eidem</strong></span> <span class='ocrx_word' id='word_1_528' title='bbox 1601 2501 1642 2532; x_wconf 87' lang='lat' dir='ltr'><strong>ab</strong></span> <span class='ocrx_word' id='word_1_529' title='bbox 1659 2501 1807 2533; x_wconf 88' lang='lat' dir='ltr'><strong>omnibus</strong></span> <span class='ocrx_word' id='word_1_530' title='bbox 1822 2503 1956 2543; x_wconf 78' lang='lat' dir='ltr'><strong>paretur</strong></span> 
     </span>
     <span class='ocr_line' id='line_1_49' title="bbox 304 2537 1952 2592; baseline 0.012 -27"><span class='ocrx_word' id='word_1_531' title='bbox 304 2538 337 2566; x_wconf 87' lang='lat' dir='ltr'><strong>ct</strong></span> <span class='ocrx_word' id='word_1_532' title='bbox 365 2537 537 2569; x_wconf 88' lang='lat' dir='ltr'><strong>intenditur</strong></span> <span class='ocrx_word' id='word_1_533' title='bbox 566 2541 665 2573; x_wconf 83' lang='lat' dir='ltr'><strong>sicuth</strong></span> <span class='ocrx_word' id='word_1_534' title='bbox 692 2545 760 2586; x_wconf 88' lang='lat' dir='ltr'><strong>regi</strong></span> <span class='ocrx_word' id='word_1_535' title='bbox 790 2556 828 2577; x_wconf 89' lang='lat' dir='ltr'><strong>ac</strong></span> <span class='ocrx_word' id='word_1_536' title='bbox 856 2548 926 2579; x_wconf 86' lang='lat' dir='ltr'><strong>iura</strong></span> <span class='ocrx_word' id='word_1_537' title='bbox 954 2550 1044 2591; x_wconf 89' lang='lat' dir='ltr'><strong>regni</strong></span> <span class='ocrx_word' id='word_1_538' title='bbox 1072 2549 1175 2582; x_wconf 92' lang='lat' dir='ltr'><strong>libere</strong></span> <span class='ocrx_word' id='word_1_539' title='bbox 1205 2552 1433 2592; x_wconf 86' lang='lat' dir='ltr'><strong>amministrat,</strong></span> <span class='ocrx_word' id='word_1_540' title='bbox 1463 2551 1638 2585; x_wconf 87' lang='lat' dir='ltr'><strong>fidelitates</strong></span> <span class='ocrx_word' id='word_1_541' title='bbox 1667 2555 1701 2584; x_wconf 90' lang='lat' dir='ltr'><strong>et</strong></span> <span class='ocrx_word' id='word_1_542' title='bbox 1730 2552 1952 2585; x_wconf 81' lang='lat' dir='ltr'><strong>obedienciam</strong></span> 
     </span>
    </p>
   </div>
   <div class='ocr_carea' id='block_1_10' title="bbox 303 2642 1952 2733">
    <p class='ocr_par' dir='ltr' id='par_1_12' title="bbox 303 2642 1952 2733">
     <span class='ocr_line' id='line_1_50' title="bbox 406 2642 1952 2694; baseline 0.008 -20"><span class='ocrx_word' id='word_1_543' title='bbox 406 2642 472 2670; x_wconf 74' lang='lat'><strong>824·</strong></span> <span class='ocrx_word' id='word_1_544' title='bbox 498 2643 517 2676; x_wconf 74' lang='lat'><strong>¹)</strong></span> <span class='ocrx_word' id='word_1_545' title='bbox 536 2647 626 2672; x_wconf 63' lang='lat' dir='ltr'><strong>excidit</strong></span> <span class='ocrx_word' id='word_1_546' title='bbox 644 2658 681 2675; x_wconf 77' lang='lat' dir='ltr'><strong>or-</strong></span> <span class='ocrx_word' id='word_1_547' title='bbox 768 2653 794 2685; x_wconf 77' lang='lat'><strong>8)</strong></span> <span class='ocrx_word' id='word_1_548' title='bbox 812 2655 922 2686; x_wconf 75' lang='lat' dir='ltr'><strong>sequitur</strong></span> <span class='ocrx_word' id='word_1_549' title='bbox 940 2657 1022 2682; x_wconf 86' lang='lat' dir='ltr'><strong>eciam</strong></span> <span class='ocrx_word' id='word_1_550' title='bbox 1040 2658 1179 2683; x_wconf 77' lang='lat' dir='ltr'><strong>delendum</strong></span> <span class='ocrx_word' id='word_1_551' title='bbox 1197 2667 1236 2684; x_wconf 87' lang='lat' dir='ltr'><strong>cr.</strong></span> <span class='ocrx_word' id='word_1_552' title='bbox 1328 2657 1355 2691; x_wconf 85' lang='lat'><strong>11)</strong></span> <span class='ocrx_word' id='word_1_553' title='bbox 1373 2668 1456 2692; x_wconf 70' lang='lat' dir='ltr'><strong>supra</strong></span> <span class='ocrx_word' id='word_1_554' title='bbox 1475 2660 1571 2686; x_wconf 74' lang='lat' dir='ltr'><strong>lineam</strong></span> <span class='ocrx_word' id='word_1_555' title='bbox 1589 2660 1651 2686; x_wconf 81' lang='lat' dir='ltr'><strong>add.</strong></span> <span class='ocrx_word' id='word_1_556' title='bbox 1672 2669 1710 2686; x_wconf 86' lang='lat' dir='ltr'><strong>or.</strong></span> <span class='ocrx_word' id='word_1_557' title='bbox 1798 2659 1818 2692; x_wconf 87' lang='lat' dir='ltr'><strong>i)</strong></span> <span class='ocrx_word' id='word_1_558' title='bbox 1836 2661 1952 2694; x_wconf 78' lang='lat' dir='ltr'><strong>qualibet</strong></span> 
     </span>
     <span class='ocr_line' id='line_1_51' title="bbox 303 2686 1388 2733; baseline 0.018 -25"><span class='ocrx_word' id='word_1_559' title='bbox 303 2693 354 2710; x_wconf 89' lang='lat' dir='ltr'><strong>non</strong></span> <span class='ocrx_word' id='word_1_560' title='bbox 373 2686 491 2712; x_wconf 81' lang='lat' dir='ltr'><strong>obstante</strong></span> <span class='ocrx_word' id='word_1_561' title='bbox 509 2688 535 2712; x_wconf 89' lang='lat' dir='ltr'><strong>in</strong></span> <span class='ocrx_word' id='word_1_562' title='bbox 554 2693 715 2725; x_wconf 84' lang='lat' dir='ltr'><strong>contrarium,</strong></span> <span class='ocrx_word' id='word_1_563' title='bbox 733 2695 802 2727; x_wconf 72' lang='lat' dir='ltr'><strong>siquo</strong></span> <span class='ocrx_word' id='word_1_564' title='bbox 821 2700 1007 2730; x_wconf 67' lang='lat' dir='ltr'><strong>transponendi</strong></span> <span class='ocrx_word' id='word_1_565' title='bbox 1019 2705 1080 2732; x_wconf 77' lang='lat' dir='ltr'><strong>poet</strong></span> <span class='ocrx_word' id='word_1_566' title='bbox 1099 2701 1216 2733; x_wconf 81' lang='lat' dir='ltr'><strong>qualibet</strong></span> <span class='ocrx_word' id='word_1_567' title='bbox 1233 2701 1332 2727; x_wconf 78' lang='lat' dir='ltr'><strong>adiecto</strong></span> <span class='ocrx_word' id='word_1_568' title='bbox 1350 2711 1388 2728; x_wconf 82' lang='lat' dir='ltr'><strong>or.</strong></span> 
     </span>
    </p>
   </div>
   <div class='ocr_carea' id='block_1_11' title="bbox 405 2761 1714 2813">
    <p class='ocr_par' dir='ltr' id='par_1_13' title="bbox 405 2761 1714 2813">
     <span class='ocr_line' id='line_1_52' title="bbox 405 2761 1714 2813; baseline 0.016 -27"><span class='ocrx_word' id='word_1_569' title='bbox 405 2762 431 2794; x_wconf 91' lang='lat'><strong>1)</strong></span> <span class='ocrx_word' id='word_1_570' title='bbox 450 2761 543 2796; x_wconf 75' lang='lat' dir='ltr'><strong>Supra</strong></span> <span class='ocrx_word' id='word_1_571' title='bbox 561 2772 602 2791; x_wconf 74' lang='lat' dir='ltr'><strong>nr.</strong></span> <span class='ocrx_word' id='word_1_572' title='bbox 617 2769 664 2792; x_wconf 81' lang='lat'><strong>792</strong></span> <span class='ocrx_word' id='word_1_573' title='bbox 681 2775 739 2801; x_wconf 73' lang='lat' dir='ltr'><strong>cap.</strong></span> <span class='ocrx_word' id='word_1_574' title='bbox 753 2774 775 2797; x_wconf 79' lang='grc'><strong>2.</strong></span> <span class='ocrx_word' id='word_1_575' title='bbox 862 2773 888 2806; x_wconf 80' lang='lat'><strong>2)</strong></span> <span class='ocrx_word' id='word_1_576' title='bbox 905 2773 970 2801; x_wconf 69' lang='lat' dir='ltr'><strong>ibid.</strong></span> <span class='ocrx_word' id='word_1_577' title='bbox 990 2783 1047 2809; x_wconf 74' lang='lat' dir='ltr'><strong>cap.</strong></span> <span class='ocrx_word' id='word_1_578' title='bbox 1061 2779 1084 2803; x_wconf 87' lang='lat'><strong>3.</strong></span> <span class='ocrx_word' id='word_1_579' title='bbox 1173 2777 1200 2810; x_wconf 87' lang='lat'><strong>3)</strong></span> <span class='ocrx_word' id='word_1_580' title='bbox 1219 2777 1283 2805; x_wconf 73' lang='lat' dir='ltr'><strong>ibid.</strong></span> <span class='ocrx_word' id='word_1_581' title='bbox 1302 2786 1362 2812; x_wconf 81' lang='lat' dir='ltr'><strong>cap.</strong></span> <span class='ocrx_word' id='word_1_582' title='bbox 1376 2783 1400 2806; x_wconf 83' lang='lat'><strong>4.</strong></span> <span class='ocrx_word' id='word_1_583' title='bbox 1488 2779 1515 2812; x_wconf 88' lang='lat'><strong>4)</strong></span> <span class='ocrx_word' id='word_1_584' title='bbox 1534 2778 1599 2806; x_wconf 79' lang='lat' dir='ltr'><strong>ibid.</strong></span> <span class='ocrx_word' id='word_1_585' title='bbox 1618 2787 1675 2813; x_wconf 83' lang='lat' dir='ltr'><strong>cap.</strong></span> <span class='ocrx_word' id='word_1_586' title='bbox 1690 2784 1714 2807; x_wconf 90' lang='lat'><strong>5.</strong></span> 
     </span>
    </p>
   </div>
   <div class='ocr_carea' id='block_1_12' title="bbox 1975 2014 1998 2034">
    <p class='ocr_par' dir='ltr' id='par_1_14' title="bbox 1975 2014 1998 2034">
     <span class='ocr_line' id='line_1_53' title="bbox 1975 2014 1998 2034; baseline 0.043 -1"><span class='ocrx_word' id='word_1_587' title='bbox 1975 2014 1998 2034; x_wconf 71' lang='lat'><strong>³5</strong></span> 
     </span>
    </p>
   </div>
   <div class='ocr_carea' id='block_1_13' title="bbox 1973 2307 2000 2327">
    <p class='ocr_par' dir='ltr' id='par_1_15' title="bbox 1973 2307 2000 2327">
     <span class='ocr_line' id='line_1_54' title="bbox 1973 2307 2000 2327; baseline 0 0"><span class='ocrx_word' id='word_1_588' title='bbox 1973 2307 2000 2327; x_wconf 75' lang='lat'><strong>40</strong></span> 
     </span>
    </p>
   </div>
   <div class='ocr_carea' id='block_1_14' title="bbox 1971 2564 1997 2584">
    <p class='ocr_par' dir='ltr' id='par_1_16' title="bbox 1971 2564 1997 2584">
     <span class='ocr_line' id='line_1_55' title="bbox 1971 2564 1997 2584; baseline 0 0"><span class='ocrx_word' id='word_1_589' title='bbox 1971 2564 1997 2584; x_wconf 76' lang='lat'><strong>⁴5</strong></span> 
     </span>
    </p>
   </div>
  </div>
 </body>
</html>
