2184 3126
208 503 266 526 uov.
276 507 309 527 ιι.

324 152 387 184 484
494 131 495 134 ¹
535 149 634 177 ACTA
650 148 764 176 REGNI
782 147 965 176 LUDEWICI
984 147 1030 173 IV.
1048 146 1095 172 ET
1114 143 1299 172 FRIDERICI
1318 142 1366 171 111.
1403 143 1478 171 1320.
1514 144 1564 171 Νι.
1575 143 1635 172 605.
1652 143 1712 173 606.

430 236 499 268 Nos
520 235 702 268 Fridericus
724 235 787 267 Dei
808 235 917 276 gracia
934 232 1153 264 Romanorum
1176 240 1234 262 rex
1256 239 1384 271 semper
1407 232 1560 271 augustus
1583 230 1625 262 ad
1646 231 1868 262 universorum
1891 231 1974 263 sacri

322 288 450 330 imperii
470 287 615 319 fidelium
637 287 787 318 noticiam
809 285 971 327 publicam
993 283 1140 315 volumus
1162 283 1341 324 pervenire,
1365 281 1451 323 quod
1473 293 1532 313 nos
1554 281 1761 324 providorum
1777 284 1918 315 virorum
1941 307 1948 315 .
1967 307 1974 315 .

321 340 438 371 civium
460 340 493 370 in
515 338 630 379 Hallis,
653 337 795 369 fidelium
817 339 997 368 nostrorum
1021 335 1212 366 dilectorum
1235 334 1376 375 dampna
1398 333 1510 375 gravia
1537 335 1571 365 et
1593 344 1757 375 pressuras
1779 335 1973 375 innumeras,

321 402 400 433 quas
415 391 580 431 hucusque
596 390 682 430 ipsos
697 388 865 430 pertulisse
881 390 990 418 nostra
1005 385 1165 417 intellexit
1179 384 1433 427 magnificencia,
1456 384 1665 426 benignitatis
1687 396 1726 417 ac
1743 385 1974 427 compassionis

324 442 416 474 oculo
439 443 609 481 intuentes,
633 440 710 481 ipsis
732 439 765 470 in
788 439 960 480 aliqualem
983 438 1140 469 dictorum
1161 436 1373 478 dampnorum
1396 435 1633 468 relevacionem
1655 437 1738 468 hanc
1762 436 1803 468 de
1825 436 1973 479 benigni·
2005 453 2017 472 ⁵

323 495 390 524 tate
406 493 496 533 regia
511 491 652 533 graciam
668 491 816 521 duximus
832 488 1024 529 faciendam,
1046 491 1082 519 ut
1104 487 1219 519 abhinc
1242 497 1343 529 usque
1359 487 1401 519 ad
1416 487 1535 519 festum
1550 488 1639 520 beati
1654 488 1784 520 Martini
1800 488 1974 520 affuturum

321 544 468 586 proxime
485 545 518 574 et
533 541 649 573 abinde
664 552 723 583 per
738 551 836 572 unum
852 550 969 571 annum
985 540 1171 571 continuum
1188 539 1228 570 ab
1245 539 1347 570 omnis
1363 539 1461 571 stiure
1475 539 1639 572 solucione
1655 539 1749 572 liberi
1759 542 1973 582 permaneant

322 596 356 626 et
376 595 544 625 immunes.
587 592 796 624 Presencium
818 591 1000 623 testimonio
1023 591 1205 622 litterarum
1233 591 1334 622 nostri
1362 591 1480 633 regalis
1508 591 1605 634 sigilli
1627 591 1742 624 robore
1766 593 1974 634 signatarum.

428 644 502 675 Dat.
517 643 691 684 Wimpine,
714 642 806 673 XVI.
822 642 895 673 Kal.
912 641 1095 682 Decembr.‚
1118 652 1201 673 anno
1218 642 1348 673 Domini
1370 642 1542 674 millesimo
1566 644 1792 675 trecentesimo
1809 644 1973 684 vicesimo,

321 696 412 737 regni
433 705 509 727 vero
533 694 633 726 nostri
655 704 737 726 anno
761 696 862 725 sexto.
1994 710 2020 730 m

555 839 743 870 606-608,
778 836 962 869 PAGTUM
985 837 1079 869 OUM
1102 836 1344 868 OOfflTIBUS
1366 837 1426 869 DE
1449 837 1736 871 HENNEBERG.

1011 898 1104 930 1320.
1135 897 1219 929 Nov.
1237 899 1288 929 24.

803 1002 890 1038 606.
931 1002 1085 1038 Litterae
1113 1004 1211 1048 regis.
1317 1003 1403 1038 Nov.
1422 1005 1484 1039 24.

430 1077 590 1118 Oriqinale
619 1077 655 1108 in
681 1075 840 1107 tabulario
869 1075 1096 1116 Meininqensi.
1157 1075 1354 1108 Oontulimus
1383 1087 1449 1109 nos.
1507 1077 1651 1109 Pendent
1682 1077 1788 1118 siqilla
1815 1078 1969 1118 primum,

319 1132 469 1170 quartum
492 1128 588 1167 laesa,
610 1127 785 1167 siyillorum
807 1127 946 1165 secundi,
973 1127 1060 1159 tertii
1079 1126 1264 1168 fraymenta
1280 1127 1357 1160 loris
1371 1129 1624 1160 membranaceis.
1662 1129 1704 1161 In
1727 1139 1813 1162 verso
1836 1129 1969 1171 lcyitur:
1989 1144 2014 1164 15

318 1181 517 1213 Promissum
539 1180 626 1222 regis
648 1179 815 1219 Friderici‚
838 1182 874 1210 ut
897 1179 977 1210 velit
999 1178 1130 1210 domino
1154 1190 1211 1211 sua
1233 1180 1404 1222 privilegia
1427 1183 1460 1212 et
1481 1181 1553 1212 iura
1575 1180 1774 1213 confirmare.

425 1241 571 1278 Bahmer,
595 1239 671 1279 Rey.
688 1239 800 1270 Ludw.
817 1249 853 1278 p.
872 1238 934 1270 175
956 1238 1127 1271 Friedrich
1149 1249 1199 1271 nr.
1216 1241 1289 1271 176.

423 1326 492 1357 Nos
507 1325 689 1357 Fridericus
700 1324 763 1356 Dei
779 1325 889 1366 gracia
900 1324 1119 1356 Romanorum
1137 1335 1196 1356 rex
1211 1335 1340 1366 semper
1355 1328 1510 1368 augustus
1526 1325 1568 1357 ad
1583 1327 1804 1359 universorum
1820 1329 1973 1361 noticiam

318 1377 480 1420 publicam
503 1377 649 1418 cupimus
672 1376 853 1417 pervenire,
878 1375 966 1417 quod
982 1375 1023 1407 ob
1039 1386 1159 1407 nexum
1175 1375 1340 1407 affinitatis
1356 1380 1389 1409 et
1403 1387 1493 1408 mere
1509 1377 1586 1409 fidei
1604 1379 1831 1421 constanciam,
1856 1379 1973 1422 quibus

317 1431 448 1461 illustris
471 1428 686 1461 Berchtoldus
709 1439 817 1460 comes
848 1428 888 1460 de
911 1428 1167 1469 Hennenberch‚
1198 1429 1349 1470 princeps
1371 1432 1480 1460 noster
1510 1429 1645 1461 dilectus
1672 1433 1780 1462 nostre
1808 1431 1971 1464 maiestati
1989 1445 2015 1466 πο

318 1482 520 1514 familiariter
543 1484 592 1512 est
607 1481 804 1520 coniunctus,
828 1479 889 1511 sibi
912 1480 1090 1512 liberaliter
1105 1479 1321 1521 promittimus
1345 1483 1379 1511 et
1401 1480 1606 1522 spondemus,
1631 1481 1719 1523 quod
1742 1483 1850 1514 omnia
1871 1483 1971 1525 privi-

317 1533 403 1575 legia
426 1543 522 1574 super
544 1533 675 1573 iuribus,
699 1531 903 1563 libertatibus
927 1535 960 1563 et
983 1532 1100 1573 graciis
1124 1531 1379 1573 quibuscumque
1395 1532 1456 1563 sibi
1471 1542 1491 1563 a
1508 1532 1580 1564 dive
1596 1533 1834 1565 recordacionis
1850 1533 1972 1566 Roma-

316 1595 430 1616 norum
446 1584 575 1625 regibus
592 1587 624 1615 et
639 1583 889 1624 imperatoribus
905 1584 1020 1614 nostris
1036 1583 1319 1624 predecessoribus
1334 1584 1451 1615 nostris
1466 1583 1642 1615 illustribus
1657 1585 1782 1616 indulta
1803 1589 1836 1617 et
1852 1586 1971 1618 tradita

317 1636 498 1677 approbare
516 1639 548 1667 et
565 1635 605 1666 de
622 1638 710 1666 certa
726 1634 866 1666 sciencia
881 1636 1034 1666 innovare
1050 1635 1221 1676 ipsumque
1238 1637 1271 1665 et
1286 1645 1360 1666 suos
1375 1635 1514 1666 heredes
1530 1635 1570 1667 de
1594 1637 1658 1667 suis
1673 1636 1778 1668 feodis
1794 1638 1912 1669 veteris
1937 1641 1980 1669 et.

316 1687 392 1718 novi
408 1687 540 1718 dominii
556 1687 604 1717 sui
620 1689 652 1717 et
666 1686 855 1717 nominatim
873 1685 913 1717 de
926 1689 1031 1717 castro
1045 1685 1303 1718 Schawenberch
1319 1688 1352 1717 et
1367 1686 1432 1717 suis
1441 1687 1647 1727 pertinenciis
1661 1689 1814 1720 investire
1831 1690 1970 1721 auctori-
1989 1701 2015 1722 25

317 1740 384 1770 tate
397 1739 486 1779 regia
499 1737 686 1778 debeamus,
704 1747 776 1768 cum
789 1738 927 1778 primum
940 1747 1037 1778 super
1054 1737 1115 1768 hiis
1126 1747 1186 1778 per
1199 1747 1274 1768 eum
1285 1736 1439 1768 fuerimus
1450 1738 1605 1779 requisiti.
1644 1738 1803 1771 Preterea
1814 1743 1924 1772 nostro
1938 1743 1972 1773 et

317 1789 558 1821 karissimorum
585 1788 719 1820 fratrum
746 1791 927 1820 nostrorum
949 1788 1118 1830 Liupoldi,
1144 1788 1288 1827 Alberti,
1316 1787 1461 1820 Heinrici
1484 1792 1518 1821 et
1540 1789 1669 1821 Ottonis
1697 1791 1814 1823 ducum
1837 1791 1970 1824 Austrie

318 1843 351 1872 et
378 1840 483 1882 Styrie
510 1840 680 1871 illustrium
707 1841 836 1872 nomine
865 1840 1126 1882 recognoscimus
1156 1839 1285 1881 publice
1312 1840 1515 1881 profitentes,
1544 1841 1631 1883 quod
1661 1841 1755 1873 nobis
1784 1846 1817 1874 et
1847 1843 1972 1876 eisdem

318 1893 469 1925 fratribus
491 1893 606 1924 nostris
629 1892 727 1923 nichil
748 1893 826 1924 iuris
849 1903 905 1923 seu
928 1893 1068 1924 accionis
1085 1892 1241 1933 competit
1266 1892 1299 1938 in
1315 1893 1438 1934 castris,
1461 1892 1694 1925 municionibus
1715 1904 1772 1926 seu
1793 1894 1886 1926 bonis
1902 1895 1971 1927 sitis

317 1944 350 1975 in
372 1947 458 1975 terra
480 1944 673 1983 Franconie‚
703 1954 766 1985 que
794 1943 958 1985 predictus
987 1954 1097 1975 comes
1119 1942 1361 1983 Bercht(oldus)
1391 1954 1410 1974 a
1436 1944 1585 1985 preclara
1613 1945 1710 1976 Anna
1738 1946 1971 1978 marchionissa
1989 1959 2015 1979 ao

316 1995 620 2036 Bra-ndenburgensi
644 2005 752 2026 sorore
776 1998 885 2026 nostra
899 1995 1070 2027 karissima
1093 2005 1131 2026 ac
1153 1995 1195 2026 ab
1217 1994 1334 2026 illustri
1348 1995 1494 2027 Iohanne
1517 1996 1617 2037 ipsius
1631 1996 1697 2028 filio
1714 1996 1798 2029 bone
1814 1999 1971 2030 memorie

318 2045 492 2077 dinoscitur
515 2047 684 2087 emptionis
708 2045 799 2077 titulo
817 2046 1051 2088 comparasse²‚
1069 2045 1220 2088 quodque
1244 2046 1304 2077 sibi
1325 2047 1390 2078 una
1412 2057 1483 2078 cum
1507 2046 1601 2079 dictis
1622 2049 1739 2080 nostris
1761 2049 1913 2081 fratribus
1929 2048 1972 2081 ad

318 2097 491 2128 tuicionem
507 2100 539 2128 et
557 2097 826 2139 gubernacionem
842 2097 999 2129 bonorum
1014 2097 1233 2139 predictorum
1250 2100 1361 2129 contra
1376 2098 1534 2130 violentos
1549 2099 1713 2131 invasores
1730 2103 1763 2132 et
1779 2103 1971 2143 ocupatores

318 2148 460 2189 ipsorum
483 2149 666 2180 assistemus
690 2152 723 2180 et
746 2149 991 2190 cooperabimur
1013 2152 1082 2180 toto
1105 2159 1212 2190 posse.
1293 2149 1331 2180 In
1347 2160 1483 2191 quorum
1498 2151 1641 2182 omnium
1657 2151 1857 2183 evidenciam
1873 2155 1971 2195 atque

319 2199 418 2231 robur
440 2199 577 2240 sigillum
601 2202 744 2231 nostrum
767 2201 915 2232 duximus
938 2201 1141 2242 presentibus
1164 2201 1424 2242 appendendum.
1989 2217 2015 2237 as

426 2249 470 2281 Et
491 2261 549 2282 nos
564 2251 742 2292 Liupoldus
758 2255 791 2283 et
807 2252 978 2284 Heinricus
993 2252 1057 2284 Dei
1079 2252 1188 2294 gracia
1205 2251 1304 2283 duces
1318 2251 1450 2284 Austrie
1467 2255 1500 2284 et
1516 2251 1622 2295 Styrie
1643 2254 1782 2295 predicti
1804 2266 1862 2297 pro
1879 2255 1972 2287 nobis

319 2304 355 2333 et
375 2302 492 2333 nostris
515 2301 666 2333 fratribus
692 2303 824 2334 Alberto
848 2306 881 2334 et
904 2303 1024 2335 Ottone
1047 2303 1226 2345 prenotatis
1249 2303 1438 2335 confitemur
1459 2304 1617 2345 premissa
1639 2315 1710 2337 esse
1733 2317 1812 2338 vera
1833 2307 1970 2349 ipsaque

320 2355 392 2384 rata
413 2352 497 2384 velle
520 2352 640 2384 habere
665 2357 697 2385 et
720 2364 792 2385 cum
814 2357 923 2386 nostro
946 2365 1078 2386 assensu
1101 2357 1135 2386 et
1157 2354 1289 2386 consilio
1313 2364 1384 2386 esse
1408 2355 1495 2386 facta
1517 2366 1555 2387 ac
1577 2357 1611 2387 in
1634 2367 1746 2389 eorum
1769 2357 1971 2390 evidenciam

321 2403 427 2445 sigilla
448 2406 557 2435 nostra
579 2405 779 2445 presentibus
803 2406 1005 2447 appendisse.

428 2454 496 2486 Nos
526 2466 652 2496 quoque
680 2455 839 2487 Iohannes
866 2456 929 2487 Dei
957 2457 1067 2498 gracia
1097 2457 1267 2499 episcopus
1292 2457 1537 2499 Argentinensis
1569 2459 1643 2491 aule
1671 2459 1749 2492 dicti
1776 2461 1862 2503 regis
1890 2471 1966 2493 can·
1986 2474 2014 2494 (ο

319 2505 469 2538 cellarius
491 2506 679 2538 tractatibus
700 2507 852 2548 predictis
874 2508 1056 2540 interfuisse
1081 2518 1202 2550 eosque
1226 2512 1446 2550 comportasse
1469 2509 1609 2542 fatemur
1623 2511 1838 2553 presentibus,
1854 2512 1971 2554 quibus

321 2558 424 2589 eciam
447 2557 489 2588 ad
511 2558 666 2589 maiorem
688 2559 838 2589 noticiam
861 2560 1088 2600 premissorum
1111 2562 1255 2591 nostrum
1278 2560 1419 2602 sigillum
1442 2561 1591 2594 duximus
1605 2560 1876 2605 appendendum.

427 2608 502 2640 Dat.
519 2608 693 2649 Wimpine,
716 2609 810 2640 VIII.
826 2610 963 2641 Kalend.
979 2610 1161 2649 Decembr.,
1185 2621 1269 2643 anno
1285 2610 1417 2643 Domini
1438 2612 1609 2646 millesimo
1633 2615 1859 2647 trecentesimo
1882 2615 1971 2648 vioe-

318 2661 412 2702 simo,
435 2661 528 2702 regni
550 2670 626 2691 vero
648 2661 748 2692 nostri
770 2661 925 2692 Friderici
948 2672 1029 2693 anno
1054 2665 1157 2694 sexto.

423 2753 449 2787 1)
469 2755 540 2780 1313.
558 2753 630 2788 Any.
644 2757 680 2786 1,,·
697 2754 732 2786 cf.
749 2753 998 2788 ‘Hevmeberyisches
1020 2754 1246 2782 Urkundcnlmch'
1265 2755 1289 2788 Ῑ,
1309 2760 1343 2783 54
1359 2763 1401 2785 nr.
1415 2761 1474 2785 100.
1987 2767 2014 2788 ⁴5
