2184 3126
426 227 524 256 ACTA
542 227 656 257 REGNI
674 226 860 255 LUDEWICI
879 226 927 255 lv.
944 226 990 255 m·
1010 225 1194 254 FRIDEmcl
1214 226 1263 254 111.
1299 225 1376 253 1328.
1411 225 1460 253 Nr.
1474 225 1532 253 799.
1550 225 1609 254 800.
1777 228 1841 260 625

184 314 254 347 sino
277 325 320 357 yo
341 314 390 347 les
411 325 470 347 vos
492 318 677 348 trametere.
723 314 857 357 Seynor,
886 314 984 347 miser
1005 313 1114 356 Angel
1137 313 1274 346 Tartaro
1297 323 1355 345 vos
1378 315 1498 345 tramet
1520 323 1583 345 una
1606 312 1689 346 letra
1712 316 1745 345 et
1767 323 1841 356 pre·

182 375 269 408 gam,
293 375 356 408 que
380 377 421 408 yo
444 365 476 398 la
498 376 556 398 vos
579 366 702 408 degues
724 369 879 398 trametre
902 365 943 398 ab
966 365 998 397 la
1021 366 1086 397 mia
1111 368 1268 407 ensempt.

292 425 398 458 Scrita
421 437 462 459 en
485 426 622 469 Auynio,
646 425 780 459 dimarts
801 426 861 459 XI.
882 426 973 468 jorns
995 425 1036 459 de
1060 425 1213 459 Octubre.

494 557 581 594 800.
624 558 780 594 Litterae
807 557 1035 604 Neapolecmis
1062 556 1264 594 cardinalis.
1372 556 1445 592 Oct.
1465 558 1531 592 22.

152 650 165 671 s
295 638 457 680 originale
472 638 547 682 (or.)
563 639 676 672 ibidem
691 639 782 672 CRD
796 650 846 672 nr.
859 640 955 672 4138.
995 639 1101 680 sigilli
1115 639 1246 680 vestigia
1262 639 1298 671 in
1313 638 1404 672 dorso
1419 639 1585 672 habentur.
1602 658 1642 663 —
1659 639 1722 672 Ed.
1736 639 1844 673 Finke

183 690 205 724 l.
222 700 249 724 c.
265 690 315 730 ΙΙ,
340 691 404 723 602
425 701 475 723 nr.
491 691 556 722 386
578 701 617 723 ea:
639 702 685 723 or.
730 691 913 724 Editionem
935 691 1114 731 repetimus.

292 775 504 809 Serenissimo
527 777 664 819 principi
688 777 817 810 domino
834 777 954 810 Iacobo
970 777 1032 809 Dei
1055 777 1165 819 gracia
1188 777 1257 819 regi
1280 777 1480 819 Aragonum,
1504 777 1671 819 valencie,
1695 777 1842 810 Sardinie

183 830 217 860 et
239 826 372 860 Corsice
395 829 570 871 comitique
592 829 846 861 Barehinonensi
870 839 908 861 ac
931 831 1040 861 sancte
1062 827 1211 860 Romane
1235 827 1373 860 ecclesie
1396 828 1580 869 vexillario,
1609 830 1779 862 ammirato
1809 833 1844 862 et

183 879 353 922 capitaneo
368 881 524 922 generali,
547 881 651 912 amico
667 883 776 912 nostro
794 881 959 913 carissimo
1047 879 1217 921 Neapoleo
1233 880 1440 912 miseratione
1458 879 1566 912 divina
1582 880 1690 912 Sancti
1707 881 1843 913 Adriani

139 938 166 961 ιο
184 930 338 964 diaconus
361 931 532 964 cardinalis
619 932 756 964 salutem
780 934 813 964 et
834 935 981 975 paratam
1005 931 1047 963 ad
1070 931 1275 973 beneplacita
1297 931 1508 963 voluntatem.

293 986 320 1015 1.
344 983 481 1016 Noverit
502 984 659 1016 serenitas
681 984 772 1026 regia
793 983 846 1015 hic
869 983 933 1016 alia
955 993 1039 1015 nova
1060 993 1125 1015 non
1148 982 1217 1014 fore
1241 982 1300 1014 nisi
1325 982 1366 1015 de
1389 983 1593 1025 processibus
1614 983 1709 1016 factis
1731 988 1843 1017 contra

182 1043 295 1076 regem
316 1034 548 1075 Romanorum,
572 1046 653 1077 quos
676 1035 768 1067 vobis
791 1034 903 1067 debuit
918 1037 1108 1078 procurator
1130 1037 1238 1066 vester
1252 1034 1377 1066 misisse
1400 1034 1465 1066 iam
1489 1033 1621 1075 dudum,
1645 1037 1699 1078 qui
1723 1036 1842 1069 iudicio

181 1085 321 1129 plurium
344 1087 462 1118 multas
477 1087 510 1118 in
525 1087 632 1119 futuro
649 1089 783 1129 possunt
797 1096 912 1129 parere
928 1087 1096 1118 novitates.
1131 1085 1183 1117 De
1206 1095 1284 1128 rege
1299 1085 1437 1117 Francie
1455 1085 1579 1127 dieitur,
1603 1087 1691 1129 quod
1712 1098 1843 1129 gressus

183 1147 257 1170 suos
273 1137 382 1180 dirigit
402 1148 514 1170 versus
530 1141 641 1180 partes
653 1138 921 1179 Tholosanorum,
943 1137 1017 1170 inde
1034 1137 1076 1170 ad
1092 1140 1201 1180 partes
1218 1137 1306 1177 istas,
1328 1140 1364 1169 ut
1379 1136 1420 1168 ab
1438 1137 1559 1170 eisdem
1577 1138 1703 1179 dicitur,
1726 1141 1842 1172 transi·

140 1202 165 1222 ιε
184 1191 283 1222 turus.
322 1189 408 1227 Quid
425 1190 494 1221 eius
509 1190 667 1222 adventus
685 1189 800 1232 pariat,
824 1189 943 1222 scietur
959 1189 1057 1221 etiam
1077 1189 1110 1221 in
1126 1189 1277 1230 futurum,
1301 1188 1359 1221 sed
1375 1199 1458 1221 nunc
1474 1189 1551 1232 quid
1567 1190 1714 1223 intendat
1729 1191 1761 1223 in
1784 1202 1842 1224 suo

184 1241 324 1275 adventu
342 1241 461 1283 facere,
485 1242 665 1274 comuniter
680 1242 855 1284 ignoratur.
901 1241 1070 1273 Tractatus
1087 1241 1293 1273 Ianuensium
1308 1241 1392 1272 inter
1407 1240 1585 1273 Gebelinos
1601 1245 1634 1274 et
1649 1241 1785 1275 Guelfos
1801 1243 1844 1275 ad

183 1293 336 1325 nichilum
364 1296 438 1325 sunt
467 1293 598 1325 deducti
626 1296 659 1325 et
689 1293 854 1325 discordes
882 1293 1046 1325 recedent.
1091 1293 1248 1325 Dominus
1277 1303 1386 1325 comes
1409 1292 1589 1336 Sabaudie,
1620 1295 1708 1326 cuius
1735 1296 1844 1328 anima

183 1345 366 1386 requiescat
387 1344 419 1376 in
443 1354 538 1386 pace,
568 1345 619 1376 hic
642 1345 675 1376 in
698 1345 786 1376 curia
808 1344 917 1377 XVII.
942 1344 995 1376 die
1018 1344 1113 1376 huius
1135 1345 1256 1376 mensis
1279 1344 1366 1376 diem
1390 1344 1506 1376 clausit
1529 1349 1726 1387 extremm,
1754 1347 1843 1379 nulla
1857 1355 1948 1378 οαιιτ.

183 1395 355 1428 concordia
371 1396 456 1427 inter
469 1396 575 1438 ipsum
592 1399 626 1429 et
641 1395 806 1428 dominum
829 1406 940 1438 regem
956 1395 1139 1428 Robertum
1162 1395 1407 1439 quomodolibet
1429 1396 1508 1428 inita
1530 1397 1582 1429 vel
1606 1398 1743 1438 firmata,
1767 1399 1844 1431 licet

138 1460 165 1482 ,ο
182 1447 285 1480 multa
307 1450 445 1480 tractata
460 1448 598 1489 fuerunt,
622 1458 686 1490 que
710 1447 900 1480 dicebantur
920 1448 1022 1480 eciam
1039 1447 1245 1488 concordata,
1269 1458 1331 1490 que
1355 1449 1472 1480 comite
1489 1452 1616 1481 mortuo
1631 1449 1674 1482 ad
1690 1450 1842 1483 nichilum

181 1498 315 1531 redacta
336 1499 493 1532 videntur.
538 1499 602 1532 Hic
626 1499 742 1532 dicitur
764 1510 822 1541 pro
846 1503 950 1541 certo,
979 1499 1065 1542 quod
1089 1499 1237 1532 dominus
1260 1499 1411 1531 Barnabo
1435 1499 1476 1532 de
1499 1501 1589 1533 Aura
1613 1500 1654 1533 de
1678 1501 1843 1535 voluntate

181 1550 282 1582 incliti
305 1550 425 1583 domini
448 1551 579 1583 infantis
602 1551 729 1583 Alfonsi
756 1554 874 1583 tractat
897 1551 1102 1584 concordiam
1126 1552 1210 1583 inter
1231 1551 1412 1594 predictum
1437 1551 1602 1584 dominum
1625 1552 1782 1586 infantem
1811 1558 1844 1586 et

183 1603 334 1634 comitem
359 1602 493 1643 Nerium
517 1604 584 1635 sive
615 1613 752 1635 comune
774 1602 939 1644 Pisarum,
972 1603 1012 1635 de
1041 1613 1104 1645 quo
1133 1603 1314 1645 gaudemus
1343 1603 1496 1644 multum,
1527 1604 1552 1635 si
1582 1604 1666 1636 bona
1695 1609 1728 1637 et
1754 1606 1843 1637 utilis

183 1653 355 1686 concordia
384 1654 554 1696 reperitur.
603 1654 869 1697 Expectabamus
899 1654 1018 1687 cotidie
1051 1655 1163 1687 audire
1183 1658 1276 1686 ‘nova
1306 1654 1347 1686 de
1380 1654 1468 1686 Villa
1498 1655 1652 1696 ecclesie,
1687 1657 1774 1698 quod
1801 1657 1843 1689 ad

139 1716 164 1738 ss
182 1715 297 1738 manus
319 1705 441 1738 domini
464 1706 595 1738 infantis
617 1707 775 1746 venisset,
805 1710 838 1738 et
865 1706 939 1738 ideo
963 1707 1152 1738 retinuimus
1174 1707 1324 1738 nuncium
1352 1717 1454 1749 usque
1478 1706 1585 1739 modo.
1633 1706 1746 1750 Siquid
1769 1709 1843 1740 novi

183 1758 349 1799 sapiencia
370 1757 461 1800 regia
484 1757 634 1789 habuerit
656 1758 707 1789 vel
731 1757 809 1789 velit
831 1768 890 1789 nos
912 1757 1034 1800 aliquid
1058 1758 1177 1798 facere,
1201 1757 1374 1800 signisficet
1396 1762 1547 1800 prompto
1570 1759 1679 1791 animo
1703 1783 1711 1791 .
1730 1784 1736 1791 .
1754 1783 1763 1792 .

292 1810 321 1840 2.
352 1808 390 1840 In
414 1808 466 1841 die
490 1809 616 1841 XVIII.
645 1809 739 1841 huius
765 1810 886 1842 mensis
912 1810 1094 1851 recepimus
1126 1810 1309 1842 serenitatis
1336 1813 1443 1842 vestre
1471 1809 1552 1842 duas
1578 1810 1717 1852 litteras,
1745 1822 1949 1844 unamoctn.

184 1859 293 1892 datam
317 1860 374 1892 IV.
390 1860 468 1892 Idus
492 1860 652 1893 Octobris.
699 1861 798 1893 Cuius
822 1861 1024 1893 continencia
1049 1864 1119 1893 erat
1150 1864 1224 1903 post
1254 1862 1436 1903 graciarum
1464 1862 1612 1894 acciones
1640 1862 1681 1895 de
1709 1863 1948 1896 eonsiliooeuz„

183 1921 244 1954 per
265 1922 323 1944 nos
346 1911 433 1953 dato,
463 1912 549 1954 quod
577 1913 668 1955 regia
690 1913 855 1954 sapiencia
878 1912 919 1944 de
942 1913 1061 1945 amoris
1084 1913 1174 1944 fonte
1198 1912 1376 1954 procedere
1405 1913 1640 1955 cognoscebat,
1670 1915 1757 1957 quod
1784 1926 1843 1958 per

139 1974 166 1996 so
182 1973 314 1995 manum
336 1967 479 1995 nostram
509 1967 543 1995 et
565 1974 637 1995 cum
661 1964 795 1996 consilio
821 1967 930 1996 nostro
960 1964 1190 2006 procederetur
1215 1974 1275 2006 per
1305 1965 1428 2006 regiam
1452 1969 1666 2007 magestatem
1694 1966 1726 1998 in
1749 1966 1843 1998 Pisa-

182 2025 297 2047 norum
320 2014 522 2056 tractatibus,
554 2016 581 2046 si
609 2016 663 2057 qui
691 2015 807 2048 forent.
853 2015 906 2047 Ad
934 2015 1020 2058 quod
1052 2026 1093 2048 ex
1121 2020 1275 2048 consueta
1297 2015 1456 2048 fidelitate
1479 2017 1638 2059 sapientie
1662 2019 1750 2060 regie
1774 2029 1842 2051 res-

182 2066 373 2109 pendemus,
397 2066 485 2109 qued
507 2067 651 2109 pensatis
674 2067 864 2107 turbinibus,
888 2068 942 2109 qui
966 2067 1114 2099 videntur
1136 2067 1256 2099 debere
1280 2069 1354 2099 oriri
1378 2078 1419 2100 ex
1436 2068 1639 2110 processibus
1661 2070 1726 2101 iam
1750 2069 1843 2102 factis

183 2120 294 2150 contra
317 2128 429 2161 regem
452 2117 688 2159 Romanorum,
716 2119 742 2150 si
766 2119 946 2161 contingat,
975 2118 1062 2161 qnod
1085 2119 1248 2161 predictus
1271 2119 1420 2151 dominus
1443 2119 1593 2152 Bernabo
1617 2120 1739 2163 aliquid
1762 2122 1842 2155 utile

184 2172 217 2201 et
243 2169 446 2212 acceptabile
478 2169 734 2212 magnifficencie
762 2171 852 2213 regie
882 2181 954 2202 cum
985 2170 1112 2202 Pisanis
1141 2170 1310 2202 tractando
1340 2172 1513 2213 repererit,
1546 2172 1578 2203 in
1615 2182 1679 2214 quo
1713 2174 1843 2215 possitis

141 2233 165 2254 ιε
184 2220 319 2262 firmari,
348 2231 473 2254 exnunc
497 2222 704 2262 consulimus,
733 2221 820 2264 quod
848 2226 1058 2264 acceptentur
1085 2233 1143 2264 per
1169 2223 1360 2264 sapientiam
1385 2224 1523 2265 regiam,
1551 2228 1587 2255 ut
1610 2224 1764 2266 expedita
1787 2225 1842 2257 illa

184 2271 278 2314 briga
299 2273 366 2305 sive
383 2273 544 2305 discordia
559 2273 662 2315 possit
676 2273 718 2305 ad
736 2274 859 2306 maiora
875 2273 1055 2314 attendere,
1080 2274 1106 2305 si
1130 2274 1227 2306 fuerit
1243 2278 1447 2316 oportunum,
1471 2275 1547 2317 quia
1563 2275 1691 2308 videtur
1713 2280 1842 2319 tempus

184 2324 455 2366 appropinquare,
479 2325 511 2356 in
534 2335 598 2367 quo
621 2325 678 2356 viri
704 2325 848 2357 valentes
872 2325 954 2357 intra
978 2324 1218 2356 christianitatis
1241 2326 1400 2366 gremium
1421 2326 1586 2367 reperiant
1607 2326 1713 2359 locum
1737 2339 1839 2360 suum.

183 2374 215 2406 A
237 2375 360 2407 nunciis
375 2379 485 2408 autem
500 2376 702 2417 Pisanorum‚
727 2377 782 2418 qui
805 2376 856 2408 hic
879 2379 961 2414 sunt,
985 2376 1082 2408 nichil
1107 2376 1264 2407 habemus
1287 2375 1392 2408 adhuc
1415 2377 1552 2419 firmum,
1576 2378 1653 2410 licet
1675 2378 1785 2411 dicant
1806 2391 1841 2412 se

185 2435 243 2457 suo
267 2426 394 2458 comuni
416 2421 580 2469 scripsisse
605 2431 638 2459 et
660 2428 905 2470 responcionem
929 2438 1026 2469 super
1053 2427 1114 2459 hoc
1146 2430 1331 2469 expectare.
1377 2427 1411 2460 Si
1435 2429 1527 2461 nobis
1550 2428 1696 2462 dicerent
1718 2431 1840 2473 aliquid

141 2489 168 2510 ιο
186 2476 430 2522 acceptandum,
454 2479 562 2510 statim
585 2479 743 2521 sapientie
766 2480 856 2521 regie
879 2479 1102 2511 scriberemus.
1140 2479 1213 2511 1100
1237 2490 1294 2521 pro
1318 2480 1422 2521 prima
1444 2480 1564 2513 littera.
1609 2482 1674 2514 Pro
1698 2483 1841 2515 secunda

185 2538 277 2569 vero,
317 2538 379 2570 que
407 2529 593 2562 continebat
620 2530 732 2562 felices
761 2541 934 2573 progessus
963 2531 1063 2562 incliti
1093 2534 1126 2562 et
1158 2531 1313 2563 carissimi
1344 2532 1551 2574 primogeniti
1581 2534 1678 2566 vestri
1709 2534 1841 2566 illustris

185 2579 306 2611 domini
337 2580 467 2612 infantis
495 2580 623 2613 Alfonsi
652 2581 900 2624 respondemus,
930 2582 1016 2624 quod
1043 2581 1224 2623 gaudenter
1251 2582 1389 2625 legimus
1413 2587 1479 2615 tam
1503 2584 1628 2617 litteras
1659 2587 1841 2618 serenitatis

184 2631 290 2673 regie,
320 2641 415 2673 quam
444 2631 568 2664 litteras
599 2632 737 2674 predicti
767 2633 898 2664 infantis
928 2633 1068 2664 illustris.
1121 2632 1163 2664 Et
1191 2644 1358 2675 speramus
1388 2635 1507 2667 cotidie
1539 2637 1642 2678 ipsum
1675 2636 1839 2669 dominum

183 2681 339 2714 infantem
363 2682 561 2715 felicioribus
583 2684 757 2726 hauspiciis
780 2695 799 2716 a
822 2684 914 2726 Rege
942 2684 1043 2716 celico
1073 2684 1234 2717 illustrari.
1280 2684 1323 2717 Et
1345 2686 1432 2728 quod
1456 2686 1576 2719 facmm
1601 2692 1651 2720 est
1674 2688 1715 2720 de
1739 2689 1840 2720 tribus

141 2747 168 2767 ⁴³
187 2733 299 2765 castris
330 2744 388 2775 per
415 2733 554 2766 iudicem
577 2733 723 2767 Arboree
755 2735 884 2767 domino
916 2735 1029 2767 infanti
1058 2736 1183 2768 traditis
1212 2736 1372 2769 credimus
1396 2739 1571 2771 secundum
1594 2740 1694 2782 ipsius
1719 2740 1838 2772 domini

186 2785 316 2816 infantis
331 2785 455 2817 litteras
471 2785 555 2817 bene
571 2786 702 2818 factum.
734 2786 910 2819 Ianuenses
926 2791 1035 2819 autem
1052 2789 1224 2821 extrinseci
1241 2789 1402 2830 Gebelini,
1430 2795 1465 2822 ut
1492 2792 1555 2822 iam
1585 2792 1838 2833 prescripsimus,

186 2835 238 2867 hic
261 2836 357 2868 nichil
380 2837 527 2868 fecerunt
550 2841 583 2869 et
605 2838 771 2878 firmiores,
794 2842 831 2870 ut
846 2838 1017 2880 credimus,
1042 2850 1112 2871 cum
1129 2841 1290 2882 preteritis
1306 2843 1417 2874 amicis
1433 2842 1475 2874 ad
1492 2844 1620 2885 propria
1637 2847 1839 2875 revertuntur

289 2903 327 2922 u..
340 2903 565 2923 consui-uriom
578 2905 602 2924 v.
1599 2902 1632 2928 19
