2158 3138
281 160 320 190 84
701 156 918 184 TRAOTATUS
936 156 982 183 DE
1001 155 1216 183 ELECTIONE.
1255 155 1329 183 1314.
1365 155 1414 183 Nr.
1428 157 1471 184 89.
1490 155 1532 184 90.

634 281 694 316 89.
736 280 909 325 Scriptum
935 292 998 325 pro
1027 281 1144 315 comite
1169 280 1333 316 Silvestri.
1441 281 1511 317 Oct.
1531 282 1589 316 18.

392 350 552 390 Oriyinale
576 350 652 393 (or.)
683 350 718 381 in
748 349 907 381 tabulario
937 350 1084 381 comitum
1113 350 1150 381 de
1180 349 1391 382 Salm-SaZm.
1423 369 1461 374 —
1493 350 1555 382 Ed.
1586 349 1808 382 Winkelmami
1839 350 1933 382 ‘Acta

280 403 406 442 imperii
427 403 558 434 ‘inedita'
583 402 629 440 II,
654 402 717 432 779
739 411 788 433 nr.
808 401 892 431 1117
914 411 952 432 ex
975 401 1082 441 copiis.
1128 401 1309 434 Editionem
1331 402 1508 442 repetimus,
1531 402 1583 434 hic
1606 401 1671 433 illic
1694 404 1873 434 correctam.

389 458 540 498 Reyesten
563 458 619 488 der
642 456 850 496 Psaleyrafen
871 467 920 488 nr.
939 457 1033 489 1919.

388 552 456 584 Nos
480 551 663 583 Ludovicus
686 551 749 582 Dei
772 552 877 592 gratia
901 562 1010 582 comes
1033 552 1194 592 palatinus
1210 551 1294 583 Reni
1317 552 1383 584 dux
1401 552 1539 584 Bavarie
1555 553 1824 594 recognoscimus,
1849 552 1935 594 quod
1966 557 1981 575 ὃ

282 615 340 636 nos
364 604 464 635 nobili
487 604 554 634 viro
579 602 744 634 Friderico
769 603 879 634 comiti
902 602 1066 644 Sylvestri,
1091 604 1145 645 qui
1168 604 1237 645 ipse
1260 603 1352 635 nobis
1375 615 1472 646 super
1491 604 1699 646 adipiscendo
1715 603 1936 636 Romanorum

166 662 224 683 Nov.
237 665 269 684 ιι.
284 667 384 697 regno
420 666 491 686 cum
529 654 669 686 sedecim
707 654 879 685 dextrariis
911 654 1027 686 abhinc
1062 666 1163 697 usque
1199 655 1240 687 ad
1274 656 1391 687 festum
1419 655 1507 687 beati
1535 655 1665 687 Martini
1692 657 1875 698 proximum
1905 659 1939 687 et

281 709 411 738 inantea
441 706 482 737 ad
510 716 606 737 unum
637 716 755 737 annum
791 707 942 738 continuo
973 706 1224 748 subsequentem
1254 708 1379 739 >servire
1409 708 1557 749 promisit
1587 707 1728 739 fideliter
1759 710 1792 739 et
1819 711 1936 748 astare,

282 759 370 790 mille
396 761 429 789 et
451 761 622 789 sexcentas
644 757 744 788 libras
766 756 1000 800 Hall(ensium)
1030 758 1108 790 dare
1131 759 1335 800 promisimus
1365 763 1398 791 et
1420 760 1636 801 promittimus
1662 760 1694 791 in
1717 759 1779 791 hiis
1802 759 1938 801 scriptis.

164 809 259 854 Ρζξζζ
284 811 382 842 Cuius
419 810 555 851 pecunie
596 809 807 840 medietatem
843 810 875 840 in
906 810 1123 852 Carnisprivio
1157 812 1304 852 proximo
1345 814 1378 843 et
1415 811 1511 843 aliam
1545 811 1756 843 medietatem
1791 812 1822 842 in
1854 811 1936 843 festo
1957 815 1983 834 ¹⁰

164 866 260 887 Mai-11·
282 862 515 893 Penthecostes
539 861 687 902 proximo
712 861 930 903 subsequente
954 861 1100 903 predicto
1124 862 1290 894 Friderico
1314 863 1382 894 sine
1406 862 1595 894 difficultate
1613 863 1758 905 qualibet
1772 863 1936 905 persolve-

280 925 360 945 mus.
406 913 530 944 Dantes
553 912 613 944 sibi
636 912 694 943 has
718 912 843 944 litteras
865 913 897 944 in
921 914 1138 945 testimonium
1163 925 1261 956 super
1284 925 1332 946 eo.

389 965 508 996 Datum
546 965 576 995 in
612 965 724 995 castris
758 964 845 1006 apud
880 964 1113 1006 Frankenfurt,
1141 976 1224 997 anno
1252 965 1382 998 Domini
1405 966 1642 1008 MOCOXIIII,
1673 966 1746 998 XV.
1770 967 1936 999 Kalendas

281 1017 484 1048 Novembris.

451 1123 511 1158 90.
553 1122 743 1158 Promissio
771 1123 895 1158 iterata
917 1135 986 1168 pro
1014 1124 1170 1160 Iohanne
1197 1136 1275 1170 reye
1306 1125 1507 1161 Bohemiae.
1615 1125 1688 1160 Oct.
1708 1127 1768 1160 20.
1957 1137 1981 1157 ιε

396 1192 556 1234 Oriqinale
572 1193 777 1232 deperditum.
819 1194 918 1234 Copia
940 1195 976 1226 in
1001 1194 1032 1236 1)
1052 1195 1201 1236 Copiario
1216 1194 1380 1226 Balduini
1399 1194 1626 1235 archiepisctmi
1646 1195 1703 1235 qui
1725 1198 1770 1227 cst
1791 1195 1939 1227 comitum

282 1245 320 1277 de
342 1245 538 1277 Kesselstadt
556 1255 590 1286 p.
608 1245 671 1275 511
694 1247 723 1276 et
745 1245 928 1277 codicibus¹
950 1256 1029 1278 saec.
1049 1246 1128 1278 XV.
1153 1246 1220 1278 his:
1249 1246 1283 1289 2)
1307 1246 1506 1278 bibliothecae
1527 1246 1746 1278 universitatis
1768 1246 1941 1287 Prayensis

282 1298 305 1329 I
328 1297 362 1329 C.
378 1297 420 1329 24
443 1296 497 1335 fol.
515 1297 598 1334 346,·
622 1298 655 1337 3)
679 1298 866 1329 monasterii
888 1298 954 1330 ord.
972 1298 1004 1330 S.
1021 1298 1187 1330 Benedicti
1207 1299 1244 1330 in
1266 1297 1417 1340 Rayyern
1438 1298 1482 1330 H.
1499 1298 1521 1329 i.
1539 1300 1558 1329 1
1580 1298 1635 1337 fol.
1652 1299 1742 1337 109¹;
1764 1297 1799 1340 4)
1822 1298 1940 1331 Vindo-

283 1349 379 1380 bonae
412 1349 448 1380 in
482 1347 663 1380 bibliotheca
697 1348 868 1380 ministerii
901 1350 984 1390 quod
1017 1350 1138 1381 dicitur
1167 1350 1230 1382 ‘des
1261 1350 1401 1388 Innern’,
1435 1349 1509 1382 olim
1535 1349 1747 1390 ‘Hoskamlei‘
1781 1353 1940 1382 asservato

278 1399 338 1440 fol.
356 1401 406 1432 65.
458 1400 584 1432 Codices
611 1400 836 1440 descripsimus
864 1401 912 1433 vel
940 1401 1132 1434 contulimus
1156 1412 1227 1440 nos,
1252 1402 1394 1442 potiores
1424 1404 1550 1434 tantum
1575 1402 1684 1434 vwrias
1709 1401 1853 1434 lectiones
1879 1402 1938 1434 ad-
1957 1405 1985 1426 ’θ

281 1452 469 1485 notavimus.
493 1470 535 1475 —
557 1452 730 1483 Ineditum.

389 1507 536 1546 Bo'hmer,
559 1507 634 1549 Req.
651 1507 764 1540 Ludw.
781 1509 897 1555 P·.414
921 1508 1151 1541 Reichssachen
1172 1519 1222 1540 nr.
1238 1509 1313 1540 402.

391 1602 459 1634 Nos
488 1603 713 1645 Lud(owicus)
743 1603 806 1635 Dei
837 1604 944 1644 gratia
973 1613 1083 1635 comes
1109 1602 1271 1645 palatinus
1293 1602 1377 1635 Reni
1401 1602 1467 1634 dux
1489 1602 1637 1635 Bawarie
1661 1603 1747 1634 omni
1771 1604 1939 1635 occasione

283 1665 341 1686 seu
370 1655 499 1697 ingenio
530 1655 594 1687 doli
623 1655 700 1687 mali
730 1655 869 1687 exclusis
897 1655 982 1686 bona
1013 1658 1046 1686 et
1069 1655 1193 1686 sincera
1215 1654 1279 1686 fide
1302 1654 1430 1686 nomine
1454 1655 1626 1686 iuramenti
1649 1654 1859 1696 corporaliter
1881 1665 1940 1697 per

285 1717 342 1737 nos
376 1708 502 1748 prestiti
536 1711 647 1738 tenore
671 1707 869 1749 presentium
905 1707 1122 1748 promittimus
1156 1709 1189 1737 et
1222 1706 1432 1748 spondemus,
1468 1706 1554 1748 quod
1588 1707 1614 1737 si
1649 1717 1708 1748 per
1733 1706 1939 1748 magnificum
1959 1714 1984 1733 2⁵

283 1759 460 1800 principem
497 1759 661 1790 dominum
695 1759 873 1790 Iohannem
906 1758 1085 1790 Bohemie⁸
1108 1762 1141 1789 et
1162 1758 1298 1790 Polonie
1321 1768 1432 1800 regem
1461 1757 1619 1790 illustrem
1642 1757 1772 1790 affinem
1795 1762 1948 1792 nostrum.

286 1810 490 1842 karissimum
519 1822 578 1842 nos
609 1811 640 1842 in
669 1810 909 1842 Romanorumb
945 1820 1054 1852 regem
1091 1810 1188 1842 electi
1221 1810 1393 1851 fuerimus,
1428 1810 1487 1841 sibi
1516 1810 1600 1841 ultra
1627 1810 1683 1842 illa
1710 1803 1822 1842 decem
1850 1810 1940 1842 milia

284 1873 466 1894 marcarum
498 1864 644 1904 argenti,
677 1868 760 1904 que⁰
789 1862 851 1893 sibi
880 1872 940 1904 per
967 1862 1048 1893 alias
1074 1866 1200 1894 nostras
1226 1861 1371 1894 litteras²
1396 1861 1473 1893 dare
1497 1862 1714 1903 promisimus,
1738 1862 1802 1893 alia
1826 1862 1940 1894 decem

286 1914 375 1945 milia
404 1925 587 1946 marcarum
620 1915 764 1956 argenti⁰
791 1915 863 1956 puri
891 1913 1064 1955 Pragensis
1098 1913 1250 1955 ponderis
1278 1913 1425 1945 dabimus
1458 1917 1491 1945 et
1525 1913 1602 1945 dare
1636 1914 1853 1956 promittimus
1881 1925 1939 1956 pro

286 1966 447 2007 expensis,
472 1977 553 2008 quas
576 1966 654 1998 fecit
676 1967 708 1997 in
731 1967 862 2007 negotio
888 1965 1054 1998 electionis
1075 1965 1231 2007 predicte.
1269 1965 1334 1997 Pro
1359 1965 1474 2007 quibus
1494 1965 1553 1997 sibi
1578 1969 1697 1997 terram
1721 1968 1754 1997 et
1777 1966 1940 1998 civitatem
1959 1972 1986 1992 ³⁰

284 2017 463 2060 Egrensem
494 2022 526 2050 et
557 2018 686 2050 castrad
714 2018 813 2050 ῙόἾοΖθ
837 2021 869 2050 et
892 2017 1124 2050 Barkenstein‘
1151 2028 1222 2049 cum
1253 2017 1400 2049 omnibus
1424 2028 1534 2049 eorum
1558 2018 1734 2050 attinentiis
1744 2023 1769 2058 Β,
1792 2018 1940 2049 utilitati-

285 2069 344 2100 bus
375 2073 407 2101 et
437 2070 611 2102 honoribus
638 2071 768 2102 nomine
796 2070 940 2112 pignoris
967 2069 1198 2112 obligabimus‚
1229 2070 1421 2111 assignaturi
1450 2080 1489 2101 ea
1513 2073 1546 2101 et
1568 2070 1806 2112 possessionem
1829 2080 1940 2102 eorum

287 2122 348 2153 sibi
372 2123 439 2154 sine
463 2123 698 2164 impedimento
727 2133 784 2154 suo
813 2122 866 2153 vel
893 2133 951 2164 pro
982 2122 1061 2164 ipsis
1087 2122 1152 2153 alia
1182 2126 1286 2153 castra
1311 2125 1343 2153 et
1365 2122 1559 2153 munitiones
1582 2125 1707 2154 nostras
1730 2126 1805 2154 ante
1828 2132 1941 2154 nemus

284 2173 473 2205 Boemicum
507 2174 567 2205 sibi
597 2174 783 2206 adiacentes
812 2177 845 2205 et
876 2173 1043 2216 predicta¹¹
1071 2173 1309 2216 equivalentes,
1338 2184 1418 2215 quas
1442 2173 1571 2205 duxerit
1600 2173 1829 2216 acceptandas,
1858 2172 1942 2205 infra

168 2218 263 2264 Γὲῖξῧῇ
287 2225 361 2256 hinc
394 2229 427 2257 et
461 2226 579 2257 festum
609 2226 840 2268 purificationis
871 2226 968 2258 beate
1002 2225 1105 2257 Marie
1139 2226 1270 2267 virginis
1304 2225 1468 2267 proximoi
1502 2225 1660 2265 futurum,
1698 2225 1856 2257 tenendas
1885 2235 1942 2257 seu
1960 2233 1986 2252 ³1»

285 2277 426 2308 tenenda
452 2288 512 2319 per
542 2279 646 2319 ipsum
676 2289 787 2320 regem
818 2281 851 2310 et
879 2277 1019 2310 heredes
1047 2281 1104 2309 aut
1130 2287 1333 2309 successores
1362 2288 1452 2318 suos,
1477 2277 1606 2319 quoad*
1628 2288 1688 2320 per
1709 2288 1768 2309 nos
1790 2280 1847 2309 aut
1869 2276 1941 2319 per¹

285 2339 485 2361 successores
519 2333 644 2361 nostros
667 2329 887 2362 Romanorum
918 2340 1013 2372 reges
1046 2330 1116 2371 ipsa
1139 2328 1231 2361 ΧΧΜ
1255 2340 1436 2361 marcarum
1465 2330 1593 2372 argenti
1622 2329 1742 2361 fuerint
1766 2328 1941 2372 persoluta,

285 2381 494 2422 proventibus
529 2381 570 2413 de
604 2382 665 2413 hiis
700 2386 847 2423 tempore
884 2381 1096 2423 obligacionis
1129 2382 1229 2423 ipsius
1259 2381 1533 2413 obvenientibus¹¹²
1561 2382 1593 2413 in
1621 2381 1821 2413 solucionem
1856 2379 1941 2412 dicte

285 2433 421 2474 pecunie
444 2434 576 2464 minime
601 2434 823 2475 conputandis.
859 2433 912 2465 Ad
935 2433 996 2465 hoc
1021 2433 1118 2465 etiam
1143 2436 1176 2465 et
1199 2443 1270 2464 cum
1294 2432 1376 2464 hoen
1399 2433 1495 2465 modo
1520 2444 1582 2475 quo
1606 2444 1703 2475 supra
1725 2432 1942 2475 promittimus

286 2484 484 2525 Znoymam⁰
510 2489 543 2516 et
559 2484 690 2516 Costelf’
713 2486 860 2517 civitates
883 2489 916 2517 et
932 2489 1037 2518 castra
1052 2496 1177 2517 necnon
1193 2485 1347 2527 oppidum
1364 2485 1505 2517 Boarlitz
1513 2492 1536 2526 ⁹,
1554 2496 1633 2528 quas
1657 2489 1690 2517 et
1713 2496 1775 2528 que
1800 2510 1806 2517 .
1825 2491 1852 2518 ‚¹
1875 2485 1942 2516 dux
1961 2492 1988 2511 ⁴⁰

389 2579 438 2606 90.
467 2581 491 2613 ⁸)
511 2581 614 2606 Boemie
633 2580 657 2606 2.
733 2582 757 2614 b)
776 2583 922 2607 Romanum
939 2581 964 2607 3.
1041 2581 1063 2614 ⁰)
1083 2582 1279 2614 que—argenti
1297 2581 1388 2606 desum
1405 2580 1481 2607 2—4.
1557 2580 1582 2614 d)
1601 2582 1670 2608 decet
1689 2581 1712 2607 1.
1788 2580 1811 2614 ο)
1830 2581 1906 2606 Flozz
1917 2579 1943 2606 2.

286 2621 306 2655 Υ)
323 2623 459 2648 Parkstein
477 2623 494 2648 2
500 2633 508 2653 ,·
525 2625 670 2657 Parkstsyn
690 2624 715 2649 3.
820 2626 845 2656 Β)
864 2626 1028 2659 pertinenciis
1046 2623 1123 2650 2—4.
1228 2623 1254 2656 ¹¹)
1273 2625 1310 2649 ita
1328 2624 1357 2654 1,-
1376 2625 1496 2658 predictis
1514 2624 1596 2650 2—4..
1695 2624 1714 2658 i)
1731 2625 1847 2658 proxime
1865 2623 1943 2650 2-4.

286 2664 313 2696 k)
333 2675 468 2699 quousque
486 2666 510 2692 3.
589 2666 608 2699 ¹)
627 2668 695 2693 deest
713 2667 790 2694 2—4.
874 2668 907 2700 ¹¹¹)
926 2669 1128 2694 obvencionibus
1146 2668 1215 2693 male
1233 2667 1309 2693 2—-4,
1392 2667 1417 2700 ¹¹)
1436 2668 1485 2693 hoc
1503 2668 1566 2693 add.
1585 2667 1610 2694 2.
1629 2667 1652 2694 4.
1736 2667 1760 2698 ⁰)
1778 2669 1900 2693 Znomam
1920 2667 1944 2693 1.

287 2709 312 2741 Ρ)
325 2710 424 2735 Costels
438 2709 469 2740 3,·
482 2711 593 2736 Costeltz
607 2710 637 2740 4,·
656 2711 710 2735 Ioco
723 2715 748 2736 et
761 2712 847 2737 Costel
863 2712 875 2737 1
890 2713 958 2737 male
970 2716 1089 2737 castrum.
1172 2711 1197 2743 ⁴1)
1209 2711 1338 2736 Poherlitz
1348 2710 1372 2736 2.
1385 2710 1415 2740 4,·
1427 2711 1560 2736 Pohorlicz
1573 2711 1597 2737 3.
1678 2710 1700 2745 ¹')
1720 2711 1788 2736 decet
1799 2710 1875 2736 2—4.

392 2787 418 2819 1)
442 2786 482 2819 Cf.
501 2786 620 2813 ‘Archiv'
642 2787 678 2820 X,
700 2790 760 2814 658.
849 2788 876 2821 2)
895 2787 987 2821 Supra
1005 2796 1047 2816 νιν.
1061 2791 1094 2815 67
1109 2796 1169 2822 cap.
1183 2791 1223 2815 10.
1961 2794 1987 2814 ⁴⁵
