2184 3126
338 193 398 222 704
558 186 654 213 ACTA
671 184 784 212 REGNI
803 182 986 210 LUDEWICI
1004 182 1052 209 IV.
1070 181 1117 208 ΕΤ
1137 181 1323 209 FRIDERICI
1341 181 1391 208 111.
1428 180 1503 208 1324.
1540 180 1589 207 Nr.
1601 179 1661 208 889.
1679 178 1739 208 890.

444 276 472 305 2.
497 273 609 304 Dictus
632 272 716 303 enim
739 269 870 301 illustris
893 269 1041 310 princeps
1063 269 1096 300 in
1119 278 1230 310 regem
1252 268 1474 300 Romanorum
1497 267 1619 300 electus
1641 267 1760 299 multas
1783 268 1931 301 civitates
1953 273 1987 302 et

335 326 531 358 municiones
546 323 770 356 circumiacere
786 321 885 352 habet
900 322 1051 361 pretextu
1066 320 1192 362 imperii
1205 330 1308 362 prope
1321 320 1485 351 civitatem
1495 319 1795 362 Argentfiuensem)
1806 319 1986 362 predictam

338 381 370 409 et
399 375 615 414 circumcirca,
643 375 720 405 item
750 373 867 404 multos
897 371 1022 403 nobiles
1051 374 1201 412 potentes
1228 371 1329 403 habet
1359 371 1563 403 coadiutores
1591 374 1625 402 et
1654 370 1799 403 fautores
1828 371 1988 405 habentes

335 429 492 460 fortalicia
515 429 548 458 et
569 425 765 457 municiones
788 424 871 454 circa
893 422 1011 454 dictam
1027 423 1191 454 civitatem
1207 421 1520 464 Argentfinensem),
1544 422 1585 454 de
1608 422 1724 464 quibus
1740 422 1783 454 ad
1798 423 1988 456 mandatum

336 481 412 511 dicti
435 479 586 521 principis
613 477 654 508 ob
677 476 834 507 dictorum
861 484 1071 516 processuum
1101 474 1356 516 publicacionem
1387 474 1420 505 in
1450 473 1536 505 dicta
1569 474 1700 506 civitate
1730 474 1988 517 Argentfimmsi)

337 530 516 562 faciendam
540 528 650 570 procul
674 526 770 558 dubio
794 525 938 557 facerent
962 525 1055 556 dictis
1079 525 1200 556 civibus
1223 528 1256 557 et
1278 525 1391 556 incolis
1415 528 1482 556 tam
1504 525 1537 556 in
1552 525 1649 557 rebus
1666 535 1762 568 quam
1786 526 1819 558 in
1841 527 1988 568 personis

335 581 560 613 infestaciones
583 578 787 620 gravissimas
811 580 843 608 et
866 576 1036 608 incomoda
1058 576 1191 608 infinita.

443 643 471 673 3.
495 640 650 671 Preterea
673 638 699 668 si
723 647 929 679 processuum
953 637 1172 679 predictorum
1196 636 1237 668 de
1262 639 1371 668 cetero
1395 636 1427 668 in
1451 637 1582 669 civitate
1598 637 1855 680 Argentfinensi)
1879 639 1988 681 aliqua

335 693 427 724 fieret
448 691 637 733 publicacio,
661 692 794 731 propter
815 690 919 730 ipsam
936 688 1191 730 publicacionem
1215 688 1312 720 cedes
1333 698 1453 729 magna
1469 692 1504 720 et
1517 689 1711 721 inevitabilis
1727 690 1890 722 accideret
1903 691 1989 723 inter

335 745 421 785 ipsos
448 743 533 774 cives
561 744 692 783 propter
719 741 890 772 servitores
923 743 956 772 et
979 739 1143 771 fautoresd
1166 740 1199 771 in
1222 741 1292 781 ipsa
1315 740 1446 772 civitate
1470 741 1663 783 existentes,
1693 751 1766 773 cum
1790 742 1922 784 quidam
1946 752 1988 774 ex

335 795 426 826 dictis
449 793 569 826 civibus
592 793 646 824 uni
669 792 844 824 electorum
868 792 900 823 in
922 791 1141 823 Romanorum
1170 802 1280 833 regem
1309 794 1342 823 et
1369 791 1502 834 quidam
1524 792 1618 824 alteri
1648 793 1827 826 adhereant
1853 794 1987 836 auxilio,

336 846 465 878 consilio
490 848 523 876 et
545 845 665 875 favore.

442 909 470 937 4.
495 906 651 937 Preterea
674 904 751 935 dicti
775 905 860 936 cives
883 914 962 945 erga
978 903 1090 935 ambos
1106 903 1227 934 electos
1242 903 1406 945 predictos
1421 903 1577 936 hactenus
1592 904 1743 947 legaliter
1757 917 1792 939 se
1808 909 1988 949 gesserunt,

2006 753 2034 774 10

334 961 369 989 ut
391 959 461 999 ipsa
485 956 695 988 communitas
717 966 780 987 non
803 956 906 997 magis
928 955 983 986 uni
1006 954 1137 986 favebat
1161 964 1257 996 quam
1281 954 1376 986 alteri
1399 958 1432 987 et
1454 956 1487 987 in
1509 956 1653 998 ipsorum
1676 957 1855 990 electorum
1877 959 1989 1001 gracia
2019 988 2021 993 ι

336 1013 368 1041 et
391 1009 535 1040 amicicia
559 1007 719 1039 existebat
742 1010 774 1038 et
796 1008 828 1038 in
851 1010 937 1038 statu
959 1005 1140 1047 tranquillo.
1188 1005 1276 1042 Quas
1299 1005 1395 1037 dicti⁰
1418 1007 1515 1046 cives,
1537 1008 1565 1039 si
1587 1008 1721 1050 aliquod
1743 1009 1933 1042 mandatum
1955 1010 1991 1043 iu

337 1061 422 1092 dicta
445 1061 574 1092 civitate
597 1059 851 1100 Argent(inensi)
875 1061 984 1089 contra
1009 1057 1128 1088 dictum
1152 1057 1330 1099 principem
1360 1057 1594 1100 publicaretur,
1621 1069 1700 1101 erga
1730 1061 1835 1102 ipsum
1864 1064 1898 1094 et
1920 1062 1990 1094 eius

336 1111 537 1143 coadiutores
561 1113 594 1142 et
616 1110 767 1151 fautores,
791 1110 844 1151 qui
860 1110 936 1151 ipsis
952 1110 1063 1151 gravia
1078 1109 1222 1150 pericula
1247 1113 1279 1141 et
1301 1109 1425 1141 infinita
1448 1110 1621 1143 incomoda
1643 1112 1763 1144 inferre
1786 1116 1930 1154 possunt,
1953 1116 1992 1147 ut

337 1165 385 1194 est
407 1162 610 1204 prelibatum,
634 1163 818 1193 amitterent
842 1165 874 1192 et
896 1161 1038 1202 ipsorum
1055 1160 1314 1202 indignacionem
1338 1165 1371 1193 et
1386 1161 1503 1194 hostile
1519 1162 1653 1195 hodium
1668 1164 1878 1206 incurrerent,
1901 1165 1988 1198 inmo

2007 1019 2033 1040 15

336 1214 395 1245 sibi
418 1214 619 1246 adversarios
650 1213 780 1245 eosdem
812 1213 842 1244 in
871 1216 1064 1254 perpetuum
1092 1212 1278 1244 ordinarent
1309 1216 1343 1245 et
1374 1214 1606 1246 constituerent
1632 1216 1827 1258 principales
1854 1216 1934 1249 nec‘
1957 1217 1991 1249 in
2022 1239 2025 1241 -

335 1265 478 1307 partibus
501 1265 670 1297 Alamanie
695 1275 766 1296 cum
789 1264 885 1297 rebus
908 1265 973 1295 suis
1001 1275 1112 1297 secure
1136 1274 1273 1307 pergere
1297 1268 1431 1307 possent
1453 1265 1504 1298 vel
1531 1266 1700 1307 auderent,
1730 1268 1812 1300 sicut
1833 1268 1990 1302 hactenus

336 1320 576 1349 consueverunt.
584 1317 594 1335 s

443 1381 471 1409 5.
495 1377 651 1409 Preterea
674 1378 700 1408 si
727 1377 859 1418 aliquod
881 1376 1068 1408 mandatum
1096 1378 1129 1408 in
1157 1377 1243 1409 dicta
1273 1377 1403 1409 civitate
1429 1378 1687 1420 Argentfinensi)
1721 1383 1834 1413 contra
1867 1381 1990 1414 dictum

334 1430 510 1471 principem
532 1429 759 1470 publicaretur,
782 1429 870 1460 idem
894 1429 1043 1470 princeps
1066 1439 1107 1460 ex
1130 1428 1192 1460 hoc
1213 1428 1373 1471 indignari
1395 1434 1507 1471 posset
1529 1433 1563 1463 et
1584 1431 1645 1463 sibi
1669 1442 1797 1465 sumere
1819 1435 1990 1467 materiam

335 1487 368 1512 et
391 1481 592 1512 occasionem
615 1480 787 1512 revocandi
814 1481 983 1522 privilegia
1013 1480 1098 1512 dicte
1122 1481 1243 1512 civitati
1273 1484 1306 1512 et
1338 1482 1406 1513 eius
1434 1482 1557 1514 civibus
1580 1487 1614 1515 et
1635 1484 1749 1516 incolis
1772 1491 1948 1517 concessa!
1969 1496 1990 1518 a

334 1532 463 1574 regibus
476 1531 657 1573 Romanis)
671 1535 704 1564 et
714 1532 972 1574 imperatoribus,
988 1533 1181 1574 sumptuosis
1194 1533 1356 1574 expensis,
1372 1534 1568 1575 gravissimis
1578 1534 1744 1568 laboribus
1757 1540 1791 1569 et
1801 1538 1991 1579 gratissimis

336 1585 476 1615 serviciis
499 1584 664 1626 acquisita.

442 1647 471 1676 6.
494 1644 651 1675 Preterea
674 1654 881 1686 processuum
906 1644 1156 1685 apostolicorum
1184 1644 1365 1686 publicacio
1399 1647 1432 1678 in
1461 1646 1547 1679 dicta
1576 1648 1706 1681 civitate
1729 1649 1990 1693 Argentfinensi)

336 1696 482 1727 facienda
504 1696 580 1737 ipsis
604 1695 723 1727 civibus
743 1695 838 1727 valde
862 1699 947 1728 esset
967 1697 1147 1737 periculosa
1175 1700 1208 1728 et
1234 1698 1359 1739 nociva,
1387 1701 1423 1729 ut
1446 1709 1487 1730 ex
1510 1700 1675 1741 premissis
1696 1700 1820 1743 liquido
1843 1706 1990 1745 apparet,

336 1757 458 1779 summo
483 1751 590 1779 tamen
613 1748 754 1789 pontifici
777 1758 891 1789 pamm
914 1747 967 1779 vel
989 1748 1086 1780 nichil
1108 1749 1256 1780 utilitatis
1279 1749 1426 1782 allatura.

445 1810 472 1839 7.
499 1808 670 1848 Premissa,
693 1811 785 1850 pater
811 1808 988 1840 reverende
1019 1808 1148 1840 domine
1171 1809 1333 1842 Iohannes
1364 1811 1516 1854 episcope
1542 1812 1825 1856 Argent(inensis),
1847 1817 1991 1847 vestrum

336 1862 487 1891 moveant
509 1860 649 1890 animum
673 1863 705 1891 et
727 1860 879 1891 inclinent
903 1860 944 1891 ad
968 1860 1172 1892 scribendum
1195 1871 1319 1894 summo
1343 1863 1498 1904 pontifici,
1521 1864 1707 1897 excusando
1724 1865 1811 1898 cives
1826 1866 1991 1908 predictos

337 1910 422 1951 apud
445 1911 559 1951 ipsum,
584 1921 682 1951 quare
706 1910 825 1942 dictam
848 1911 1105 1953 publicacionem
1128 1913 1160 1944 in
1184 1912 1271 1945 dicta
1294 1914 1424 1946 civitate
1439 1915 1696 1957 Argent(inensi)
1719 1920 1854 1960 propter
1877 1929 1991 1951 causas

336 1961 496 2003 predictas
524 1966 557 1993 et
583 1962 623 1993 ad
651 1962 800 1994 evitanda
830 1963 916 1995 dicta
944 1964 1089 2005 pericula
1118 1964 1300 1997 obmisistis.
1369 1965 1488 1999 Cetera
1518 1967 1647 2009 supleat
1677 1972 1785 2001 vestra
1812 1971 1992 2012 paternitas

336 2013 522 2045 reverenda.

437 2160 522 2196 890.
564 2161 694 2197 Forma
715 2163 889 2207 petitionis
916 2175 938 2198 a
965 2163 1095 2200 civitate
1118 2165 1278 2210 pontifici
1299 2170 1494 2211 porrectae.
1599 2168 1698 2214 (post
1723 2170 1813 2216 Apr.
1829 2171 1887 2215 1.)

446 2242 578 2274 Minuta
602 2244 655 2286 (c.)
678 2245 916 2278 membranacea
939 2247 1061 2279 duobus
1079 2247 1172 2289 foliis
1194 2252 1342 2282 constans
1365 2250 1487 2283 ibidem.
1525 2251 1725 2284 Contulimus
1740 2262 1806 2287 nos.
1841 2254 1884 2286 In
1905 2264 1992 2288 verso

336 2291 409 2332 folii
424 2294 547 2332 prioris
568 2305 664 2327 manu
680 2307 791 2328 coaeva
806 2298 960 2337 scriptum
975 2301 1038 2331 est:
1061 2303 1171 2333 contra
1186 2312 1373 2343 processum
1390 2313 1545 2345 pape—
1503 2303 1622 2336 -Εᾱ,
1640 2303 1926 2338 ‘Urkundenbuch’
1941 2306 1992 2346 11,

340 2344 403 2379 386
425 2348 473 2375 nr.
490 2345 553 2375 43&
575 2356 612 2377 eac
635 2357 661 2378 c.

446 2404 532 2443 Quae
554 2408 741 2439 concordant
763 2419 834 2440 cum
856 2409 975 2442 Forma
997 2422 1045 2443 nr.
1063 2413 1135 2450 889,
1159 2415 1182 2444 t
1170 2423 1243 2454 ths
1263 2414 1439 2446 minoribus
1460 2425 1594 2447 eoeczoesa
1615 2418 1701 2448 sunt.

443 2462 637 2497 Documenta
652 2477 700 2498 nr.
717 2469 788 2500 889.
804 2470 867 2500 890
879 2473 949 2509 post
964 2471 1044 2511 Apr.
1063 2473 1081 2503 1
1099 2473 1276 2513 conscripta
1291 2484 1355 2506 esse
1370 2475 1574 2515 crediderim;
1595 2486 1624 2508 v.
1642 2476 1925 2510 ‘Urkundenbuch’
1940 2477 1990 2517 II,

342 2513 406 2543 387
427 2516 532 2546 notam
554 2517 597 2548 ad
618 2528 666 2548 nr.
684 2519 756 2551 438.

447 2573 497 2615 Cf.
522 2575 610 2613 infra
632 2578 674 2608 ad
695 2588 724 2609 a.
743 2579 834 2611 1324.
858 2581 942 2614 Mai.
958 2584 1010 2615 31.

446 2700 512 2728 889.
542 2702 566 2735 d)
586 2713 642 2730 serv
627 2706 719 2731 vitores
741 2711 765 2732 et
783 2709 866 2734 fautor
854 2718 893 2735 res
917 2720 979 2744 supr
981 2722 998 2737 a
1021 2714 1115 2739 lineam
1138 2715 1230 2741 addita
1251 2724 1328 2748 super
1351 2716 1406 2742 loco
1430 2725 1491 2742 raso
1509 2720 1584 2743 5-6
1607 2719 1751 2744 litterarum
1775 2719 1888 2751 epatium
1909 2719 1990 2747 adae-

342 2751 375 2774 qu
359 2744 431 2768 ῑαηῑῑ
475 2752 543 2777 ι’ῑΡΥ
544 2754 602 2771 ῑι88
591 2756 640 2772 887Ἵ
637 2748 711 2780 Plum-
730 2757 767 2773 ε88
743 2758 780 2775 888
798 2752 897 2778 videtur
914 2763 946 2787 po
932 2759 1037 2781 otentes.
1120 2756 1143 2790 e)
1161 2767 1229 2784 corr.
1247 2767 1278 2784 ex
1296 2759 1351 2784 dcTs
1368 2767 1389 2786 c.
1480 2758 1500 2792 f)
1518 2769 1608 2786 nec—
1618 2765 1810 2788 consueverunt
1827 2762 1855 2788 in
1873 2762 1990 2796 margine

342 2785 422 2818 insse
399 2787 462 2811 rcior
481 2789 541 2815 add
561 2798 581 2815 c.
669 2791 693 2823 8)
711 2799 776 2823 sequ.
795 2795 867 2821 delet.
886 2801 911 2822 et
928 2798 1026 2824 indulta
1047 2809 1068 2826 c.

2008 2192 2035 2213 ⁸⁵

2007 2490 2036 2511 4⁰

2007 2807 2036 2828 4³
