2190 3172
325 155 387 184 202
567 151 665 179 ACTA
682 150 796 178 REGNI
815 149 998 177 LUDEWICI
1016 149 1063 177 IV.
1082 149 1128 176 ΕΤ
1147 149 1331 176 FRIDERICI
1349 149 1398 177 111.
1435 149 1510 177 1815.
1546 149 1595 177 Nr.
1607 148 1667 178 229.
1685 150 1744 178 230.

322 240 395 281 regi
422 239 628 281 Aragonum,
663 248 759 280 quem
785 238 915 269 unicum
942 237 1106 268 dominum
1134 239 1277 269 nostrum
1306 240 1339 269 et
1369 237 1546 279 principem
1574 237 1607 268 in
1633 237 1727 268 terris
1753 238 1974 270 tantummodo

321 291 524 333 profitemur,
560 294 668 322 tamen
706 292 879 331 pensantes
914 288 1059 320 debitum
1092 288 1288 330 predictum,
1322 299 1385 330 quo
1420 298 1492 320 cum
1525 289 1595 330 ipso
1631 288 1761 320 domino
1791 299 1868 331 rege
1899 291 1976 322 estis

324 353 484 383 annexus,
507 345 543 373 ut
564 341 750 383 predicitur,
773 340 939 372 Altissimo
964 343 1130 381 operante,
1153 344 1384 382 sperantesque
1409 350 1450 371 ex
1473 340 1535 371 hoc
1557 339 1704 382 predicto
1721 342 1829 372 nostro
1845 340 1974 373 domino

319 394 543 436 complacere,
573 393 678 434 parati
705 402 813 423 sumus
844 395 877 422 et
903 402 960 422 nos
984 390 1154 422 offerimus
1184 391 1291 423 facere
1316 402 1379 434 que
1402 402 1460 423 nos
1484 391 1600 424 deceat
1628 402 1666 423 ac
1689 392 1771 423 votis
1793 393 1976 424 serenitatis

324 449 433 477 vestre
458 445 575 476 cedant
598 443 767 475 commodo
791 446 825 474 et
847 442 970 474 honori.
2006 457 2018 475 s

432 497 552 529 Datum
575 495 794 535 Barchinone,
819 493 1012 526 duodecimo
1040 494 1205 526 Kalendas
1228 494 1364 535 Aprilis,
1389 505 1472 526 anno
1495 494 1626 526 Domini
1653 494 1825 527 millesimo
1847 498 1974 528 trecen-

324 550 443 580 tesimo
468 547 720 590 quartodecimo.

424 749 674 795 230—239.
718 747 999 795 SCRIPTA
1027 746 1357 794 LUDEWICI
1391 745 1520 793 PRO
1549 747 1878 796 DIVERSIS.

919 825 1027 861 1315.
1069 824 1176 861 Mart.
1201 824 1385 861 17.—26.

551 936 623 966 230.
649 936 720 967 231.
758 933 947 966 SCRIPTA
970 933 1059 966 PRO
1083 933 1445 966 ARGHIEPISCOPO
1469 933 1747 967 TREVIRENSI.
1994 946 2020 966 ιο

1005 1000 1096 1030 1315.
1131 999 1225 1030 Mart.
1246 1001 1293 1030 17.

439 1105 524 1142 230.
567 1104 738 1150 Scriptum
764 1116 868 1150 super
894 1105 1098 1140 iuramentis
1129 1105 1306 1140 civitatum
1332 1104 1568 1149 obliyatarum.
1674 1106 1785 1142 Mart.
1804 1108 1862 1143 17.

435 1179 596 1220 Oriyinale
619 1179 697 1221 (or.)
726 1180 761 1210 in
789 1179 948 1211 tabulario
973 1180 1057 1220 reyio
1083 1178 1313 1218 Confluentino.
1363 1177 1601 1219 Descripsimus
1622 1189 1688 1211 nos.
1737 1179 1856 1212 Pendet
1878 1180 1976 1221 siqz'lli

320 1234 535 1274 fragmentum
558 1231 623 1263 loro
646 1231 888 1263 membranaceo.
911 1249 954 1254 -
975 1231 1148 1262 Ineditum.

432 1292 579 1330 Bb'hmer,
603 1291 678 1332 Rey.
696 1292 808 1324 Ludw.
829 1302 861 1333 p.
877 1291 943 1323 269
964 1302 1014 1323 nr.
1030 1292 1115 1323 2614
1138 1291 1264 1332 (Addit.
1281 1290 1345 1332 II).
1994 1302 2018 1322 ιι

433 1383 628 1415 Ludowicus
651 1382 715 1414 Dei
737 1383 842 1425 gratia
864 1383 1084 1414 Romanorum
1107 1393 1168 1414 rex
1191 1392 1320 1424 semper
1342 1385 1497 1424 augustus
1562 1382 1718 1414 universis
1739 1383 1822 1414 sacri
1837 1382 1976 1415 Romani

323 1435 452 1477 imperii
479 1434 628 1466 fidelibus
655 1438 824 1476 presentes
854 1435 978 1466 litteras
1007 1434 1196 1475 inspecturis
1220 1433 1271 1464 vel
1299 1433 1456 1465 audituris
1544 1434 1682 1475 gratiam
1708 1444 1799 1466 suam
1824 1438 1858 1466 et
1879 1445 1974 1467 omne

323 1487 453 1519 bonum.

433 1538 515 1570 Cum
538 1549 595 1569 nos
618 1537 827 1579 Bopardiam,
843 1537 1024 1569 Wesaliam
1055 1540 1088 1568 et
1111 1536 1363 1568 iurisdictionem
1387 1537 1427 1568 de
1451 1536 1692 1578 Galgenscheid
1719 1547 1821 1579 prope
1850 1537 1973 1579 Bopar-

325 1590 410 1622 diam
440 1588 558 1633 [cum]²¹
590 1589 737 1621 omnibus
765 1589 886 1621 iuribus
914 1592 948 1620 et
974 1589 1182 1631 pertinenciis
1210 1589 1291 1629 suis,
1322 1588 1484 1630 regalibus
1507 1589 1672 1630 dominiis,
1699 1599 1789 1620 mero
1815 1592 1848 1620 et
1869 1590 2018 1625 mixtam

324 1642 460 1683 imperio
495 1652 533 1673 ac
564 1642 650 1672 omni
683 1641 918 1682 iurisdictione,
954 1640 1102 1672 omnibus
1132 1640 1302 1680 fructibus,
1331 1640 1525 1681 redditibus,
1554 1641 1774 1682 proventibus,
1808 1642 1971 1682 precariis,

321 1694 426 1733 sturis,
451 1693 681 1734 exactionibus,
704 1693 878 1724 honoribus
902 1696 935 1724 et
958 1693 1100 1724 serviciis
1123 1696 1189 1724 tam
1214 1692 1245 1723 in
1268 1691 1378 1723 liberis
1402 1695 1435 1724 et
1457 1693 1557 1724 servis
1580 1703 1676 1734 quam
1693 1692 1812 1732 Iudeis,
1834 1694 1972 1724 monetis

324 1746 488 1788 regalibus
511 1749 544 1777 et
567 1745 725 1776 theloneis
749 1748 782 1776 et
805 1745 876 1776 aliis
901 1745 1154 1787 quibuscumque
1178 1744 1300 1776 iuribus
1322 1744 1445 1775 ibidem
1474 1744 1516 1776 ad
1543 1745 1714 1786 imperium
1738 1744 1972 1786 pertinentibus

324 1797 575 1839 obligaverimus
598 1797 774 1828 venerabili
801 1796 990 1828 Baldewino
1019 1796 1211 1828 Treverensi
1233 1795 1476 1838 archiepiscopo
1509 1797 1644 1838 principi
1670 1799 1778 1827 nostro
1801 1795 1971 1828 karissimo

324 1853 359 1881 et
382 1849 517 1880 ecclesie
541 1859 597 1879 sue
621 1848 812 1880 Treverensi
835 1860 894 1890 pro
917 1849 1030 1890 viginti
1054 1858 1112 1880 sex
1133 1847 1263 1880 milibus
1285 1858 1464 1879 marcarum
1488 1848 1613 1890 argenti
1643 1848 1715 1889 puri
1738 1851 1771 1879 et
1793 1847 1870 1879 boni
1892 1858 1971 1889 pon·
1991 1860 2016 1880 25

325 1901 411 1932 deris
439 1900 655 1940 coloniensis,
684 1903 779 1942 prout
806 1901 838 1931 in
867 1901 982 1932 litteris
1009 1903 1117 1931 nostre
1144 1900 1234 1941 regie
1263 1899 1461 1931 celsitudinis
1492 1899 1597 1941 sigillo
1620 1899 1767 1941 sigillatis
1793 1910 1890 1941 super
1911 1899 1973 1931 hoc

325 1953 482 1984 confectis
511 1955 544 1983 et
571 1951 697 1983 traditis
724 1952 850 1994 plenius
880 1953 1061 1984 continetur
1074 1953 1095 1990 ¹,
1120 1955 1153 1983 et
1182 1955 1255 1993 post
1277 1951 1387 1982 datam
1412 1951 1566 1983 dictarum
1590 1951 1769 1983 litterarum
1792 1954 1972 1983 nostrarum

325 2004 368 2035 ab
395 2003 578 2035 hominibus
606 2007 639 2035 et
671 2004 816 2045 opidanis
844 2005 877 2035 in
906 2004 1010 2046 opidis
1038 2007 1071 2036 et
1093 2003 1311 2035 iurisdictione
1334 2003 1487 2045 predictis
1510 2006 1544 2035 et
1566 2003 1761 2035 districtibus
1783 2004 1850 2035 sive
1872 2004 1972 2045 perti-

325 2056 446 2087 nenciis
482 2056 546 2086 suis
581 2056 852 2087 commorantibus
886 2057 979 2088 nobis
1011 2057 1227 2088 iuramentum
1261 2058 1294 2087 et
1330 2054 1495 2087 fidelitatis
1529 2055 1765 2097 prestacionem
1803 2055 1973 2087 fecerimus

325 2107 482 2145 exhiberi,
549 2118 606 2138 nos
629 2107 670 2138 ad
693 2112 786 2149 grata
810 2111 843 2139 et
866 2107 1028 2139 fructuosa
1043 2108 1179 2140 servicia
1202 2106 1294 2139 nobis
1317 2117 1354 2138 ac
1370 2107 1506 2148 imperio
1522 2117 1582 2148 per
1597 2106 1736 2138 eundem
1752 2108 1972 2140 venerabilem
1992 2119 2017 2138 ³0

325 2159 549 2191 Baldewinum
572 2159 717 2190 exhibita
741 2163 774 2190 et
797 2170 859 2201 que
884 2159 1039 2191 exhibere
1062 2160 1182 2201 poterit
1204 2160 1236 2190 in
1256 2159 1398 2190 futurum
1414 2158 1685 2190 consideracionis
1700 2162 1808 2190 nostre
1824 2159 1972 2191 intuitum

325 2213 563 2250 convertentes,
592 2211 698 2241 omnia
724 2211 904 2242 iuramenta
933 2215 966 2242 et
996 2212 1188 2243 fidelitatum
1215 2211 1434 2253 prestaciones
1462 2210 1554 2242 nobis
1583 2214 1616 2242 et
1647 2211 1782 2252 imperio
1807 2210 1917 2243 debita
1939 2212 1972 2243 in

326 2261 503 2303 Bopardia,
528 2261 674 2293 Wesalia
701 2272 739 2293 ac
766 2263 983 2295 iurisdictione
1012 2263 1166 2305 predictis
1199 2273 1325 2294 necnon
1359 2273 1469 2294 eorum
1503 2262 1685 2294 attinenciis
1714 2266 1748 2294 et
1777 2262 1973 2295 districtibus

326 2314 481 2344 universis
504 2324 523 2344 a
546 2313 799 2355 quibuscumque
822 2316 967 2355 personis
991 2315 1043 2346 vel
1065 2314 1249 2346 hominibus
1271 2315 1304 2346 in
1320 2314 1442 2346 eisdem
1459 2313 1741 2353 commorantibus,
1757 2315 1972 2357 cuiuscunque

327 2367 428 2396 status
451 2368 508 2396 aut
531 2365 725 2396 condicionis
748 2366 897 2406 existant,
920 2369 1028 2397 nostro
1053 2369 1085 2398 et
1107 2376 1328 2397 successorum
1350 2369 1533 2397 nostrorum
1556 2375 1670 2407 regum
1693 2370 1727 2397 et
1741 2367 1973 2408 imperatorum
1992 2381 2016 2400 as

326 2415 546 2447 Romanorum
570 2426 607 2447 ac
630 2417 757 2457 imperii
780 2418 907 2449 nomine
931 2418 1074 2459 predicte
1099 2418 1292 2459 obligacioni
1315 2417 1490 2449 subicimus
1520 2427 1557 2448 ac
1587 2427 1626 2448 ea
1649 2417 1802 2459 predictis
1825 2418 1916 2450 bonis
1939 2423 1972 2451 et

327 2467 424 2499 rebus
447 2467 598 2509 obligatis
627 2478 669 2499 ex
697 2471 785 2499 certa
812 2469 950 2501 sciencia
978 2470 1182 2512 adiungimus
1209 2469 1296 2501 omni
1319 2468 1411 2500 titulo
1436 2472 1470 2500 et
1491 2469 1575 2510 iure,
1599 2469 1714 2511 quibus
1738 2470 1844 2502 eidem
1867 2471 1972 2502 archi-

326 2519 478 2560 episcopo
503 2522 536 2550 et
559 2520 694 2551 ecclesie
719 2531 775 2552 sue
799 2521 944 2562 predicta
967 2521 1064 2563 opida
1087 2525 1120 2554 et
1141 2521 1316 2552 iurisdictio
1340 2530 1414 2552 cum
1437 2521 1502 2552 suis
1525 2521 1705 2553 attinenciis
1722 2522 1867 2564 obligata
1889 2526 1972 2564 sunt,

327 2574 423 2612 prout
444 2572 476 2602 in
500 2571 593 2602 dictis
615 2571 730 2603 litteris
752 2573 867 2604 nostris
889 2573 1052 2615 regalibus
1074 2573 1180 2604 lucide
1204 2573 1394 2604 continetur.
1439 2572 1680 2604 Renunciantes
1710 2583 1863 2615 expresse
1887 2575 1972 2606 iura-

327 2623 443 2654 mentis
467 2626 499 2654 et
521 2623 712 2654 fidelitatum
736 2625 989 2665 prestaeionibus
1011 2625 1103 2656 nobis
1125 2624 1256 2665 ibidem,
1278 2628 1313 2655 ut
1336 2623 1457 2655 dictum
1481 2627 1539 2665 est,
1563 2623 1656 2656 factis
1680 2628 1714 2656 et
1735 2626 1972 2658 successoribus
1990 2640 2017 2660 ιο

431 2713 497 2740 230·
524 2714 547 2745 Β)
567 2714 658 2738 excidit
676 2723 713 2739 or.

431 2783 458 2816 1)
476 2781 568 2815 Supra
585 2789 627 2807 nr.
642 2785 693 2808 156.
