2184 3126
317 219 379 250 642
597 213 694 241 ACTA
712 211 825 239 REGNI
843 208 1025 237 LUDEWICI
1043 208 1090 235 IV.
1108 207 1155 234 ΕΤ
1173 207 1358 234 FRIDERICI
1376 207 1426 235 111.
1463 207 1538 235 1323.
1574 207 1623 235 Nr.
1635 207 1695 235 824.

425 300 675 341 Appellationem
695 299 848 338 primam,
878 306 958 336 quae
984 293 1253 334 Nom'mberyensis
1274 293 1340 324 dici
1366 292 1456 331 solet,
1478 296 1555 333 post
1579 293 1826 333 publicationem
1854 304 1876 326 a
1897 304 1967 335 reqe

317 353 464 384 reiectam
487 355 515 383 et
537 351 671 382 ulterius
692 359 755 381 non
771 347 1003 388 promulyatam
1026 355 1098 383 esse,
1121 345 1205 376 inter
1227 354 1331 375 omnes
1353 346 1485 376 constat.
1532 344 1581 383 Cf.
1597 344 1719 377 Mulier
1741 344 1821 378 ‘Der
1842 345 1972 387 Kampf

319 404 468 443 Ludwiqs
490 403 542 434 des
563 402 688 433 Baiern
709 401 767 431 mit
788 399 843 430 der
865 397 1038 430 ramischen
1063 395 1172 429 Gurie’
1194 395 1224 434 I,
1248 394 1289 426 75
1311 397 1341 427 et
1363 395 1456 437 infra
1478 395 1522 427 ad
1542 406 1594 427 nr.
1609 397 1684 429 836.

425 462 570 498 ΒόῙιφηεν,
595 460 669 500 Rey.
686 459 797 490 Ludw.
809 468 842 497 p.
860 459 902 489 39
923 467 973 488 nr.
992 456 1063 487 664.

425 555 466 595 (I)
500 554 537 585 In
561 553 677 585 Christi
700 553 827 583 nomine
850 561 955 582 amen.
1998 561 2011 581 5

423 609 485 640 Die
508 609 676 640 Dominico
700 606 786 648 quod
818 606 879 637 fuit
901 604 1139 647 quintadecima
1161 603 1327 636 Kalendas
1355 603 1511 646 Ianuarii,
1541 604 1600 636 sub
1628 615 1712 637 anno
1735 605 1968 638 incarnacionis

318 661 475 692 dominice
498 659 668 691 millesimo
692 658 909 690 tricentesimo
933 657 1085 688 vicesimo
1110 656 1224 696 tercio,
1251 655 1284 686 in
1304 654 1498 698 Nurenberg
1519 657 1553 688 in
1576 655 1673 688 domo
1697 656 1825 689 Alberti
1846 655 1966 688 Ebuer.

316 710 522 743 Presentibus
550 709 790 741 honorabilibus
818 709 892 740 viris
922 708 1051 739 domino
1079 707 1234 739 Heinrico
1266 706 1307 739 de
1330 706 1458 749 Lapide
1487 708 1653 750 preposito
1683 708 1820 740 ecclesie
1849 707 1966 740 Sancte

316 762 416 794 Marie
449 762 533 793 Novi
568 761 694 802 collegii
732 761 869 791 civitatis
899 759 1114 801 Eystetensis,
1152 759 1307 801 magistro
1341 759 1451 791 Ulrico
1485 760 1652 801 preposito
1686 760 1825 792 ecclesie
1858 759 1968 792 Sancti

318 813 473 854 Stephani
500 813 636 844 civitatis
658 811 953 853 Babenbergensis‚
983 811 1113 842 domino
1136 810 1310 843 Chfinrado
1338 811 1371 842 in
1394 810 1492 843 Stauf
1514 811 1668 843 canonico
1684 811 1814 844 Veteris
1841 811 1966 853 capelle
1986 821 2012 842 ιο

316 865 452 896 civitatis
480 864 737 905 Ratisponensis,
770 863 900 894 domino
929 862 1079 894 Gotfrido
1109 862 1250 904 plebano
1280 863 1312 894 in
1340 862 1506 895 Amberch
1536 861 1683 904 dyocesis
1710 862 1966 904 Ratisponensh,

316 916 468 957 magistro
491 915 655 947 Friderico
678 916 802 946 notario
826 915 963 946 civitatis
986 914 1280 956 Nurenbergensis,
1305 913 1435 946 domiuo
1458 914 1612 946 Heinrico
1635 914 1775 956 plebano
1797 915 1830 946 in
1852 914 1966 946 Pffiln-

317 966 391 997 dors
419 966 564 1007 dyocesis
596 966 865 1006 Constanciensis⁷
899 965 1054 998 Heinrico
1084 965 1268 997 Hausnerio
1302 965 1419 998 clerico
1452 976 1578 998 necnon
1607 967 1727 999 Ottone
1757 965 1799 998 de
1821 964 1968 998 Werdea

317 1018 469 1049 canonico
494 1017 629 1049 ecclesie
645 1017 771 1058 Pysane
795 1027 833 1048 ac
855 1017 964 1049 multis
987 1017 1059 1048 aliis
1083 1017 1291 1049 ecclesiarum
1314 1016 1448 1058 prelatis
1471 1021 1504 1050 et
1527 1018 1651 1050 clericis
1673 1027 1798 1050 necnon
1821 1020 1855 1049 et
1876 1016 1967 1048 laicis

317 1072 350 1100 et
377 1068 476 1100 multe
506 1069 703 1100 auctoritatis
726 1069 800 1100 viris
828 1069 963 1100 testibus
990 1069 1111 1110 rogatis
1141 1071 1174 1100 et
1195 1068 1318 1100 vocatis
1349 1071 1382 1100 et
1409 1079 1463 1100 me
1485 1068 1665 1111 Herdegno
1693 1068 1856 1111 quondam
1879 1066 1966 1100 Gfin-
1986 1078 2011 1098 ιι

316 1120 386 1151 radi
409 1119 449 1151 de
464 1120 658 1161 Babenberg
681 1120 796 1151 clerico
814 1119 961 1161 dyocesis
975 1119 1257 1161 Babenbergensis
1280 1119 1409 1161 publico
1432 1120 1593 1162 imperiali
1615 1120 1808 1152 auctoritate
1829 1119 1966 1151 notario.

318 1170 543 1202 Serenissimus
566 1172 714 1213 princeps
738 1171 885 1202 dominus
899 1171 1071 1203 Ludwicus
1087 1171 1308 1203 Romanorum
1331 1182 1391 1203 rex
1413 1181 1543 1213 semper
1564 1174 1721 1214 augustus
1743 1181 1852 1203 coram
1874 1180 1967 1202 reve-

315 1222 414 1253 rendo
435 1225 526 1264 patre
544 1222 672 1254 domino
687 1223 718 1254 N
720 1223 833 1264 ycolao
849 1222 1026 1254 venerabili
1044 1223 1196 1264 episeopo
1220 1222 1356 1254 ecclesie
1372 1222 1617 1264 Ratisponensis
1640 1225 1674 1254 et
1695 1221 1832 1254 testibus
1853 1230 1968 1263 supra-

317 1273 408 1304 dictis
430 1284 552 1305 necnon
584 1277 616 1305 et
645 1274 716 1305 aliis
739 1274 872 1315 prelatis
903 1277 936 1306 et
964 1274 1191 1306 ecclesiasticis
1213 1274 1360 1316 personis
1387 1277 1422 1306 et
1446 1273 1646 1306 secularibus
1669 1277 1836 1316 tamquam
1858 1282 1967 1304 coram

315 1325 483 1356 autenticis
498 1325 633 1366 publicis
657 1328 690 1357 et
712 1326 853 1357 honestis
869 1326 1015 1367 personis
1030 1326 1250 1367 infrascriptas
1266 1325 1433 1368 proposuit
1456 1328 1489 1358 et
1510 1326 1543 1357 in
1565 1325 1692 1367 scriptis
1714 1324 1792 1358 fecit
1805 1326 1966 1366 protesta-
1984 1334 2012 1355 an

316 1377 423 1407 ciones
452 1379 485 1408 et
513 1377 629 1409 deinde
659 1377 835 1419 appellavit
863 1380 897 1409 et
926 1378 959 1409 in
986 1378 1113 1419 scriptis
1138 1377 1375 1419 infrascriptam
1402 1377 1662 1419 appellacionem
1691 1376 1898 1418 interposuit,
1931 1377 1968 1406 ut

315 1427 445 1458 inferius
469 1429 658 1460 continetur.

424 1509 484 1549 (II)
519 1509 659 1546 Quarum
683 1511 955 1551 protestacionum
979 1513 1071 1542 tenor
1094 1511 1238 1552 sequitur
1260 1511 1293 1542 in
1315 1510 1376 1542 hac
1399 1510 1516 1542 forma:

422 1563 538 1596 Coram
561 1564 651 1596 vobis
673 1565 849 1597 venerabili
876 1570 969 1607 patre
997 1566 1127 1598 domino
1149 1566 1296 1608 Nycolao
1320 1566 1474 1608 episcopo
1501 1565 1637 1598 ecclesie
1658 1565 1906 1608 Ratisponensis
1933 1567 1967 1597 et

315 1614 404 1646 vobis
431 1615 671 1647 honorabilibus
698 1617 773 1648 viris
804 1617 934 1649 domino
957 1617 1111 1649 Heinrico
1140 1617 1181 1650 de
1204 1618 1331 1660 Lapide
1361 1618 1527 1660 preposito
1558 1617 1695 1649 ecclesie
1721 1616 1840 1649 Sancte
1862 1616 1966 1649 Mario
1984 1626 2010 1647 κ

315 1666 399 1697 Novi
425 1667 551 1708 collegii
581 1668 718 1699 civitatis
744 1667 959 1710 Eystetensis‚
992 1670 1147 1711 magistro
1175 1659 1285 1702 ffirico
1313 1670 1478 1712 preposito
1506 1668 1642 1701 ecclesie
1670 1668 1782 1701 Sancti
1809 1668 1967 1711 Stephani

315 1718 450 1749 civitatis
477 1718 770 1760 Babenbergensis,
806 1719 936 1752 domino
966 1719 1116 1752 Cfinrado
1144 1721 1283 1763 plebano
1311 1722 1343 1752 in
1372 1721 1469 1753 Stauf
1500 1721 1653 1753 canonico
1676 1721 1807 1753 Veteris
1839 1719 1967 1762 capelle

316 1770 450 1800 civitatis
475 1769 730 1812 Ratisponensis‚
760 1770 935 1814 [domino]³
958 1772 1108 1805 Gotfrido
1137 1773 1275 1815 plebano
1303 1773 1336 1805 in
1362 1773 1509 1816 Amberg
1536 1772 1683 1814 dyocesis
1710 1771 1966 1814 Rafisponensis,

316 1821 470 1862 magistro
494 1821 657 1853 Friderico
681 1823 806 1854 notario
830 1824 967 1855 civitatis
983 1824 1271 1866 Nmenbergensis,
1294 1824 1450 1856 Heinrico
1473 1824 1613 1866 plebano
1635 1824 1670 1856 in
1689 1823 1868 1856 Pffilndorf
1886 1822 1987 1865 dyo-'

316 1873 396 1903 cesis
426 1872 694 1915 Gonstaneiensis,
722 1874 876 1907 Heinrico
903 1875 1087 1908 Hausnerio
1115 1886 1241 1908 necnon
1269 1876 1389 1908 Ottone
1417 1876 1458 1908 de
1475 1875 1619 1908 Werdea
1648 1876 1802 1907 canonico
1829 1876 1967 1908 ecclesie
1985 1885 2011 1905 ω

315 1923 441 1964 Pysane
466 1927 498 1956 et
520 1927 551 1956 te
567 1925 743 1967 Herdegno
760 1926 890 1968 publico
907 1928 1068 1969 imperiali
1088 1929 1280 1960 auctoritate
1296 1929 1423 1960 notario
1439 1931 1594 1970 tanquam
1618 1938 1727 1960 coram
1742 1928 1818 1959 viris
1833 1927 1968 1970 ydoneis

316 1978 347 2005 et
370 1976 512 2016 personis
528 1977 696 2008 autenticis
771 1989 829 2010 nos
844 1979 1017 2011 Ludwicus
1033 1979 1254 2012 Romanorum
1277 1990 1336 2012 rex
1359 1990 1489 2022 semper
1510 1982 1664 2022 augustus
1687 1989 1911 2021 comparemus
1934 1981 1968 2010 et

315 2026 532 2068 infr-ascriptas
554 2029 808 2069 protestaciones
831 2034 956 2062 nostras
979 2041 1089 2063 coram
1104 2031 1196 2063 vobis
1211 2032 1421 2074 proponimus
1443 2034 1478 2063 et
1499 2031 1532 2062 in
1555 2031 1681 2073 scriptis
1704 2031 1878 2072 offerimus,
1901 2031 1967 2062 acsi

315 2077 347 2107 in
370 2079 534 2117 presencia
558 2079 677 2111 domini
699 2082 799 2112 nostri
823 2105 830 2112 .
849 2106 856 2113 .
881 2084 998 2114 summi
1021 2083 1194 2125 pontificis,
1224 2085 1314 2115 cuius
1340 2083 1466 2125 copiam
1494 2085 1621 2114 artante
1648 2083 1786 2114 termino
1812 2085 1967 2124 tanquam

317 2128 456 2160 absentis
479 2133 511 2161 et
533 2135 655 2163 remote
680 2131 826 2164 distantis
849 2133 971 2166 habere
994 2145 1058 2166 non
1081 2145 1265 2177 possumus,
1289 2145 1433 2167 essemus
1456 2134 1670 2176 personaliter
1691 2135 1868 2175 constituti,
1892 2145 1966 2176 pro·
1985 2143 2011 2163 ³⁶

318 2180 479 2211 mittentes
512 2192 677 2224 expresse,
712 2184 799 2225 quod
829 2185 961 2218 easdem
990 2187 1023 2218 in
1054 2187 1154 2228 ipsius
1183 2187 1299 2219 summi
1329 2186 1502 2228 pontificis,
1536 2195 1634 2228 quam
1663 2186 1803 2227 primum
1831 2185 1967 2218 comode

319 2232 507 2272 poterimus,
530 2234 680 2265 noticiam
703 2235 901 2268 deducemus
924 2240 958 2269 et
980 2248 1089 2270 coram
1113 2249 1152 2271 eo
1175 2237 1400 2270 innovabimus
1423 2240 1457 2270 et
1478 2237 1728 2279 publicabimus,
1750 2240 1848 2279 prout
1870 2237 1968 2269 fuerit

319 2284 523 2321 oportunum:

428 2366 454 2393 1.
489 2362 537 2394 ‘In
559 2366 668 2405 primis
695 2371 924 2411 protestamur,
957 2370 1044 2412 quod
1073 2374 1218 2403 sanctam
1247 2371 1417 2403 ecclesiam
1447 2370 1643 2412 Romanam,
1674 2371 1863 2414 magistram
1890 2370 1968 2403 fidei

320 2412 490 2453 katholice,
513 2419 647 2447 matrem
671 2421 704 2449 et
726 2419 910 2461 alumpnam
934 2424 1077 2454 nostram
1093 2422 1211 2464 colere,
1236 2422 1372 2465 diligere
1395 2426 1429 2455 et
1450 2422 1571 2463 fovere,
1595 2425 1715 2454 statum
1735 2423 1805 2455 eius
1827 2422 1967 2455 solidare
1984 2437 2012 2458 ιο
2031 2462 2033 2464 ,

321 2465 354 2494 et
375 2463 444 2495 iura
466 2475 591 2498 servare
616 2478 744 2510 semper
765 2471 960 2504 intendimus
982 2473 1067 2506 bona
1089 2474 1165 2507 fide.

427 2517 456 2546 2.
492 2516 574 2548 Item
591 2519 676 2559 quod
698 2520 806 2554 hostes
830 2524 898 2555 eius
921 2528 954 2556 et
976 2525 1116 2558 rebelles
1133 2526 1294 2568 quoslibet
1309 2537 1391 2569 quos
1414 2526 1532 2558 scimus
1547 2526 1599 2558 vel
1621 2537 1641 2558 a
1663 2526 1865 2568 professione
1882 2525 1967 2558 dicte

320 2565 396 2597 fidei
419 2566 602 2624 oberrantes
624 2573 775 2613 tanquam
798 2574 903 2606 fidelis
926 2576 1102 2609 advocatus
1130 2580 1164 2610 et
1191 2577 1333 2610 fervidus
1360 2578 1533 2610 christiane
1559 2578 1637 2611 fidei
1663 2578 1785 2610 zelator
1807 2577 1969 2610 hostiliter

321 2626 470 2659 persequi
493 2621 525 2650 et
548 2622 759 2655 exterminare
782 2625 927 2658 volumus
949 2631 1017 2660 toto
1041 2639 1147 2670 posse.

428 2670 456 2726 ἑξ.
492 2669 574 2702 Item
591 2673 675 2713 quod
690 2684 752 2705 non
768 2677 935 2720 credimus,
960 2683 1070 2712 contra
1086 2681 1190 2722 ipsam
1213 2684 1357 2713 sanctam
1374 2681 1546 2714 ecclesiam
1568 2692 1627 2713 nos
1649 2691 1791 2723 unquam
1809 2681 1843 2712 in
1857 2680 1966 2723 aliquo
1984 2695 2010 2716 45
2040 2679 2047 2686 ’

320 2728 496 2752 excesmsse
521 2724 553 2752 et
575 2723 601 2752 si
618 2725 742 2764 quando
760 2728 1000 2771 excederemus,
1024 2733 1129 2773 parati
1152 2743 1261 2765 sumus
1284 2733 1325 2765 ad
1343 2733 1412 2765 eius
1428 2734 1660 2766 correctionem
1676 2733 1841 2765 humiliter
1856 2742 1967 2765 emen-

423 2813 487 2841 824.
514 2814 538 2847 ιι)
556 2817 647 2842 excidit
665 2827 702 2844 or.
