2184 3126
334 192 397 222 466
532 187 629 215 ACTA
646 185 760 213 REGNI
779 182 963 212 LUDEWICI
982 181 1028 208 IV.
1048 181 1093 207 ET
1113 181 1299 210 FRIDERICI
1318 181 1366 207 ΙΙΙ.
1404 180 1479 207 1320.
1515 180 1565 208 Nr.
1577 181 1636 210 580.
1655 181 1714 209 581.
1733 182 1791 209 582.

443 275 472 305 2.
500 273 608 309 Quare
633 270 818 302 discretioni
839 270 946 299 vestre
969 277 1028 308 per
1050 266 1228 307 apostolica
1251 266 1370 307 scripta
1391 266 1596 309 mandamus,
1620 269 1768 309 quatinus
1792 278 1871 300 onus
1895 268 1987 300 vobis

334 326 519 367 impositum
530 324 563 354 in
578 324 638 354 hac
654 324 746 363 parte
763 320 972 361 suscipientes
987 318 1152 349 humiliter
1167 327 1205 348 ac
1218 317 1335 348 devote
1351 318 1564 358 personaliter
1579 319 1622 350 ad
1638 319 1795 351 dictorum
1808 320 1987 352 electorum

333 377 529 419 presentiam
552 374 714 406 accedatis
738 375 770 404 et
794 371 916 403 eisdem
941 369 1052 400 electis
1075 369 1248 410 diligenter
1272 370 1435 410 exposito,
1465 380 1563 411 quam
1589 370 1726 403 ferventi
1753 371 1914 403 desiderio
1937 372 1987 413 ip-

334 439 441 460 sorum
468 437 582 468 pacem
611 425 792 466 appetimus
821 426 854 454 et
876 423 1016 463 quietem
1046 424 1079 452 et
1107 431 1203 462 quam
1227 421 1368 462 graviter
1389 422 1422 452 in
1445 431 1556 453 eorum
1586 422 1783 454 dissensione
1811 422 1988 463 turbamur,

334 490 390 512 eos
413 478 499 521 quod
523 487 619 518 super
641 475 784 507 eiusdem
807 474 894 516 pacis
917 472 1144 513 amplectenda
1168 472 1339 503 concordia
1362 475 1396 504 et
1419 472 1579 505 discordia
1601 473 1758 515 sopienda
1781 474 1896 506 nostris
1911 484 1986 516 pre·
2018 485 2030 504 s

334 531 440 570 cibus,
464 527 741 561 exhortationibus
764 528 798 557 et
820 524 959 556 consiliis
986 523 1112 554 devotis
1138 523 1299 555 mentibus
1325 524 1546 566 acquiescant,
1574 535 1616 556 ex
1641 528 1734 567 parte
1761 527 1870 557 nostra
1897 526 1988 558 iuxta

333 582 424 613 vobis
447 581 557 611 datam
585 589 604 609 a
626 577 698 609 Deo
726 576 929 618 prudentiam
958 574 1132 615 inducatis,
1161 577 1197 605 ut
1224 574 1344 606 bonum
1370 576 1459 616 pacis
1486 575 1631 608 eiusdem
1659 577 1848 618 operatione
1877 579 1984 608 vestre

334 631 555 664 sollicitudinis
578 632 611 661 et
633 628 758 659 virtutis
773 627 844 658 Deo
862 627 992 667 auspice
1009 629 1239 667 proventuum
1262 626 1432 668 precordia
1453 630 1562 659 nostra
1577 627 1709 660 letificet
1725 630 1758 659 et
1773 628 1985 670 diligentiam,

334 693 429 725 quam
451 683 484 712 in
506 681 567 712 hac
589 683 681 721 parte
705 678 863 710 duxeritis
887 677 1115 718 adhibendam,
1139 678 1254 708 merito
1277 677 1506 710 commendare
1529 678 1688 719 possimus
1703 689 1825 721 vosque
1841 682 1985 711 nostram

333 737 366 766 et
388 734 472 765 dicte
496 731 583 763 sedis
604 729 862 762 benedictionem
887 731 920 760 et
941 729 1078 770 gratiam
1102 727 1238 770 proinde
1261 728 1396 760 valeatis
1418 729 1548 761 uberius
1569 730 1757 771 promereri.
2006 741 2032 761 ιο

439 784 569 815 Datum.

624 870 710 905 581.
751 869 909 904 Litterae
935 869 982 903 ad
1007 868 1229 904 Friderieam
1256 869 1435 904 secundae.
1539 869 1695 915 (Iam)

442 945 541 985 Copia
566 946 620 985 (c.)
643 944 756 976 ibidem
784 943 838 983 fol.
856 943 931 975 138¹
955 944 1011 984 (=
1034 943 1055 977 l.
1071 954 1096 975 e,
1118 954 1154 983 p.
1172 943 1261 984 535).
1307 944 1389 976 Item
1411 944 1577 983 descripsit
1599 943 1834 985 Werminqhoff.
1860 963 1900 967 —
1922 944 1988 979 Ed.

332 998 351 1030 l.
369 1009 394 1030 e.
418 1008 454 1037 p.
474 997 518 1028 25
546 999 609 1028 not.
632 997 652 1026 6
679 1006 718 1027 ex
741 1006 767 1026 c.
818 995 913 1027 Extr.
943 993 1037 1035 Lany
1067 994 1161 1026 ‘Acta
1189 994 1619 1036 Sachama-Aquileiensi&
1646 995 1680 1035 I,
1696 996 1739 1027 48
1764 1006 1813 1027 nr.
1834 997 1904 1027 33a
1930 996 1990 1037 (ad

332 1051 408 1082 Iun.
423 1049 490 1090 21).
2006 1057 2032 1077 u

440 1116 612 1148 Carissimo
635 1116 668 1146 in
691 1115 818 1147 Christo
842 1114 908 1146 filio
931 1114 1106 1146 Frederico
1130 1115 1163 1146 in
1186 1125 1298 1157 regem
1321 1114 1543 1147 Romanorum
1566 1115 1680 1148 electo.

438 1167 670 1200 Venerabilem
693 1166 826 1198 fratrem
850 1169 994 1198 nostrum
1017 1166 1198 1198 Dietricum
1222 1167 1410 1208 episcopum
1433 1166 1674 1209 Laventin(um)
1697 1169 1732 1199 et
1753 1166 1834 1198 alios
1855 1167 1989 1199 nuncios

334 1224 415 1261 tuos,
439 1220 637 1252 exhibitores
659 1219 875 1260 presentium,
899 1217 941 1249 ad
963 1220 1107 1249 nostram
1134 1219 1330 1260 presentiam
1354 1218 1535 1259 venientes,
1565 1228 1622 1250 eos
1651 1229 1777 1250 necnon
1804 1220 1838 1250 et
1863 1218 1989 1250 litteras

332 1275 418 1312 tuas,
451 1281 510 1312 per
542 1281 622 1311 quas
653 1279 764 1301 eorum
795 1268 942 1300 adhiberi
970 1268 1069 1300 fidem
1098 1268 1255 1300 relatibus
1277 1269 1462 1310 postulasti,
1493 1272 1602 1301 nostro
1629 1279 1689 1311 per
1712 1279 1768 1301 eos
1791 1269 1988 1311 apostolatui

331 1320 576 1366 [presentatas]·
599 1323 734 1362 paterna
750 1320 951 1362 benignitate
965 1321 1157 1362 recepimus,
1196 1319 1239 1352 Et
1262 1320 1392 1352 demum
1417 1321 1464 1352 eis
1480 1321 1644 1353 audientia
1660 1321 1800 1364 benigne
1823 1331 1988 1363 concessa,
2008 1330 2036 1351 no

330 1374 475 1416 prefatus
489 1373 659 1415 episcopus
670 1374 824 1414 tanquam
838 1372 886 1403 vir
900 1371 1003 1403 multa
1013 1371 1217 1414 providentia
1230 1373 1481 1413 circumspectus
1497 1373 1621 1404 sincere
1635 1372 1814 1405 devotionis
1826 1372 1988 1415 affectum,

331 1437 428 1468 quem
451 1425 493 1457 ad
515 1435 573 1456 nos
597 1428 630 1456 et
645 1424 857 1466 apostolicam
874 1423 985 1455 sedem
1001 1423 1094 1455 claris
1110 1424 1353 1465 progenitorum
1371 1426 1500 1455 tuorum
1516 1423 1694 1456 inherendo
1710 1424 1855 1465 vestigiis
1869 1423 1990 1466 regalis

330 1477 452 1509 habere
476 1476 650 1507 dinoscitur
673 1475 845 1515 celsitudo,
874 1474 1004 1516 aliaque
1028 1474 1089 1506 sibi
1112 1485 1151 1506 ac
1173 1475 1296 1506 nunciis
1320 1474 1442 1507 eisdem
1465 1476 1616 1517 imposita
1638 1475 1816 1517 prudenter
1838 1475 1990 1517 exposuit

332 1539 439 1561 coram
462 1527 564 1559 nobis.
605 1527 648 1559 Et
670 1526 906 1568 subsequenter
928 1526 1027 1557 iidem
1049 1526 1221 1568 episcopus
1244 1529 1278 1558 et
1298 1527 1405 1558 nuncii
1423 1526 1580 1569 quasdam
1601 1527 1774 1569 petitiones
1793 1526 1989 1568 apostolatui

331 1583 440 1612 nostro
468 1589 526 1621 pro
555 1582 649 1620 parte
677 1579 768 1620 regie
800 1577 1000 1609 celsitudinis
1029 1577 1228 1619 obtulerunt,
1263 1578 1380 1620 quibus
1406 1589 1466 1620 per
1492 1590 1551 1610 nos
1579 1578 1787 1621 postmodum
1814 1578 1988 1621 diligenter
2005 1589 2032 1610 π

331 1632 483 1673 inspectis
510 1631 583 1662 illas
612 1641 653 1662 ex
683 1630 744 1670 eis,
773 1640 854 1671 quas
877 1640 950 1661 cum
978 1629 1050 1661 Deo
1078 1629 1258 1671 potuimus,
1274 1629 1331 1661 'ad
1354 1630 1570 1662 exauditionis
1597 1631 1734 1672 gratiam
1758 1630 1907 1662 duximus
1930 1629 1989 1662 ad·-

331 1683 519 1724 mittendas,
543 1685 638 1724 prout
660 1682 759 1714 iidem
774 1682 882 1713 nuncii
898 1681 958 1712 tibi
973 1681 1104 1713 refferre
1127 1684 1280 1723 poterunt
1307 1682 1436 1713 oraculo
1459 1682 1532 1713 vive
1555 1682 1652 1713 vocis.
1698 1682 1749 1713 Tu
1770 1692 1861 1722 vero,
1889 1681 1990 1713 dilec-

331 1735 452 1766 tissime
476 1734 535 1775 fili,
559 1733 718 1765 stabiliter
743 1734 774 1764 in
802 1733 897 1764 huius
920 1732 1104 1765 devocionis
1127 1733 1311 1764 constancia
1333 1743 1558 1774 perseverans,
1588 1734 1632 1764 sic
1661 1733 1806 1765 eiusdem
1833 1733 1990 1767 honorem

333 1786 468 1818 ecclesie
502 1795 654 1827 procures
688 1784 826 1816 ubilibet
858 1782 1036 1826 filia[li]bus
1070 1783 1183 1815 studiis
1217 1794 1409 1826 promovere
1450 1785 1560 1826 sicque
1599 1787 1730 1816 cunctas
1763 1784 1917 1816 ecclesias
1957 1786 1992 1816 et

334 1838 568 1869 ecclesiasticas
591 1847 745 1878 personas
771 1835 854 1867 infra
877 1839 980 1867 terras
1009 1839 1065 1866 tuo
1095 1835 1258 1867 subiectas
1287 1836 1436 1877 regimini
1466 1836 1676 1868 consistentes
1702 1836 1844 1878 prompti
1871 1835 1991 1867 favoris
2008 1846 2035 1866 so

334 1899 396 1930 ope
420 1888 606 1928 confoveas,
630 1888 716 1930 quod
739 1899 797 1919 nos
821 1890 855 1919 et
878 1887 994 1919 eadem
1016 1887 1154 1918 ecclesia
1177 1897 1240 1928 que
1262 1886 1371 1919 devoti
1394 1890 1467 1918 sunt
1488 1887 1546 1919 filii
1569 1887 1610 1919 de
1633 1888 1696 1919 tuis
1718 1889 1868 1919 continue
1890 1888 1991 1929 gratis

331 1940 456 1971 actibus
479 1940 669 1981 colligamus
687 1942 787 1981 tuque
803 1948 934 1980 semper
955 1939 987 1969 in
1004 1938 1124 1970 occulis
1139 1939 1255 1970 nostris
1278 1941 1312 1970 et
1334 1938 1480 1970 eiusdem
1503 1938 1640 1971 ecclesie
1655 1937 1824 1982 red[d]aris
1839 1941 1992 1980 acceptus

332 1991 459 2023 cumulo
475 1992 665 2022 meritorum
688 2001 726 2022 ac
748 1990 883 2033 proinde
900 1993 1041 2022 nostram
1058 1993 1092 2022 et
1113 1990 1212 2032 ipsius
1235 1989 1372 2021 ecclesie
1394 1990 1646 2022 benivolentiam
1669 1993 1703 2022 et
1725 1990 1883 2030 favorem,
1911 2000 1992 2032 quos

333 2043 375 2074 ad
397 2043 616 2074 benemeritos
638 2042 720 2074 filios
743 2042 882 2074 libenter
898 2041 1112 2082 extendimus,
1137 2040 1234 2082 digne
1251 2042 1394 2082 reperias
1409 2042 1440 2072 in
1462 2042 1526 2072 tuis
1542 2041 1812 2083 oportunitatibus
1827 2041 1990 2075 liberales.

332 2094 502 2134 Preterea,
533 2094 741 2126 dilectissime
764 2094 824 2134 fili,
852 2093 985 2125 nuncios
1013 2095 1139 2124 nostros
1151 2093 1172 2133 ¹,
1202 2093 1256 2134 qui
1279 2092 1386 2124 adhuc
1408 2093 1441 2124 in
1467 2093 1545 2134 ipsis
1574 2092 1719 2134 partibus
1741 2096 1989 2133 commorantur,
2007 2103 2033 2123 ⁸⁵

333 2148 388 2177 tue
410 2146 623 2186 magnitudini
646 2145 919 2186 commendamus,
942 2147 1095 2186 rogantes
1117 2146 1154 2175 ut
1176 2145 1221 2175 sic
1243 2145 1334 2186 regie
1357 2144 1502 2175 tuitionis
1523 2143 1664 2186 presidio
1688 2143 1874 2184 fulciantur,
1901 2144 1990 2186 quod

333 2197 366 2228 in
382 2197 605 2237 prosecutione
620 2199 830 2239 negociorum
846 2197 1089 2228 commissorum
1106 2195 1229 2227 eisdem
1245 2195 1370 2227 facilius
1385 2198 1615 2237 prosperentur
1632 2205 1756 2237 nosque
1779 2195 1838 2227 tibi
1854 2195 1989 2237 proinde

334 2248 508 2288 regraciari
530 2249 687 2288 possimus
712 2274 718 2280 .
737 2273 743 2280 .
763 2274 768 2280 .
787 2274 793 2280 .

443 2298 563 2330 Datum
585 2299 743 2332 Avinione
771 2304 809 2332 et
832 2302 976 2332 cetera.

646 2420 731 2457 582.
771 2421 926 2456 Litterae
951 2422 999 2457 acl
1025 2421 1168 2457 eundem
1194 2420 1323 2457 tertiae.
1429 2420 1534 2464 (Iun.
1559 2419 1682 2463 Iul..2)
2006 2437 2034 2458 ω

352 2544 374 2576 d
405 2543 418 2575 l
447 2493 546 2534 Copia
569 2495 621 2534 (c.)
643 2495 756 2526 ibidem
779 2495 834 2533 fol.
848 2497 921 2527 1171
945 2496 1000 2535 (=
1022 2494 1042 2527 l.
1055 2505 1081 2526 c.
1099 2494 1237 2535 p.432).
1281 2495 1364 2527 Item
1384 2495 1550 2536 descripsit
1565 2494 1802 2535 Werminqhoff.
1818 2514 1861 2518 —
1879 2494 1991 2536 θαμά

335 2554 351 2576 e
375 2569 381 2576 ⁸
418 2545 814 2636 'Zfi'zssferss‘ssssittffim
824 2598 948 2638 partim
963 2597 1070 2630 eadem
1084 2598 1253 2636 referentes
1275 2597 1326 2629 ozie
1347 2597 1398 2630 23.
1415 2608 1457 2629 m.
1471 2597 1555 2630 Iulii
1569 2598 1664 2630 datas
1678 2598 1769 2638 apud
1783 2596 1990 2638 Raynazdum

335 2646 380 2678 ad
401 2657 431 2678 a.
449 2647 543 2679 1320.
566 2647 588 2689 §
604 2649 645 2678 16
667 2651 696 2679 et
717 2649 822 2680 Firtke
845 2649 939 2681 ‘Acta
961 2647 1193 2689 Araqcmemia'
1216 2649 1265 2688 II,
1281 2649 1395 2689 728sq.

439 2731 504 2759 581.
531 2732 555 2765 ⁸)
573 2733 640 2758 deest
658 2742 692 2763 c.,·
709 2734 746 2758 ιἰα
763 2735 819 2767 fere
837 2736 1016 2768 supplendum.
1369 2757 1373 2761 .
1810 2757 1815 2763 .
1997 2735 2034 2756 *⁴¹⁸

440 2792 466 2824 1)
488 2791 528 2823 Cf.
547 2799 631 2825 supra
648 2800 691 2819 νυν.
703 2796 750 2819 579
767 2801 823 2826 cap.
838 2798 862 2819 4.
