2190 3172
293 272 355 303 326
486 268 585 296 ACTA
603 267 717 295 REGNI
736 265 920 295 LUDEWICI
938 265 986 293 IV.
1005 264 1051 290 ET
1071 261 1255 290 FRIDERICI
1274 260 1323 287 111.
1361 259 1435 286 1317.
1471 257 1520 284 Nr.
1533 256 1592 284 388.
1610 255 1670 284 389.
1689 255 1748 283 390.

292 356 448 387 serenitas
478 354 612 386 debebit
643 357 676 386 et
702 354 821 395 poterit
850 351 1037 384 contentari.
1087 350 1129 381 Et
1160 349 1235 390 quia
1263 348 1380 379 scimus
1410 355 1539 386 semper
1561 346 1703 375 vestrum
1732 343 1875 375 animum
1901 342 1945 377 ad,

291 406 443 448 gaudium
460 404 633 448 recrea[ri]‚
658 405 810 446 quociens
825 413 996 445 prosperos
1011 411 1157 433 rumores
1172 399 1314 441 recipitis
1329 400 1431 429 status
1446 397 1557 436 nostri,
1579 394 1822 436 magnificencie
1838 396 1946 428 vestro

292 457 477 498 deferimus,
501 457 587 498 quod
611 460 765 498 operante
788 456 843 486 illo
867 455 922 496 qui
937 454 1068 496 regibus
1091 452 1147 484 dat
1163 452 1300 483 salutem
1324 460 1382 481 nos
1405 459 1478 480 cum
1501 451 1571 479 tota
1594 447 1690 478 domo
1706 448 1816 477 nostra
1836 445 1946 478 votiva

291 509 512 539 incolumitate
544 511 576 539 et
598 508 811 550 prosperitate
834 507 988 548 vigemus.
1033 505 1076 536 Et
1110 501 1305 547 [quoniam?]
1335 501 1438 533 simile
1468 499 1579 531 audire
1609 499 1650 530 de
1674 497 1764 529 vobis
1787 497 1946 531 continuis

292 559 459 591 desideriis
476 559 674 598 affectamus,
698 569 880 600 quesumus,
903 561 939 589 ut
961 568 1019 589 nos
1041 556 1116 588 inde
1141 566 1214 587 cum
1237 565 1271 586 se
1295 553 1431 585 facultas
1455 550 1608 582 obtulerit
1631 549 1740 591 sepius
1755 547 1944 582 informetis.
1974 558 1988 582 t

399 610 520 642 Datum
543 611 575 641 in
599 610 820 642 Villafrancha
841 609 1041 649 Penitencie,
1063 607 1157 639 XIII.
1174 605 1340 638 Kalendas
1362 603 1541 643 Februarii,
1567 612 1650 633 anno
1673 600 1805 635 Domini
1827 598 1946 634 MOGO

291 661 523 693 sextodecimo.

377 729 562 761 Bernardus
586 729 626 761 de
649 729 815 761 Aversone
838 729 990 760 mandato
1187 725 1350 768 Expedita
1367 714 1489 766 absque
1506 724 1597 765 signo
1613 719 1892 761 vicecancell(arii)

508 781 603 822 regis,
627 782 678 812 cui
700 782 760 812 fuit
782 781 875 812 lecta.
1245 777 1425 818 ma(ndato)
1449 775 1562 817 r(egis)
1585 774 1735 805 illatenus
1758 771 1845 803 facto

1319 827 1504 859 Bernardus
1528 826 1568 857 de
1591 826 1770 857 Aversone.
1965 833 1992 853 ιο

610 942 694 977 389.
735 941 893 977 Litterae
920 941 966 976 ad
997 939 1173 997 Elizabeth
1199 939 1363 984 reyinam.
1469 936 1548 972 Ian.
1568 938 1629 972 20.

405 1011 503 1050 Copia
519 1011 575 1053 (c.)
598 1011 711 1042 ibidem
734 1010 753 1042 l.
778 1021 802 1042 c.
827 1010 882 1049 fol.
904 1010 955 1041 17.
979 1028 1017 1033 —
1043 1009 1106 1041 Ed.
1124 1008 1285 1048 Zeissbery
1308 1007 1327 1039 l.
1344 1018 1369 1039 c.
1389 1017 1423 1046 p.
1441 1007 1484 1038 52
1505 1017 1554 1038 νιν.
1572 1006 1614 1037 47
1637 1015 1676 1037 ex
1697 1015 1724 1037 c.
1762 1004 1944 1038 Editionem

292 1062 469 1101 repetimus.

404 1117 451 1157 Cf.
475 1117 571 1149 etiam
593 1116 612 1148 l.
630 1127 655 1148 c.
674 1127 709 1158 p.
727 1117 767 1148 54
780 1127 846 1157 sqq.
868 1127 918 1148 nr.
935 1115 1082 1147 48—52.

401 1188 541 1220 Iacobus
557 1188 620 1220 Dei
642 1190 751 1230 gracia
773 1199 832 1220 rex
847 1189 1036 1230 Aragonum
1053 1191 1112 1219 etc.
1203 1187 1405 1218 serenissime
1429 1189 1462 1218 et
1477 1186 1647 1218 karissime
1663 1197 1720 1221 sue
1735 1187 1801 1220 filie
1818 1187 1953 1220 domine
1967 1201 1992 1220 ιι

291 1239 439 1271 Elizabet
461 1250 520 1280 per
543 1240 680 1271 eandem
702 1240 923 1271 Romanorum
946 1240 1058 1280 regine
1146 1238 1284 1270 salutem
1308 1248 1380 1269 cum
1403 1240 1539 1279 paterne
1561 1237 1801 1272 benediccionis
1822 1239 1948 1272 habun-

293 1291 408 1322 dancia
431 1291 573 1322 felicium
596 1301 799 1322 successuum
823 1292 1032 1322 incrementa.
1992 1324 1994 1326 v

398 1342 557 1373 Litteram
580 1345 721 1374 vestram
743 1345 910 1384 gratanter
931 1341 1113 1382 recepimus
1135 1340 1262 1372 noviter
1283 1339 1377 1371 nobis
1399 1340 1529 1371 missam
1553 1342 1587 1372 et
1608 1350 1668 1383 per
1686 1339 1894 1373 honorabiles
1917 1346 1950 1375 et
1993 1338 1996 1339 ⁷

292 1393 448 1425 discretos
470 1393 555 1424 viros
577 1394 766 1434 magistrum
789 1392 968 1424 Dietricum
999 1392 1039 1424 de
1063 1392 1262 1423 Wolfsowe⁵
1283 1391 1482 1433 prepositum
1508 1390 1761 1424 Gurnioensemb
1783 1393 1949 1434 utriusque

291 1445 367 1476 iuris
397 1444 614 1486 professorem
645 1448 678 1476 et
700 1444 872 1476 Albertum
894 1445 1095 1486 prepositum
1119 1443 1256 1475 ecclesie
1279 1442 1487 1474 Posoniensis
1514 1453 1573 1485 per
1595 1443 1834 1475 serenissimum
1861 1445 1949 1486 prin·
1967 1455 1996 1476 so

292 1497 397 1538 cipem
425 1496 634 1528 Fredericum
663 1496 883 1528 Romanorum
917 1506 1029 1538 regem
1058 1496 1162 1527 virum
1189 1497 1332 1528 vestrum
1365 1494 1465 1526 filium
1495 1494 1701 1527 karissimum
1731 1497 1875 1527 nostrum
1908 1496 1952 1528 ad

291 1550 434 1579 nostram
456 1548 658 1589 presenciam
682 1548 860 1580 destinatos
887 1548 921 1578 in
943 1547 1060 1579 nostris
1082 1547 1231 1578 manibus
1253 1548 1475 1588 presentatam
1502 1547 1537 1578 et
1563 1548 1630 1578 tam
1652 1545 1759 1578 littere
1784 1548 1950 1580 continen-

292 1599 374 1630 ciam
404 1609 500 1640 quam
523 1598 742 1640 predictorum
765 1599 1003 1641 prepositorum
1028 1599 1225 1630 relacionem
1255 1608 1297 1629 ex
1329 1597 1499 1629 credencia
1528 1607 1588 1641 per
1615 1607 1674 1628 vos
1703 1597 1750 1629 eis
1779 1599 1952 1632 commissa

291 1650 321 1680 in
346 1651 514 1692 presencia
540 1653 650 1682 nostra
673 1650 792 1682 factam
825 1650 908 1682 bene
933 1650 1114 1682 audivimus
1141 1660 1179 1681 ac
1202 1649 1348 1691 plenario
1373 1649 1564 1692 collegimus
1586 1649 1762 1681 intellectu.
1805 1649 1860 1682 Ad
1889 1650 1951 1683 hec

292 1704 400 1733 autem
423 1701 574 1733 filiacioni
597 1705 704 1733 vestre
729 1702 837 1733 taliter
858 1701 1107 1743 respondemus,
1140 1701 1227 1743 quod
1250 1701 1382 1733 nuncios
1404 1703 1617 1742 memoratos,
1641 1701 1734 1733 sicuti
1756 1703 1895 1743 rogastis
1918 1705 1952 1735 et
1969 1712 1995 1733 πε

292 1754 384 1784 sicuti
407 1754 471 1784 iam
487 1757 630 1785 nostrum
653 1753 797 1785 habebat
811 1754 1024 1796 propositum,
1047 1753 1187 1795 benigne
1203 1753 1386 1794 recepimus
1409 1755 1443 1785 et
1464 1762 1562 1794 super
1583 1763 1642 1794 pro
1665 1755 1757 1794 parte
1780 1755 1952 1787 memorati

291 1805 377 1846 regis
411 1805 503 1836 nobis
537 1815 596 1847 per
629 1816 685 1836 eos
720 1806 876 1847 expositis
903 1806 1130 1847 responsiones
1163 1808 1289 1836 nostras
1318 1805 1547 1836 convenientes
1580 1804 1729 1844 fecimus,
1763 1807 1860 1846 prout
1892 1815 1952 1847 per

292 1856 433 1896 ipsorum
456 1856 715 1897 regrediencium
739 1857 927 1888 nunciorum
956 1857 1094 1888 relatum
1122 1857 1270 1899 poteritis
1296 1856 1448 1887 seriosius
1470 1855 1647 1887 informari.
1692 1855 1747 1888 Ad
1777 1855 1812 1887 id
1840 1860 1971 1888 autem·

293 1907 378 1948 quod
404 1908 562 1949 petivistis
585 1908 626 1939 ad
649 1919 706 1939 vos
729 1908 853 1940 litteras
876 1919 973 1950 super
987 1909 1184 1940 matrimonii
1200 1908 1297 1940 vestri
1313 1907 1510 1947 accessoriis,
1534 1917 1614 1948 quas
1636 1906 1804 1948 habemus,
1828 1907 1870 1939 ad
1893 1918 1951 1940 vos

293 1969 333 1989 ex
363 1960 466 1990 causis
499 1960 531 1990 in
561 1963 667 1991 vestra
693 1960 802 1991 littera
824 1959 973 2001 predicta
995 1960 1183 2001 conscriptis
1210 1959 1344 2000 remitti,
1379 1969 1437 1990 nos
1468 1968 1566 2000 super
1599 1968 1639 1990 ea
1667 1969 1740 1990 cum
1763 1960 1951 1992 memoratis
1969 1969 1997 1990 ω

291 2011 463 2052 prepositis
486 2011 741 2053 colloqucionem
765 2011 935 2043 habuimus
963 2015 997 2043 et
1020 2012 1066 2043 eis
1089 2022 1203 2043 causas
1227 2010 1381 2051 diximus,
1407 2013 1541 2052 propter
1564 2021 1644 2052 quas
1666 2010 1708 2041 ad
1731 2020 1864 2052 presens
1886 2022 1951 2043 non

293 2063 441 2093 convenit
463 2062 587 2094 litteras
610 2063 729 2095 remitti
751 2063 924 2104 predictas.
969 2063 1012 2095 Et
1035 2074 1092 2095 eos
1116 2064 1219 2095 eciam
1243 2062 1484 2094 informavimus
1507 2061 1548 2094 de
1570 2062 1753 2094 intencione
1777 2065 1886 2094 nostra
1910 2062 1950 2095 de

293 2113 483 2154 quibusdam
511 2115 614 2155 primo
639 2114 851 2156 expediendis
881 2125 939 2156 pro
970 2116 1142 2147 securitate
1165 2117 1287 2154 vestra,
1315 2117 1489 2156 antequam
1516 2113 1558 2146 ad
1588 2124 1644 2145 vos
1666 2114 1813 2156 predicte
1843 2114 1951 2147 littere

293 2165 504 2196 remittantur.
549 2165 654 2206 Igitur
680 2165 818 2197 credatis
840 2165 1060 2207 predictorum
1082 2167 1322 2208 prepositorum
1348 2165 1504 2198 relatibus
1531 2165 1564 2197 in
1586 2166 1760 2207 premissis.
1805 2165 1849 2197 Et
1876 2167 1952 2208 quia

294 2216 411 2246 scimus
444 2219 513 2247 etc.
544 2219 583 2247 ut
606 2228 720 2258 supra
744 2217 871 2249 verbis
895 2221 1166 2259 competenter
1193 2219 1351 2250 mutatis
1382 2228 1449 2259 pro
1476 2219 1580 2249 statu
1608 2217 1751 2249 domini
1777 2218 1886 2259 regis
1914 2220 1951 2250 et
1969 2229 1996 2249 ⁸⁵

295 2266 537 2298 dominorum
560 2268 772 2300 infantium.

401 2318 521 2349 Datum
545 2322 580 2350 ut
603 2330 708 2361 'supra'
1062 2354 1156 2386 Idem
1178 2358 1215 2386 ut
1237 2365 1333 2396 supra
1357 2357 1390 2386 et
1413 2353 1567 2396 expedita
1590 2353 1687 2386 modo
1712 2365 1775 2396 quo
1799 2365 1905 2397 supra.

438 2527 511 2563 390.
546 2527 813 2565 LITTERAE
836 2528 1266 2567 ARCHIEPISCOPI
1287 2528 1600 2566 MOGUNTINI
1623 2528 1814 2566 COMITI

827 2586 898 2621 DE
926 2585 1172 2623 FRIBURG
1199 2584 1415 2622 MISSAE.
1967 2595 1996 2614 4⁰

954 2654 1098 2697 (1317).
1137 2654 1214 2689 Ian.
1236 2653 1296 2689 20.

409 2736 567 2776 Oriyinale
591 2737 665 2780 (or.)
695 2739 730 2769 m
756 2738 912 2771 tabulario
944 2750 1087 2772 caesareo
1113 2740 1354 2773 Vindobonensi.
1397 2739 1460 2781 >Ad
1481 2739 1649 2781 imayinem
1665 2739 1950 2780 photoyraphicam

298 2787 495 2819 contulimus.
534 2789 707 2828 Inscriptio
723 2793 786 2822 est:
806 2791 917 2822 Nobili
933 2793 1000 2823 viro
1024 2795 1057 2824 et
1077 2792 1206 2824 domino
1222 2791 1403 2834 Conr(ado)
1425 2781 1594 2833 spectabili
1616 2791 1725 2822 comiti
1747 2789 1788 2822 de
1804 2790 1951 2833 Friberg,

402 2869 467 2896 389.
495 2871 518 2902 Β)
537 2871 648 2897 volfoiue
667 2880 686 2896 c.
777 2872 799 2904 b)
817 2874 962 2899 Turuocen.
982 2882 1002 2899 c.
