<?xml version="1.0" encoding="UTF-8"?>
<!DOCTYPE html PUBLIC "-//W3C//DTD XHTML 1.0 Transitional//EN"
    "http://www.w3.org/TR/xhtml1/DTD/xhtml1-transitional.dtd">
<html xmlns="http://www.w3.org/1999/xhtml" xml:lang="en" lang="en">
 <head>
  <title>
</title>
<meta http-equiv="Content-Type" content="text/html;charset=utf-8" />
  <meta name='ocr-system' content='tesseract 3.04.00' />
  <meta name='ocr-capabilities' content='ocr_page ocr_carea ocr_par ocr_line ocrx_word'/>
</head>
<body>
  <div class='ocr_page' id='page_1' title='image "./monumentagerma05geseuoft_0101.png"; bbox 0 0 2158 3138; ppageno 0'>
   <div class='ocr_carea' id='block_1_1' title="bbox 201 731 226 752">
    <p class='ocr_par' dir='ltr' id='par_1_1' title="bbox 201 731 226 752">
     <span class='ocr_line' id='line_1_1' title="bbox 201 731 226 752; baseline 0 0"><span class='ocrx_word' id='word_1_1' title='bbox 201 731 226 752; x_wconf 73' lang='lat' dir='ltr'>io</span> 
     </span>
    </p>
   </div>
   <div class='ocr_carea' id='block_1_2' title="bbox 199 989 224 1010">
    <p class='ocr_par' dir='ltr' id='par_1_2' title="bbox 199 989 224 1010">
     <span class='ocr_line' id='line_1_2' title="bbox 199 989 224 1010; baseline -0.08 0"><span class='ocrx_word' id='word_1_2' title='bbox 199 989 224 1010; x_wconf 65' lang='lat'>13</span> 
     </span>
    </p>
   </div>
   <div class='ocr_carea' id='block_1_3' title="bbox 199 2277 228 2296">
    <p class='ocr_par' dir='ltr' id='par_1_3' title="bbox 199 2277 228 2296">
     <span class='ocr_line' id='line_1_3' title="bbox 199 2277 228 2296; baseline 0 0"><span class='ocrx_word' id='word_1_3' title='bbox 199 2277 228 2296; x_wconf 78' lang='lat'>⁴⁰</span> 
     </span>
    </p>
   </div>
   <div class='ocr_carea' id='block_1_4' title="bbox 691 167 1895 205">
    <p class='ocr_par' dir='ltr' id='par_1_4' title="bbox 691 167 1895 205">
     <span class='ocr_line' id='line_1_4' title="bbox 691 167 1895 205; baseline 0 -10"><span class='ocrx_word' id='word_1_4' title='bbox 691 167 910 196; x_wconf 74' lang='lat' dir='ltr'>TRAOTATUS</span> <span class='ocrx_word' id='word_1_5' title='bbox 928 168 976 195; x_wconf 81' lang='lat' dir='ltr'>DE</span> <span class='ocrx_word' id='word_1_6' title='bbox 994 167 1207 195; x_wconf 79' lang='lat' dir='ltr'><strong>ELECTIONE.</strong></span> <span class='ocrx_word' id='word_1_7' title='bbox 1245 168 1320 195; x_wconf 76' lang='lat'><strong>1314.</strong></span> <span class='ocrx_word' id='word_1_8' title='bbox 1357 168 1405 195; x_wconf 82' lang='lat' dir='ltr'>Nr.</span> <span class='ocrx_word' id='word_1_9' title='bbox 1419 169 1459 195; x_wconf 73' lang='lat'>(53.</span> <span class='ocrx_word' id='word_1_10' title='bbox 1859 176 1895 205; x_wconf 66' lang='lat'>(31</span> 
     </span>
    </p>
   </div>
   <div class='ocr_carea' id='block_1_5' title="bbox 242 254 1902 2358">
    <p class='ocr_par' dir='ltr' id='par_1_5' title="bbox 244 254 1900 348">
     <span class='ocr_line' id='line_1_5' title="bbox 245 254 1900 298; baseline 0.002 -12"><span class='ocrx_word' id='word_1_11' title='bbox 245 255 353 287; x_wconf 82' lang='lat' dir='ltr'>omnia</span> <span class='ocrx_word' id='word_1_12' title='bbox 386 258 419 287; x_wconf 90' lang='lat' dir='ltr'>et</span> <span class='ocrx_word' id='word_1_13' title='bbox 452 255 580 296; x_wconf 83' lang='lat' dir='ltr'>singula</span> <span class='ocrx_word' id='word_1_14' title='bbox 614 255 762 297; x_wconf 88' lang='lat' dir='ltr'>superius</span> <span class='ocrx_word' id='word_1_15' title='bbox 795 257 948 286; x_wconf 82' lang='lat' dir='ltr'>contenta</span> <span class='ocrx_word' id='word_1_16' title='bbox 981 254 1148 286; x_wconf 82' lang='lat' dir='ltr'>extiterint</span> <span class='ocrx_word' id='word_1_17' title='bbox 1177 254 1378 295; x_wconf 76' lang='lat' dir='ltr'><strong>integraliter</strong></span> <span class='ocrx_word' id='word_1_18' title='bbox 1406 255 1586 297; x_wconf 77' lang='lat' dir='ltr'>adinpleta,</span> <span class='ocrx_word' id='word_1_19' title='bbox 1621 257 1836 298; x_wconf 79' lang='lat' dir='ltr'>percipiendis</span> <span class='ocrx_word' id='word_1_20' title='bbox 1869 260 1900 289; x_wconf 89' lang='lat' dir='ltr'>in</span> 
     </span>
     <span class='ocr_line' id='line_1_6' title="bbox 244 306 765 348; baseline -0.002 -10"><span class='ocrx_word' id='word_1_21' title='bbox 244 310 364 339; x_wconf 79' lang='lat' dir='ltr'>sortem</span> <span class='ocrx_word' id='word_1_22' title='bbox 388 307 519 338; x_wconf 86' lang='lat' dir='ltr'>minime</span> <span class='ocrx_word' id='word_1_23' title='bbox 543 306 765 348; x_wconf 87' lang='lat' dir='ltr'>conputandis.</span> 
     </span>
    </p>

    <p class='ocr_par' dir='ltr' id='par_1_6' title="bbox 242 356 1902 1841">
     <span class='ocr_line' id='line_1_7' title="bbox 353 356 1900 399; baseline 0.001 -9"><span class='ocrx_word' id='word_1_24' title='bbox 353 359 404 390; x_wconf 81' lang='lat'>20.</span> <span class='ocrx_word' id='word_1_25' title='bbox 439 357 543 399; x_wconf 81' lang='lat' dir='ltr'><strong>Super</strong></span> <span class='ocrx_word' id='word_1_26' title='bbox 565 357 682 399; x_wconf 80' lang='lat' dir='ltr'>quibus</span> <span class='ocrx_word' id='word_1_27' title='bbox 705 356 831 388; x_wconf 89' lang='lat' dir='ltr'>duobus</span> <span class='ocrx_word' id='word_1_28' title='bbox 854 356 974 388; x_wconf 78' lang='lat' dir='ltr'>ultimis</span> <span class='ocrx_word' id='word_1_29' title='bbox 997 356 1139 387; x_wconf 78' lang='lat' dir='ltr'>articulis</span> <span class='ocrx_word' id='word_1_30' title='bbox 1162 356 1339 388; x_wconf 81' lang='lat' dir='ltr'>inmediate</span> <span class='ocrx_word' id='word_1_31' title='bbox 1361 357 1610 399; x_wconf 71' lang='lat' dir='ltr'>precedentibus</span> <span class='ocrx_word' id='word_1_32' title='bbox 1634 362 1667 390; x_wconf 91' lang='lat' dir='ltr'>et</span> <span class='ocrx_word' id='word_1_33' title='bbox 1689 361 1846 390; x_wconf 76' lang='lat' dir='ltr'>contentis</span> <span class='ocrx_word' id='word_1_34' title='bbox 1870 362 1900 391; x_wconf 87' lang='lat' dir='ltr'>in</span> 
     </span>
     <span class='ocr_line' id='line_1_8' title="bbox 244 407 1900 450; baseline 0.001 -10"><span class='ocrx_word' id='word_1_35' title='bbox 244 409 292 441; x_wconf 90' lang='lat' dir='ltr'>eis</span> <span class='ocrx_word' id='word_1_36' title='bbox 314 409 448 440; x_wconf 84' lang='lat' dir='ltr'>firmiter</span> <span class='ocrx_word' id='word_1_37' title='bbox 472 408 680 448; x_wconf 56' lang='lat' dir='ltr'>observandis</span> <span class='ocrx_word' id='word_1_38' title='bbox 711 412 744 439; x_wconf 90' lang='lat' dir='ltr'>et</span> <span class='ocrx_word' id='word_1_39' title='bbox 768 407 972 449; x_wconf 79' lang='lat' dir='ltr'>adinplendis</span> <span class='ocrx_word' id='word_1_40' title='bbox 999 407 1221 438; x_wconf 89' lang='lat' dir='ltr'>constituimus</span> <span class='ocrx_word' id='word_1_41' title='bbox 1244 408 1449 440; x_wconf 86' lang='lat' dir='ltr'>fideiussores</span> <span class='ocrx_word' id='word_1_42' title='bbox 1478 412 1510 440; x_wconf 91' lang='lat' dir='ltr'>et</span> <span class='ocrx_word' id='word_1_43' title='bbox 1534 409 1711 450; x_wconf 86' lang='lat' dir='ltr'>quemlibet</span> <span class='ocrx_word' id='word_1_44' title='bbox 1735 421 1845 442; x_wconf 84' lang='lat' dir='ltr'>eorum</span> <span class='ocrx_word' id='word_1_45' title='bbox 1870 413 1900 442; x_wconf 89' lang='lat' dir='ltr'>in</span> 
     </span>
     <span class='ocr_line' id='line_1_9' title="bbox 244 457 1900 503; baseline 0.001 -11"><span class='ocrx_word' id='word_1_46' title='bbox 244 459 397 500; x_wconf 76' lang='lat' dir='ltr'>solidum,</span> <span class='ocrx_word' id='word_1_47' title='bbox 432 459 583 492; x_wconf 86' lang='lat' dir='ltr'>videlicet</span> <span class='ocrx_word' id='word_1_48' title='bbox 617 459 836 492; x_wconf 83' lang='lat' dir='ltr'>venerabilem</span> <span class='ocrx_word' id='word_1_49' title='bbox 872 461 998 500; x_wconf 82' lang='lat' dir='ltr'>patrem</span> <span class='ocrx_word' id='word_1_50' title='bbox 1033 457 1197 490; x_wconf 89' lang='lat' dir='ltr'>dominum</span> <span class='ocrx_word' id='word_1_51' title='bbox 1232 459 1418 502; x_wconf 85' lang='lat' dir='ltr'>Philippum</span> <span class='ocrx_word' id='word_1_52' title='bbox 1454 461 1641 502; x_wconf 76' lang='lat' dir='ltr'>episcopum</span> <span class='ocrx_word' id='word_1_53' title='bbox 1675 461 1900 503; x_wconf 83' lang='lat' dir='ltr'>Eystetensem</span> 
     </span>
     <span class='ocr_line' id='line_1_10' title="bbox 244 509 1900 552; baseline 0.001 -9"><span class='ocrx_word' id='word_1_54' title='bbox 244 521 369 543; x_wconf 88' lang='lat' dir='ltr'>necnon</span> <span class='ocrx_word' id='word_1_55' title='bbox 399 511 594 552; x_wconf 78' lang='lat' dir='ltr'>spectabiles</span> <span class='ocrx_word' id='word_1_56' title='bbox 622 514 655 542; x_wconf 86' lang='lat' dir='ltr'>et</span> <span class='ocrx_word' id='word_1_57' title='bbox 682 510 808 542; x_wconf 88' lang='lat' dir='ltr'>nobiles</span> <span class='ocrx_word' id='word_1_58' title='bbox 834 510 920 541; x_wconf 86' lang='lat' dir='ltr'>viros</span> <span class='ocrx_word' id='word_1_59' title='bbox 948 509 1156 541; x_wconf 82' lang='lat' dir='ltr'>chunradum</span> <span class='ocrx_word' id='word_1_60' title='bbox 1186 510 1227 541; x_wconf 87' lang='lat' dir='ltr'>de</span> <span class='ocrx_word' id='word_1_61' title='bbox 1251 510 1440 552; x_wconf 88' lang='lat' dir='ltr'>Hohenloh,</span> <span class='ocrx_word' id='word_1_62' title='bbox 1466 511 1630 543; x_wconf 79' lang='lat' dir='ltr'>Andream</span> <span class='ocrx_word' id='word_1_63' title='bbox 1655 512 1695 544; x_wconf 90' lang='lat' dir='ltr'>de</span> <span class='ocrx_word' id='word_1_64' title='bbox 1720 513 1900 552; x_wconf 82' lang='lat' dir='ltr'>Brunecke,</span> 
     </span>
     <span class='ocr_line' id='line_1_11' title="bbox 244 560 1900 604; baseline 0.001 -10"><span class='ocrx_word' id='word_1_65' title='bbox 244 562 387 594; x_wconf 89' lang='lat' dir='ltr'>Ulricum</span> <span class='ocrx_word' id='word_1_66' title='bbox 411 562 626 604; x_wconf 76' lang='lat' dir='ltr'>lantgravium</span> <span class='ocrx_word' id='word_1_67' title='bbox 650 562 691 593; x_wconf 88' lang='lat' dir='ltr'>de</span> <span class='ocrx_word' id='word_1_68' title='bbox 715 561 936 602; x_wconf 85' lang='lat' dir='ltr'>Liukenberg,</span> <span class='ocrx_word' id='word_1_69' title='bbox 960 560 1174 593; x_wconf 88' lang='lat' dir='ltr'>Perhtoldum</span> <span class='ocrx_word' id='word_1_70' title='bbox 1198 563 1349 594; x_wconf 89' lang='lat' dir='ltr'>comitem</span> <span class='ocrx_word' id='word_1_71' title='bbox 1375 562 1415 594; x_wconf 90' lang='lat' dir='ltr'>de</span> <span class='ocrx_word' id='word_1_72' title='bbox 1440 563 1554 603; x_wconf 81' lang='lat' dir='ltr'>Nifen,</span> <span class='ocrx_word' id='word_1_73' title='bbox 1577 563 1776 596; x_wconf 85' lang='lat' dir='ltr'>Fridericum</span> <span class='ocrx_word' id='word_1_74' title='bbox 1801 567 1900 596; x_wconf 91' lang='lat' dir='ltr'>comi-</span> 
     </span>
     <span class='ocr_line' id='line_1_12' title="bbox 244 612 1901 656; baseline 0.001 -10"><span class='ocrx_word' id='word_1_75' title='bbox 244 617 311 647; x_wconf 90' lang='lat' dir='ltr'>tem</span> <span class='ocrx_word' id='word_1_76' title='bbox 333 613 375 646; x_wconf 87' lang='lat' dir='ltr'>de</span> <span class='ocrx_word' id='word_1_77' title='bbox 398 613 644 656; x_wconf 64' lang='lat' dir='ltr'>Tfflnihending,</span> <span class='ocrx_word' id='word_1_78' title='bbox 668 613 881 646; x_wconf 85' lang='lat' dir='ltr'>Perhtoldum</span> <span class='ocrx_word' id='word_1_79' title='bbox 904 613 1055 644; x_wconf 89' lang='lat' dir='ltr'>comitem</span> <span class='ocrx_word' id='word_1_80' title='bbox 1080 612 1120 644; x_wconf 90' lang='lat' dir='ltr'>de</span> <span class='ocrx_word' id='word_1_81' title='bbox 1145 612 1339 653; x_wconf 60' lang='lat' dir='ltr'>(Ji-aichach,</span> <span class='ocrx_word' id='word_1_82' title='bbox 1364 614 1572 646; x_wconf 82' lang='lat' dir='ltr'>Chunradum</span> <span class='ocrx_word' id='word_1_83' title='bbox 1601 614 1642 646; x_wconf 87' lang='lat' dir='ltr'>de</span> <span class='ocrx_word' id='word_1_84' title='bbox 1667 614 1901 653; x_wconf 76' lang='lat' dir='ltr'>Slusselberch‚</span> 
     </span>
     <span class='ocr_line' id='line_1_13' title="bbox 244 663 1901 707; baseline 0.001 -10"><span class='ocrx_word' id='word_1_85' title='bbox 244 665 456 698; x_wconf 85' lang='lat' dir='ltr'>Gebhardum</span> <span class='ocrx_word' id='word_1_86' title='bbox 483 665 524 697; x_wconf 88' lang='lat' dir='ltr'>de</span> <span class='ocrx_word' id='word_1_87' title='bbox 552 664 739 706; x_wconf 83' lang='lat' dir='ltr'>Brunccke,</span> <span class='ocrx_word' id='word_1_88' title='bbox 770 663 968 696; x_wconf 68' lang='lat' dir='ltr'>Ludwicum&#39;</span> <span class='ocrx_word' id='word_1_89' title='bbox 988 667 1022 696; x_wconf 88' lang='lat' dir='ltr'>et</span> <span class='ocrx_word' id='word_1_90' title='bbox 1051 664 1274 697; x_wconf 67' lang='lat' dir='ltr'>nen-mannum</span> <span class='ocrx_word' id='word_1_91' title='bbox 1303 665 1403 697; x_wconf 88' lang='lat' dir='ltr'>(luces</span> <span class='ocrx_word' id='word_1_92' title='bbox 1431 666 1472 698; x_wconf 90' lang='lat' dir='ltr'>de</span> <span class='ocrx_word' id='word_1_93' title='bbox 1503 666 1651 707; x_wconf 87' lang='lat' dir='ltr'>Thecke,</span> <span class='ocrx_word' id='word_1_94' title='bbox 1676 667 1901 700; x_wconf 84' lang='lat' dir='ltr'>Eberhardum</span> 
     </span>
     <span class='ocr_line' id='line_1_14' title="bbox 245 712 1900 758; baseline 0.001 -10"><span class='ocrx_word' id='word_1_95' title='bbox 245 717 300 753; x_wconf 16' lang='lat' dir='ltr'>der</span> <span class='ocrx_word' id='word_1_96' title='bbox 320 715 500 758; x_wconf 66' lang='lat' dir='ltr'>Brfiberch,</span> <span class='ocrx_word' id='word_1_97' title='bbox 534 712 757 748; x_wconf 80' lang='lat' dir='ltr'>Hermannum</span> <span class='ocrx_word' id='word_1_98' title='bbox 796 716 996 758; x_wconf 82' lang='lat' dir='ltr'>prepositum</span> <span class='ocrx_word' id='word_1_99' title='bbox 1031 715 1139 747; x_wconf 80' lang='lat' dir='ltr'>Sancti</span> <span class='ocrx_word' id='word_1_100' title='bbox 1175 715 1329 748; x_wconf 78' lang='lat' dir='ltr'>Germani</span> <span class='ocrx_word' id='word_1_101' title='bbox 1364 717 1395 748; x_wconf 90' lang='lat' dir='ltr'>in</span> <span class='ocrx_word' id='word_1_102' title='bbox 1430 717 1539 758; x_wconf 71' lang='lat' dir='ltr'>Spita,</span> <span class='ocrx_word' id='word_1_103' title='bbox 1569 718 1826 750; x_wconf 81' lang='lat' dir='ltr'>Rennewardum</span> <span class='ocrx_word' id='word_1_104' title='bbox 1859 719 1900 750; x_wconf 87' lang='lat' dir='ltr'>de</span> 
     </span>
     <span class='ocr_line' id='line_1_15' title="bbox 243 766 1901 812; baseline 0.001 -12"><span class='ocrx_word' id='word_1_105' title='bbox 243 767 481 809; x_wconf 80' lang='lat' dir='ltr'>Stralenberch,</span> <span class='ocrx_word' id='word_1_106' title='bbox 498 767 668 800; x_wconf 87' lang='lat' dir='ltr'>Albertum</span> <span class='ocrx_word' id='word_1_107' title='bbox 685 767 883 799; x_wconf 91' lang='lat' dir='ltr'>Humlonem</span> <span class='ocrx_word' id='word_1_108' title='bbox 908 766 949 798; x_wconf 90' lang='lat' dir='ltr'>de</span> <span class='ocrx_word' id='word_1_109' title='bbox 965 767 1195 809; x_wconf 85' lang='lat' dir='ltr'>Lichtenberg,</span> <span class='ocrx_word' id='word_1_110' title='bbox 1213 768 1425 800; x_wconf 89' lang='lat' dir='ltr'>Wilhelmum</span> <span class='ocrx_word' id='word_1_111' title='bbox 1449 769 1489 801; x_wconf 89' lang='lat' dir='ltr'>de</span> <span class='ocrx_word' id='word_1_112' title='bbox 1513 769 1759 810; x_wconf 82' lang='lat' dir='ltr'>Frankenstein,</span> <span class='ocrx_word' id='word_1_113' title='bbox 1781 770 1901 812; x_wconf 87' lang='lat' dir='ltr'>Engel-</span> 
     </span>
     <span class='ocr_line' id='line_1_16' title="bbox 243 818 1900 862; baseline 0.001 -10"><span class='ocrx_word' id='word_1_114' title='bbox 243 819 379 852; x_wconf 79' lang='lat' dir='ltr'>hardum</span> <span class='ocrx_word' id='word_1_115' title='bbox 409 819 449 851; x_wconf 88' lang='lat' dir='ltr'>de</span> <span class='ocrx_word' id='word_1_116' title='bbox 465 818 656 861; x_wconf 86' lang='lat' dir='ltr'>Winsperg,</span> <span class='ocrx_word' id='word_1_117' title='bbox 684 818 856 850; x_wconf 88' lang='lat' dir='ltr'>Albertum</span> <span class='ocrx_word' id='word_1_118' title='bbox 890 818 1124 850; x_wconf 82' lang='lat' dir='ltr'>marschalcum</span> <span class='ocrx_word' id='word_1_119' title='bbox 1159 822 1303 851; x_wconf 90' lang='lat' dir='ltr'>nostrum</span> <span class='ocrx_word' id='word_1_120' title='bbox 1338 821 1538 862; x_wconf 86' lang='lat' dir='ltr'>superiorem</span> <span class='ocrx_word' id='word_1_121' title='bbox 1567 822 1597 852; x_wconf 93' lang='lat' dir='ltr'>in</span> <span class='ocrx_word' id='word_1_122' title='bbox 1629 821 1792 861; x_wconf 80' lang='lat' dir='ltr'>Bawaria,</span> <span class='ocrx_word' id='word_1_123' title='bbox 1820 822 1900 853; x_wconf 85' lang='lat' dir='ltr'>Got-</span> 
     </span>
     <span class='ocr_line' id='line_1_17' title="bbox 242 869 1902 913; baseline 0.001 -11"><span class='ocrx_word' id='word_1_124' title='bbox 242 869 360 903; x_wconf 81' lang='lat' dir='ltr'>fridum</span> <span class='ocrx_word' id='word_1_125' title='bbox 395 869 436 902; x_wconf 90' lang='lat' dir='ltr'>de</span> <span class='ocrx_word' id='word_1_126' title='bbox 458 869 649 911; x_wconf 81' lang='lat' dir='ltr'>Wolfstein,</span> <span class='ocrx_word' id='word_1_127' title='bbox 681 869 889 901; x_wconf 79' lang='lat' dir='ltr'>chunradum</span> <span class='ocrx_word' id='word_1_128' title='bbox 924 871 1111 912; x_wconf 81' lang='lat' dir='ltr'>pincernam</span> <span class='ocrx_word' id='word_1_129' title='bbox 1147 871 1187 902; x_wconf 93' lang='lat' dir='ltr'>de</span> <span class='ocrx_word' id='word_1_130' title='bbox 1221 870 1427 913; x_wconf 86' lang='lat' dir='ltr'>Richeneck,</span> <span class='ocrx_word' id='word_1_131' title='bbox 1462 871 1648 904; x_wconf 87' lang='lat' dir='ltr'>Heinrieum</span> <span class='ocrx_word' id='word_1_132' title='bbox 1684 872 1724 904; x_wconf 89' lang='lat' dir='ltr'>de</span> <span class='ocrx_word' id='word_1_133' title='bbox 1759 873 1902 912; x_wconf 84' lang='lat' dir='ltr'>Smihen,</span> 
     </span>
     <span class='ocr_line' id='line_1_18' title="bbox 242 921 1900 964; baseline 0.001 -10"><span class='ocrx_word' id='word_1_134' title='bbox 242 922 456 954; x_wconf 85' lang='lat' dir='ltr'>Perhtoldum</span> <span class='ocrx_word' id='word_1_135' title='bbox 485 921 664 964; x_wconf 80' lang='lat' dir='ltr'>dapiferum</span> <span class='ocrx_word' id='word_1_136' title='bbox 696 921 736 952; x_wconf 93' lang='lat' dir='ltr'>de</span> <span class='ocrx_word' id='word_1_137' title='bbox 767 921 989 960; x_wconf 82' lang='lat' dir='ltr'>Ohuellental‚</span> <span class='ocrx_word' id='word_1_138' title='bbox 1019 922 1233 954; x_wconf 89' lang='lat' dir='ltr'>Berhtoldum</span> <span class='ocrx_word' id='word_1_139' title='bbox 1262 922 1406 964; x_wconf 82' lang='lat' dir='ltr'>Strazer,</span> <span class='ocrx_word' id='word_1_140' title='bbox 1436 923 1624 955; x_wconf 88' lang='lat' dir='ltr'>Heinrieum</span> <span class='ocrx_word' id='word_1_141' title='bbox 1655 924 1696 955; x_wconf 93' lang='lat' dir='ltr'>de</span> <span class='ocrx_word' id='word_1_142' title='bbox 1722 924 1900 956; x_wconf 82' lang='lat' dir='ltr'>Swartzen-</span> 
     </span>
     <span class='ocr_line' id='line_1_19' title="bbox 243 971 1901 1016; baseline 0.001 -10"><span class='ocrx_word' id='word_1_143' title='bbox 243 973 361 1016; x_wconf 87' lang='lat' dir='ltr'>burch,</span> <span class='ocrx_word' id='word_1_144' title='bbox 395 973 583 1005; x_wconf 83' lang='lat' dir='ltr'>Heinrieum</span> <span class='ocrx_word' id='word_1_145' title='bbox 618 972 658 1004; x_wconf 91' lang='lat' dir='ltr'>de</span> <span class='ocrx_word' id='word_1_146' title='bbox 693 971 923 1014; x_wconf 84' lang='lat' dir='ltr'>Eisoldesriet,</span> <span class='ocrx_word' id='word_1_147' title='bbox 956 973 1100 1005; x_wconf 89' lang='lat' dir='ltr'>Ulricum</span> <span class='ocrx_word' id='word_1_148' title='bbox 1136 973 1175 1005; x_wconf 87' lang='lat' dir='ltr'>de</span> <span class='ocrx_word' id='word_1_149' title='bbox 1210 974 1327 1016; x_wconf 84' lang='lat' dir='ltr'>Porta,</span> <span class='ocrx_word' id='word_1_150' title='bbox 1345 975 1557 1007; x_wconf 91' lang='lat' dir='ltr'>Wilhelmum</span> <span class='ocrx_word' id='word_1_151' title='bbox 1591 975 1824 1007; x_wconf 83' lang='lat' dir='ltr'>marschalcum</span> <span class='ocrx_word' id='word_1_152' title='bbox 1861 976 1901 1007; x_wconf 89' lang='lat' dir='ltr'>de</span> 
     </span>
     <span class='ocr_line' id='line_1_20' title="bbox 242 1024 1900 1069; baseline 0.001 -11"><span class='ocrx_word' id='word_1_153' title='bbox 242 1025 440 1066; x_wconf 77' lang='lat' dir='ltr'>Piberbach,</span> <span class='ocrx_word' id='word_1_154' title='bbox 467 1025 655 1057; x_wconf 88' lang='lat' dir='ltr'>Heinricum</span> <span class='ocrx_word' id='word_1_155' title='bbox 685 1024 919 1056; x_wconf 62' lang='lat' dir='ltr'>mareschalcum</span> <span class='ocrx_word' id='word_1_156' title='bbox 949 1025 989 1057; x_wconf 90' lang='lat' dir='ltr'>de</span> <span class='ocrx_word' id='word_1_157' title='bbox 1018 1025 1224 1067; x_wconf 86' lang='lat' dir='ltr'>Pochsberg,</span> <span class='ocrx_word' id='word_1_158' title='bbox 1253 1025 1443 1058; x_wconf 87' lang='lat' dir='ltr'>Heinricum</span> <span class='ocrx_word' id='word_1_159' title='bbox 1474 1026 1514 1058; x_wconf 92' lang='lat' dir='ltr'>dc</span> <span class='ocrx_word' id='word_1_160' title='bbox 1543 1026 1699 1058; x_wconf 84' lang='lat' dir='ltr'>Erenvels</span> <span class='ocrx_word' id='word_1_161' title='bbox 1727 1032 1760 1059; x_wconf 84' lang='lat' dir='ltr'>et</span> <span class='ocrx_word' id='word_1_162' title='bbox 1786 1027 1900 1069; x_wconf 89' lang='lat' dir='ltr'>Wige-</span> 
     </span>
     <span class='ocr_line' id='line_1_21' title="bbox 242 1076 1901 1119; baseline 0.001 -10"><span class='ocrx_word' id='word_1_163' title='bbox 242 1077 344 1109; x_wconf 86' lang='lat' dir='ltr'>linum</span> <span class='ocrx_word' id='word_1_164' title='bbox 372 1077 413 1109; x_wconf 91' lang='lat' dir='ltr'>de</span> <span class='ocrx_word' id='word_1_165' title='bbox 437 1076 618 1108; x_wconf 82' lang='lat' dir='ltr'>Trausniht.</span> <span class='ocrx_word' id='word_1_166' title='bbox 664 1076 737 1108; x_wconf 89' lang='lat' dir='ltr'>Hiis</span> <span class='ocrx_word' id='word_1_167' title='bbox 770 1077 874 1118; x_wconf 84' lang='lat' dir='ltr'>pactis</span> <span class='ocrx_word' id='word_1_168' title='bbox 905 1080 938 1108; x_wconf 89' lang='lat' dir='ltr'>et</span> <span class='ocrx_word' id='word_1_169' title='bbox 972 1077 1214 1109; x_wconf 87' lang='lat' dir='ltr'>condicionibus</span> <span class='ocrx_word' id='word_1_170' title='bbox 1247 1078 1278 1108; x_wconf 93' lang='lat' dir='ltr'>in</span> <span class='ocrx_word' id='word_1_171' title='bbox 1311 1078 1381 1119; x_wconf 87' lang='lat' dir='ltr'>ipsa</span> <span class='ocrx_word' id='word_1_172' title='bbox 1415 1078 1648 1109; x_wconf 87' lang='lat' dir='ltr'>constitucione</span> <span class='ocrx_word' id='word_1_173' title='bbox 1679 1078 1901 1110; x_wconf 84' lang='lat' dir='ltr'>fideiussorum</span> 
     </span>
     <span class='ocr_line' id='line_1_22' title="bbox 243 1126 1902 1170; baseline 0 -9"><span class='ocrx_word' id='word_1_174' title='bbox 243 1126 387 1162; x_wconf 75' lang='lat' dir='ltr'>adiectis</span> <span class='ocrx_word' id='word_1_175' title='bbox 415 1128 455 1160; x_wconf 91' lang='lat' dir='ltr'>de</span> <span class='ocrx_word' id='word_1_176' title='bbox 490 1138 646 1160; x_wconf 90' lang='lat' dir='ltr'>consensu</span> <span class='ocrx_word' id='word_1_177' title='bbox 680 1127 783 1160; x_wconf 85' lang='lat' dir='ltr'>libero</span> <span class='ocrx_word' id='word_1_178' title='bbox 818 1131 852 1160; x_wconf 90' lang='lat' dir='ltr'>et</span> <span class='ocrx_word' id='word_1_179' title='bbox 885 1138 1039 1170; x_wconf 86' lang='lat' dir='ltr'>expresso</span> <span class='ocrx_word' id='word_1_180' title='bbox 1075 1129 1232 1170; x_wconf 89' lang='lat' dir='ltr'>ipsorum,</span> <span class='ocrx_word' id='word_1_181' title='bbox 1262 1128 1347 1170; x_wconf 92' lang='lat' dir='ltr'>quod</span> <span class='ocrx_word' id='word_1_182' title='bbox 1376 1129 1402 1160; x_wconf 90' lang='lat' dir='ltr'>si</span> <span class='ocrx_word' id='word_1_183' title='bbox 1430 1140 1489 1160; x_wconf 90' lang='lat' dir='ltr'>nos</span> <span class='ocrx_word' id='word_1_184' title='bbox 1516 1130 1548 1161; x_wconf 90' lang='lat' dir='ltr'>in</span> <span class='ocrx_word' id='word_1_185' title='bbox 1575 1140 1667 1161; x_wconf 84' lang='lat' dir='ltr'>mora</span> <span class='ocrx_word' id='word_1_186' title='bbox 1694 1134 1750 1161; x_wconf 82' lang='lat' dir='ltr'>aut</span> <span class='ocrx_word' id='word_1_187' title='bbox 1773 1129 1902 1162; x_wconf 85' lang='lat' dir='ltr'>defectu</span> 
     </span>
     <span class='ocr_line' id='line_1_23' title="bbox 242 1179 1900 1222; baseline 0 -9"><span class='ocrx_word' id='word_1_188' title='bbox 242 1179 431 1222; x_wconf 85' lang='lat' dir='ltr'>adinplendi</span> <span class='ocrx_word' id='word_1_189' title='bbox 453 1180 610 1222; x_wconf 82' lang='lat' dir='ltr'>premissa</span> <span class='ocrx_word' id='word_1_190' title='bbox 637 1190 695 1211; x_wconf 88' lang='lat' dir='ltr'>seu</span> <span class='ocrx_word' id='word_1_191' title='bbox 717 1179 848 1221; x_wconf 83' lang='lat' dir='ltr'>aliquod</span> <span class='ocrx_word' id='word_1_192' title='bbox 872 1180 1014 1221; x_wconf 88' lang='lat' dir='ltr'>ipsorum</span> <span class='ocrx_word' id='word_1_193' title='bbox 1039 1190 1109 1212; x_wconf 88' lang='lat' dir='ltr'>esse</span> <span class='ocrx_word' id='word_1_194' title='bbox 1134 1181 1350 1222; x_wconf 85' lang='lat' dir='ltr'>contingeret,</span> <span class='ocrx_word' id='word_1_195' title='bbox 1374 1180 1415 1212; x_wconf 85' lang='lat' dir='ltr'>ad</span> <span class='ocrx_word' id='word_1_196' title='bbox 1440 1181 1653 1213; x_wconf 89' lang='lat' dir='ltr'>monicionem</span> <span class='ocrx_word' id='word_1_197' title='bbox 1678 1181 1755 1212; x_wconf 86' lang='lat' dir='ltr'>dieti</span> <span class='ocrx_word' id='word_1_198' title='bbox 1779 1181 1900 1213; x_wconf 88' lang='lat' dir='ltr'>domini</span> 
     </span>
     <span class='ocr_line' id='line_1_24' title="bbox 244 1231 1900 1274; baseline 0.001 -11"><span class='ocrx_word' id='word_1_199' title='bbox 244 1231 452 1264; x_wconf 85' lang='lat' dir='ltr'>Treverensis</span> <span class='ocrx_word' id='word_1_200' title='bbox 475 1241 534 1263; x_wconf 87' lang='lat' dir='ltr'>seu</span> <span class='ocrx_word' id='word_1_201' title='bbox 557 1232 625 1263; x_wconf 87' lang='lat' dir='ltr'>eius</span> <span class='ocrx_word' id='word_1_202' title='bbox 648 1231 842 1263; x_wconf 84' lang='lat' dir='ltr'>successoris</span> <span class='ocrx_word' id='word_1_203' title='bbox 865 1235 921 1263; x_wconf 80' lang='lat' dir='ltr'>aut</span> <span class='ocrx_word' id='word_1_204' title='bbox 943 1231 1076 1263; x_wconf 83' lang='lat' dir='ltr'>alterius</span> <span class='ocrx_word' id='word_1_205' title='bbox 1100 1232 1288 1263; x_wconf 88' lang='lat' dir='ltr'>eorumdem</span> <span class='ocrx_word' id='word_1_206' title='bbox 1312 1232 1395 1264; x_wconf 79' lang='lat' dir='ltr'>infra</span> <span class='ocrx_word' id='word_1_207' title='bbox 1419 1243 1575 1273; x_wconf 82' lang='lat' dir='ltr'>mensem,</span> <span class='ocrx_word' id='word_1_208' title='bbox 1599 1236 1769 1274; x_wconf 84' lang='lat' dir='ltr'>postquam</span> <span class='ocrx_word' id='word_1_209' title='bbox 1787 1235 1900 1265; x_wconf 88' lang='lat' dir='ltr'>moniti</span> 
     </span>
     <span class='ocr_line' id='line_1_25' title="bbox 243 1282 1900 1325; baseline 0.001 -11"><span class='ocrx_word' id='word_1_210' title='bbox 243 1283 377 1324; x_wconf 84' lang='lat' dir='ltr'>fuerint,</span> <span class='ocrx_word' id='word_1_211' title='bbox 410 1283 441 1314; x_wconf 90' lang='lat' dir='ltr'>in</span> <span class='ocrx_word' id='word_1_212' title='bbox 472 1283 610 1324; x_wconf 84' lang='lat' dir='ltr'>propriis</span> <span class='ocrx_word' id='word_1_213' title='bbox 642 1283 788 1324; x_wconf 88' lang='lat' dir='ltr'>personis</span> <span class='ocrx_word' id='word_1_214' title='bbox 820 1283 905 1325; x_wconf 86' lang='lat' dir='ltr'>apud</span> <span class='ocrx_word' id='word_1_215' title='bbox 936 1282 1176 1315; x_wconf 86' lang='lat' dir='ltr'>Oonfluenciam</span> <span class='ocrx_word' id='word_1_216' title='bbox 1211 1284 1320 1315; x_wconf 88' lang='lat' dir='ltr'>venire</span> <span class='ocrx_word' id='word_1_217' title='bbox 1350 1284 1545 1316; x_wconf 88' lang='lat' dir='ltr'>tenebuntur</span> <span class='ocrx_word' id='word_1_218' title='bbox 1574 1288 1607 1315; x_wconf 90' lang='lat' dir='ltr'>et</span> <span class='ocrx_word' id='word_1_219' title='bbox 1635 1284 1756 1316; x_wconf 87' lang='lat' dir='ltr'>ibidem</span> <span class='ocrx_word' id='word_1_220' title='bbox 1786 1285 1900 1316; x_wconf 86' lang='lat' dir='ltr'>domus</span> 
     </span>
     <span class='ocr_line' id='line_1_26' title="bbox 243 1334 1899 1368; baseline 0.001 -2"><span class='ocrx_word' id='word_1_221' title='bbox 243 1335 395 1367; x_wconf 82' lang='lat' dir='ltr'>honestas</span> <span class='ocrx_word' id='word_1_222' title='bbox 418 1335 465 1366; x_wconf 89' lang='lat' dir='ltr'>eis</span> <span class='ocrx_word' id='word_1_223' title='bbox 487 1334 528 1366; x_wconf 82' lang='lat' dir='ltr'>ab</span> <span class='ocrx_word' id='word_1_224' title='bbox 552 1334 668 1366; x_wconf 90' lang='lat' dir='ltr'>eodem</span> <span class='ocrx_word' id='word_1_225' title='bbox 693 1334 822 1366; x_wconf 90' lang='lat' dir='ltr'>domino</span> <span class='ocrx_word' id='word_1_226' title='bbox 845 1335 1039 1366; x_wconf 84' lang='lat' dir='ltr'>Treverensi</span> <span class='ocrx_word' id='word_1_227' title='bbox 1062 1335 1113 1366; x_wconf 88' lang='lat' dir='ltr'>vel</span> <span class='ocrx_word' id='word_1_228' title='bbox 1138 1336 1207 1366; x_wconf 89' lang='lat' dir='ltr'>eius</span> <span class='ocrx_word' id='word_1_229' title='bbox 1229 1346 1414 1367; x_wconf 80' lang='lat' dir='ltr'>successore</span> <span class='ocrx_word' id='word_1_230' title='bbox 1438 1346 1495 1367; x_wconf 87' lang='lat' dir='ltr'>seu</span> <span class='ocrx_word' id='word_1_231' title='bbox 1519 1336 1652 1367; x_wconf 84' lang='lat' dir='ltr'>alterius</span> <span class='ocrx_word' id='word_1_232' title='bbox 1676 1347 1787 1368; x_wconf 90' lang='lat' dir='ltr'>eorum</span> <span class='ocrx_word' id='word_1_233' title='bbox 1812 1341 1899 1368; x_wconf 85' lang='lat' dir='ltr'>certo</span> 
     </span>
     <span class='ocr_line' id='line_1_27' title="bbox 243 1386 1899 1429; baseline 0.001 -11"><span class='ocrx_word' id='word_1_234' title='bbox 243 1387 358 1418; x_wconf 87' lang='lat' dir='ltr'>nuncio</span> <span class='ocrx_word' id='word_1_235' title='bbox 383 1386 592 1429; x_wconf 81' lang='lat' dir='ltr'>assignandas</span> <span class='ocrx_word' id='word_1_236' title='bbox 614 1387 743 1428; x_wconf 81' lang='lat' dir='ltr'>intrare,</span> <span class='ocrx_word' id='word_1_237' title='bbox 767 1387 942 1428; x_wconf 89' lang='lat' dir='ltr'>prisionem</span> <span class='ocrx_word' id='word_1_238' title='bbox 966 1397 1023 1418; x_wconf 89' lang='lat' dir='ltr'>seu</span> <span class='ocrx_word' id='word_1_239' title='bbox 1046 1386 1247 1418; x_wconf 89' lang='lat' dir='ltr'>obsidionem</span> <span class='ocrx_word' id='word_1_240' title='bbox 1277 1387 1398 1418; x_wconf 88' lang='lat' dir='ltr'>ibidem</span> <span class='ocrx_word' id='word_1_241' title='bbox 1427 1388 1584 1418; x_wconf 81' lang='lat' dir='ltr'>servaturi</span> <span class='ocrx_word' id='word_1_242' title='bbox 1613 1388 1702 1419; x_wconf 81' lang='lat' dir='ltr'>iuxta</span> <span class='ocrx_word' id='word_1_243' title='bbox 1731 1393 1899 1419; x_wconf 87' lang='lat' dir='ltr'>consuetu-</span> 
     </span>
     <span class='ocr_line' id='line_1_28' title="bbox 243 1437 1901 1481; baseline 0 -11"><span class='ocrx_word' id='word_1_244' title='bbox 243 1439 343 1470; x_wconf 88' lang='lat' dir='ltr'>tinem</span> <span class='ocrx_word' id='word_1_245' title='bbox 379 1438 467 1480; x_wconf 90' lang='lat' dir='ltr'>opidi</span> <span class='ocrx_word' id='word_1_246' title='bbox 501 1437 709 1470; x_wconf 79' lang='lat' dir='ltr'>Confluenoie</span> <span class='ocrx_word' id='word_1_247' title='bbox 744 1449 803 1470; x_wconf 88' lang='lat' dir='ltr'>nec</span> <span class='ocrx_word' id='word_1_248' title='bbox 835 1438 876 1470; x_wconf 83' lang='lat' dir='ltr'>ab</span> <span class='ocrx_word' id='word_1_249' title='bbox 911 1448 950 1470; x_wconf 88' lang='lat' dir='ltr'>ea</span> <span class='ocrx_word' id='word_1_250' title='bbox 985 1439 1155 1479; x_wconf 79' lang='lat' dir='ltr'>recessuri,</span> <span class='ocrx_word' id='word_1_251' title='bbox 1190 1449 1359 1480; x_wconf 89' lang='lat' dir='ltr'>quousque</span> <span class='ocrx_word' id='word_1_252' title='bbox 1393 1439 1500 1470; x_wconf 83' lang='lat' dir='ltr'>omnia</span> <span class='ocrx_word' id='word_1_253' title='bbox 1534 1443 1567 1470; x_wconf 89' lang='lat' dir='ltr'>et</span> <span class='ocrx_word' id='word_1_254' title='bbox 1600 1439 1724 1480; x_wconf 83' lang='lat' dir='ltr'>singula</span> <span class='ocrx_word' id='word_1_255' title='bbox 1756 1441 1901 1481; x_wconf 87' lang='lat' dir='ltr'>superius</span> 
     </span>
     <span class='ocr_line' id='line_1_29' title="bbox 244 1489 1902 1532; baseline 0 -10"><span class='ocrx_word' id='word_1_256' title='bbox 244 1500 399 1532; x_wconf 82' lang='lat' dir='ltr'>expressa</span> <span class='ocrx_word' id='word_1_257' title='bbox 428 1489 535 1521; x_wconf 89' lang='lat' dir='ltr'>eidem</span> <span class='ocrx_word' id='word_1_258' title='bbox 565 1489 695 1521; x_wconf 91' lang='lat' dir='ltr'>domino</span> <span class='ocrx_word' id='word_1_259' title='bbox 725 1489 917 1522; x_wconf 82' lang='lat' dir='ltr'>Treverensi</span> <span class='ocrx_word' id='word_1_260' title='bbox 948 1490 1078 1522; x_wconf 88' lang='lat' dir='ltr'>nomine</span> <span class='ocrx_word' id='word_1_261' title='bbox 1110 1491 1179 1521; x_wconf 86' lang='lat' dir='ltr'>eius</span> <span class='ocrx_word' id='word_1_262' title='bbox 1210 1493 1243 1521; x_wconf 93' lang='lat' dir='ltr'>et</span> <span class='ocrx_word' id='word_1_263' title='bbox 1272 1490 1410 1522; x_wconf 86' lang='lat' dir='ltr'>ecclesie</span> <span class='ocrx_word' id='word_1_264' title='bbox 1441 1501 1497 1521; x_wconf 88' lang='lat' dir='ltr'>sue</span> <span class='ocrx_word' id='word_1_265' title='bbox 1526 1490 1672 1532; x_wconf 84' lang='lat' dir='ltr'>predicte</span> <span class='ocrx_word' id='word_1_266' title='bbox 1701 1491 1902 1532; x_wconf 78' lang='lat' dir='ltr'>integraliter</span> 
     </span>
     <span class='ocr_line' id='line_1_30' title="bbox 244 1541 1901 1584; baseline 0 -10"><span class='ocrx_word' id='word_1_267' title='bbox 244 1542 362 1574; x_wconf 79' lang='lat' dir='ltr'>fuerint</span> <span class='ocrx_word' id='word_1_268' title='bbox 384 1541 560 1583; x_wconf 82' lang='lat' dir='ltr'>adinpleta.</span> <span class='ocrx_word' id='word_1_269' title='bbox 598 1541 745 1584; x_wconf 80' lang='lat' dir='ltr'>Excepto</span> <span class='ocrx_word' id='word_1_270' title='bbox 769 1542 948 1574; x_wconf 86' lang='lat' dir='ltr'>reverendo</span> <span class='ocrx_word' id='word_1_271' title='bbox 973 1545 1065 1583; x_wconf 81' lang='lat' dir='ltr'>patre</span> <span class='ocrx_word' id='word_1_272' title='bbox 1097 1543 1251 1584; x_wconf 86' lang='lat' dir='ltr'>episcopo</span> <span class='ocrx_word' id='word_1_273' title='bbox 1275 1542 1458 1584; x_wconf 84' lang='lat' dir='ltr'>Eystetensi</span> <span class='ocrx_word' id='word_1_274' title='bbox 1483 1542 1643 1584; x_wconf 87' lang='lat' dir='ltr'>predicto,</span> <span class='ocrx_word' id='word_1_275' title='bbox 1673 1543 1726 1584; x_wconf 90' lang='lat' dir='ltr'>qui</span> <span class='ocrx_word' id='word_1_276' title='bbox 1750 1553 1807 1584; x_wconf 87' lang='lat' dir='ltr'>pro</span> <span class='ocrx_word' id='word_1_277' title='bbox 1832 1543 1901 1574; x_wconf 88' lang='lat' dir='ltr'>eius</span> 
     </span>
     <span class='ocr_line' id='line_1_31' title="bbox 243 1593 1901 1636; baseline 0.001 -12"><span class='ocrx_word' id='word_1_278' title='bbox 243 1603 382 1636; x_wconf 82' lang='lat' dir='ltr'>persona</span> <span class='ocrx_word' id='word_1_279' title='bbox 412 1593 494 1624; x_wconf 88' lang='lat' dir='ltr'>duos</span> <span class='ocrx_word' id='word_1_280' title='bbox 522 1593 640 1624; x_wconf 87' lang='lat' dir='ltr'>milites</span> <span class='ocrx_word' id='word_1_281' title='bbox 668 1594 841 1635; x_wconf 87' lang='lat' dir='ltr'>prisionem</span> <span class='ocrx_word' id='word_1_282' title='bbox 876 1604 933 1625; x_wconf 91' lang='lat' dir='ltr'>seu</span> <span class='ocrx_word' id='word_1_283' title='bbox 957 1593 1158 1625; x_wconf 86' lang='lat' dir='ltr'>obsidionem</span> <span class='ocrx_word' id='word_1_284' title='bbox 1188 1604 1258 1625; x_wconf 90' lang='lat' dir='ltr'>cum</span> <span class='ocrx_word' id='word_1_285' title='bbox 1291 1594 1362 1625; x_wconf 82' lang='lat' dir='ltr'>aliis</span> <span class='ocrx_word' id='word_1_286' title='bbox 1390 1595 1505 1625; x_wconf 86' lang='lat' dir='ltr'>nostris</span> <span class='ocrx_word' id='word_1_287' title='bbox 1528 1594 1768 1626; x_wconf 83' lang='lat' dir='ltr'>fideiussoribus</span> <span class='ocrx_word' id='word_1_288' title='bbox 1792 1605 1901 1626; x_wconf 79' lang='lat' dir='ltr'>serva-</span> 
     </span>
     <span class='ocr_line' id='line_1_32' title="bbox 245 1644 1900 1687; baseline 0 -11"><span class='ocrx_word' id='word_1_289' title='bbox 245 1649 332 1677; x_wconf 87' lang='lat' dir='ltr'>turos</span> <span class='ocrx_word' id='word_1_290' title='bbox 356 1644 518 1677; x_wconf 85' lang='lat' dir='ltr'>destinare</span> <span class='ocrx_word' id='word_1_291' title='bbox 541 1645 714 1684; x_wconf 83' lang='lat' dir='ltr'>tenebitur,</span> <span class='ocrx_word' id='word_1_292' title='bbox 739 1648 835 1687; x_wconf 89' lang='lat' dir='ltr'>prout</span> <span class='ocrx_word' id='word_1_293' title='bbox 857 1646 1005 1687; x_wconf 85' lang='lat' dir='ltr'>superius</span> <span class='ocrx_word' id='word_1_294' title='bbox 1029 1649 1078 1676; x_wconf 86' lang='lat' dir='ltr'>est</span> <span class='ocrx_word' id='word_1_295' title='bbox 1102 1655 1302 1687; x_wconf 86' lang='lat' dir='ltr'>expressum.</span> <span class='ocrx_word' id='word_1_296' title='bbox 1348 1646 1581 1677; x_wconf 86' lang='lat' dir='ltr'>Promittentes</span> <span class='ocrx_word' id='word_1_297' title='bbox 1611 1646 1730 1685; x_wconf 86' lang='lat' dir='ltr'>eciam,</span> <span class='ocrx_word' id='word_1_298' title='bbox 1754 1646 1779 1676; x_wconf 91' lang='lat' dir='ltr'>si</span> <span class='ocrx_word' id='word_1_299' title='bbox 1803 1656 1900 1677; x_wconf 90' lang='lat' dir='ltr'>unum</span> 
     </span>
     <span class='ocr_line' id='line_1_33' title="bbox 243 1696 1900 1738; baseline 0 -10"><span class='ocrx_word' id='word_1_300' title='bbox 243 1696 296 1728; x_wconf 89' lang='lat' dir='ltr'>vel</span> <span class='ocrx_word' id='word_1_301' title='bbox 325 1697 432 1738; x_wconf 88' lang='lat' dir='ltr'>plures</span> <span class='ocrx_word' id='word_1_302' title='bbox 462 1696 619 1728; x_wconf 84' lang='lat' dir='ltr'>dictorum</span> <span class='ocrx_word' id='word_1_303' title='bbox 647 1697 870 1729; x_wconf 84' lang='lat' dir='ltr'>fideiussorum</span> <span class='ocrx_word' id='word_1_304' title='bbox 905 1701 1087 1729; x_wconf 83' lang='lat' dir='ltr'>nostrorum</span> <span class='ocrx_word' id='word_1_305' title='bbox 1122 1701 1197 1729; x_wconf 84' lang='lat' dir='ltr'>ante</span> <span class='ocrx_word' id='word_1_306' title='bbox 1232 1708 1343 1729; x_wconf 88' lang='lat' dir='ltr'>corum</span> <span class='ocrx_word' id='word_1_307' title='bbox 1372 1697 1602 1729; x_wconf 80' lang='lat' dir='ltr'>liberacionem</span> <span class='ocrx_word' id='word_1_308' title='bbox 1634 1697 1794 1729; x_wconf 80' lang='lat' dir='ltr'>decedere</span> <span class='ocrx_word' id='word_1_309' title='bbox 1825 1708 1900 1728; x_wconf 92' lang='lat' dir='ltr'>con-</span> 
     </span>
     <span class='ocr_line' id='line_1_34' title="bbox 244 1747 1901 1790; baseline 0 -10"><span class='ocrx_word' id='word_1_310' title='bbox 244 1748 398 1790; x_wconf 85' lang='lat' dir='ltr'>tingeret,</span> <span class='ocrx_word' id='word_1_311' title='bbox 427 1747 514 1789; x_wconf 89' lang='lat' dir='ltr'>quod</span> <span class='ocrx_word' id='word_1_312' title='bbox 544 1748 627 1780; x_wconf 85' lang='lat' dir='ltr'>infra</span> <span class='ocrx_word' id='word_1_313' title='bbox 655 1748 736 1780; x_wconf 89' lang='lat' dir='ltr'>duos</span> <span class='ocrx_word' id='word_1_314' title='bbox 758 1759 886 1780; x_wconf 83' lang='lat' dir='ltr'>menses</span> <span class='ocrx_word' id='word_1_315' title='bbox 915 1759 935 1780; x_wconf 83' lang='lat' dir='ltr'>a</span> <span class='ocrx_word' id='word_1_316' title='bbox 964 1752 1112 1790; x_wconf 89' lang='lat' dir='ltr'>tempore</span> <span class='ocrx_word' id='word_1_317' title='bbox 1143 1749 1250 1780; x_wconf 89' lang='lat' dir='ltr'>obitus</span> <span class='ocrx_word' id='word_1_318' title='bbox 1281 1749 1469 1780; x_wconf 88' lang='lat' dir='ltr'>decedentis</span> <span class='ocrx_word' id='word_1_319' title='bbox 1492 1759 1549 1780; x_wconf 88' lang='lat' dir='ltr'>seu</span> <span class='ocrx_word' id='word_1_320' title='bbox 1574 1749 1805 1780; x_wconf 87' lang='lat' dir='ltr'>decedencium</span> <span class='ocrx_word' id='word_1_321' title='bbox 1830 1749 1901 1780; x_wconf 82' lang='lat' dir='ltr'>loco</span> 
     </span>
     <span class='ocr_line' id='line_1_35' title="bbox 244 1799 1346 1841; baseline 0 -10"><span class='ocrx_word' id='word_1_322' title='bbox 244 1800 313 1831; x_wconf 90' lang='lat' dir='ltr'>eius</span> <span class='ocrx_word' id='word_1_323' title='bbox 336 1799 388 1831; x_wconf 85' lang='lat' dir='ltr'>vel</span> <span class='ocrx_word' id='word_1_324' title='bbox 412 1810 524 1831; x_wconf 84' lang='lat' dir='ltr'>eorum</span> <span class='ocrx_word' id='word_1_325' title='bbox 546 1810 630 1841; x_wconf 89' lang='lat' dir='ltr'>eque</span> <span class='ocrx_word' id='word_1_326' title='bbox 655 1799 774 1831; x_wconf 88' lang='lat' dir='ltr'>bonum</span> <span class='ocrx_word' id='word_1_327' title='bbox 797 1800 849 1831; x_wconf 87' lang='lat' dir='ltr'>vel</span> <span class='ocrx_word' id='word_1_328' title='bbox 874 1810 957 1841; x_wconf 88' lang='lat' dir='ltr'>eque</span> <span class='ocrx_word' id='word_1_329' title='bbox 981 1799 1083 1831; x_wconf 91' lang='lat' dir='ltr'>bonos</span> <span class='ocrx_word' id='word_1_330' title='bbox 1106 1800 1346 1831; x_wconf 88' lang='lat' dir='ltr'>substituemus.</span> 
     </span>
    </p>

    <p class='ocr_par' dir='ltr' id='par_1_7' title="bbox 243 1850 1902 2358">
     <span class='ocr_line' id='line_1_36' title="bbox 352 1850 1901 1893; baseline 0 -11"><span class='ocrx_word' id='word_1_331' title='bbox 352 1853 402 1882; x_wconf 81' lang='lat'>21.</span> <span class='ocrx_word' id='word_1_332' title='bbox 437 1850 480 1882; x_wconf 84' lang='lat' dir='ltr'>Et</span> <span class='ocrx_word' id='word_1_333' title='bbox 502 1861 560 1882; x_wconf 90' lang='lat' dir='ltr'>nos</span> <span class='ocrx_word' id='word_1_334' title='bbox 576 1851 755 1893; x_wconf 76' lang='lat' dir='ltr'>Philippus,</span> <span class='ocrx_word' id='word_1_335' title='bbox 779 1851 956 1892; x_wconf 80' lang='lat' dir='ltr'>Oonradus,</span> <span class='ocrx_word' id='word_1_336' title='bbox 980 1851 1140 1891; x_wconf 75' lang='lat' dir='ltr'>Andreas,</span> <span class='ocrx_word' id='word_1_337' title='bbox 1158 1851 1295 1890; x_wconf 88' lang='lat' dir='ltr'>Ulricus,</span> <span class='ocrx_word' id='word_1_338' title='bbox 1314 1851 1522 1891; x_wconf 88' lang='lat' dir='ltr'>Berhtoldus,</span> <span class='ocrx_word' id='word_1_339' title='bbox 1539 1851 1733 1889; x_wconf 83' lang='lat' dir='ltr'>Fridericus,</span> <span class='ocrx_word' id='word_1_340' title='bbox 1751 1851 1901 1882; x_wconf 87' lang='lat' dir='ltr'>Bcrhtol-</span> 
     </span>
     <span class='ocr_line' id='line_1_37' title="bbox 244 1901 1901 1944; baseline 0.001 -10"><span class='ocrx_word' id='word_1_341' title='bbox 244 1902 320 1944; x_wconf 84' lang='lat' dir='ltr'>dus,</span> <span class='ocrx_word' id='word_1_342' title='bbox 345 1901 526 1942; x_wconf 79' lang='lat' dir='ltr'>Gonradus,</span> <span class='ocrx_word' id='word_1_343' title='bbox 551 1902 759 1942; x_wconf 71' lang='lat' dir='ltr'>Gebhardm,</span> <span class='ocrx_word' id='word_1_344' title='bbox 782 1902 972 1943; x_wconf 84' lang='lat' dir='ltr'>Ludwicus,</span> <span class='ocrx_word' id='word_1_345' title='bbox 996 1902 1212 1943; x_wconf 70' lang='lat' dir='ltr'>HermannuS,</span> <span class='ocrx_word' id='word_1_346' title='bbox 1237 1902 1491 1936; x_wconf 79' lang='lat' dir='ltr'>Rennewardus.</span> <span class='ocrx_word' id='word_1_347' title='bbox 1516 1903 1679 1941; x_wconf 86' lang='lat' dir='ltr'>Albertus,</span> <span class='ocrx_word' id='word_1_348' title='bbox 1696 1902 1901 1936; x_wconf 83' lang='lat' dir='ltr'>Wilhelmus.</span> 
     </span>
     <span class='ocr_line' id='line_1_38' title="bbox 243 1953 1901 1996; baseline -0.001 -9"><span class='ocrx_word' id='word_1_349' title='bbox 243 1953 484 1996; x_wconf 66' lang='lat' dir='ltr'>Rogomanius,</span> <span class='ocrx_word' id='word_1_350' title='bbox 508 1954 677 1995; x_wconf 86' lang='lat' dir='ltr'>Albertus‚</span> <span class='ocrx_word' id='word_1_351' title='bbox 702 1954 887 1995; x_wconf 69' lang='lat' dir='ltr'>Gotfrfflus,</span> <span class='ocrx_word' id='word_1_352' title='bbox 911 1954 1094 1994; x_wconf 67' lang='lat' dir='ltr'>Com-udus,</span> <span class='ocrx_word' id='word_1_353' title='bbox 1120 1954 1305 1994; x_wconf 89' lang='lat' dir='ltr'>Heinricus‚</span> <span class='ocrx_word' id='word_1_354' title='bbox 1331 1954 1544 1994; x_wconf 65' lang='lat' dir='ltr'>berhtoldus,</span> <span class='ocrx_word' id='word_1_355' title='bbox 1569 1954 1774 1993; x_wconf 73' lang='lat' dir='ltr'>Berhtoldus,</span> <span class='ocrx_word' id='word_1_356' title='bbox 1799 1953 1901 1985; x_wconf 84' lang='lat' dir='ltr'>Hein-</span> 
     </span>
     <span class='ocr_line' id='line_1_39' title="bbox 244 2005 1902 2048; baseline -0.001 -10"><span class='ocrx_word' id='word_1_357' title='bbox 244 2007 339 2047; x_wconf 87' lang='lat' dir='ltr'>ricus‚</span> <span class='ocrx_word' id='word_1_358' title='bbox 363 2006 545 2046; x_wconf 84' lang='lat' dir='ltr'>Heinricus‚</span> <span class='ocrx_word' id='word_1_359' title='bbox 568 2005 705 2047; x_wconf 81' lang='lat' dir='ltr'>Ulricus,</span> <span class='ocrx_word' id='word_1_360' title='bbox 724 2006 929 2047; x_wconf 86' lang='lat' dir='ltr'>Wilhelmus,</span> <span class='ocrx_word' id='word_1_361' title='bbox 952 2006 1135 2046; x_wconf 87' lang='lat' dir='ltr'>Heinricus‚</span> <span class='ocrx_word' id='word_1_362' title='bbox 1160 2006 1342 2045; x_wconf 83' lang='lat' dir='ltr'>Heinricus,</span> <span class='ocrx_word' id='word_1_363' title='bbox 1367 2011 1400 2038; x_wconf 87' lang='lat' dir='ltr'>et</span> <span class='ocrx_word' id='word_1_364' title='bbox 1415 2006 1615 2048; x_wconf 85' lang='lat' dir='ltr'>Wigelinus,</span> <span class='ocrx_word' id='word_1_365' title='bbox 1639 2005 1846 2037; x_wconf 72' lang='lat' dir='ltr'>Eberhardus</span> <span class='ocrx_word' id='word_1_366' title='bbox 1869 2009 1902 2037; x_wconf 86' lang='lat' dir='ltr'>et</span> 
     </span>
     <span class='ocr_line' id='line_1_40' title="bbox 243 2057 1902 2100; baseline -0.001 -10"><span class='ocrx_word' id='word_1_367' title='bbox 243 2057 450 2090; x_wconf 80' lang='lat' dir='ltr'>Hermannus</span> <span class='ocrx_word' id='word_1_368' title='bbox 472 2057 680 2090; x_wconf 85' lang='lat' dir='ltr'>fideiussores</span> <span class='ocrx_word' id='word_1_369' title='bbox 703 2058 841 2100; x_wconf 83' lang='lat' dir='ltr'>predicti</span> <span class='ocrx_word' id='word_1_370' title='bbox 864 2058 905 2089; x_wconf 74' lang='lat' dir='ltr'>ad</span> <span class='ocrx_word' id='word_1_371' title='bbox 930 2058 1176 2099; x_wconf 89' lang='lat' dir='ltr'>requisicionem</span> <span class='ocrx_word' id='word_1_372' title='bbox 1201 2058 1321 2089; x_wconf 87' lang='lat' dir='ltr'>domini</span> <span class='ocrx_word' id='word_1_373' title='bbox 1342 2058 1507 2089; x_wconf 84' lang='lat' dir='ltr'>Ludewici</span> <span class='ocrx_word' id='word_1_374' title='bbox 1532 2058 1620 2089; x_wconf 81' lang='lat' dir='ltr'>ducis</span> <span class='ocrx_word' id='word_1_375' title='bbox 1645 2057 1799 2089; x_wconf 81' lang='lat' dir='ltr'>antedicti</span> <span class='ocrx_word' id='word_1_376' title='bbox 1824 2068 1902 2098; x_wconf 86' lang='lat' dir='ltr'>erga</span> 
     </span>
     <span class='ocr_line' id='line_1_41' title="bbox 244 2109 1901 2152; baseline -0.001 -12"><span class='ocrx_word' id='word_1_377' title='bbox 244 2109 458 2141; x_wconf 85' lang='lat' dir='ltr'>reverendum</span> <span class='ocrx_word' id='word_1_378' title='bbox 481 2113 606 2152; x_wconf 83' lang='lat' dir='ltr'>patrem</span> <span class='ocrx_word' id='word_1_379' title='bbox 631 2109 794 2141; x_wconf 89' lang='lat' dir='ltr'>dominum</span> <span class='ocrx_word' id='word_1_380' title='bbox 819 2109 1042 2141; x_wconf 85' lang='lat' dir='ltr'>Baldewinum</span> <span class='ocrx_word' id='word_1_381' title='bbox 1068 2109 1283 2141; x_wconf 81' lang='lat' dir='ltr'>Treverorum</span> <span class='ocrx_word' id='word_1_382' title='bbox 1308 2109 1586 2151; x_wconf 83' lang='lat' dir='ltr'>archiepiscopum</span> <span class='ocrx_word' id='word_1_383' title='bbox 1617 2120 1674 2140; x_wconf 91' lang='lat' dir='ltr'>suo</span> <span class='ocrx_word' id='word_1_384' title='bbox 1706 2114 1738 2140; x_wconf 88' lang='lat' dir='ltr'>et</span> <span class='ocrx_word' id='word_1_385' title='bbox 1765 2109 1901 2140; x_wconf 81' lang='lat' dir='ltr'>ecclesie</span> 
     </span>
     <span class='ocr_line' id='line_1_42' title="bbox 244 2160 1902 2203; baseline -0.001 -11"><span class='ocrx_word' id='word_1_386' title='bbox 244 2171 302 2192; x_wconf 86' lang='lat' dir='ltr'>sue</span> <span class='ocrx_word' id='word_1_387' title='bbox 325 2161 454 2193; x_wconf 90' lang='lat' dir='ltr'>nomine</span> <span class='ocrx_word' id='word_1_388' title='bbox 478 2171 536 2203; x_wconf 89' lang='lat' dir='ltr'>pro</span> <span class='ocrx_word' id='word_1_389' title='bbox 561 2161 646 2193; x_wconf 87' lang='lat' dir='ltr'>dicto</span> <span class='ocrx_word' id='word_1_390' title='bbox 671 2161 800 2193; x_wconf 86' lang='lat' dir='ltr'>domino</span> <span class='ocrx_word' id='word_1_391' title='bbox 825 2161 906 2192; x_wconf 89' lang='lat' dir='ltr'>duce</span> <span class='ocrx_word' id='word_1_392' title='bbox 930 2161 1145 2192; x_wconf 86' lang='lat' dir='ltr'>fideiubemus</span> <span class='ocrx_word' id='word_1_393' title='bbox 1172 2171 1210 2192; x_wconf 77' lang='lat' dir='ltr'>ac</span> <span class='ocrx_word' id='word_1_394' title='bbox 1241 2172 1298 2192; x_wconf 88' lang='lat' dir='ltr'>nos</span> <span class='ocrx_word' id='word_1_395' title='bbox 1322 2161 1528 2192; x_wconf 87' lang='lat' dir='ltr'>fideiussores</span> <span class='ocrx_word' id='word_1_396' title='bbox 1552 2162 1775 2193; x_wconf 86' lang='lat' dir='ltr'>constituimus</span> <span class='ocrx_word' id='word_1_397' title='bbox 1798 2160 1902 2191; x_wconf 78' lang='lat' dir='ltr'>modis</span> 
     </span>
     <span class='ocr_line' id='line_1_43' title="bbox 245 2212 1902 2254; baseline -0.001 -10"><span class='ocrx_word' id='word_1_398' title='bbox 245 2215 279 2244; x_wconf 90' lang='lat' dir='ltr'>et</span> <span class='ocrx_word' id='word_1_399' title='bbox 309 2212 548 2244; x_wconf 90' lang='lat' dir='ltr'>condicionibus</span> <span class='ocrx_word' id='word_1_400' title='bbox 576 2212 784 2254; x_wconf 80' lang='lat' dir='ltr'>supradictis,</span> <span class='ocrx_word' id='word_1_401' title='bbox 812 2212 964 2244; x_wconf 87' lang='lat' dir='ltr'>videlicet</span> <span class='ocrx_word' id='word_1_402' title='bbox 992 2212 1076 2254; x_wconf 89' lang='lat' dir='ltr'>quod</span> <span class='ocrx_word' id='word_1_403' title='bbox 1108 2213 1135 2243; x_wconf 91' lang='lat' dir='ltr'>si</span> <span class='ocrx_word' id='word_1_404' title='bbox 1165 2212 1252 2244; x_wconf 91' lang='lat' dir='ltr'>idem</span> <span class='ocrx_word' id='word_1_405' title='bbox 1284 2212 1349 2244; x_wconf 84' lang='lat' dir='ltr'>dux</span> <span class='ocrx_word' id='word_1_406' title='bbox 1385 2213 1416 2244; x_wconf 92' lang='lat' dir='ltr'>in</span> <span class='ocrx_word' id='word_1_407' title='bbox 1449 2223 1539 2244; x_wconf 77' lang='lat' dir='ltr'>mora</span> <span class='ocrx_word' id='word_1_408' title='bbox 1571 2216 1657 2244; x_wconf 83' lang='lat' dir='ltr'>esset</span> <span class='ocrx_word' id='word_1_409' title='bbox 1687 2216 1743 2244; x_wconf 80' lang='lat' dir='ltr'>aut</span> <span class='ocrx_word' id='word_1_410' title='bbox 1773 2212 1902 2243; x_wconf 81' lang='lat' dir='ltr'>defectu</span> 
     </span>
     <span class='ocr_line' id='line_1_44' title="bbox 245 2262 1902 2306; baseline -0.001 -11"><span class='ocrx_word' id='word_1_411' title='bbox 245 2262 433 2305; x_wconf 79' lang='lat' dir='ltr'>adinplendi</span> <span class='ocrx_word' id='word_1_412' title='bbox 455 2265 612 2306; x_wconf 81' lang='lat' dir='ltr'>premissa</span> <span class='ocrx_word' id='word_1_413' title='bbox 640 2268 696 2296; x_wconf 80' lang='lat' dir='ltr'>aut</span> <span class='ocrx_word' id='word_1_414' title='bbox 719 2264 850 2306; x_wconf 82' lang='lat' dir='ltr'>aliquod</span> <span class='ocrx_word' id='word_1_415' title='bbox 875 2263 1078 2304; x_wconf 88' lang='lat' dir='ltr'>eorumdem,</span> <span class='ocrx_word' id='word_1_416' title='bbox 1102 2275 1161 2295; x_wconf 91' lang='lat' dir='ltr'>nos</span> <span class='ocrx_word' id='word_1_417' title='bbox 1189 2267 1222 2296; x_wconf 89' lang='lat' dir='ltr'>et</span> <span class='ocrx_word' id='word_1_418' title='bbox 1250 2264 1384 2306; x_wconf 90' lang='lat' dir='ltr'>quilibet</span> <span class='ocrx_word' id='word_1_419' title='bbox 1407 2268 1550 2295; x_wconf 89' lang='lat' dir='ltr'>nostrum</span> <span class='ocrx_word' id='word_1_420' title='bbox 1574 2265 1668 2295; x_wconf 77' lang='lat' dir='ltr'>tactis</span> <span class='ocrx_word' id='word_1_421' title='bbox 1690 2263 1902 2295; x_wconf 81' lang='lat' dir='ltr'>sacrosanctis</span> 
     </span>
     <span class='ocr_line' id='line_1_45' title="bbox 246 2315 1901 2358; baseline -0.001 -11"><span class='ocrx_word' id='word_1_422' title='bbox 246 2315 433 2358; x_wconf 72' lang='lat' dir='ltr'>evangeliis</span> <span class='ocrx_word' id='word_1_423' title='bbox 470 2316 686 2358; x_wconf 86' lang='lat' dir='ltr'>promittimus</span> <span class='ocrx_word' id='word_1_424' title='bbox 720 2319 753 2348; x_wconf 90' lang='lat' dir='ltr'>et</span> <span class='ocrx_word' id='word_1_425' title='bbox 785 2317 944 2356; x_wconf 84' lang='lat' dir='ltr'>iuramus,</span> <span class='ocrx_word' id='word_1_426' title='bbox 976 2315 1063 2358; x_wconf 86' lang='lat' dir='ltr'>quod</span> <span class='ocrx_word' id='word_1_427' title='bbox 1092 2315 1133 2347; x_wconf 81' lang='lat' dir='ltr'>ad</span> <span class='ocrx_word' id='word_1_428' title='bbox 1162 2316 1376 2347; x_wconf 81' lang='lat' dir='ltr'>monicionem</span> <span class='ocrx_word' id='word_1_429' title='bbox 1406 2315 1543 2357; x_wconf 85' lang='lat' dir='ltr'>predicti</span> <span class='ocrx_word' id='word_1_430' title='bbox 1573 2316 1694 2347; x_wconf 91' lang='lat' dir='ltr'>domini</span> <span class='ocrx_word' id='word_1_431' title='bbox 1724 2315 1901 2346; x_wconf 78' lang='lat' dir='ltr'>Baldowini</span> 
     </span>
    </p>
   </div>
   <div class='ocr_carea' id='block_1_6' title="bbox 210 2365 1901 2410">
    <p class='ocr_par' dir='ltr' id='par_1_8' title="bbox 210 2365 1901 2410">
     <span class='ocr_line' id='line_1_46' title="bbox 210 2365 1901 2410; baseline -0.001 -12"><span class='ocrx_word' id='word_1_432' title='bbox 210 2380 212 2386; x_wconf 28' lang='lat' dir='ltr'>i</span> <span class='ocrx_word' id='word_1_433' title='bbox 245 2365 460 2399; x_wconf 80' lang='lat' dir='ltr'>Treverorum</span> <span class='ocrx_word' id='word_1_434' title='bbox 493 2368 729 2410; x_wconf 79' lang='lat' dir='ltr'>archiepiscopi</span> <span class='ocrx_word' id='word_1_435' title='bbox 765 2368 816 2399; x_wconf 83' lang='lat' dir='ltr'>vel</span> <span class='ocrx_word' id='word_1_436' title='bbox 852 2368 921 2399; x_wconf 86' lang='lat' dir='ltr'>eius</span> <span class='ocrx_word' id='word_1_437' title='bbox 955 2369 1149 2399; x_wconf 85' lang='lat' dir='ltr'>successoris</span> <span class='ocrx_word' id='word_1_438' title='bbox 1183 2372 1239 2399; x_wconf 79' lang='lat' dir='ltr'>aut</span> <span class='ocrx_word' id='word_1_439' title='bbox 1273 2367 1460 2399; x_wconf 79' lang='lat' dir='ltr'>mandatum</span> <span class='ocrx_word' id='word_1_440' title='bbox 1496 2367 1628 2399; x_wconf 79' lang='lat' dir='ltr'>alterius</span> <span class='ocrx_word' id='word_1_441' title='bbox 1652 2366 1839 2398; x_wconf 82' lang='lat' dir='ltr'>eorumdem</span> <span class='ocrx_word' id='word_1_442' title='bbox 1871 2367 1901 2396; x_wconf 90' lang='lat' dir='ltr'>in</span> 
     </span>
    </p>
   </div>
   <div class='ocr_carea' id='block_1_7' title="bbox 201 2533 229 2554">
    <p class='ocr_par' dir='ltr' id='par_1_9' title="bbox 201 2533 229 2554">
     <span class='ocr_line' id='line_1_47' title="bbox 201 2533 229 2554; baseline 0.036 -1"><span class='ocrx_word' id='word_1_443' title='bbox 201 2533 229 2554; x_wconf 66' lang='grc'>48</span> 
     </span>
    </p>
   </div>
   <div class='ocr_carea' id='block_1_8' title="bbox 245 2417 1902 2774">
    <p class='ocr_par' dir='ltr' id='par_1_10' title="bbox 245 2417 1902 2774">
     <span class='ocr_line' id='line_1_48' title="bbox 245 2417 1901 2462; baseline -0.002 -12"><span class='ocrx_word' id='word_1_444' title='bbox 245 2419 382 2460; x_wconf 86' lang='lat' dir='ltr'>propriis</span> <span class='ocrx_word' id='word_1_445' title='bbox 405 2420 551 2461; x_wconf 88' lang='lat' dir='ltr'>personis</span> <span class='ocrx_word' id='word_1_446' title='bbox 574 2419 661 2462; x_wconf 83' lang='lat' dir='ltr'>apud</span> <span class='ocrx_word' id='word_1_447' title='bbox 685 2420 924 2452; x_wconf 83' lang='lat' dir='ltr'>Conflueneiam</span> <span class='ocrx_word' id='word_1_448' title='bbox 949 2420 1116 2451; x_wconf 89' lang='lat' dir='ltr'>veniemus</span> <span class='ocrx_word' id='word_1_449' title='bbox 1139 2422 1172 2451; x_wconf 85' lang='lat' dir='ltr'>et</span> <span class='ocrx_word' id='word_1_450' title='bbox 1195 2419 1314 2451; x_wconf 88' lang='lat' dir='ltr'>ibidem</span> <span class='ocrx_word' id='word_1_451' title='bbox 1339 2419 1453 2450; x_wconf 89' lang='lat' dir='ltr'>domus</span> <span class='ocrx_word' id='word_1_452' title='bbox 1477 2419 1630 2450; x_wconf 82' lang='lat' dir='ltr'>honestas</span> <span class='ocrx_word' id='word_1_453' title='bbox 1657 2419 1749 2449; x_wconf 83' lang='lat' dir='ltr'>nobis</span> <span class='ocrx_word' id='word_1_454' title='bbox 1773 2428 1791 2448; x_wconf 78' lang='lat' dir='ltr'>a</span> <span class='ocrx_word' id='word_1_455' title='bbox 1815 2417 1901 2448; x_wconf 86' lang='lat' dir='ltr'>dicto</span> 
     </span>
     <span class='ocr_line' id='line_1_49' title="bbox 246 2468 1902 2511; baseline -0.001 -11"><span class='ocrx_word' id='word_1_456' title='bbox 246 2468 375 2502; x_wconf 89' lang='lat' dir='ltr'>domino</span> <span class='ocrx_word' id='word_1_457' title='bbox 411 2470 603 2503; x_wconf 85' lang='lat' dir='ltr'>Treverensi</span> <span class='ocrx_word' id='word_1_458' title='bbox 639 2471 689 2502; x_wconf 90' lang='lat' dir='ltr'>vel</span> <span class='ocrx_word' id='word_1_459' title='bbox 726 2472 794 2503; x_wconf 89' lang='lat' dir='ltr'>eius</span> <span class='ocrx_word' id='word_1_460' title='bbox 828 2481 1014 2503; x_wconf 86' lang='lat' dir='ltr'>successore</span> <span class='ocrx_word' id='word_1_461' title='bbox 1043 2482 1101 2502; x_wconf 86' lang='lat' dir='ltr'>seu</span> <span class='ocrx_word' id='word_1_462' title='bbox 1129 2471 1262 2502; x_wconf 84' lang='lat' dir='ltr'>alterius</span> <span class='ocrx_word' id='word_1_463' title='bbox 1292 2481 1402 2502; x_wconf 87' lang='lat' dir='ltr'>eorum</span> <span class='ocrx_word' id='word_1_464' title='bbox 1433 2475 1521 2502; x_wconf 85' lang='lat' dir='ltr'>certo</span> <span class='ocrx_word' id='word_1_465' title='bbox 1552 2471 1667 2502; x_wconf 86' lang='lat' dir='ltr'>nuncio</span> <span class='ocrx_word' id='word_1_466' title='bbox 1692 2469 1902 2511; x_wconf 74' lang='lat' dir='ltr'>assignandos</span> 
     </span>
     <span class='ocr_line' id='line_1_50' title="bbox 246 2520 1901 2564; baseline -0.001 -12"><span class='ocrx_word' id='word_1_467' title='bbox 246 2521 451 2564; x_wconf 78' lang='lat' dir='ltr'>intrabimus,</span> <span class='ocrx_word' id='word_1_468' title='bbox 481 2523 654 2564; x_wconf 84' lang='lat' dir='ltr'>prisionem</span> <span class='ocrx_word' id='word_1_469' title='bbox 683 2533 741 2555; x_wconf 85' lang='lat' dir='ltr'>seu</span> <span class='ocrx_word' id='word_1_470' title='bbox 768 2523 970 2554; x_wconf 88' lang='lat' dir='ltr'>obsidionem</span> <span class='ocrx_word' id='word_1_471' title='bbox 1001 2523 1077 2554; x_wconf 91' lang='lat' dir='ltr'>inibi</span> <span class='ocrx_word' id='word_1_472' title='bbox 1105 2523 1262 2554; x_wconf 85' lang='lat' dir='ltr'>servaturi</span> <span class='ocrx_word' id='word_1_473' title='bbox 1290 2523 1379 2554; x_wconf 82' lang='lat' dir='ltr'>iuxta</span> <span class='ocrx_word' id='word_1_474' title='bbox 1409 2522 1674 2554; x_wconf 83' lang='lat' dir='ltr'>consuetudinem</span> <span class='ocrx_word' id='word_1_475' title='bbox 1705 2521 1792 2563; x_wconf 87' lang='lat' dir='ltr'>opidi</span> <span class='ocrx_word' id='word_1_476' title='bbox 1817 2520 1901 2551; x_wconf 84' lang='lat' dir='ltr'>Con-</span> 
     </span>
     <span class='ocr_line' id='line_1_51' title="bbox 245 2571 1902 2617; baseline -0.001 -13"><span class='ocrx_word' id='word_1_477' title='bbox 245 2571 382 2605; x_wconf 78' lang='lat' dir='ltr'>fluenoie</span> <span class='ocrx_word' id='word_1_478' title='bbox 412 2584 471 2605; x_wconf 93' lang='lat' dir='ltr'>nec</span> <span class='ocrx_word' id='word_1_479' title='bbox 502 2574 543 2606; x_wconf 81' lang='lat' dir='ltr'>ab</span> <span class='ocrx_word' id='word_1_480' title='bbox 573 2585 613 2606; x_wconf 82' lang='lat' dir='ltr'>ea</span> <span class='ocrx_word' id='word_1_481' title='bbox 641 2575 817 2615; x_wconf 82' lang='lat' dir='ltr'>recessuri,</span> <span class='ocrx_word' id='word_1_482' title='bbox 847 2585 1014 2617; x_wconf 87' lang='lat' dir='ltr'>quousque</span> <span class='ocrx_word' id='word_1_483' title='bbox 1039 2575 1146 2606; x_wconf 82' lang='lat' dir='ltr'>omnia</span> <span class='ocrx_word' id='word_1_484' title='bbox 1176 2578 1208 2606; x_wconf 83' lang='lat' dir='ltr'>et</span> <span class='ocrx_word' id='word_1_485' title='bbox 1239 2574 1365 2615; x_wconf 79' lang='lat' dir='ltr'>singula</span> <span class='ocrx_word' id='word_1_486' title='bbox 1389 2575 1536 2616; x_wconf 82' lang='lat' dir='ltr'>superius</span> <span class='ocrx_word' id='word_1_487' title='bbox 1559 2584 1712 2615; x_wconf 78' lang='lat' dir='ltr'>expressa</span> <span class='ocrx_word' id='word_1_488' title='bbox 1738 2572 1902 2603; x_wconf 73' lang='lat' dir='ltr'>extiterint</span> 
     </span>
     <span class='ocr_line' id='line_1_52' title="bbox 246 2623 1901 2668; baseline -0.001 -13"><span class='ocrx_word' id='word_1_489' title='bbox 246 2623 449 2666; x_wconf 79' lang='lat' dir='ltr'>integraliter</span> <span class='ocrx_word' id='word_1_490' title='bbox 471 2625 647 2668; x_wconf 79' lang='lat' dir='ltr'>adinpleta.</span> <span class='ocrx_word' id='word_1_491' title='bbox 694 2626 760 2658; x_wconf 76' lang='lat' dir='ltr'>Nos</span> <span class='ocrx_word' id='word_1_492' title='bbox 783 2637 861 2658; x_wconf 83' lang='lat' dir='ltr'>vero</span> <span class='ocrx_word' id='word_1_493' title='bbox 884 2626 1055 2668; x_wconf 85' lang='lat' dir='ltr'>Philippus</span> <span class='ocrx_word' id='word_1_494' title='bbox 1079 2626 1250 2668; x_wconf 86' lang='lat' dir='ltr'>episcopus</span> <span class='ocrx_word' id='word_1_495' title='bbox 1274 2625 1474 2667; x_wconf 81' lang='lat' dir='ltr'>Eystetensis</span> <span class='ocrx_word' id='word_1_496' title='bbox 1497 2626 1660 2667; x_wconf 85' lang='lat' dir='ltr'>predictus</span> <span class='ocrx_word' id='word_1_497' title='bbox 1684 2635 1741 2665; x_wconf 88' lang='lat' dir='ltr'>pro</span> <span class='ocrx_word' id='word_1_498' title='bbox 1765 2634 1901 2665; x_wconf 76' lang='lat' dir='ltr'>persona</span> 
     </span>
     <span class='ocr_line' id='line_1_53' title="bbox 246 2676 1901 2719; baseline -0.002 -12"><span class='ocrx_word' id='word_1_499' title='bbox 246 2678 356 2714; x_wconf 82' lang='lat' dir='ltr'>nostra</span> <span class='ocrx_word' id='word_1_500' title='bbox 378 2676 459 2708; x_wconf 90' lang='lat' dir='ltr'>duos</span> <span class='ocrx_word' id='word_1_501' title='bbox 482 2677 601 2709; x_wconf 89' lang='lat' dir='ltr'>milites</span> <span class='ocrx_word' id='word_1_502' title='bbox 625 2678 799 2719; x_wconf 88' lang='lat' dir='ltr'>prisionem</span> <span class='ocrx_word' id='word_1_503' title='bbox 827 2688 885 2709; x_wconf 89' lang='lat' dir='ltr'>seu</span> <span class='ocrx_word' id='word_1_504' title='bbox 909 2677 1111 2710; x_wconf 88' lang='lat' dir='ltr'>obsidionem</span> <span class='ocrx_word' id='word_1_505' title='bbox 1135 2681 1243 2708; x_wconf 89' lang='lat' dir='ltr'>nostro</span> <span class='ocrx_word' id='word_1_506' title='bbox 1267 2678 1395 2708; x_wconf 87' lang='lat' dir='ltr'>nomine</span> <span class='ocrx_word' id='word_1_507' title='bbox 1419 2681 1602 2709; x_wconf 78' lang='lat' dir='ltr'>servaturos</span> <span class='ocrx_word' id='word_1_508' title='bbox 1626 2676 1787 2707; x_wconf 77' lang='lat' dir='ltr'>destinare</span> <span class='ocrx_word' id='word_1_509' title='bbox 1812 2683 1901 2705; x_wconf 86' lang='lat' dir='ltr'>tene-</span> 
     </span>
     <span class='ocr_line' id='line_1_54' title="bbox 249 2725 1900 2774; baseline -0.002 -16"><span class='ocrx_word' id='word_1_510' title='bbox 249 2725 356 2774; x_wconf 80' lang='lat' dir='ltr'>bimur</span> <span class='ocrx_word' id='word_1_511' title='bbox 383 2731 417 2759; x_wconf 88' lang='lat' dir='ltr'>et</span> <span class='ocrx_word' id='word_1_512' title='bbox 446 2729 678 2770; x_wconf 79' lang='lat' dir='ltr'>promittimus,</span> <span class='ocrx_word' id='word_1_513' title='bbox 708 2732 803 2771; x_wconf 89' lang='lat' dir='ltr'>prout</span> <span class='ocrx_word' id='word_1_514' title='bbox 831 2730 977 2772; x_wconf 80' lang='lat' dir='ltr'>superius</span> <span class='ocrx_word' id='word_1_515' title='bbox 1008 2733 1057 2760; x_wconf 82' lang='lat' dir='ltr'>est</span> <span class='ocrx_word' id='word_1_516' title='bbox 1088 2739 1288 2770; x_wconf 83' lang='lat' dir='ltr'>expressum.</span> <span class='ocrx_word' id='word_1_517' title='bbox 1335 2728 1376 2760; x_wconf 87' lang='lat' dir='ltr'>Et</span> <span class='ocrx_word' id='word_1_518' title='bbox 1404 2739 1443 2760; x_wconf 94' lang='lat' dir='ltr'>ne</span> <span class='ocrx_word' id='word_1_519' title='bbox 1474 2734 1584 2759; x_wconf 78' lang='lat' dir='ltr'>contra</span> <span class='ocrx_word' id='word_1_520' title='bbox 1612 2726 1794 2759; x_wconf 77' lang='lat' dir='ltr'>huiusmodi</span> <span class='ocrx_word' id='word_1_521' title='bbox 1822 2725 1900 2755; x_wconf 77' lang='lat' dir='ltr'>fide-</span> 
     </span>
    </p>
   </div>
   <div class='ocr_carea' id='block_1_9' title="bbox 202 2777 1903 2822">
    <p class='ocr_par' dir='ltr' id='par_1_11' title="bbox 202 2777 1903 2822">
     <span class='ocr_line' id='line_1_55' title="bbox 202 2777 1903 2822; baseline -0.002 -12"><span class='ocrx_word' id='word_1_522' title='bbox 202 2790 232 2810; x_wconf 70' lang='grc' dir='ltr'>ιο</span> <span class='ocrx_word' id='word_1_523' title='bbox 249 2777 423 2810; x_wconf 88' lang='lat' dir='ltr'>iussionem</span> <span class='ocrx_word' id='word_1_524' title='bbox 447 2782 480 2811; x_wconf 89' lang='lat' dir='ltr'>et</span> <span class='ocrx_word' id='word_1_525' title='bbox 502 2781 693 2822; x_wconf 82' lang='lat' dir='ltr'>promissum</span> <span class='ocrx_word' id='word_1_526' title='bbox 718 2791 777 2822; x_wconf 89' lang='lat' dir='ltr'>pcr</span> <span class='ocrx_word' id='word_1_527' title='bbox 799 2791 858 2812; x_wconf 85' lang='lat' dir='ltr'>nos</span> <span class='ocrx_word' id='word_1_528' title='bbox 881 2785 937 2813; x_wconf 80' lang='lat' dir='ltr'>aut</span> <span class='ocrx_word' id='word_1_529' title='bbox 959 2781 1040 2813; x_wconf 79' lang='lat' dir='ltr'>alios</span> <span class='ocrx_word' id='word_1_530' title='bbox 1064 2779 1186 2812; x_wconf 84' lang='lat' dir='ltr'>directe</span> <span class='ocrx_word' id='word_1_531' title='bbox 1211 2780 1261 2812; x_wconf 85' lang='lat' dir='ltr'>vel</span> <span class='ocrx_word' id='word_1_532' title='bbox 1278 2780 1434 2811; x_wconf 85' lang='lat' dir='ltr'>indirecte</span> <span class='ocrx_word' id='word_1_533' title='bbox 1455 2791 1512 2811; x_wconf 81' lang='lat' dir='ltr'>nos</span> <span class='ocrx_word' id='word_1_534' title='bbox 1529 2779 1732 2811; x_wconf 75' lang='lat' dir='ltr'>fideiussores</span> <span class='ocrx_word' id='word_1_535' title='bbox 1748 2777 1903 2809; x_wconf 77' lang='lat' dir='ltr'>antedicti</span> 
     </span>
    </p>
   </div>
  </div>
 </body>
</html>
