2190 3172
403 192 500 221 ACTA
517 193 633 230 Rmm
650 193 836 224 LUDEWICI
855 194 902 222 lv.
920 193 966 222 m·
986 193 1170 222 mmmmm
1189 194 1239 223 111.
1275 194 1351 222 1317.
1387 195 1436 222 Nr.
1449 195 1509 223 460.
1527 195 1587 223 461.
1606 196 1667 224 462.
1797 200 1861 231 379

203 287 245 320 de
268 287 337 319 iure
360 284 530 326 tenemini,
564 283 770 316 satisfaciatis
797 281 1031 325 impedimento
1054 284 1202 314 cessante
1225 281 1372 324 quolibet
1399 282 1602 324 integraliter
1630 287 1663 315 et
1686 284 1860 326 complete.

202 339 255 372 Sic
278 339 450 378 facientes,
482 346 523 369 ne
550 336 619 367 sitis
642 334 788 368 eiusdem
811 333 1045 376 archiepiscopi
1068 333 1184 366 iurium
1207 333 1426 376 neglectores,
1457 333 1500 367 ob
1527 335 1615 377 quod
1642 334 1730 367 idem
1754 336 1860 368 archi·

203 391 374 434 episcopus
397 398 506 421 coram
528 386 622 419 nobis
645 386 686 419 de
710 389 819 419 cetero
843 386 997 428 conqueri
1020 388 1178 418 teneatur.

310 449 386 483 Dat.
409 449 443 481 in
464 447 679 489 Heidelberg,
701 434 797 478 XIII.
814 434 953 478 Kalend.
970 444 1155 486 Decembr.‚
1178 435 1269 488 regni
1292 446 1392 478 nostri
1415 457 1499 479 anno
1523 448 1634 479 tercio.

169 603 180 622 ι
619 586 708 624 461.
748 586 910 632 Receptio
937 586 1131 623 castrensia
1238 585 1320 622 Dec.
1339 586 1396 622 15.

312 663 411 705 Copia
434 662 490 705 (c.)
513 662 550 694 in
568 661 717 702 Copiario
738 671 820 693 saec.
836 659 955 693 XVII.
977 658 1163 692 Wisbadeni
1184 659 1397 692 intabulcaerio
1412 661 1506 702 reqio.
1532 679 1573 685 —
1597 661 1660 694 Ed.
1677 661 1718 694 Ε.
1735 661 1860 695 Schaus

200 714 458 756 ‘Mittheihmyen
480 713 534 746 des
555 712 723 746 Instituts’
748 711 880 751 XXVI,
903 711 966 744 551
987 721 1038 744 nr.
1055 711 1076 742 9
1098 721 1138 744 ex
1160 721 1187 744 c.
1234 711 1418 744 Editionem
1439 713 1619 753 repetimus.

305 809 374 844 Nos
407 808 592 842 Ludovicus
624 807 688 840 Dei
721 807 826 850 gratia
858 806 1079 839 Romanorum
1111 815 1170 838 rex
1204 816 1334 849 semper
1366 811 1523 850 augustus
1555 808 1599 840 ad
1632 809 1868 851 universorum,

197 864 345 897 notitiam
365 862 514 895 volumus
540 860 725 903 pervenire,
747 858 846 902 ⁴quod
879 862 1010 891 strenuo
1037 858 1105 890 viro
1130 857 1293 900 wigando
1322 857 1364 891 de
1392 859 1566 892 Dienheim
1593 860 1702 901 militi,
1736 861 1856 894 dilecto

155 927 180 948 ιο
196 915 286 948 fideli
307 917 417 948 nostro
440 912 585 945 fidelium
607 912 810 945 servitiorum
834 921 965 944 suorum
988 910 1124 943 obtentu
1147 909 1278 942 domum
1298 914 1441 943 nostram
1458 912 1553 944 sitam
1576 912 1608 944 in
1625 916 1730 945 castro
1746 919 1866 952 nostro,

197 966 414 1008 Swabesburg
437 975 501 1008 que
524 963 713 997 cenaculum
728 962 913 1005 appellatur
928 973 1055 996 necnon
1069 962 1241 1005 piscariam
1264 963 1332 995 sive
1348 962 1453 995 lacum
1468 964 1566 996 situm
1589 974 1690 1006 prope
1715 969 1856 997 castrum

196 1018 377 1062 predictum
406 1018 439 1050 in
466 1015 599 1049 feodum
623 1018 786 1048 castrense
814 1014 989 1047 tenendam
1022 1018 1057 1048 et
1082 1013 1313 1056 possidendam
1343 1025 1402 1057 per
1435 1025 1510 1048 eum
1545 1018 1580 1048 et
1611 1016 1752 1049 heredes
1780 1027 1857 1049 suos

195 1073 355 1114 perpetuo
379 1068 420 1102 de
435 1068 632 1101 liberalitate
648 1070 757 1099 nostra
773 1067 988 1099 concessimus
1011 1069 1045 1099 et
1064 1069 1177 1099 tenore
1193 1066 1391 1109 presentium
1407 1067 1615 1100 concedimus
1638 1071 1671 1100 et
1687 1068 1854 1101 donamus.

195 1123 248 1155 Ita
271 1126 380 1155 tamen
403 1119 491 1163 quod
513 1118 659 1162 prefatus
674 1117 858 1161 Wigandus
881 1118 1020 1151 eandem
1043 1118 1174 1150 domum
1198 1117 1344 1150 cenaculi
1366 1119 1400 1150 in
1422 1118 1516 1160 locis,
1539 1119 1596 1152 ubi
1618 1119 1753 1162 indiget,
1778 1131 1855 1153 con-

153 1189 178 1211 η
196 1184 278 1218 grua
299 1173 506 1216 reparatione
529 1171 686 1204 reformet
715 1173 748 1203 et
775 1181 847 1203 cum
874 1181 933 1202 nos
962 1171 995 1202 in
1025 1170 1112 1202 dicto
1135 1172 1241 1203 castro
1264 1170 1422 1212 hospitari
1445 1171 1618 1213 contigerit
1639 1172 1691 1204 vel
1715 1171 1856 1205 heredes

195 1229 337 1266 nostros,
366 1226 472 1268 ipsam
494 1223 625 1256 domum
649 1222 742 1255 nobis
770 1225 803 1254 et
825 1222 942 1254 nostris
964 1221 1139 1254 heredibus
1161 1222 1288 1264 aperiat
1310 1225 1344 1255 et
1366 1225 1533 1264 patentem
1557 1223 1657 1255 faciat
1678 1223 1720 1255 ad
1743 1224 1854 1267 hospi-

195 1277 327 1310 tandum
350 1277 384 1309 iu
407 1286 461 1318 ea,
490 1275 574 1308 siout
600 1275 698 1307 fuerit
720 1278 924 1316 oportunum.
1023 1274 1061 1306 In
1092 1274 1181 1306 cuius
1207 1274 1255 1307 rei
1283 1274 1503 1306 testimonium
1533 1278 1702 1317 presentes
1729 1276 1855 1309 litteras

195 1328 353 1363 conscribi
376 1330 410 1360 et
432 1326 538 1370 sigillo
560 1329 671 1359 nostro
694 1326 844 1358 iussimus
867 1326 1067 1358 communiri.

301 1389 423 1422 Datum
446 1388 478 1420 in
502 1386 723 1430 Oppenheim,
746 1386 873 1419 XVIII.
890 1386 957 1418 kal.
978 1387 1136 1427 Ianuarii,
1167 1396 1250 1418 anno
1273 1385 1404 1418 Domini
1427 1386 1600 1419 millesimo
1624 1390 1853 1421 trecentesimo

151 1455 178 1476 so
195 1440 474 1485 septimodecimo,
497 1440 588 1482 regni
611 1449 688 1472 vero
711 1439 812 1471 nostri
835 1449 918 1471 anno
942 1441 1067 1481 quarto.

653 1562 742 1616 462.
783 1579 963 1615 Concessio
989 1582 1116 1615 sturae.
1226 1579 1308 1615 Dec.
1327 1581 1390 1615 20.

290 1636 466 1698 'oriyinale
488 1653 561 1697 (or.)
585 1654 621 1687 in
643 1653 802 1686 tabulario
817 1653 1083 1686 Assenneimensi.
1129 1652 1308 1694 Descripsit
1330 1653 1371 1688 E.
1388 1654 1522 1687 Senam.
1571 1653 1692 1687 Pendet
1713 1654 1852 1696 sigillum

192 1707 282 1746 valde
304 1707 424 1755 laesum
446 1706 510 1740 loro
532 1704 776 1738 membranaceo.
802 1723 840 1729 —
864 1705 928 1738 Ed.
952 1705 993 1737 R.
1011 1704 1136 1738 Amold
1157 1704 1273 1738 ‘Neues
1288 1706 1422 1738 Archiv’
1444 1706 1508 1744 XI,
1532 1706 1597 1738 583
1618 1717 1667 1738 nr.
1685 1708 1706 1738 6
1727 1717 1767 1739 ex
1789 1716 1853 1746 or„-

193 1757 537 1805 Reimerq‘Hessi-sches
562 1757 830 1792 Urkundenbuch’
853 1756 904 1796 II,
919 1758 942 1789 2
957 1767 993 1799 p.
1011 1757 1075 1788 178
1095 1767 1145 1790 nr.
1163 1758 1226 1788 183
1246 1768 1286 1790 ex
1309 1767 1354 1790 or.

149 1838 174 1860 2⁵
206 1819 208 1822 ’
305 1818 353 1860 Cf.
376 1819 470 1862 infru
492 1817 536 1851 ad
557 1818 587 1851 ά.
605 1818 700 1851 1318.
724 1817 817 1851 Febr.
829 1818 882 1850 26.
906 1819 935 1850 et
956 1819 1066 1850 notam
1088 1818 1178 1860 apud
1200 1817 1326 1850 Reimer
1349 1817 1368 1850 l.
1385 1828 1412 1850 c.

298 1913 367 1947 Nos
395 1913 590 1947 Ludowicus
616 1912 681 1945 Dei
711 1913 821 1956 gracia
850 1912 1071 1945 Romanorum
1106 1923 1164 1945 rex
1197 1923 1327 1955 semper
1360 1916 1517 1955 augustus
1551 1913 1594 1944 ad
1627 1913 1850 1947 universorum

191 1958 342 2000 noticiam
364 1965 513 1998 volumus
535 1965 715 2008 pervenire,
740 1964 827 2007 quod
851 1965 927 2007 quia
950 1964 1076 1996 nobiles
1099 1964 1159 1996 viri
1178 1963 1350 2006 Philippus
1373 1964 1482 1996 senior
1504 1967 1538 1997 et
1552 1964 1723 2007 Philippus
1746 1966 1851 1998 iunior

191 2018 232 2052 ds
251 2010 485 2058 ,Valke'nsteim
516 2015 684 2049 Gotfridus
708 2015 749 2048 de
772 2014 974 2058 Eppenstein
1006 2019 1040 2048 et
1061 2016 1189 2048 Ulricus
1212 2015 1254 2048 de
1277 2015 1443 2057 Hanowe,
1474 2015 1585 2048 dilecti
1613 2016 1727 2049 fideles
1749 2018 1851 2050 nostri

190 2069 284 2103 nobis
306 2073 340 2104 et
361 2069 498 2111 imperio
521 2067 644 2100 utiliter
665 2068 823 2100 hactenus
845 2068 1025 2099 servierunt
1053 2070 1088 2100 et
1116 2068 1246 2099 inantea
1268 2067 1390 2100 servire
1414 2067 1632 2110 promiserunt
1653 2068 1795 2101 fideliter
1817 2074 1850 2101 et

148 2134 175 2156 so
191 2124 389 2161 constanter,
419 2119 542 2152 eisdem
567 2122 700 2162 propter
722 2119 799 2161 hoc,
829 2122 864 2151 ut
886 2119 1087 2151 commodius
1110 2122 1144 2151 et
1166 2120 1346 2162 promptius
1369 2129 1573 2162 quecumque
1596 2121 1733 2152 servicia
1755 2120 1850 2153 nobis

191 2175 231 2206 et'
252 2172 390 2216 imperio
416 2170 567 2204 facienda.
589 2171 720 2204 valeant
742 2170 914 2212 exhibere,
947 2174 1102 2212 steuram,
1134 2181 1231 2213 quam
1263 2170 1439 2213 prudentes
1469 2171 1528 2203 viri
1559 2195 1591 2203 ..
1620 2172 1706 2204 cives
1732 2172 1848 2205 Fride-

190 2224 365 2266 bergenses
388 2226 422 2256 et
435 2223 669 2256 Weflarienses
692 2223 785 2254 nobis
809 2225 842 2254 et
865 2233 993 2255 camere
1018 2226 1126 2255 nostre
1149 2222 1276 2254 solvere
1300 2225 1460 2265 tenentur,
1492 2233 1556 2265 que
1579 2222 1622 2255 ad
1645 2224 1849 2267 octingentas

188 2286 314 2309 marcas
337 2275 543 2308 denariorum
560 2274 872 2317 Wedrebien(sium)
895 2285 930 2306 se
954 2274 1118 2315 extendit,
1153 2275 1185 2306 in
1212 2275 1411 2307 solucionem
1439 2274 1623 2307 debitorum
1655 2279 1848 2318 nostrorum,

189 2328 223 2360 in
245 2327 360 2370 quibus
381 2327 460 2369 ipsis
483 2326 620 2369 obligari
644 2326 848 2367 dinoscimur,
873 2326 1100 2369 assignandam
1124 2329 1157 2358 et
1180 2326 1399 2369 deputandam
1421 2327 1572 2359 duximus
1595 2338 1655 2369 per
1669 2332 1847 2370 presentes.

147 2389 172 2410 ιι
191 2378 244 2411 Sic
267 2378 353 2422 quod
376 2378 515 2412 eandem
537 2382 681 2411 steuram
703 2389 828 2410 summe
851 2378 997 2421 predicte
1021 2378 1154 2421 singulis
1176 2378 1269 2410 annis
1291 2381 1359 2410 tam
1381 2378 1437 2410 diu
1452 2378 1608 2421 colligere
1628 2382 1663 2411 et
1677 2381 1847 2422 percipere

191 2429 346 2471 debeant,
370 2430 473 2463 donec
495 2430 573 2472 ipsis
595 2430 637 2462 de
661 2430 779 2462 debitis
802 2430 986 2462 huiusmodi
1010 2431 1099 2462 iuxta
1122 2430 1302 2462 litterarum
1325 2433 1507 2462 nostrarum
1532 2434 1694 2472 tenorem,
1723 2442 1804 2474 quas
1827 2443 1847 2464 a

190 2481 282 2514 nobis
309 2482 450 2524 desuper
472 2482 618 2514 obtinent
644 2482 846 2524 integraliter
873 2482 1074 2515 satisfactum
1102 2482 1260 2522 extiterit,
1290 2482 1453 2524 perceptis
1482 2483 1515 2514 in
1542 2485 1664 2515 sortem
1696 2483 1847 2516 continue

190 2533 423 2576 computandis.
469 2533 600 2576 ‚Damus
622 2534 720 2576 igitur
748 2534 883 2576 prefatis
907 2558 914 2566 .
931 2559 938 2566 .
963 2533 1085 2566 civibus
1114 2534 1248 2580 fimiter
1276 2534 1308 2565 in
1335 2534 1510 2575 mandatis,
1545 2535 1695 2576 quatinus
1722 2535 1846 2568 eisdem

189 2584 351 2618 nobilibus
373 2588 515 2617 steuram
538 2596 630 2617 suam
657 2585 839 2628 predictam
869 2586 1034 2628 assignare
1061 2585 1240 2630 liberaliter
1267 2585 1419 2618 studeant
1450 2589 1560 2618 nostro
1590 2587 1734 2627 nomine,
1764 2587 1847 2619 sicut

147 2649 173 2670 ιο
190 2637 336 2678 superius
358 2640 407 2669 est
429 2647 628 2679 expressum.
1382 2629 1384 2631 ¹
1535 2629 1539 2633 ⁴

297 2696 372 2728 Dat.
389 2697 420 2728 in
437 2695 653 2738 Oppenheim,
677 2697 772 2729 XIII.
788 2697 905 2729 Kalen.
922 2698 1002 2735 Ian„
1026 2707 1109 2729 anno
1131 2696 1261 2728 Domini
1277 2696 1506 2737 MCCCXVII,
1530 2699 1620 2740 regni
1645 2708 1722 2730 vero
1746 2699 1845 2730 nostri

190 2758 272 2780 anno
297 2751 421 2790 quarto.

1586 2861 1636 2886 43.
