2184 3126
347 209 443 238 ACTA
461 209 575 238 amm
593 209 776 238 LUDEWICI
795 209 842 238 1v.
861 209 907 237 ΕΤ
926 209 1112 239 FRIDEBICI
1131 211 1179 239 111.
1217 211 1292 240 1324.
1329 211 1377 239 Nr.
1390 212 1449 241 945.
1467 212 1528 241 946.
1546 212 1605 241 94⁷.
1755 216 1818 247 789

163 296 255 329 brata
278 297 376 329 fuisse
399 296 524 338 dicitur,
547 296 764 339 competebat,
788 297 980 329 sententiam
1003 297 1087 330 inter
1109 301 1218 331 cetera
1241 298 1452 331 continentes.
1499 299 1643 337 Quorum
1668 304 1761 333 tenor
1777 301 1817 333 de

164 347 264 380 verbo
286 347 329 380 ad
352 347 486 380 verbum
508 348 653 391 sequitur
675 348 707 380 in
731 348 814 380 hunc
836 347 983 381 modum:

269 409 443 441 ‘Iohannes
466 408 638 452 episcopus
660 418 771 441 servus
788 427 826 433 —
843 410 943 442 nostri
965 420 1050 442 anno
1073 410 1213 443 octavo’.
1246 420 1347 451 supra
1369 420 1419 443 nr.
1436 411 1509 443 944.

271 469 430 507 Quocirca
458 468 642 501 discretioni
676 473 782 502 vestre
809 469 842 501 in
870 469 987 502 virtute
1018 469 1202 503 obedientie
1233 481 1292 512 per
1320 470 1498 513 apostolica
1527 471 1646 514 scripta
1674 470 1817 504 districte

130 535 142 555 ι
162 519 371 563 precipiendo
394 519 594 562 mandamus,
618 521 766 562 quatinus
789 531 846 552 vos
869 525 902 553 et
924 520 1040 563 singuli
1064 525 1215 563 vestrum,
1238 521 1280 554 ad
1304 532 1386 564 qnos
1409 526 1576 564 presentes
1597 523 1816 566 pervenerint,

163 572 195 604 in
217 572 350 615 singulis
372 571 554 604 civitatibus
576 575 609 604 et
632 571 710 604 locis
732 571 919 614 insignibus,
942 572 974 604 in
998 572 1112 615 quibus
1135 572 1207 605 loca
1222 584 1280 606 seu
1296 578 1472 606 conventus
1487 574 1625 616 habetis,
1649 584 1818 617 processus

163 627 196 656 et
225 623 422 656 sentenciam
451 622 633 655 huiusmodi
662 627 695 656 et
723 623 830 656 omnia
856 623 920 656 alia
948 624 980 656 in
1008 623 1130 658 eisdem
1161 628 1313 657 contenta
1342 625 1544 667 processibus
1573 627 1604 658 in
1634 626 1818 658 solennibus

162 673 436 717 predicationibus
458 674 572 707 vestris
594 685 654 717 per
675 685 733 707 vos
756 678 789 707 et
811 674 891 707 alios
914 675 1030 708 fratres
1058 675 1178 707 ordinis
1201 676 1314 717 vestri,
1342 687 1423 718 quos
1450 687 1547 718 super
1575 677 1818 718 hiisvduxeritis

161 725 382 767 assumendos,
405 725 554 758 fidelibus
569 726 696 769 populis
713 726 877 769 publicare
893 726 1069 759 solenniter
1084 730 1117 760 et
1133 727 1263 770 publice
1279 727 1446 768 studeatis,
1469 738 1527 760 nos
1543 728 1584 761 de
1601 729 1818 771 publicatione

119 786 144 808 ιο
162 776 345 810 huiusmodi
371 779 406 809 et
434 776 505 810 aliis
532 787 594 820 que
625 788 723 820 super
752 777 905 821 predictis
934 778 1075 811 feceritis
1102 789 1161 822 per
1183 782 1322 820 vestras,
1356 779 1481 812 litteras
1510 791 1568 813 scu
1597 781 1818 821 instrumenta,

161 827 291 871 publica
313 828 504 871 principium
528 833 561 861 et
583 829 679 861 finem
703 829 900 872 presentium
923 830 1119 863 continentia
1142 830 1297 863 reddituri
1317 830 1542 863 nichilominus
1565 832 1729 864 certiores.

268 879 389 912 Datum
412 880 609 922 Avinion(e),
634 880 681 912 Id.
699 880 782 922 Iulii,
806 881 1010 924 pontificatus
1032 883 1131 915 nostri
1154 892 1239 914 anno
1263 885 1388 914 octavo.

289 1010 375 1047 946.
418 1011 574 1048 Ia'tterae
601 1011 732 1049 alterae
758 1013 1022 1059 archiepiscopis
1049 1016 1079 1050 et
1109 1013 1280 1059 episcopis
1306 1015 1441 1050 missae.
1547 1013 1615 1049 Iul.
1635 1015 1691 1049 19.

270 1083 370 1125 Copia
393 1084 449 1127 (c.)
477 1085 666 1126 ememplaris
692 1086 737 1118 ad
763 1086 1034 1128 archiepiscopum
1059 1086 1271 1120 Ookniensem
1300 1087 1371 1120 dati
1396 1088 1432 1120 iu
1454 1086 1657 1129 Royoetomm
1687 1086 1815 1119 Vatica-

117 1143 142 1163 ¹⁵
160 1145 275 1168 norum
301 1135 454 1169 tabularii
484 1136 633 1170 Vaticani
660 1138 862 1171 tom.11211
885 1137 940 1178 fol.
957 1139 1010 1171 ⁷2¹
1038 1149 1088 1171 nr.
1103 1140 1178 1171 888.
1226 1138 1425 1172 Οοοιιαῑίηικε
1446 1149 1513 1171 nos.
1548 1158 1590 1162 —
1623 1138 1685 1171 Ed.
1707 1137 1814 1171 ‘Ober-

159 1188 355 1229 bayerisches
376 1188 510 1221 Archiv'
532 1189 561 1227 1,
586 1191 628 1221 ⁷6
649 1199 699 1223 nr.
716 1191 756 1221 51
779 1200 818 1223 ex
840 1201 884 1229 c.;
905 1189 1088 1223 Sauerland
1110 1190 1130 1223 l.
1147 1201 1174 1223 c.
1197 1191 1225 1230 I,
1241 1191 1305 1223 321
1328 1201 1380 1224 nr.
1396 1191 1460 1223 681
1481 1201 1521 1223 ex
1543 1201 1569 1223 c.

267 1247 343 1289 Rey.
360 1247 452 1289 Lany
474 1247 494 1281 l.
510 1259 536 1281 c.
559 1248 589 1287 Ι,
612 1249 654 1280 80
676 1259 726 1283 nr.
744 1250 818 1283 620.

265 1307 470 1348 Eoeemphris
491 1307 626 1341 alterius
646 1309 787 1350 episcopo
805 1309 1040 1343 Constantiam·
1062 1310 1152 1343 missi
1173 1311 1265 1352 copia
1286 1311 1400 1343 ibidem
1423 1310 1444 1342 l.
1458 1321 1483 1343 c.
1507 1319 1558 1342 nr.
1574 1309 1648 1341 889.
1681 1328 1719 1333 -
1751 1309 1813 1341 Ed.

158 1358 276 1392 Rieder
298 1359 473 1392 ‘Ro'mische
497 1359 639 1401 euellen’
656 1370 692 1401 p.
711 1361 774 1393 182
795 1371 844 1394 nr.
863 1363 943 1401 663;
965 1363 1007 1401 cs.
1023 1361 1124 1394 Brom
1147 1361 1167 1395 l.
1180 1373 1206 1394 c.
1230 1363 1259 1401 I,
1274 1362 1339 1395 296
1360 1372 1411 1394 nr.
1427 1362 1501 1393 641.

115 1425 142 1446 ⁹⁰
268 1418 345 1461 Ray.
366 1419 480 1461 Fayen
502 1419 521 1452 l.
538 1430 562 1453 c.
587 1420 616 1459 I,
631 1422 674 1452 50
695 1431 744 1454 nr.
763 1422 856 1454 1356.

266 1479 432 1512 Editiones
453 1479 651 1513 contulimus.

266 1561 521 1604 Archiepiscopo
545 1562 740 1596 Coloniensi.

266 1611 311 1645 Ut
333 1623 502 1655 processus
525 1617 637 1647 contra
659 1614 802 1647 nobilem
826 1615 927 1647 virum
944 1614 1143 1647 Ludovicum
1168 1614 1284 1647 ducem
1300 1614 1441 1647 Bavarie
1465 1624 1524 1656 per
1546 1624 1605 1646 nos
1620 1613 1661 1646 de
1678 1613 1813 1646 fratrum

157 1668 338 1697 nostrorum
361 1665 494 1697 consilio
518 1665 595 1698 facti
618 1667 790 1699 novissime
819 1666 862 1699 ad
890 1670 945 1699 tue
972 1666 1182 1699 fraternitatis
1213 1670 1405 1708 tuorumque
1433 1665 1632 1698 subditorum
1662 1666 1813 1698 noticiam

113 1728 138 1749 aa
158 1715 372 1759 deducantur,
403 1726 479 1749 ecce
508 1717 595 1760 quod
622 1717 680 1750 tibi
708 1721 857 1760 patentes
883 1719 1077 1761 apostolicas
1105 1718 1230 1750 litteras
1259 1717 1461 1750 continentes
1493 1727 1679 1759 processum
1709 1717 1813 1759 ipsum

157 1768 314 1800 mittimus
337 1778 395 1810 per
417 1769 614 1810 presentium
638 1771 841 1811 portitorem,
872 1781 953 1812 quos
980 1780 1072 1802 cures
1095 1770 1158 1801 tuis
1181 1769 1346 1811 publicare
1370 1779 1542 1811 quesumus
1564 1768 1701 1800 subditis
1723 1771 1758 1801 et
1780 1772 1815 1800 ut

158 1822 224 1851 tam
247 1829 266 1851 a
290 1823 322 1852 te
346 1830 442 1861 quam
465 1816 507 1852 ab
530 1820 607 1862 ipsis
631 1820 842 1854 observentur
872 1822 1060 1862 tenaciter·,
1089 1831 1185 1863 opem
1215 1820 1361 1853 sedulam
1388 1820 1559 1860 adhibere,
1587 1821 1633 1852 sic
1661 1819 1749 1862 quod
1772 1819 1813 1852 de

156 1873 307 1912 prompta
330 1870 525 1913 obedientia,
549 1882 611 1914 que
633 1871 704 1905 Deo
729 1874 834 1905 carior
859 1883 929 1906 esse
953 1873 1110 1905 victimis²
1134 1872 1289 1913 noscitur,
1313 1872 1423 1904 valeas
1445 1872 1561 1904 merito
1584 1871 1813 1904 commendari.

156 1921 210 1954 Ad
238 1921 299 1954 hoc
327 1932 499 1964 operosam
535 1923 754 1965 diligentiam,
793 1935 889 1967 quam
922 1926 1007 1957 circa
1041 1923 1284 1967 precedentium
1319 1923 1570 1965 publicationem
1605 1933 1814 1966 processuum

109 1987 138 2008 ω
156 1971 312 2005 adhibere
336 1974 458 2005 curavit
481 1973 597 2006 eadem
620 1973 814 2016 fraternitas,
837 1975 1009 2017 plurimum
1032 1976 1065 2007 in
1088 1975 1228 2007 Domino
1251 1974 1515 2007 commendantes
1537 1974 1815 2007 exhortationibus

155 2024 272 2056 nostris
300 2023 489 2065 adicimusb,
522 2028 558 2057 ut
586 2025 617 2056 in
645 2027 748 2068 ceptis
770 2027 855 2059 circa
879 2027 1035 2069 premissa
1059 2026 1280 2066 laudabiliter,
1310 2029 1495 2059 constanter
1522 2029 1555 2058 ct
1582 2030 1712 2059 strenue
1740 2036 1812 2068 per-

155 2085 297 2108 severos.

263 2126 339 2159 Dat.
364 2128 533 2168 Avinione,
559 2128 670 2161 XIIII.
688 2129 761 2163 Kal.
786 2130 934 2172 Augusti.
958 2140 1042 2162 anno
1067 2132 1193 2161 octavo.

168 2236 223 2269 Ad
244 2186 305 2269 ¹²In
336 2187 508 2219 eundem
544 2188 698 2221 modum
734 2189 979 2232 archiepiscopo
1012 2188 1261 2232 Salzeburgensi
1295 2189 1436 2221 omissa
1468 2188 1604 2220 ultima
1637 2188 1812 2220 clausula

110 2244 138 2266 ³³
157 2234 167 2248 ‘
268 2237 318 2270 oc'

266 2288 364 2322 Item
388 2290 425 2322 in
450 2301 478 2323 e.
502 2301 543 2323 m.
568 2292 813 2335 archiepiscopo
836 2293 1026 2336 Maguntino

267 2339 367 2374 Item
391 2342 430 2374 in
453 2352 482 2375 e.
506 2353 547 2375 m.
571 2343 815 2387 archiepiscopo
839 2344 1135 2388 Magdeburgensi²

265 2391 367 2424 Item
391 2393 429 2425 in
451 2403 480 2426 e.
503 2404 546 2427 m.
569 2395 812 2438 archiepiscopo
836 2396 1037 2429 Treverensi.

264 2442 385 2476 Datum
407 2447 444 2477 ut
465 2456 571 2488 supra.

113 2573 140 2592 w
427 2559 516 2596 947.
560 2559 796 2597 Transmissio
819 2573 1002 2607 processus
1029 2566 1059 2598 et
1086 2562 1290 2599 litterarum.
1393 2561 1462 2598 Iul.
1480 2563 1539 2597 21.

265 2630 392 2678 thitia
426 2632 462 2664 in
493 2631 663 2666 Librorum
695 2634 865 2667 ‘Introitus
898 2637 927 2668 et
961 2636 1079 2668 caitus*
1119 2638 1190 2668 tom.
1213 2637 1256 2668 57
1281 2635 1341 2678 fol.
1366 2636 1439 2667 105‘
1472 2635 1609 2668 eiusdem
1647 2634 1810 2667 tabularii.

158 2680 392 2722 Descripamus
414 2693 481 2717 nos.
503 2701 545 2708 -
568 2684 738 2718 Inedimm.

260 2765 327 2794 ⁹48.
354 2769 379 2800 ⁸)
397 2770 519 2796 tenaciter
537 2779 558 2796 c.
646 2769 671 2803 b)
690 2771 830 2798 adisoimus
848 2780 868 2798 c.

261 2827 288 2861 1)
309 2827 350 2862 Of.
365 2833 385 2855 1.
398 2828 462 2864 Req.
478 2832 513 2862 16,
524 2832 564 2856 22.
645 2829 672 2862 2)
687 2829 836 2866 Eme-„plur
846 2830 1035 2866 archiepiscoffi
1049 2831 1289 2867 magdeburgensis
1302 2835 1415 2860 notatm·
1427 2833 1505 2866 infra
1518 2832 1556 2860 aa
1567 2841 1593 2860 a.
1606 2835 1678 2860 1324.
1692 2832 1760 2866 Sept.
1774 2835 1811 2859 1³.
