2184 3126
484 167 582 196 ACTA
600 167 715 196 amm
733 167 919 196 LUDEwlcl
938 168 985 197 IV.
1005 169 1050 196 m·
1069 167 1255 196 FRIDERICI
1274 169 1322 197 111.
1360 169 1435 197 1822.
1473 169 1520 196 Nr.
1533 170 1591 197 647.
1610 170 1669 198 648.
1845 175 1903 204 511

352 293 428 329 647.
462 290 730 328 IOHANNIS
753 291 1375 386 XXII.I}'RAII‘)}&I{begll:]'IffRAE
1397 293 1474 330 AD
1499 292 1805 331 CIVITATEM

910 415 1019 452 1322.
1056 415 1164 453 Febr.
1185 416 1246 453 21.

363 498 462 539 Copia
489 498 525 530 in
551 497 753 539 Reyestorum
781 497 937 530 tabularii
962 498 1110 531 Vaticani
1138 502 1210 531 tom.
1228 499 1289 531 111
1316 498 1374 541 fol.
1392 499 1454 531 184
1476 510 1527 532 nr.
1545 501 1617 532 766.
1670 499 1909 540 Descripsimus

220 558 232 578 ι
250 559 316 582 nos.
340 567 384 572 —
406 549 579 582 Ineditum.

357 608 432 650 Ray.
449 607 552 641 Lfiher
567 607 631 641 loco
645 618 747 648 supra
762 608 806 640 ad
819 619 870 640 nr.
886 609 951 640 289
966 609 1063 642 citato
1072 620 1108 650 1).
1122 611 1188 642 246
1202 621 1252 642 nr.
1267 611 1330 642 102
1335 621 1347 649 ;
1362 610 1654 651 Preqer-Reinkens
1666 621 1699 652 p.
1710 611 1775 643 235
1791 621 1842 645 nr.
1855 612 1907 643 92.

359 668 411 708 Gr.
427 668 518 707 infra
539 677 590 700 nr.
606 668 788 700 654-657.

358 745 528 786 Potestati,
551 745 731 786 capitaneo,
755 746 888 777 consilio
912 749 946 777 et
968 746 1094 777 comuni
1118 746 1315 787 Brixien(si).

358 797 404 837 (1)
428 795 622 828 Venientem
646 796 688 828 ad
711 797 913 838 presenciam
936 800 1079 829 nostram
1104 796 1158 829 dil.
1175 797 1218 829 fil.
1235 798 1469 830 Pantaleonem
1494 799 1534 831 de
1552 799 1661 831 Burno
1684 799 1851 841 syndicum
1875 802 1909 831 et

205 859 232 879 ιο
249 846 516 880 ambassiatorem
546 850 703 888 vestrum,
735 848 950 880 exhibitorem
980 849 1177 891 presentium
1208 860 1333 882 necnon
1364 854 1397 882 et
1423 850 1548 882 litteras
1578 854 1714 888 vestras,
1743 861 1801 892 per
1828 861 1908 893 quan

247 898 346 931 fidem
381 900 450 931 eius
476 899 621 931 voluistis
654 900 809 932 relatibus
836 900 998 942 adhiberi,
1033 911 1091 943 per
1124 911 1196 933 eum
1232 900 1325 932 nobis
1355 901 1518 933 exhibitas
1546 905 1682 944 paterna
1708 902 1907 943 benignitate

247 951 428 992 recepimus
456 953 489 983 et
519 951 549 982 ei
580 951 750 983 audiencia
778 952 917 994 benigne
947 962 1100 984 concessa
1129 963 1191 994 que
1215 952 1275 984 sub
1305 953 1404 985 verbo
1437 953 1605 985 credencie
1638 953 1731 985 nobis
1759 954 1909 994 exposuit

246 1001 427 1034 audivimus
450 1002 623 1044 diligenter
646 1006 680 1035 et
701 1002 773 1035 illas
796 1003 837 1035 de
859 1004 1070 1046 petitionibus
1093 1004 1207 1036 vestris
1230 1015 1288 1046 per
1311 1004 1451 1036 eundem
1475 1005 1641 1047 porrectis,
1669 1015 1749 1046 quas
1771 1004 1907 1036 honeste

246 1053 419 1096 potuimus,
444 1053 485 1085 ad
509 1054 723 1086 exauditionis
746 1056 884 1097 gratiam
900 1055 1050 1087 duximus
1074 1055 1300 1087 admittendas.
1344 1056 1449 1098 Super
1471 1057 1543 1088 aliis
1566 1066 1643 1088 vero
1667 1061 1790 1088 certum
1815 1055 1907 1088 dedi-

206 1117 231 1138 ιι
249 1115 321 1137 mus
344 1115 532 1148 responsum
557 1106 678 1146 eidem,
708 1107 789 1138 sicut
811 1107 881 1149 ipse
905 1107 997 1139 vobis
1023 1117 1188 1149 exponere
1212 1108 1332 1148 poterit
1359 1107 1489 1139 oraculo
1513 1108 1585 1139 vive
1609 1108 1705 1139 vocis.
1751 1107 1908 1139 Preterea

247 1160 340 1200 grata
362 1157 454 1189 nobis
477 1160 526 1189 est
548 1157 738 1198 admodum,
761 1158 832 1198 filii,
857 1162 889 1190 et
915 1158 1134 1200 multipliciter
1157 1157 1326 1190 affectibus
1350 1159 1466 1190 nostris
1489 1159 1618 1201 placida
1638 1158 1785 1191 redditur
1807 1158 1906 1191 devo-

248 1209 343 1240 tionis
366 1213 472 1240 vestre
496 1210 661 1241 sinceritas
684 1212 890 1252 vestrumque
918 1210 1080 1242 laudabile
1111 1211 1311 1252 propositum
1342 1220 1382 1242 eo
1408 1209 1603 1242 laudabilius
1634 1210 1908 1250 commendamus.

248 1270 312 1302 quo
344 1270 385 1292 ex
412 1260 526 1292 maiori
550 1261 689 1303 puritate
718 1264 826 1293 vestra
848 1272 1014 1304 speramus
1043 1266 1077 1294 et
1104 1261 1266 1294 credimus
1292 1262 1473 1304 provenire.
1527 1261 1636 1298 Quare
1662 1262 1907 1294 universitatem

247 1314 388 1344 vestram
412 1315 547 1354 paterno
570 1323 721 1354 rogamus
745 1315 778 1344 et
800 1313 967 1345 hortamur
989 1313 1123 1354 affectu,
1147 1314 1296 1355 quatinus
1320 1314 1351 1345 in
1374 1312 1557 1345 huiusmodi
1582 1313 1762 1345 devotionis
1785 1317 1819 1345 et
1841 1317 1906 1345 tam

203 1373 230 1394 πο
248 1362 420 1395 laudabilis
444 1365 670 1405 prosecutione
694 1365 851 1406 propositi
874 1364 1033 1397 stabiliter
1055 1366 1266 1407 persistentes
1289 1365 1444 1397 honorem
1465 1365 1613 1397 Romane
1637 1365 1774 1397 ecclesie
1795 1366 1908 1396 matris

248 1419 368 1455 nostre,
390 1415 575 1457 ubicunque
602 1415 694 1447 vobis
716 1416 913 1458 possibilitas
937 1416 1056 1457 aderit,
1085 1416 1244 1448 studeatis
1274 1417 1399 1448 solicite
1423 1427 1629 1458 promovere,
1659 1421 1771 1448 contra
1795 1417 1905 1448 hostes

248 1469 282 1499 et
306 1466 446 1499 rebelles
470 1467 539 1498 eius
563 1470 764 1508 exponentes
786 1468 921 1500 viriliter
948 1471 981 1500 et
1008 1471 1138 1500 strenue
1167 1479 1261 1510 posse
1285 1472 1435 1500 vestrum.
1482 1468 1550 1500 Nos
1581 1469 1666 1500 enim
1690 1479 1747 1500 vos
1773 1472 1806 1500 et
1829 1468 1906 1499 civi-

247 1521 350 1551 tatem
378 1522 519 1550 vestram
546 1518 578 1550 in
607 1519 751 1560 paternis
777 1519 920 1561 gerimus
949 1520 1123 1552 visceribus
1150 1521 1309 1559 caritatis,
1344 1523 1499 1562 quantum
1535 1530 1607 1551 cum
1630 1519 1703 1552 Deo
1726 1529 1906 1561 possumus,

246 1571 353 1613 parati
375 1580 506 1612 semper
528 1570 569 1602 ad
593 1571 711 1611 omnia,
735 1581 797 1613 que
821 1574 927 1602 vestra
950 1574 983 1602 et
1007 1571 1145 1603 civitatis
1168 1571 1267 1614 ipsius
1290 1572 1464 1613 respiciant
1486 1571 1694 1602 incrementa.

204 1632 230 1653 ὀ
355 1620 401 1663 (2)
425 1621 577 1654 Ceterum
594 1622 796 1663 significastis
812 1622 905 1654 nobis
928 1632 987 1664 per
1011 1622 1135 1654 litteras
1151 1626 1284 1662 vestras,
1309 1622 1394 1664 quod
1419 1623 1602 1654 carissimus
1625 1623 1656 1653 in
1672 1621 1800 1654 Christo
1824 1621 1906 1653 filius

247 1675 357 1705 noster
385 1698 391 1705 .
416 1697 423 1704 .
446 1672 520 1710 ⁴dux
548 1674 680 1706 Austrie
714 1674 746 1704 in
772 1673 1019 1716 Roman(orum)
1051 1684 1160 1716 regem
1197 1674 1319 1706 electus
1353 1673 1395 1706 ad
1422 1685 1479 1706 vos
1507 1675 1635 1705 nuntios
1666 1684 1740 1705 snos
1770 1673 1908 1705 duxerat

248 1724 468 1766 destinandos,
492 1725 546 1766 qui
569 1734 723 1766 expresse
745 1724 932 1766 retulerant,
957 1725 1044 1767 quod
1067 1725 1154 1757 idem
1172 1725 1295 1757 electus
1310 1729 1434 1757 certum
1451 1726 1595 1767 equitum
1613 1730 1645 1757 et
1668 1724 1905 1757 balistariorum

247 1786 416 1808 numerum
440 1778 511 1808 erat
533 1775 575 1807 ad
598 1779 708 1817 partes
730 1777 817 1818 ipsas
840 1779 951 1808 contra
975 1779 1100 1808 nostros
1124 1779 1158 1807 et
1181 1776 1316 1808 ecclesie
1332 1776 1479 1808 Romane
1497 1776 1638 1808 rebelles
1656 1780 1745 1808 certo
1769 1777 1906 1808 termino

248 1828 499 1860 transmissurus.
540 1826 621 1859 Cum
644 1829 742 1870 igitur
758 1839 815 1860 nos
831 1828 993 1870 prefatum
1018 1828 1157 1860 electum
1182 1829 1380 1860 carissimum
1404 1832 1548 1860 nostrum
1565 1832 1599 1860 et
1621 1828 1756 1860 ecclesie
1780 1828 1906 1870 prefate

205 1889 231 1909 no
249 1879 350 1911 filium
373 1881 559 1921 reputemus
583 1882 617 1911 et
637 1882 810 1921 propterea
832 1879 949 1911 nedum
974 1880 1053 1922 ipse,
1077 1879 1134 1911 sed
1158 1882 1191 1911 et
1213 1880 1262 1910 sui
1285 1890 1343 1921 per
1366 1891 1424 1911 nos
1447 1884 1480 1912 et
1502 1879 1583 1911 alios
1606 1879 1752 1912 eiusdem
1769 1878 1905 1911 ecclesie

248 1930 383 1963 devotos
406 1930 548 1963 debeant
564 1930 724 1971 honorari,
748 1931 990 1963 universitatem
1006 1934 1147 1962 vestram
1163 1941 1314 1972 rogamus
1334 1935 1367 1963 et
1382 1931 1548 1963 hortamur
1563 1932 1732 1971 attencius,
1756 1931 1906 1973 quatinus

249 1982 374 2024 equites
402 1985 436 2014 et
462 1981 644 2014 balistarios
673 1981 890 2024 supradictos,
919 1993 991 2014 cum
1022 1993 1077 2014 eos
1104 1982 1147 2013 ad
1177 1986 1305 2024 partes·
1331 1983 1418 2024 ipsas
1447 1983 1612 2025 applicare
1642 1982 1828 2024 contigerit,
1859 1981 1904 2012 sic

248 2032 422 2066 honorifice
454 2034 599 2075 recipere
623 2033 734 2076 sicque
757 2033 908 2066 benivole
937 2037 1077 2066 tractare
1105 2035 1223 2066 curetis
1250 2037 1283 2066 et
1313 2035 1357 2066 sic
1380 2034 1421 2066 ab
1445 2035 1531 2067 omni
1559 2045 1670 2067 eorum
1695 2033 1905 2076 displicencia

249 2085 424 2126 continere,
449 2084 536 2126 quod
559 2084 600 2116 de
616 2084 708 2116 vobis
728 2086 844 2117 merito
869 2085 1095 2117 commendare
1116 2096 1150 2117 se
1168 2085 1298 2117 valeant
1321 2090 1354 2117 et
1377 2086 1419 2118 ad
1443 2096 1483 2118 ea
1504 2090 1637 2128 propter
1659 2096 1722 2128 que
1738 2086 1907 2117 mittuntur

204 2146 230 2167 ns
248 2138 378 2168 strenue
401 2135 627 2178 prosequenda
650 2136 848 2168 efficaciores
871 2137 1047 2169 reddantur
1069 2140 1103 2168 et
1126 2137 1306 2169 efficiantur
1328 2138 1443 2170 merito
1469 2138 1692 2180 promptiores.

356 2187 431 2220 Dat.
455 2188 614 2229 Avinion„
637 2186 696 2220 IX.
721 2187 795 2220 Kal.
819 2188 941 2229 Marcii,
965 2199 1048 2220 anno
1072 2192 1175 2221 sexto.

247 2344 323 2381 648.
362 2343 534 2381 PROTE
541 2343 734 2382 STATIO
753 2343 920 2385 DUCIS
949 2345 1300 2383 KARINTHIAE
1329 2345 1500 2383 SUPER
1522 2343 1795 2383 TRACTATI
1804 2345 1903 2382 BUS

603 2399 717 2438 CUM
741 2399 886 2438 CANE
914 2400 1224 2439 SCALIGERO
1249 2401 1437 2438 HABEN
1446 2401 1503 2438 DI
1510 2400 1548 2438 S.

911 2467 1019 2504 1322.
1060 2467 1166 2504 Mart.
1188 2468 1248 2504 30.

205 2559 232 2579 40
361 2547 523 2589 Oriyt'nale
545 2548 621 2591 (or.)
644 2550 679 2582 in
701 2549 860 2583 tabulario
874 2561 1019 2583 caesareo
1036 2550 1277 2583 Vindobonensi.
1327 2551 1526 2584 contulimus
1540 2551 1586 2584 aa
1606 2552 1775 2592 inmyinem
1795 2551 1903 2591 photo-

247 2599 440 2640 9raphicam.
479 2599 598 2633 Pendet
611 2600 750 2642 simelam
765 2605 926 2635 secretum.
952 2620 991 2626 —
1014 2602 1076 2634 Ed.
1094 2602 1188 2642 Kopp
1205 2601 1399 2635 ‘Geschichte
1418 2603 1475 2635 der
1489 2602 1754 2644 eidqenossischen
1770 2602 1901 2634 Biimlc'

250 2650 314 2690 IV,
333 2651 355 2681 2
376 2661 412 2691 p.
433 2651 496 2683 489
518 2661 567 2683 nr.
588 2652 630 2684 58
659 2662 698 2685 ex
726 2663 789 2692 or.‚·
811 2653 928 2686 Ficker
949 2653 1139 2686 ‘Urkunden
1160 2664 1220 2685 zur
1244 2653 1355 2686 Gesck.
1378 2654 1432 2686 des
1454 2654 1660 2695 Remeraeuqs’
1679 2665 1713 2696 p.
1732 2655 1771 2685 14
1794 2665 1843 2686 ην.
1860 2655 1903 2684 23

249 2712 290 2734 ex
311 2713 376 2743 cop.

356 2778 426 2807 842.
454 2779 478 2812 ι)
495 2780 609 2813 nequitur
626 2781 787 2815 supr-dicus
804 2782 938 2808 cancellat.
957 2791 976 2807 c.
