2184 3126
392 148 488 176 ACTA
507 147 622 176 REGNI
641 148 826 176 LUDEWICI
845 148 892 176 lv.
911 147 958 175 ΕΤ
976 147 1161 176 anssmcl
1180 147 1231 175 111.
1268 148 1343 175 1321.
1380 147 1429 176 Nr.
1441 148 1500 175 ⁶34.
1519 148 1576 175 635.
1751 151 1814 182 503

265 234 469 268 Venerabilis
484 233 690 266 Baldewinus
706 234 914 267 Treverensis
936 234 1198 277 archiepiscopus
1222 235 1372 277 princeps
1391 237 1499 267 noster
1521 234 1709 266 karissimus
1732 235 1815 267 infra

157 286 321 329 dyocesim
337 296 427 318 suam
444 285 677 317 Treverensem
702 285 806 317 erexit
829 296 886 328 pro
911 285 1098 318 defensione
1121 296 1178 318 sue
1195 285 1343 328 dyocesis
1357 296 1475 318 novum
1498 289 1639 317 castrum
1663 286 1815 319 videlicet

156 337 366 371 Baldenstein
389 347 486 379 super
500 336 625 368 Lonam
641 337 772 368 fluvium
795 347 859 368 non
875 338 943 370 sine
966 338 1031 370 suis
1053 338 1179 379 magnis
1194 337 1359 370 laboribus
1382 340 1416 370 et
1437 338 1598 379 expensis,
1622 340 1737 379 petens
1752 338 1813 370 sibi

157 391 297 422 castrum
320 387 502 431 predictum
525 397 598 420 cum
621 387 705 420 valle
735 388 906 421 adiacente
934 398 992 431 per
1018 392 1160 422 nostram
1190 390 1418 422 auctoritatem
1448 389 1571 431 regiam
1600 389 1748 422 libertati
1780 394 1814 421 et

125 452 137 471 s
156 439 332 484 privilegiis
354 439 514 471 honorari.
559 438 627 471 Nos
649 439 748 481 igitur
770 450 827 471 suo
852 443 927 472 voto
950 440 1152 482 complacere
1170 440 1325 481 volentes,
1349 442 1455 483 ipsum
1478 443 1618 472 castrum
1641 451 1714 473 cum
1730 440 1814 473 valle

157 494 192 524 et
214 492 283 524 eius
305 491 516 534 pertinentiis,
539 490 620 522 sicut
643 491 713 532 ipsa
736 490 891 532 possidet,
919 491 1144 524 confirmamus
1171 495 1206 524 et
1227 492 1434 535 indulgemus
1461 495 1495 524 et
1521 492 1728 524 concedimus
1756 503 1815 534 per

157 546 339 586 presentes,
366 546 402 574 ut
424 542 510 574 idem
533 545 674 574 castrum
696 552 819 574 necnon
845 543 938 574 vallis
961 543 1068 575 eidem
1091 543 1244 576 adiacens
1267 554 1306 575 ac
1329 544 1444 576 domus
1474 546 1508 575 et
1534 543 1662 576 edificia
1688 554 1814 576 necnon

157 595 307 634 municio,
331 604 392 636 que
416 594 448 626 in
471 594 542 636 ipsa
556 592 642 626 valle
663 593 836 635 contigerit
860 595 941 636 erigi
965 595 997 626 in
1020 594 1172 636 futurum,
1195 605 1327 628 accessu
1350 598 1385 627 et
1407 605 1537 628 recessu
1560 598 1594 627 et
1616 595 1686 627 foro
1710 594 1814 627 libero

157 657 197 679 ao
218 645 366 680 omnibus
388 645 459 678 aliis
482 645 578 688 pleno
601 645 766 688 gaudeant
788 645 992 678 libertatibus
1015 649 1049 679 et
1071 647 1248 689 privilegiis
1271 646 1435 688 omnibus,
1458 646 1574 689 quibus
1596 645 1816 679 Frankenfflrt

115 710 140 730 ιο
157 700 192 731 et
213 697 276 730 alie
300 697 446 731 civitates
469 697 597 739 imperii
619 695 764 738 gaudent
787 700 820 729 et
842 697 985 739 gaudere
1015 708 1057 730 ex
1083 698 1313 741 largicionibus
1335 698 1557 731 Romanorum
1583 699 1816 740 imperatorum

157 751 256 791 atque
286 759 400 790 regum
430 748 504 781 dive
533 748 691 780 memorie
720 752 964 781 consueverunt.
1010 749 1150 791 Ipseque
1179 749 1440 791 archiepiscopus
1471 752 1506 782 et
1534 750 1582 781 sui
1612 759 1815 782 successores

156 800 190 832 in
211 800 289 842 ipsis
312 802 417 832 castro
441 803 475 832 et
496 799 581 832 valle
604 809 729 832 necnon
754 810 773 831 a
796 799 954 832 descensu
978 800 1124 833 eiusdem
1140 800 1233 833 vallis
1256 811 1354 843 super
1368 801 1492 833 Lanam
1508 801 1540 833 in
1563 801 1698 833 circuitu
1722 801 1814 833 terri-

157 851 232 884 torii
254 851 341 894 quod
363 850 622 893 vriheingereide
647 850 772 892 dicitur,
798 851 881 883 infra
905 851 991 894 quod
1006 852 1190 894 Crampurg
1211 853 1365 885 situatum
1389 855 1448 893 est,
1472 862 1545 884 eum
1567 853 1723 885 universis
1746 853 1816 885 eius

157 903 359 946 pertinentiis
381 902 534 935 iudicium
557 902 670 943 altum,
693 902 781 944 quod
803 903 866 945 ipsi
888 903 1133 946 archiepiscopo
1157 907 1190 936 et
1213 904 1350 936 ecclesie
1373 914 1430 936 sue
1445 907 1605 946 perpetuo
1621 904 1815 936 conserimus

116 968 141 988 ιι
159 958 193 988 et
215 954 382 996 donamus,
405 954 558 995 habeant,
581 956 715 986 teneant
739 957 772 986 et
795 958 953 996 perpetuo
978 955 1124 988 fruantur
1146 956 1280 998 pacifice
1304 959 1339 988 et
1360 956 1478 998 quiete.

266 1014 342 1047 Dat.
366 1014 559 1053 Bacheraci,
594 1014 675 1047 feria
705 1017 820 1056 quarta
850 1019 925 1056 post
947 1015 1206 1057 assumpcionem
1233 1015 1352 1057 Mario,
1382 1025 1467 1048 anno
1489 1014 1619 1047 Domini
1643 1015 1815 1047 millesimo

158 1067 385 1100 trecentesimo
409 1066 564 1098 vicesimo
587 1066 702 1109 primo,
727 1066 827 1109 regni⁴
842 1076 920 1098 vero
943 1067 1043 1098 nostri
1066 1077 1150 1099 anno
1173 1067 1322 1110 septimo.

158 1207 246 1244 635.
287 1206 511 1252 Confirmatio
531 1207 796 1242 conventionum
815 1207 1059 1253 archiepiscopi
1083 1219 1158 1243 cum
1177 1207 1404 1243 castrensibus
1422 1206 1570 1253 imperii.
1655 1206 1746 1252 Sept.
1757 1208 1815 1242 17.

271 1288 431 1330 Oriyinale
467 1287 543 1331 (or.)
577 1284 800 1328 in'tabulario
833 1289 916 1329 reyio
946 1289 1175 1328 Confluentino.
1225 1289 1371 1330 Siyillum
1399 1289 1608 1321 desideratur.
1655 1289 1700 1321 In
1731 1299 1818 1321 verso

112 1351 140 1371 ao
158 1340 288 1382 leqitur:
326 1341 373 1380 R«,
405 1341 553 1380 itemque:
589 1339 792 1383 Approbatio
826 1341 1042 1373 retentionum
1077 1341 1233 1373 factarum
1268 1344 1301 1373 et
1329 1340 1548 1374 faciendarum
1580 1340 1622 1372 de
1651 1340 1819 1372 fortaliciis

160 1392 289 1435 imperii
354 1391 438 1425 Lud.
503 1390 598 1424 Bald.
626 1409 669 1415 —-
698 1391 760 1424 Ed.
780 1391 822 1424 R.
839 1391 982 1424 Ladicke
1004 1391 1120 1424 ‘Neues
1141 1392 1274 1424 Archiv’
1299 1392 1478 1431 XXXIII,
1500 1393 1564 1424 394
1590 1403 1640 1424 nr.
1659 1392 1677 1423 1
1703 1402 1744 1424 ex
1771 1403 1818 1424 or.

157 1443 340 1476 Editionem
363 1443 544 1484 repetimus.

264 1504 412 1543 Bdhmer,
435 1503 511 1545 Req.
529 1503 643 1536 Ludw.
662 1514 697 1544 p.
713 1504 779 1536 272
799 1514 849 1536 nr.
866 1503 952 1535 2648
975 1504 1102 1545 (Addit.
1119 1504 1164 1545 I).

265 1598 333 1631 Nos
357 1598 552 1631 Ludowicus
574 1598 638 1630 Dei
660 1598 765 1640 gratia
787 1598 1008 1631 Romanorum
1039 1609 1097 1630 rex
1125 1609 1255 1640 semper
1281 1602 1435 1640 augustus
1464 1599 1621 1630 universis
1649 1598 1730 1630 sacri
1757 1598 1818 1629 im·

114 1660 141 1681 as
160 1651 241 1692 perii
263 1650 414 1682 fidelibus
432 1654 471 1682 .et
499 1649 652 1682 subiectis
679 1650 825 1692 cupimus
854 1649 923 1682 fore
947 1653 1073 1690 notum,
1108 1649 1193 1692 quod
1221 1650 1430 1691 recepciones
1457 1660 1517 1692 per
1548 1649 1662 1682 fideles
1691 1649 1819 1691 imperii

160 1704 194 1735 et
214 1705 341 1734 nostros
363 1703 396 1733 in
418 1701 583 1743 Wiltperg
607 1704 640 1733 et
666 1700 730 1733 alia
759 1711 963 1743 quecumque
993 1704 1114 1741 castra,
1139 1701 1298 1733 fortalicia
1325 1704 1359 1733 et
1385 1702 1584 1733 municiones
1617 1711 1637 1732 a
1664 1700 1757 1733 nobis
1786 1704 1820 1732 et

159 1753 296 1795 imperio
319 1753 538 1795 dependentia
566 1751 607 1784 de
631 1752 807 1784 venerabili
835 1752 1024 1784 Baldewino
1048 1752 1240 1785 Treverensi
1270 1751 1516 1794 archiepiscopo
1539 1753 1684 1794 principe
1708 1756 1818 1784 nostro

159 1804 339 1844 karissimo,
363 1805 432 1836 eius
454 1803 740 1846 predecessoribus
767 1808 800 1836 et
829 1804 1068 1836 successoribus
1095 1805 1334 1846 imperpetuum
1363 1814 1421 1846 pro
1452 1803 1593 1836 iuvando
1619 1814 1654 1836 se
1684 1807 1718 1836 et
1744 1814 1819 1835 suos

159 1859 271 1888 contra
293 1866 368 1888 suos
391 1855 594 1888 adversarios
627 1859 661 1888 et
689 1856 837 1887 inimicos
868 1859 902 1887 et
929 1855 1009 1888 alias
1036 1856 1238 1888 retenciones
1268 1855 1412 1897 ipsorum
1442 1855 1758 1898 archiepiscoporum
1787 1855 1820 1886 in

112 1917 141 1938 so
158 1907 292 1949 eisdem,
317 1908 550 1939 convenciones
573 1910 607 1939 et
629 1908 858 1950 promissiones
881 1917 1100 1950 quascumque
1117 1907 1176 1939 sub
1200 1906 1455 1949 quibuscumque
1471 1906 1582 1938 formis
1605 1910 1638 1939 et
1654 1906 1819 1939 tenoribus

156 1958 328 1991 verborum
356 1958 397 1990 de
421 1959 585 1991 voluntate
609 1958 793 1991 huiusmodi
824 1959 1076 2001 receptantium,
1112 1959 1358 1999 retentantium,
1388 1959 1646 1990 convenientium
1681 1961 1715 1990 et
1742 1967 1817 2000 pro-

157 2010 352 2042 mittentium
377 2010 480 2042 factas
503 2013 537 2042 et
559 2010 591 2042 in
617 2009 758 2042 futurum
775 2011 941 2043 faciendas
964 2010 1194 2052 approbamus,
1218 2010 1414 2043 ratificamus
1437 2013 1471 2042 et
1486 2020 1542 2042 eas
1558 2013 1670 2042 tenore
1686 2019 1818 2052 presen-

157 2063 237 2094 tium
261 2062 500 2103 confirmamus,
529 2061 705 2094 dummodo
729 2062 876 2104 prefatus
903 2061 1166 2104 archiepiscopus
1196 2065 1229 2094 et
1257 2063 1328 2094 eius
1359 2071 1562 2094 successores
1590 2072 1650 2103 per
1675 2061 1820 2103 prefatas

158 2113 376 2156 recepciones,
407 2113 618 2154 retenciones,
642 2114 877 2146 convenciones
901 2118 934 2146 et
957 2114 1186 2155 promissiones
1209 2124 1244 2145 se
1267 2123 1330 2144 non
1354 2113 1467 2145 iuvent
1488 2116 1600 2145 contra
1622 2123 1680 2144 nos
1703 2116 1737 2144 et
1759 2113 1819 2144 im-

111 2175 138 2195 as
156 2164 282 2207 perium
306 2164 546 2207 quoquomodo.
591 2165 815 2207 Precipientes
839 2165 929 2197 vobis
953 2169 986 2196 et
1010 2164 1143 2197 cuilibet
1165 2167 1307 2196 vestrum
1330 2163 1390 2196 sub
1418 2163 1554 2197 obtentu
1582 2165 1687 2208 gratie
1710 2167 1818 2195 nostre

158 2219 192 2248 et
214 2216 394 2248 amissionis
416 2215 585 2248 feodorum
610 2219 789 2248 vestrorum
813 2227 908 2259 pena,
933 2217 1084 2259 quatinus
1106 2216 1251 2258 prefatas
1273 2216 1490 2258 recepciones,
1506 2217 1719 2256 retenciones,
1742 2226 1818 2247 eon-

157 2268 330 2300 venciones
353 2270 386 2300 et
408 2268 636 2310 promissiones
659 2269 767 2301 eidem
793 2269 1038 2310 archiepiscopo
1063 2271 1097 2300 et
1119 2268 1185 2299 suis
1207 2267 1446 2300 successoribus
1467 2268 1706 2310 imperpetuum
1728 2268 1819 2299 iuxta

157 2319 272 2351 modos
295 2320 328 2351 et
350 2319 555 2352 condiciones
577 2320 753 2362 appositos,
777 2320 906 2362 quando
930 2323 963 2352 et
986 2320 1139 2362 quociens
1162 2329 1204 2351 ex
1226 2322 1318 2361 parte
1342 2320 1483 2361 ipsorum
1507 2319 1696 2361 requisitum
1719 2318 1817 2351 fueri—

158 2371 209 2411 tis,
236 2370 372 2403 indilate
400 2374 434 2402 et
460 2371 492 2402 iu
521 2374 675 2414 quantum
705 2371 748 2403 ad
777 2382 834 2403 vos
865 2375 899 2403 et
922 2371 1102 2413 quemlibet
1131 2373 1272 2403 vestrum
1299 2371 1506 2413 pertinuerit,
1534 2370 1735 2413 integraliter
1758 2371 1817 2402 im-

114 2432 142 2452 «o
159 2421 277 2464 pleatis
300 2425 334 2454 et
355 2421 496 2454 fideliter
518 2422 705 2455 observetis.

265 2480 339 2514 Dat.
364 2481 556 2521 Bacheraci‚
590 2482 663 2514 XV.
687 2482 759 2514 Kal.
785 2481 950 2522 Octobris,
979 2492 1062 2514 anno
1092 2481 1222 2514 Domini
1246 2481 1365 2514 MCCC
1389 2481 1542 2514 vicesimo
1571 2482 1692 2524 primo,
1726 2483 1817 2523 regni

163 2542 240 2564 vero
263 2532 363 2563 nostri
386 2542 469 2564 anno
493 2533 641 2575 septimo.
