2184 3126
213 729 238 749 10

211 1504 235 1525 'b

212 2282 237 2301 ⁴0

535 142 632 194 Adra
650 166 764 195 REGNI
782 166 967 195 LUDEWICI
986 166 1034 195 IV.
1051 165 1097 194 ET
1117 166 1300 195 FRIDERICI
1320 166 1369 194 111.
1405 167 1480 195 1319.
1516 167 1565 194 Nr.
1578 168 1637 195 548.
1845 171 1907 202 437

256 255 338 286 sacri
360 254 486 296 imperii
509 253 662 295 Romani,
686 257 722 286 ut
744 255 891 297 superius
913 254 1099 294 denotatur,
1123 265 1157 286 se
1181 254 1378 296 presentavit
1400 257 1434 286 et
1455 255 1584 286 nomine
1607 264 1645 286 ac
1669 255 1737 286 vice
1762 257 1908 287 comunis

257 309 290 338 et
312 305 476 338 hominum
499 308 585 337 terre
610 304 784 338 Coneclani
807 309 841 338 et
863 305 1025 338 districtus
1048 305 1193 338 eiusdem
1217 305 1334 338 obtulit
1359 315 1395 338 se
1419 310 1566 348 paratum
1590 306 1719 338 nomine
1743 306 1907 338 antedicto

256 356 404 390 omnibus
425 356 586 389 mandatis
613 359 646 388 et
675 358 836 400 preceptis
864 358 965 400 ipsius
988 357 1108 390 domini
1130 357 1332 400 integraliter
1355 367 1469 400 parere
1503 361 1538 390 et
1565 357 1699 390 obedire
1733 362 1767 390 et
1800 358 1905 390 eidem

256 409 384 442 domino
409 409 519 441 comiti
541 409 670 440 nomine
694 410 776 441 sacri
798 409 926 451 imperii
950 409 1054 442 dictus
1077 409 1227 451 syndicus
1251 410 1411 452 asignavit
1441 413 1474 442 et
1497 410 1615 442 obtulit
1637 410 1679 441 ad
1703 411 1772 442 eius
1794 410 1907 442 volun-

255 463 356 493 tatem
380 463 508 500 terram,
531 459 706 496 fortilicias,
730 460 838 493 claves
861 465 894 493 et
916 461 1138 493 iurisdiciones
1161 464 1246 493 terre
1270 461 1473 503 Con(eclani)
1497 465 1530 494 et
1553 461 1725 494 districtus.

363 511 409 554 (2)
431 511 493 549 Qui
510 511 657 544 dominus
673 523 783 544 comes
799 513 917 545 auditis
929 512 1035 545 verbis
1051 513 1128 545 dicti
1144 513 1267 556 syndici
1283 514 1412 546 nomine
1428 514 1508 546 sacri
1525 514 1652 556 imperii
1668 524 1739 545 cum
1757 516 1908 556 prompta

255 563 455 607 benignitate
477 564 659 606 acceptavit
682 567 715 595 et
737 564 858 596 ibidem
882 565 1090 597 incontinenti
1114 564 1218 597 dictus
1241 564 1390 597 dominus
1406 575 1516 598 comes
1530 566 1659 598 nomine
1680 566 1762 597 sacri
1778 566 1906 608 imperii

254 615 394 648 Romani
416 615 524 648 eidem
546 614 678 657 syndico
702 616 870 658 recipienti
893 617 1022 648 nomine
1052 620 1085 648 et
1107 617 1177 649 vice
1207 616 1283 649 dicti
1306 618 1465 658 comunis,
1497 617 1662 649 hominum
1694 621 1728 649 et
1749 618 1906 649 universi-

256 668 330 700 tatis
352 669 438 699 terre
463 666 637 700 Ooneclani
661 667 877 709 confirmavit,
912 667 1083 710 aprobavit
1117 672 1150 700 et
1178 668 1347 701 retificavit
1374 679 1470 701 omne
1497 669 1703 711 privilegium
1735 672 1768 701 et
1795 680 1907 701 omnes

253 718 474 751 iurisdiciones
498 722 531 751 et
554 720 761 751 auctoritates
785 730 822 751 ac
846 730 958 752 omnes
979 720 1100 762 gratias
1123 723 1156 752 et
1178 719 1356 762 libertates,
1380 720 1467 763 quod
1491 724 1524 753 et
1546 731 1627 763 quas
1649 722 1753 763 ipsum
1770 731 1906 753 comune

255 773 288 803 et
310 769 456 802 homines
471 769 673 813 Con(eclani)
697 770 856 802 haberent
878 775 912 803 et
934 771 1055 804 habere
1072 771 1257 804 viderentur
1279 782 1337 804 seu
1359 772 1420 804 sibi
1435 783 1586 805 concesse
1610 776 1643 806 et
1663 772 1778 815 largite
1798 777 1907 805 essent

255 832 275 855 a
297 831 387 854 sacro
410 822 546 864 imperio
569 821 717 854 Romano
744 833 846 864 usque
878 822 919 855 ad
943 827 1127 865 presentem
1155 823 1256 865 diem,
1289 828 1322 855 et
1351 823 1393 856 ad
1421 825 1560 867 gratiam
1595 828 1629 856 et
1654 824 1906 857 benivolentiam

255 873 334 906 sacri
359 873 484 915 imperii
509 874 701 906 auctoritate
725 873 784 905 sibi
810 885 962 907 concessa
986 875 1224 917 presentialiter
1246 875 1377 908 reduxit
1405 880 1438 908 et
1464 877 1682 918 pertractavit.
1772 877 1908 919 Insuper

253 925 355 957 voluit
376 925 480 957 dictus
503 925 650 957 dominus
673 936 782 958 comes
805 927 933 958 nomine
957 927 1137 969 prescripto
1161 930 1194 959 et
1216 927 1277 959 sibi
1299 927 1422 970 placuit
1444 938 1481 960 ac
1498 927 1709 970 corporaliter
1731 928 1772 960 ad
1795 932 1906 960 sancta

254 975 318 1009 Dei
341 977 513 1019 euangelia
535 977 652 1009 iuravit
679 978 773 1009 tactis
802 979 900 1010 sacris
930 979 1094 1020 scripturis
1126 989 1164 1011 ac
1199 980 1297 1011 etiam
1330 980 1459 1011 nomine
1494 980 1576 1011 sacri
1603 980 1731 1022 imperii
1760 981 1907 1022 promisit

254 1028 360 1061 eidem
384 1028 516 1071 syndico
539 1029 708 1071 recipienti
732 1033 765 1060 et
788 1031 897 1071 agenti
920 1031 1048 1063 nomine
1073 1034 1106 1063 et
1129 1032 1198 1063 vice
1222 1032 1366 1063 comunis
1389 1031 1542 1074 predicti,
1573 1035 1641 1063 toto
1669 1042 1726 1063 suo
1754 1042 1849 1074 posse
1873 1036 1907 1064 et

254 1081 335 1113 sacri
358 1081 486 1123 imperii
509 1080 696 1113 deffendere
721 1085 754 1114 et
776 1085 985 1115 manutenere
1007 1084 1111 1125 ipsum
1127 1093 1264 1116 comune
1287 1086 1320 1115 et
1335 1083 1482 1115 homines
1498 1082 1673 1116 Ooneelani
1695 1087 1730 1116 et
1745 1083 1906 1116 districtus

255 1135 288 1165 et
309 1132 531 1166 iurisdiciones
554 1132 699 1165 eiusdem
723 1134 867 1165 comunis
894 1138 927 1166 et
954 1134 1092 1167 honores
1127 1145 1147 1166 a
1176 1145 1367 1177 quacunque
1402 1145 1540 1177 persona
1574 1139 1608 1168 et
1636 1136 1843 1167 universitate
1873 1139 1907 1167 et

254 1196 447 1229 recuperare
475 1197 494 1219 a
518 1185 735 1218 detinentibus
765 1190 798 1218 et
828 1186 1066 1228 possidentibus
1094 1189 1206 1218 contra
1227 1185 1428 1218 voluntatem
1461 1186 1539 1219 dicti
1567 1188 1711 1219 comunis
1746 1191 1780 1219 et
1812 1188 1904 1219 iuris-

257 1237 399 1270 diciones
423 1242 456 1271 et
478 1237 624 1270 homines
646 1248 721 1270 suos
743 1249 806 1270 non
829 1239 984 1278 minuere,
1008 1242 1058 1270 set
1080 1238 1187 1280 potius
1210 1238 1241 1269 in
1263 1242 1415 1280 quantum
1432 1239 1554 1281 poterit
1576 1239 1734 1281 ampliare
1757 1242 1791 1271 et
1813 1249 1904 1271 recu-

256 1300 380 1333 perare.
469 1289 581 1322 Voluit
607 1290 692 1322 enim
723 1292 757 1322 et
784 1290 910 1322 comisit
937 1289 1040 1322 dictus
1063 1289 1211 1321 dominus
1235 1299 1344 1322 comes
1371 1291 1501 1322 nomine
1535 1291 1618 1322 sacri
1647 1291 1773 1333 imperii
1800 1291 1904 1332 ipsum

255 1351 390 1374 comune
414 1345 448 1374 et
470 1341 616 1374 homines
638 1351 676 1373 ac
698 1343 818 1373 terram
844 1341 883 1373 de
907 1341 1090 1374 Ooneclano
1114 1351 1186 1373 cum
1209 1342 1274 1373 suis
1296 1342 1568 1375 iurisdictionibus
1591 1345 1624 1375 et
1638 1342 1813 1375 honoribus
1835 1343 1904 1374 sore

255 1396 424 1436 exemptos
445 1393 548 1426 libere
571 1403 591 1425 a
613 1393 754 1425 dominio
779 1393 1005 1435 cuiuscumque
1029 1394 1180 1434 civitatis,
1213 1393 1325 1435 castri,
1354 1393 1473 1426 domini
1497 1404 1555 1426 seu
1577 1395 1806 1436 cuiuscumque
1830 1405 1904 1437 per-

254 1456 348 1487 sone,
381 1445 499 1488 oolegii
529 1448 562 1477 et
584 1445 800 1477 universitatis
830 1449 896 1477 tam
920 1445 1072 1477 secularis
1101 1456 1197 1487 quam
1220 1445 1394 1488 spiritualis
1417 1450 1625 1488 preterquam
1657 1447 1738 1478 sacri
1765 1446 1903 1489 imperii.

253 1497 296 1529 Et
318 1497 404 1540 quod
426 1507 484 1540 per
506 1501 609 1530 totum
637 1500 765 1540 tempus
793 1498 842 1529 sui
865 1498 1030 1540 regiminis
1059 1509 1116 1531 seu
1138 1509 1267 1531 suorum
1290 1498 1514 1530 subcessorum
1545 1499 1576 1529 in
1603 1501 1758 1540 quantum
1785 1499 1906 1540 poterit

253 1559 316 1581 non
340 1549 488 1591 gravabit
507 1549 611 1591 ipsum
635 1559 770 1581 comune
795 1553 827 1581 et
849 1549 995 1581 homines
1019 1554 1103 1582 terre
1124 1550 1314 1591 Coneclani‚
1338 1554 1388 1582 set
1411 1550 1517 1592 potius
1539 1549 1763 1582 manutenebit
1785 1554 1819 1582 et
1841 1561 1904 1582 non

253 1600 406 1642 permitat
427 1599 478 1632 vel
501 1600 662 1632 relaxabit
684 1602 715 1632 in
739 1601 825 1633 dicta
848 1604 934 1633 terra
957 1612 1014 1633 suo
1038 1602 1165 1634 nomine
1193 1613 1251 1644 pro
1279 1605 1405 1634 rectore
1428 1601 1480 1633 vel
1510 1602 1591 1633 sacri
1615 1601 1757 1643 imperii,
1786 1602 1840 1644 qui
1862 1602 1905 1633 sit

253 1651 293 1684 de
317 1651 461 1684 districtu
484 1651 673 1684 Cenetensis
700 1663 757 1685 seu
786 1654 990 1695 episcopatus
1013 1653 1113 1685 Feltri
1138 1656 1171 1685 et
1193 1653 1322 1686 Belluni
1352 1664 1390 1686 ac
1413 1653 1488 1685 Fori
1512 1653 1593 1685 Iulii.
1639 1653 1681 1685 Et
1703 1653 1790 1696 quod
1813 1653 1904 1685 dabit

254 1713 384 1746 operam
409 1705 494 1739 omni
518 1704 636 1736 effectu
659 1715 716 1736 suo
749 1715 860 1747 posse,
895 1705 982 1747 quod
1017 1705 1284 1748 quandocumque
1314 1707 1383 1748 ipse
1412 1705 1560 1737 dominus
1587 1715 1646 1737 rex
1674 1716 1732 1747 per
1758 1709 1902 1737 sanctam

252 1755 434 1789 Romanam
457 1755 627 1788 ecclesiam
650 1756 747 1788 fuerit
770 1761 956 1798 coronatus,
987 1757 1159 1789 retiflcabit
1182 1762 1215 1790 et
1238 1757 1441 1789 confirmabit
1470 1757 1511 1789 de
1539 1758 1644 1799 gratia
1668 1767 1820 1789 concessa
1843 1758 1903 1799 ipsi

254 1808 381 1840 comuni
404 1811 437 1839 et
459 1807 642 1840 hominibus
665 1807 870 1850 Con(eclani)
894 1819 988 1840 omne
1012 1809 1216 1851 privilegium
1244 1812 1278 1840 et
1305 1819 1416 1841 omnes
1438 1808 1672 1850 iurisdiciones,
1696 1809 1904 1841 auctoritates

255 1862 288 1892 et
309 1859 462 1897 honores,
493 1862 613 1892 statuta
635 1863 669 1892 et
690 1860 937 1892 reformationes
960 1861 1062 1893 factas
1086 1864 1119 1892 et
1141 1860 1281 1901 fiendas,
1314 1861 1400 1903 quod
1425 1865 1458 1892 et
1480 1871 1560 1903 quas
1582 1862 1687 1903 ipsum
1710 1871 1846 1893 comune
1870 1865 1904 1893 et

253 1911 400 1943 homines
423 1910 595 1944 Goneclani
618 1911 775 1943 haberent
797 1922 817 1943 a
839 1922 930 1944 sacro
953 1913 1089 1954 imperio
1114 1912 1206 1944 datas
1229 1916 1263 1944 et
1285 1923 1463 1945 concessas.

361 1964 408 2005 (3)
430 1962 473 1994 Et
488 1963 532 1995 ibi
549 1963 652 1995 dictus
667 1963 816 2006 syndicus
831 1965 959 1996 nomine
976 1968 1010 1995 et
1024 1964 1094 1996 vice
1111 1963 1188 1995 dicti
1204 1965 1347 1996 comunis
1370 1967 1404 1996 et
1418 1964 1582 1996 hominum
1599 1967 1684 1996 terre
1701 1964 1903 2006 Oon(eclani)

253 2015 345 2046 flexis
367 2014 503 2057 genibus
519 2025 627 2047 coram
642 2015 807 2057 presentia
829 2015 906 2047 dicti
922 2015 1043 2047 domini
1059 2016 1184 2047 comitis
1200 2017 1327 2048 nomine
1344 2017 1539 2058 antescripto
1555 2015 1765 2058 corporaliter
1786 2016 1903 2047 iuravit

254 2067 348 2099 tactis
363 2067 461 2098 sacris
476 2067 640 2109 scripturis
662 2066 704 2099 ad
720 2071 830 2099 sancta
845 2067 907 2099 Dei
925 2068 1096 2109 euangelia
1118 2069 1150 2099 in
1166 2067 1334 2099 animabus
1349 2067 1507 2100 dictorum
1523 2067 1687 2099 hominum
1712 2071 1745 2099 et
1761 2069 1903 2100 comunis

253 2121 338 2150 terre
358 2118 560 2160 Con(eclani)
583 2120 738 2161 premisse
762 2124 794 2152 et
817 2119 1060 2152 districtualium
1085 2119 1191 2151 eidem
1215 2119 1344 2152 domino
1366 2120 1475 2152 comiti
1499 2120 1626 2151 nomine
1649 2119 1805 2161 premisso
1828 2130 1902 2161 per-

253 2169 426 2212 petualiter
448 2169 581 2202 obedire
610 2174 643 2203 et
665 2170 817 2203 mandata
844 2181 902 2203 sua
925 2171 1096 2203 observare
1127 2181 1166 2203 ac
1188 2181 1313 2204 sacrum
1337 2172 1506 2213 imperium
1531 2174 1565 2204 et
1586 2173 1691 2213 ipsum
1714 2171 1902 2203 deffendere

255 2225 288 2254 et
314 2231 424 2254 eorum
450 2222 589 2254 honores
615 2222 754 2255 fideliter
777 2225 915 2255 tractare
947 2227 980 2255 et
1002 2226 1211 2255 manutenere
1239 2226 1307 2255 toto
1334 2234 1392 2255 suo
1420 2234 1515 2265 posse
1544 2227 1655 2255 contra
1683 2233 1901 2266 quascumque

254 2284 408 2316 personas
431 2276 465 2306 et
485 2275 710 2307 universitates
732 2274 773 2306 ad
796 2275 844 2306 sui
867 2274 1106 2316 beneplacitum
1130 2279 1163 2306 et
1185 2274 1381 2307 mandatum.

362 2330 479 2363 Actum
503 2331 535 2362 in
557 2330 642 2362 valle
665 2341 767 2373 prope
788 2334 907 2363 terram
924 2330 1098 2363 Coneclani
1122 2330 1233 2363 subtus
1255 2331 1463 2374 paviglonum
1484 2331 1619 2373 predicti
1642 2331 1762 2363 domini
1777 2333 1905 2364 comitis

255 2381 399 2414 Henrici.

362 2466 434 2510 Ego
456 2468 615 2500 Antonius
646 2468 686 2501 de
710 2469 814 2501 Conto
845 2469 1004 2511 imperiali
1033 2469 1226 2501 auctoritate
1249 2468 1419 2511 not(arius)
1447 2468 1509 2500 hiis
1537 2468 1685 2501 omnibus
1715 2470 1842 2502 interfui
1870 2474 1904 2502 et

255 2522 387 2560 rogatus
409 2519 546 2562 scripssi.
