2124 3132
583 241 802 270 TRACTATUS
821 241 868 269 DE
886 241 1099 269 ELECTIONE.
1138 243 1212 270 1314.
1250 243 1296 270 Nr.
1313 223 1359 270 19..
1373 243 1415 270 20.
1787 251 1825 280 17

171 329 336 362 domiuum
359 352 366 360 .
383 351 391 360 .
415 326 694 370 archiepiscopum
721 327 754 359 in
783 328 947 370 premissis
976 331 1009 360 et
1038 338 1149 360 eorum
1177 329 1323 371 quolibet
1345 333 1454 362 actum
1478 330 1575 362 suerit
1597 331 1664 363 sive
1687 338 1824 373 gestum.

171 380 403 413 promittentes
425 378 512 411 bona
534 378 599 411 fide
623 381 657 410 et
679 379 747 411 sine
770 378 846 411 dolo
869 379 930 421 ipsi
954 383 1069 421 patruo
1093 383 1201 411 nostro
1218 405 1244 413 ..
1261 381 1506 423 archiepiscopo
1530 392 1602 414 cum
1625 387 1694 414 tota
1715 388 1824 415 nostra

170 431 322 475 potencia
345 430 503 463 adherere
527 433 561 462 et
583 430 745 471 assistere,
768 434 804 462 ut
826 431 857 462 in
881 431 1045 473 premissis
1061 431 1209 463 omnibus
1225 436 1258 463 et
1273 432 1406 474 singulis
1422 433 1650 475 recuperandis
1667 435 1825 467 iusticiam

171 485 396 525 consequatur.
441 481 600 514 Preterea
627 482 654 513 si
677 481 719 513 ad
743 481 965 514 Romanorum
987 493 1123 524 regnum
1146 483 1198 514 vel
1227 484 1397 525 imperium
1421 494 1479 515 nos
1501 484 1695 526 disposuerit
1719 485 1828 518 divina

139 547 150 566 ι
170 533 378 577 providencia
400 533 594 575 promoveri,
617 532 725 565 eidem
749 532 879 565 domino
897 558 903 565 .
919 558 925 565 .
943 534 1186 577 archiepiscopo
1210 534 1300 574 dare,
1323 534 1450 577 cedere,
1474 536 1619 567 conferre
1642 547 1680 568 ac
1704 537 1734 568 in
1751 548 1826 569 eum

169 585 343 619 transferre
366 584 583 628 promittimus
606 587 640 616 et
663 594 788 616 exnunc
811 588 846 617 ut
869 588 987 618 extunc
1010 585 1134 627 damus,
1158 586 1310 626 cedimus,
1334 586 1528 619 conferimus
1551 591 1585 618 ct
1606 588 1827 620 transferimus

170 647 230 680 per
258 639 426 680 presentes
454 635 711 668 irrevocabiliter
739 646 833 668 omne
864 637 912 669 ius
941 647 1133 680 omnemque
1162 647 1293 670 causam
1320 642 1354 670 et
1381 639 1556 678 actionem,
1588 639 1673 681 quod
1703 643 1736 671 et
1762 650 1829 682 que

170 689 298 721 racione
322 687 480 720 dictorum
503 710 511 718 .
529 710 536 719 .
560 687 652 729 regni
675 690 709 719 et
733 711 764 718 ..
788 687 916 729 imperii
938 687 1029 719 nobis
1052 692 1163 720 contra
1187 688 1307 721 dictum
1328 690 1490 730 comitem,
1514 691 1583 722 eius
1606 692 1777 723 comitatus
1793 696 1827 723 et

170 739 326 772 vassallos
352 749 390 771 ac
417 739 564 771 homines
590 748 664 770 suos
692 742 823 781 possent
850 743 1035 781 competere
1063 743 1096 771 et
1119 743 1343 782 competerent
1365 742 1432 772 sive
1455 745 1642 783 competere
1666 741 1829 774 deberent

128 802 152 823 ιο
169 801 266 834 super
287 790 380 823 bonis
402 789 577 822 mobilibus
600 793 634 822 et
648 790 867 822 immobilibus
882 791 914 822 in
931 791 1174 833 quibuscunque
1198 791 1293 824 rebus
1311 792 1557 824 consistentibus
1573 791 1614 824 ab
1631 794 1708 835 ipsis
1725 804 1826 836 regno

169 845 203 875 et
224 842 360 885 imperio
384 841 666 882 descendentibus,
690 841 796 874 modis
819 842 967 874 omnibus
987 846 1021 874 et
1041 842 1280 875 condicionibus
1296 844 1498 885 supradictis,
1522 855 1619 886 super
1634 844 1749 886 quibus
1765 845 1824 877 sibi

169 904 295 927 exnunc
322 893 538 936 promittimus
563 893 688 926 litteras
714 896 840 926 nostras
863 897 982 926 extunc
1005 897 1154 936 patentes
1178 898 1210 926 et
1233 894 1378 936 publicas
1402 895 1540 937 elargiri.
1631 897 1667 927 ln
1691 907 1824 938 quorum

169 945 267 978 robur
289 948 323 978 et
344 945 564 985 testimonium
584 944 692 987 sigilla
715 945 894 977 maiestatis
917 949 1025 978 nostre
1050 945 1254 987 presentibus
1277 949 1350 978 sunt
1372 956 1526 988 appensa.

226 1019 233 1021 -
277 995 557 1039 Dat.¹Wesal(ie),
581 996 621 1028 V.
638 995 722 1028 Non.
738 996 851 1037 Febr.‚
879 1007 962 1029 anno
986 997 1117 1029 Domini
1140 997 1311 1029 millesimo
1334 999 1562 1030 trecentesimo
1587 1000 1822 1032 terciodecimo

126 1059 152 1080 u
170 1059 342 1092 regnorum
365 1059 442 1081 vero
465 1051 648 1081 nostrorum
671 1058 755 1080 anno
779 1048 890 1080 tercio.

277 1125 393 1158 'restes
414 1125 571 1168 magister
592 1124 761 1157 Oonradus
784 1125 1006 1164 cancellarius,
1030 1125 1191 1158 Iohannes
1214 1126 1255 1158 de
1272 1126 1458 1158 Brunshorn
1483 1130 1515 1158 et
1531 1126 1652 1159 Paulus
1676 1127 1716 1159 de
1734 1127 1825 1160 Eich.

170 1176 297 1211 Eodem
318 1177 402 1218 loco,
425 1177 506 1209 hora
529 1176 776 1218 completorum.

304 1369 358 1406 20.
395 1369 524 1407 UNIO
551 1369 720 1406 INTER
745 1368 1214 1407 ARCHIEPISCOPUM
1237 1368 1598 1406 MOGUNTLNUM
1625 1369 1690 1406 ET

397 1424 768 1463 MARCHIONEM
797 1425 831 1462 B
838 1425 950 1462 RAN
951 1425 1022 1462 DE
1030 1424 1245 1462 NBURGE
1252 1424 1394 1462 NSEM
1417 1424 1599 1461 PRIMA.

53 1531 58 1541 .
125 1505 159 1554 ¹·-
849 1493 957 1530 1314.
999 1493 1104 1530 Mart.
1126 1493 1162 1530 6.

279 1584 440 1626 originale
469 1584 544 1627 (or.)
574 1585 610 1616 in
641 1585 801 1628 tabulario
832 1584 972 1626 yenerali
1003 1584 1092 1626 regmi
1119 1584 1287 1616 Bawariei
1321 1583 1445 1615 ‘Maiae
1476 1583 1614 1622 Ernstist
1643 1583 1824 1625 Nachtrciqe

167 1638 248 1677 fasc.
266 1637 327 1669 13’.
373 1636 523 1678 Siyilbum
545 1637 642 1675 deest,
672 1636 748 1669 loris
775 1637 1020 1669 membranaceis
1041 1636 1168 1668 relictis.
1215 1636 1257 1668 In
1283 1647 1369 1668 verso
1396 1635 1529 1677 leqitur:
1563 1636 1745 1668 Consensus
1769 1636 1824 1668 (ἰῶ

170 1687 282 1722 Wold.
304 1688 499 1721 marchionis
521 1688 808 1731 Brandeuburgen.
833 1699 930 1730 super
953 1688 1116 1720 eleccione
1139 1687 1232 1720 Rom.
1250 1689 1345 1730 regis.
1370 1707 1411 1711 —
1434 1687 1505 1719 Iam
1529 1687 1686 1719 edidimus
1708 1687 1824 1719 ‘Neues

168 1739 298 1773 Archiv'
318 1739 457 1778 XXIII,
479 1740 544 1772 295
566 1750 616 1772 nr.
631 1740 676 1771 27
697 1751 736 1772 ex
759 1750 807 1772 or.

126 1809 152 1830 ss
280 1801 330 1840 Of.
354 1800 447 1841 infra
476 1811 526 1833 nr.
550 1801 593 1832 38
620 1803 650 1832 et
677 1802 732 1839 56,
770 1801 903 1841 itemque
929 1800 986 1832 Fr.
1008 1799 1157 1832 Salomon
1188 1798 1260 1831 ‘Die
1286 1799 1589 1838 brandmzburyische
1611 1799 1744 1831 Stimme
1776 1799 1825 1831 bei

170 1853 227 1886 der
258 1852 466 1893 Domelwahl
497 1862 558 1885 von
591 1852 691 1884 1314’
728 1852 764 1884 in
794 1852 1026 1892 ‘Forschunqen
1058 1862 1118 1883 zur
1150 1851 1477 1891 brandenburyischen
1513 1851 1581 1882 und
1603 1850 1825 1890 preussischen

172 1904 362 1937 Gesclu'chte’
386 1904 483 1942 XXI,
506 1905 571 1936 201
581 1914 646 1944 sqq.

277 1989 358 2023 Wer
373 1989 565 2026 Waldemar
587 2001 648 2022 von
672 1989 730 2022 der
752 1989 858 2032 gnade
883 1988 993 2021 Godes
1016 1989 1226 2031 marchgrave
1249 1999 1286 2020 zo
1311 1987 1541 2020 Brandeburch
1565 1987 1650 2019 unde
1674 1999 1710 2019 zo
1727 1988 1824 2020 Luziz

167 2041 253 2075 unde
277 2052 339 2084 eyn
361 2041 576 2074 vormundere
601 2041 658 2074 des
682 2041 798 2074 edelen
814 2044 942 2072 vorsten
965 2051 1156 2082 margraven
1172 2040 1297 2072 Johauz
1313 2050 1378 2071 wer
1402 2038 1457 2071 tfin
1481 2039 1562 2070 kunt
1584 2038 1670 2070 allen
1695 2038 1757 2071 den
1781 2039 1823 2071 de

125 2099 151 2121 ⁸⁰
168 2093 284 2127 dessen
306 2093 383 2126 bref
401 2103 457 2126 sen
481 2093 562 2126 oder
583 2093 685 2125 horen
707 2093 808 2131 lesen,
832 2092 891 2124 daz
908 2103 973 2124 wer
996 2091 1094 2124 dorch
1111 2091 1210 2123 vrede
1233 2091 1319 2123 unde
1342 2101 1501 2132 gemeync
1525 2094 1580 2122 nut
1603 2089 1662 2122 der
1684 2090 1823 2122 kristen-

167 2145 247 2188 heyt
267 2145 348 2178 obet
370 2155 433 2188 eyn
455 2145 619 2187 gekomen
641 2146 689 2177 sin
711 2145 797 2177 unde
820 2155 898 2176 unse
922 2148 1066 2186 getruwe
1090 2154 1164 2175 man
1187 2142 1357 2184 Droyseke
1380 2142 1466 2174 unde
1490 2142 1652 2183 Nycolaus
1676 2152 1736 2173 von
1756 2142 1825 2174 Buc

167 2197 253 2230 unde
268 2197 428 2240 Heyricus
451 2196 492 2229 de
516 2197 648 2229 techant
663 2208 725 2229 von
742 2196 875 2228 Stendal
899 2196 958 2227 mit
981 2199 1103 2227 truwen
1126 2194 1259 2236 gelobet
1274 2194 1348 2233 han,
1372 2194 1432 2225 daz
1447 2204 1513 2226 wer
1528 2194 1586 2225 mit
1602 2193 1676 2224 dem
1698 2193 1823 2225 hochen

167 2249 269 2283 heren
297 2249 393 2281 deme
422 2249 630 2291 ercebiscope
657 2259 719 2280 von
747 2248 883 2290 Megenz
912 2247 1013 2279 heren
1042 2246 1133 2278 Petir
1162 2246 1265 2278 under
1294 2255 1371 2277 sven
1401 2255 1559 2287 personcn
1589 2244 1688 2276 heren
1716 2244 1823 2276 Johan

168 2301 265 2334 deme
298 2300 418 2343 konige
448 2310 508 2332 von
539 2300 664 2332 Behem
698 2300 783 2332 unde
813 2310 934 2342 graven
963 2298 1117 2330 Bartolde
1148 2308 1210 2330 von
1239 2296 1478 2328 Hennenberch
1508 2306 1611 2338 eynen
1641 2296 1824 2328 Romescen

124 2360 150 2381 υ
167 2352 269 2395 konig
290 2352 394 2384 kesen
416 2351 525 2384 scolen
551 2351 859 2394 eyndreftichlichen
876 2361 936 2382 von
956 2361 1051 2382 unser
1066 2359 1179 2391 wegen
1196 2348 1280 2380 unde
1296 2359 1392 2380 unses
1407 2347 1502 2379 leben
1520 2358 1680 2389 swageres
1697 2347 1822 2379 march·

167 2414 298 2447 grewen
321 2403 455 2444 Johns,
478 2403 564 2435 unde
588 2403 647 2435 dar
669 2413 710 2434 an
733 2402 819 2435 scole
843 2413 909 2434 wer
932 2402 1047 2444 volgen
1072 2401 1167 2432 deme
1191 2399 1409 2441 ercebiscope,
1433 2410 1515 2430 swar
1537 2399 1596 2430 her
1618 2398 1698 2430 kore
1722 2398 1825 2429 under

168 2455 232 2488 den
253 2465 340 2488 ewen
363 2465 533 2497 personen,
557 2454 599 2486 ob
622 2454 663 2486 de
686 2453 828 2486 anderen
853 2454 1061 2485 korevorsten
1083 2451 1210 2493 volgen,
1233 2451 1302 2482 also
1325 2450 1384 2482 daz
1407 2461 1468 2492 eyn
1493 2449 1699 2492 eydrechtich
1725 2450 1823 2491 konig

167 2506 313 2550 gekoren
335 2506 446 2539 werde
468 2517 531 2538 von
554 2505 618 2538 den
641 2516 728 2537 swen
751 2515 919 2548 personen.
955 2504 1052 2536 Were
1075 2503 1154 2535 aber
1177 2503 1235 2534 daz
1258 2502 1317 2534 daz
1340 2502 1399 2534 der
1422 2502 1573 2543 hertsogc
1595 2511 1655 2532 von
1673 2500 1820 2542 Bayeren

167 2557 234 2591 sich
250 2558 310 2590 dar
324 2569 363 2590 uz
380 2557 478 2590 werse
495 2557 580 2590 unde
596 2557 684 2589 nicht
696 2557 813 2599 volgen
825 2556 940 2594 wolde,
957 2567 992 2587 so
1009 2555 1095 2587 scole
1110 2560 1177 2586 we·
1194 2554 1276 2586 doch
1294 2554 1389 2585 deme
1406 2553 1613 2586 ercebiscoffe
1626 2552 1741 2594 volgen
1758 2563 1818 2583 von

123 2618 151 2639 ¹⁰
167 2609 313 2653 Megenz.
352 2609 454 2642 Were
477 2609 538 2641 och
561 2609 620 2641 daz
643 2609 702 2641 der
724 2608 906 2641 ercebiscof
918 2618 978 2639 von
995 2606 1096 2639 Colne
1119 2616 1182 2637 von
1206 2605 1301 2637 deme
1318 2605 1540 2637 vorbuntnisse
1565 2608 1657 2644 trote,
1682 2603 1741 2634 daz
1765 2603 1824 2634 her

167 2660 226 2694 hat
246 2661 306 2693 mit
328 2671 387 2693 uns
396 2661 418 2702 ¹,
441 2671 477 2693 so
501 2660 588 2693 scole
604 2671 670 2692 wer
693 2660 771 2692 aber
794 2660 888 2692 deme
913 2658 1095 2691 ercebiscof
1107 2657 1222 2699 volgen
1244 2657 1283 2688 uf
1301 2657 1342 2688 de
1359 2664 1576 2698 vorgennnten
1601 2667 1637 2687 zo
1654 2666 1822 2696 personon.

269 2737 316 2766 19.
344 2738 367 2771 ο)
386 2757 392 2765 .
405 2757 412 2765 .
426 2743 487 2772 post
505 2738 567 2764 add.
585 2739 613 2764 in
631 2739 702 2764 linco
720 2747 758 2763 or.

269 2797 318 2825 20.
346 2797 371 2832 ι)
389 2807 470 2832 supra
487 2799 583 2825 lineam
601 2798 664 2824 odd.
684 2807 721 2823 or.

271 2867 296 2900 1)
316 2866 411 2904 Supra
428 2874 470 2894 nr.
484 2870 521 2893 11.

270 2926 307 2944 ιι..
327 2925 538 2944 constannens
559 2925 581 2943 v.
1598 2911 1614 2937 3
