2190 3172
247 264 298 284 1³18

232 287 285 315 Apr.
297 290 330 310 2³.

347 179 408 209 354
541 176 638 204 ACTA
658 177 772 204 REGNI
790 176 978 204 LUDEWICI
996 177 1043 205 IV.
1062 177 1107 204 ΕΤ
1125 177 1310 206 FRIDERICI
1329 179 1377 206 111.
1414 179 1488 207 1317.
1525 178 1573 206 Nr.
1585 179 1645 207 419.
1663 179 1722 207 420.
1739 180 1798 208 421.

343 263 468 295 Pasche
492 264 642 306 proxime
666 266 835 296 venturum
858 264 1044 296 satisfacere
1067 265 1282 306 promittimus
1305 265 1379 297 dolo
1404 268 1437 297 et
1459 265 1572 297 fraude
1590 265 1787 298 cessantibus
1810 267 1937 309 penitus
1960 271 1994 299 et

345 315 482 346 exclusis
506 316 655 357 omnique
673 316 841 347 occasione
865 319 999 348 remota.
1045 316 1167 348 Dantes
1190 316 1251 348 sibi
1273 317 1331 349 has
1354 320 1477 349 nostras
1500 317 1641 349 litteras·
1665 328 1761 359 super
1784 327 1823 349 eo
1846 319 1878 349 in
1901 319 1991 350 testi-

343 367 485 399 monium
509 367 605 409 sigilli
627 368 727 399 nostri
749 367 866 399 robore
889 368 1109 400 communitas.

449 427 523 459 Dat.
546 427 735 469 Bacharaci,
759 428 852 459 XIII.
869 428 1007 460 Kalend.
1029 428 1113 469 Iulii,
1137 439 1219 460 anno
1242 428 1372 461 Domini
1395 428 1564 460 millesimo
1588 429 1814 461 trecentesimo
1837 429 1991 471 septimo-

343 478 478 519 decimo,
502 479 594 521 regni
617 489 692 511 vero
718 480 816 511 nostri
839 490 921 511 anno
946 481 1056 512 tercio.
2024 491 2035 509 ⁵

516 713 590 749 420.
624 713 871 750 EIUSDEM
897 712 1175 751 SCRIPTUM
1203 714 1308 751 PRO
1335 714 1529 752 COMITI
1556 715 1626 751 DE
1656 714 1814 752 MORS.

816 780 821 788 ’
1023 787 1132 823 1317.
1169 787 1249 823 Iun.
1272 786 1331 823 922.

457 894 618 935 Ονὶρίηαῐε
649 893 722 936 (or.)
753 894 788 925 in
818 894 976 927 tabulario
1006 896 1090 936 reyz'o
1118 894 1405 935 Dusseldorpiensi.
1456 895 1691 936 Descripsimus
1719 906 1786 928 nos.
1843 896 1990 937 Siyillum

339 946 437 984 deest,
468 946 529 978 lori
557 946 786 978 membranacei
808 945 989 988 fraymento
1017 946 1133 979 relicto.
1169 965 1211 970 —
1244 946 1308 978 Ed.
1326 945 1504 979 Laeomblet
1526 947 1807 981 ‘Urkundenbuch’
1829 948 1901 987 III,
1925 948 1990 980 119

339 1008 389 1029 nr.
406 999 469 1028 160
492 1008 530 1029 ex
554 1008 599 1029 or.
2009 1011 2034 1030 ιο

446 1053 594 1092 ΒόῙιηιεν,
618 1053 693 1094 Rey.
710 1053 823 1085 Ludw.
842 1063 877 1095 p.
893 1055 958 1085 271
981 1065 1030 1086 nr.
1046 1055 1132 1086 2629
1155 1054 1280 1094 (Addit.
1298 1054 1322 1086 I
1316 1056 1344 1095 ).

445 1147 638 1179 Ludowicus
656 1147 720 1178 Dei
743 1148 848 1188 gratia
862 1147 1082 1180 Romanorum
1105 1157 1165 1179 rex
1188 1158 1316 1190 semper
1339 1150 1494 1190 augustus
1580 1148 1682 1181 nobili
1703 1150 1771 1182 viro
1787 1149 1990 1182 Theoderico

339 1199 449 1231 comiti
472 1198 513 1230 de
535 1198 653 1240 Mfirse,
677 1198 765 1230 fideli
788 1209 845 1230 suo
870 1198 988 1231 dilecto
1076 1199 1214 1241 gratiam
1237 1210 1327 1231 suam
1351 1203 1385 1231 et
1407 1210 1501 1232 omne
1524 1199 1653 1232 bonum.

447 1250 605 1282 Strennue
629 1250 799 1292 probitatis
821 1253 876 1282 tue
899 1251 1024 1291 merita,
1049 1261 1111 1293 que
1135 1261 1304 1292 personam
1330 1254 1418 1283 tuam
1441 1251 1538 1294 longe
1560 1252 1692 1294 lateque
1715 1251 1854 1284 reddunt
1875 1251 1990 1285 lauda·

338 1302 437 1334 bilem
468 1305 501 1334 et
524 1302 689 1342 decoram,
724 1304 844 1344 tuaque
867 1302 1021 1343 fidelitas,
1059 1313 1154 1344 quam
1183 1302 1225 1334 ad
1246 1313 1304 1334 nos
1334 1306 1367 1335 et
1390 1313 1516 1335 sacrum
1539 1304 1625 1346 geris
1646 1304 1832 1346 imperium,
1864 1305 1989 1346 magni-
2009 1314 2034 1334 ιε

337 1354 499 1386 ficentiam
522 1357 664 1386 nostram
688 1353 746 1386 tibi
773 1365 838 1386 non
860 1354 1008 1386 inmerito
1033 1355 1229 1386 constituunt
1251 1365 1308 1396 pre
1331 1355 1447 1387 ceteris
1470 1355 1669 1388 debitricem.
1713 1354 1870 1388 Volentes
1892 1356 1991 1398 igitur

338 1405 456 1438 obinde
485 1409 518 1438 te
541 1407 682 1448 gratiose
705 1406 872 1448 prosequi,
905 1410 941 1437 ut
969 1416 1029 1448 per
1051 1405 1202 1438 effectum
1226 1407 1333 1448 operis
1355 1407 1492 1448 sencias,
1521 1406 1609 1450 quod
1636 1407 1777 1449 gerimus
1806 1407 1839 1439 in
1861 1407 1989 1450 affectu,

338 1457 479 1489 bannum
509 1457 649 1489 ferarum
677 1460 763 1490 terre
793 1460 847 1489 tue
875 1468 999 1490 necnon
1030 1457 1206 1500 pedagium
1233 1458 1421 1500 wulgariter
1447 1459 1610 1501 wegegelt
1636 1459 1836 1501 appellatum
1865 1469 1924 1501 per
1955 1462 1989 1492 te

337 1511 475 1551 tuosque
498 1509 745 1551 predecessores
775 1509 816 1541 ab
845 1509 931 1551 olym
956 1520 1058 1551 usque
1085 1520 1168 1542 nunc
1190 1510 1291 1552 recipi
1315 1513 1516 1551 consuetum,
1552 1513 1649 1553 prout
1671 1510 1786 1542 eadem
1810 1513 1943 1543 actenus
1969 1521 1989 1543 a

337 1560 507 1602 spectabili
529 1562 596 1593 viro
629 1561 832 1593 Theoderico
866 1561 976 1594 comiti
1003 1561 1153 1594 Olevensi
1181 1561 1309 1603 suisque
1337 1562 1594 1604 progenitoribus
1627 1562 1659 1594 in
1687 1561 1819 1594 feodum
1846 1562 1988 1603 tenuisti,
2006 1571 2032 1592 ὀ

338 1612 396 1644 tibi
419 1616 452 1645 et
474 1613 536 1644 tuis
552 1612 726 1645 heredibus
742 1614 936 1645 auctoritate
959 1614 1049 1656 regia
1072 1612 1113 1644 de
1129 1613 1263 1655 speciali
1285 1614 1391 1655 gratia
1407 1614 1640 1646 confirmamus.
1684 1613 1809 1646 Dantes
1830 1614 1987 1645 universis

339 1667 372 1696 et
394 1664 526 1706 singulis
549 1665 632 1696 sacri
654 1665 781 1707 imperii
803 1664 952 1697 fidelibus
974 1665 1109 1697 firmiter
1135 1665 1167 1696 in
1190 1664 1364 1707 mandatis,
1392 1675 1433 1697 ne
1456 1666 1528 1708 quis
1555 1664 1612 1709 [te]
1643 1666 1676 1698 in
1697 1665 1858 1697 huismodi
1881 1664 1986 1698 banno

338 1716 478 1748 ferarum
506 1718 540 1748 et
565 1715 705 1758 pedagio
734 1726 870 1758 gravare
900 1719 933 1748 et
963 1716 1120 1758 impedire
1144 1716 1387 1758 quomodolibet
1414 1720 1592 1759 presumat,
1626 1718 1708 1750 sicut
1728 1716 1986 1759 indignacionem

337 1769 460 1810 regiam
477 1768 615 1800 voluerit
630 1768 761 1800 evitare.
848 1768 887 1799 In
909 1769 998 1800 cuius
1021 1769 1068 1800 rei
1083 1768 1300 1800 testimonium
1319 1772 1485 1810 presentes
1506 1769 1631 1801 litteras
1646 1768 1802 1801 conscribi
1825 1771 1858 1800 et
1877 1772 1986 1800 nostre

337 1821 515 1852 maiestatis
538 1820 642 1862 sigillo
665 1820 813 1851 iussimus
836 1821 1034 1852 communiri.
1979 1813 1985 1819 ⁸
2004 1829 2030 1849 ²⁵

445 1880 520 1912 Dat.
538 1880 725 1921 Bacheraci,
740 1880 782 1913 X.
798 1880 914 1912 Kalen.
931 1881 1014 1922 Iulii,
1038 1891 1121 1912 anno
1137 1879 1267 1912 Domini
1282 1880 1453 1913 millesimo
1469 1881 1694 1913 trecentesimo
1710 1879 1986 1923 septimodecimo,

338 1932 429 1975 regni
451 1943 528 1964 vero
551 1933 651 1964 nostri
674 1943 757 1965 anno
781 1933 892 1964 tercio.

607 2156 852 2201 421—438.
893 2155 1029 2201 PAX
1060 2155 1283 2201 RHENI
1314 2154 1713 2202 GENERALIS.

892 2238 1000 2273 1317.
1042 2237 1123 2274 Iun.
1144 2237 1204 2274 22.
1220 2237 1376 2283 —Aug.
1397 2237 1432 2274 9.

720 2357 917 2388 421—423.
955 2354 1162 2388 SCRIPTA
1184 2354 1423 2387 LUDEWIOI
1448 2353 1606 2387 REGIS.
1993 2363 2019 2383 ao

948 2417 1039 2448 1317.
1074 2416 1144 2447 Iun.
1161 2417 1263 2447 22-
1275 2416 1335 2448 Iul.
1353 2417 1381 2448 3.

713 2522 800 2559 421.
842 2521 1016 2568 Scriptum
1036 2523 1139 2568 pacis
1162 2522 1344 2568 yeneralis.
1448 2522 1529 2558 Iun.
1549 2524 1614 2558 22.

448 2593 627 2635 Oriyinalia
649 2595 720 2634 duo,
743 2606 877 2636 quorum
902 2595 931 2638 1)
954 2596 991 2627 in
1011 2595 1168 2628 tabulario
1184 2596 1322 2628 civitatis
1338 2596 1517 2637 Spirensi-35
1538 2595 1678 2637 sigillum
1694 2595 1785 2633 deest,
1810 2594 1895 2635 quod
1901 2584 1904 2586 Δ
1917 2593 1982 2627 loro

336 2644 568 2677 membranaceo
589 2646 765 2685 pendebat;
793 2646 839 2679 ed.
860 2646 1001 2688 Hilyard
1026 2646 1215 2679 ‘Urkunden
1245 2647 1300 2679 der
1323 2647 1418 2680 Stadt
1441 2648 1571 2689 Speyer'
1593 2658 1630 2688 p.
1645 2647 1711 2679 243
1732 2657 1781 2679 nr.
1797 2647 1862 2678 307
1883 2656 1922 2679 ex
1947 2649 1982 2685 1;

336 2696 502 2728 editionem
523 2697 699 2737 repetimus.
1999 2708 2024 2728 ³⁵

439 2802 504 2830 419.
533 2804 556 2837 ¹)
575 2803 634 2831 litis
653 2814 690 2831 or.
