2184 3126
293 245 357 275 430
530 238 625 266 ACTA
643 237 756 265 REGNI
773 233 956 263 LUDEWICI
974 233 1020 260 IV.
1039 232 1085 259 ET
1103 229 1286 259 FRIDERICI
1304 228 1354 255 111.
1390 227 1465 254 1319.
1501 225 1549 252 Nr.
1562 225 1622 252 539.
1639 225 1700 254 540.

296 332 329 360 et
357 337 485 369 semper
507 326 614 358 facere
637 325 776 366 gratiose
807 332 846 354 ea
869 331 931 363 que
953 320 1108 352 honorem
1139 321 1172 350 et
1200 326 1343 349 amorem
1370 314 1447 345 dicti
1470 313 1591 344 domini
1614 312 1704 344 ducis
1733 316 1767 344 et
1795 315 1940 346 comunis

294 379 504 412 Venetiarum
527 379 673 419 spectant
697 385 734 407 ac
756 374 856 416 ipsius
879 372 999 404 domini
1021 371 1131 403 vicarii
1155 372 1188 402 et
1210 378 1338 400 suorum
1363 366 1462 408 gratis
1485 364 1648 407 obsequiis
1670 364 1894 406 amplectetur.

403 430 464 462 Die
487 428 665 471 penultimo
688 426 805 458 Martii.

381 588 625 633 540—542.
666 578 1050 631 COMMISSIO
1078 575 1486 624 VICARIATUS
1521 573 1863 622 CIVITATIS

904 640 1328 689 TERVISINAE.

851 721 959 758 1319.
1000 720 1090 765 Apr.
1111 719 1146 755 3.
1160 738 1211 743 —
1224 717 1312 762 Apr.
1335 718 1394 753 30.

421 830 505 866 540.
547 828 723 863 Fridericz·
749 827 838 871 reyis
863 825 1032 869 scriptum
1057 821 1187 858 cim’tati
1214 820 1402 865 Coneylani
1428 821 1578 855 missmn.
1684 818 1771 864 Apr.
1791 820 1825 854 3.
1942 852 1945 855 f

407 894 506 934 Copia
534 894 590 935 (c.)
624 893 660 924 in
690 890 893 923 Collectaneis
920 888 1083 921 Domi-nini
1111 886 1179 919 Dal
1215 886 1353 918 Giudice
1385 884 1539 917 tabularii
1570 885 1711 916 civitatis
1745 884 1914 926 Coneylami
1923 887 1944 918 ¹.

299 947 498 980 Contulimus
519 955 586 977 nos.
615 963 657 967 —
687 943 749 975 Ed.
773 942 863 974 Verci
886 940 1005 973 ‘Stoma
1027 939 1110 971 della
1131 948 1240 970 marca
1264 937 1463 977 Triviyiana’
1494 936 1591 974 VIII,
1616 937 1680 968 173
1701 946 1752 969 nr.
1769 937 1832 968 925
1854 947 1892 969 ex
1915 948 1941 970 c.

403 1002 549 1038 Biihmer,
573 1000 649 1040 Rey.
666 999 777 1031 Ludw.
795 1008 830 1038 p.
848 999 911 1028 173
932 994 1102 1028 Friedrich
1123 1004 1173 1026 nr.
1191 995 1263 1024 136.

407 1058 458 1099 Cf.
481 1066 580 1096 supra
602 1065 652 1087 nr.
669 1055 741 1085 534.
766 1053 838 1084 535.

403 1126 586 1158 Fridericus
609 1124 671 1155 Dei
694 1123 798 1164 gratia
820 1121 1039 1153 Romanorum
1064 1129 1122 1150 rex
1145 1128 1273 1159 semper
1296 1119 1450 1158 augustus
1516 1117 1654 1148 strenuis
1681 1120 1714 1148 et
1735 1118 1946 1159 prudentibus

296 1180 371 1210 viris
393 1177 559 1220 potestati,
589 1174 785 1214 consulibus,
816 1172 947 1204 consilio
972 1174 1004 1203 et
1026 1171 1153 1202 comuni
1177 1169 1315 1200 civitatis
1341 1168 1373 1199 in
1397 1167 1597 1210 Coneglano,
1627 1169 1692 1200 suis
1719 1173 1752 1201 et
1775 1168 1947 1214 [imperii]¹¹

296 1230 444 1261 fidelibus
467 1228 592 1260 dilectis
657 1226 795 1268 gratiam
818 1235 909 1255 suam
933 1225 965 1254 et
988 1231 1082 1253 omne
1107 1221 1234 1252 bonum.

405 1278 686 1317 Quemadmodum
715 1279 823 1308 nostre
853 1273 1035 1306 celsitudini
1058 1273 1171 1305 vestris
1194 1271 1308 1303 litteris
1339 1274 1372 1302 et
1399 1270 1663 1302 ambaxatoribus
1690 1272 1885 1314 suplicastis,
1912 1277 1948 1306 ut

295 1343 392 1364 unum
409 1332 449 1363 de
466 1330 618 1362 fratribus
633 1329 748 1360 nostris
772 1338 844 1359 cum
859 1326 982 1368 potenti
1000 1325 1151 1356 comitiva
1167 1323 1257 1355 vobis
1276 1323 1307 1354 in
1324 1322 1479 1354 auxilium
1496 1323 1713 1355 transmittere
1731 1323 1948 1367 dignaremus,

295 1383 395 1426 hi[n]c
419 1386 523 1414 vestre
554 1381 702 1413 fidelitati
731 1378 934 1421 presentibus
966 1377 1163 1416 intimamus,
1193 1374 1279 1417 quod
1302 1377 1436 1416 propter
1457 1374 1546 1406 varia
1576 1377 1609 1406 et
1631 1375 1788 1407 immensa
1818 1377 1949 1418 negotia

295 1438 436 1467 nostram
468 1433 739 1475 magnificentiam
770 1430 919 1472 urgentia
950 1429 1082 1460 fratrem
1112 1430 1257 1459 nostrum
1287 1427 1376 1457 iuxta
1407 1429 1508 1457 status
1541 1427 1589 1458 sui
1624 1431 1657 1458 et
1685 1427 1815 1459 honoris
1848 1430 1949 1460 nostri

297 1488 477 1519 decentiam
507 1486 549 1518 ad
575 1496 632 1516 vos
662 1485 694 1515 in
728 1487 795 1514 tam
824 1483 966 1514 succinte
996 1481 1151 1522 temporis
1181 1480 1301 1521 spatio,
1334 1481 1430 1519 prout
1457 1481 1563 1510 vestra
1598 1482 1631 1510 et
1657 1479 1759 1510 tocius
1787 1480 1949 1512 districtus

297 1539 455 1570 Tarvisini
485 1537 619 1579 requirit
646 1535 822 1567 necessitas
852 1537 884 1565 et
912 1533 1026 1575 exigit,
1057 1543 1119 1563 non
1143 1532 1305 1573 potuimus
1329 1530 1499 1562 destinare.
1545 1530 1670 1562 Idcirco
1693 1531 1810 1563 multas
1837 1535 1949 1564 noctes

296 1590 478 1622 insomnesb
503 1589 657 1621 ducentes
686 1590 794 1618 nostre
828 1585 944 1617 mentis
976 1583 1224 1616 sollicitudinem
1258 1586 1291 1614 et
1320 1581 1584 1614 considerationis
1612 1581 1784 1626 intuitu[m]
1816 1583 1859 1615 ad
1887 1584 1949 1616 hoc

297 1642 402 1674 studio
424 1651 542 1683 magno
567 1640 790 1676 convertimus,
814 1641 850 1669 ut
865 1637 956 1669 vobis
979 1639 1144 1678 tamquam
1167 1635 1283 1666 nostris
1307 1637 1340 1665 et
1362 1634 1489 1675 imperii
1512 1633 1661 1666 fidelibus
1685 1633 1810 1666 dilectis
1825 1638 1948 1667 vestro-

297 1705 367 1726 rum
391 1693 646 1725 adversariorum
670 1691 826 1722 malitiam
849 1689 1061 1721 reffrenantes
1076 1688 1236 1729 possimus
1258 1687 1347 1728 pacis
1371 1688 1404 1717 et
1419 1685 1659 1727 tranquillitatis
1683 1686 1853 1718 commoda
1875 1698 1949 1729 pre-

1963 1005 1990 1025 lo

1966 1287 1992 1306 1³

297 1756 426 1787 parare,
456 1744 498 1776 ad
527 1743 611 1786 quod
644 1743 741 1774 etiam
771 1741 975 1773 efficiendum
1006 1750 1130 1771 summo
1158 1738 1319 1770 desiderio
1349 1737 1548 1769 affectamus.
1598 1736 1641 1768 Et
1671 1748 1743 1768 cum
1772 1738 1803 1769 in
1834 1739 1950 1770 mentis
1975 1758 1981 1764 ·

297 1800 404 1829 nostre
428 1807 544 1828 arcano
561 1795 701 1836 undique
719 1794 896 1836 quesitumc
919 1793 1099 1832 fecerimus,
1123 1791 1253 1822 tandem
1270 1791 1519 1831 cogitamentum
1537 1791 1679 1820 nostrum
1703 1799 1801 1831 super
1823 1793 1949 1831 specta-

297 1849 397 1880 bilem
411 1849 514 1879 virum
530 1846 708 1878 Henricum
731 1846 883 1877 comitem
900 1844 1025 1876 Goritie
1049 1842 1242 1875 avunculum
1267 1846 1300 1873 et
1313 1841 1443 1872 fidelem
1459 1844 1603 1872 nostrum
1620 1840 1772 1871 dilectum
1790 1840 1950 1882 duximus,

299 1901 492 1932 extimantes
516 1898 602 1940 quod
625 1899 694 1939 ipse
718 1908 775 1939 pre
797 1896 945 1928 omnibus
969 1896 1050 1935 aliis,
1074 1904 1240 1936 quousque
1257 1893 1347 1924 vobis
1370 1903 1467 1924 unum
1485 1892 1524 1923 de
1541 1892 1692 1923 fratribus
1715 1893 1831 1924 nostris
1848 1896 1951 1924 trans-

299 1953 426 1983 mittere
450 1952 639 1992 poterimus,
664 1949 748 1991 quod
774 1951 969 1989 cooperante
992 1946 1085 1978 nobis
1108 1946 1274 1977 Altissimo
1298 1945 1355 1975 fiet
1377 1943 1532 1984 breviter,
1556 1954 1613 1975 vos
1637 1948 1670 1975 et
1692 1947 1800 1975 vestra
1822 1945 1951 1976 nomine

298 2007 407 2034 nostro
432 2005 542 2034 contra
567 2012 677 2033 omnes
692 2003 816 2031 vestros
839 1999 1041 2031 adversarios
1065 2000 1274 2028 manutenere
1291 1997 1420 2037 poterit,
1445 1995 1631 2027 deffendere
1656 1998 1688 2027 et
1705 1997 1796 2027 tueri.
1844 1996 1952 2032 Quare

299 2056 403 2096 ipsum
419 2053 509 2084 vobis
531 2053 713 2094 preficimus
736 2051 861 2093 sibique
884 2059 985 2091 usque
1009 2049 1051 2080 ad
1073 2049 1172 2080 nostri
1191 2047 1297 2079 fratris
1320 2047 1592 2078 transmissionem
1616 2047 1760 2088 regimen
1784 2050 1818 2078 et
1832 2048 1950 2090 guber-

300 2107 463 2137 nationem
479 2108 584 2136 vestre
609 2104 744 2135 civitatis
769 2106 802 2134 et
817 2103 919 2133 tocius
943 2101 1112 2132 comitatus
1136 2103 1170 2131 et
1185 2099 1347 2131 districtus
1363 2098 1520 2130 Tarvisini
1537 2098 1685 2130 duximus
1710 2099 1951 2131 comittendam.

300 2157 465 2198 Rogantes
488 2160 593 2187 vestre
617 2155 693 2186 fidei
715 2155 903 2196 puritatem,
932 2152 1123 2184 mandantes
1146 2152 1267 2192 pariter
1294 2153 1327 2182 et
1349 2150 1508 2189 volentes,
1537 2151 1685 2192 quatinus
1709 2150 1815 2182 eidem
1844 2154 1952 2183 nostro

303 2212 335 2239 et
362 2208 488 2249 imperii
515 2208 642 2238 nomine
670 2206 825 2237 studeatis
851 2204 1019 2236 intendere
1047 2203 1223 2235 efficaciter
1256 2206 1289 2234 et
1315 2212 1445 2244 parere,
1480 2212 1552 2233 cum
1582 2201 1744 2243 predictus
1777 2202 1953 2233 avunculus

301 2261 411 2290 noster
433 2269 466 2290 se
490 2258 532 2289 ad
553 2258 615 2289 hoc
638 2257 865 2289 inviolabiliter
888 2256 1090 2297 obligaverit,
1114 2254 1200 2296 quod
1223 2257 1364 2285 vestrum
1388 2253 1554 2293 honorem,
1582 2253 1785 2284 commodum
1810 2256 1843 2285 et
1865 2254 1952 2284 utili-

304 2312 404 2341 tatem
433 2309 552 2340 debeat
586 2310 675 2340 iuxta
704 2318 799 2350 posse
834 2317 926 2338 suum
958 2306 1098 2338 fideliter
1126 2315 1317 2347 promovere
1346 2306 1526 2346 vestrisque
1561 2315 1631 2336 esse
1667 2305 1784 2336 debeat
1817 2306 1954 2337 inimicis

303 2360 515 2401 adversarius,
532 2360 723 2402 quicumque
740 2359 835 2390 fuerit
850 2359 961 2398 hostis,
978 2362 1011 2389 et
1026 2361 1200 2399 perpetuus
1216 2358 1362 2388 inimicus
1373 2367 1494 2398 vosque
1511 2356 1639 2388 studeat
1654 2357 1791 2388 ubilibet
1806 2357 1954 2398 benignis

304 2413 454 2454 prosequi
471 2411 632 2443 favoribus
655 2415 688 2443 et
709 2411 882 2442 caritativis
903 2409 1072 2441 affectibus
1091 2412 1299 2451 pertractare.
1338 2409 1380 2440 Et
1402 2410 1428 2440 si
1448 2409 1572 2450 aliquas
1588 2409 1846 2450 perturbationes
1861 2409 1954 2441 vobis

304 2463 433 2503 inferre,
457 2463 542 2505 quod
558 2462 738 2494 nullatenus
755 2461 946 2500 credimusd,
969 2464 1179 2503 presumeret,
1204 2460 1404 2492 dissimulare
1428 2464 1461 2492 et
1481 2461 1620 2492 tolerare
1641 2461 1752 2502 procul
1769 2461 1866 2492 dubio
1890 2472 1954 2492 non

305 2525 479 2555 possemus.
519 2514 670 2545 Ceterum
693 2515 718 2545 si
741 2514 783 2545 ad
803 2514 908 2554 ipsum
924 2513 1064 2554 aliquem
1081 2513 1204 2544 timoris
1219 2515 1342 2543 motum
1367 2522 1409 2543 ex
1426 2512 1679 2554 quibuscumque
1697 2512 1800 2543 causis
1816 2513 1954 2553 habetis,

305 2565 395 2597 vobis
418 2566 623 2597 securitatem
646 2565 744 2596 faciat
766 2564 978 2596 sufficientem
1002 2568 1035 2596 et
1056 2564 1230 2606 ydoneam,
1260 2563 1346 2606 quod
1369 2564 1467 2595 nichil
1490 2563 1692 2595 adversitatis
1714 2564 1805 2595 vobis
1827 2564 1954 2606 inferet,

306 2617 364 2648 sed
387 2616 473 2659 quod
495 2627 553 2658 per
576 2617 680 2658 ipsum
705 2617 810 2647 omnia
833 2618 940 2648 vestra
964 2616 1052 2647 salva
1076 2618 1169 2647 erunt
1197 2619 1229 2647 et
1255 2616 1287 2646 in
1310 2618 1378 2647 toto
1402 2626 1460 2647 sua
1483 2615 1696 2647 sollicitudine
1721 2616 1956 2657 permanebunt

307 2667 457 2710 quodque
480 2671 587 2699 vestra
615 2671 719 2699 castra
741 2678 799 2709 per
822 2670 946 2699 vestros
969 2667 1170 2699 adversarios
1194 2671 1350 2709 occupata
1373 2678 1431 2709 per
1453 2668 1557 2708 ipsum
1579 2668 1703 2698 restitui
1726 2667 1900 2699 ordinatur.

412 2719 486 2750 Dat.
510 2719 597 2760 apud
620 2718 799 2760 Gretzame,
824 2720 922 2750 tercio
947 2719 1057 2750 Nonas
1080 2719 1210 2760 Aprilis,
1235 2719 1327 2761 regni
1352 2720 1452 2750 nostri
1475 2729 1558 2750 anno
1583 2719 1703 2760 quinto.

413 2797 479 2825 540.
507 2798 530 2829 ²)
549 2798 642 2823 excidit
660 2807 680 2823 c.
768 2797 793 2829 ι)>
812 2799 951 2823 insomnios
969 2807 988 2824 c.
1077 2798 1100 2831 c)
1119 2799 1195 2823 situm
1214 2807 1234 2823 c.
1322 2796 1346 2830 d)
1366 2798 1528 2823 concedimus
1546 2806 1567 2823 c.
1655 2795 1678 2830 Θ)
1697 2797 1830 2823 Gurieiam
1848 2807 1869 2827 c.

412 2848 436 2883 1)
459 2847 499 2880 Of.
517 2856 600 2882 supra
614 2856 675 2882 pay.
690 2852 738 2874 426
755 2851 809 2874 not.
823 2853 844 2875 1.

1969 1801 1994 1822 2⁵

1970 2060 1997 2080 ³⁰

1972 2317 1998 2337 ³5

1973 2576 2001 2596 4⁰
