2190 3172
308 253 370 283 254
545 248 640 276 ACTA
660 247 774 274 REGNI
792 245 977 273 LUDEWICI
997 245 1044 271 lV.
1063 243 1111 271 ET
1129 240 1317 270 FRIDERICI
1335 240 1384 268 111.
1421 240 1497 267 1315.
1534 238 1582 266 Nr.
1594 237 1654 266 290.
1671 238 1731 266 291.

309 336 524 377 libertatibus,
547 333 810 373 immunitatibus,
834 332 951 372 feudis,
980 328 1253 362 iurisdictionibus
1275 330 1308 358 et
1330 325 1452 358 iuribus
1476 336 1514 357 ac
1537 325 1630 357 bonis
1651 324 1825 357 mobilibus
1848 327 1882 356 et
1902 325 1963 356 im-

310 388 492 428 mobilibus,
516 398 578 429 que
601 397 658 417 vos
682 389 715 416 et
736 385 797 426 ipsi
818 383 946 415 habetis
970 386 1004 414 et
1018 382 1136 413 tenetis
1153 390 1210 411 seu
1225 383 1339 410 tenere
1356 377 1482 410 debetis
1505 388 1526 409 a
1540 376 1643 417 nobis,
1666 377 1758 419 regia
1772 377 1965 408 auctoritate

310 441 504 483 privavimus
532 442 565 470 et
587 439 750 479 privamus
778 446 814 466 ac
838 434 1040 466 decernimus
1063 442 1133 464 esse
1156 431 1309 473 privatos,
1394 429 1449 460 illa
1476 429 1563 460 dicto
1587 427 1742 460 cardinali
1769 438 1808 459 ac
1829 427 1964 470 prefatis

309 491 484 524 heredibus
514 493 547 521 et
579 487 817 520 successoribus
845 487 928 525 eius,
963 485 1016 526 qui
1047 494 1089 515 ex
1118 483 1204 514 dicto
1235 483 1422 522 contemptu
1450 480 1671 522 principaliter
1697 479 1966 521 dampnificantur

311 548 408 585 atque
431 542 582 574 leduntur
605 543 637 571 et
653 549 787 581 quorum
804 536 1009 578 singulariter
1031 536 1188 566 interesse
1203 535 1350 565 versatur
1365 542 1490 564 necnon
1514 534 1548 563 et
1569 531 1616 563 illi
1638 531 1692 563 vel
1713 530 1787 572 illis,
1810 531 1844 562 in
1866 541 1964 572 quem
1996 543 2009 562 s

310 595 364 627 vel
387 605 466 636 quos
488 593 575 623 idem
599 589 769 622 cardinalis
792 588 919 630 prefata
945 587 1031 618 bona
1059 589 1093 617 et
1115 586 1184 617 iura
1212 595 1254 616 ex
1276 583 1459 615 huiusmodi
1485 586 1595 615 nostro
1619 585 1806 624 contemptu
1831 582 1893 613 sibi
1915 582 1964 613 in-

311 656 403 678 cursa
426 648 523 686 atque
547 652 700 674 concessa
723 639 895 672 transferre
919 638 1057 670 voluerit
1080 639 1148 669 sive
1165 636 1373 676 transtulerit,
1397 635 1588 667 auctoritate
1604 635 1803 676 presentium
1819 633 1964 675 plenarie

312 696 526 729 concedentes
550 694 772 733 dictorumque
800 691 957 722 bonorum
987 693 1022 720 ut
1044 688 1220 731 predicitur
1246 688 1446 718 incursorum
1476 689 1509 718 et
1532 696 1756 718 concessorum
1787 696 1830 718 ex
1851 684 1965 716 inobe-

312 749 421 779 dienta
445 750 477 778 et
493 747 678 785 contemptu
694 743 847 784 predictis
862 742 1098 783 possessionem
1119 740 1225 772 eidem
1242 738 1397 771 cardinali
1420 748 1458 770 ac
1481 738 1656 770 heredibus
1680 740 1713 769 et
1727 736 1966 769 successoribus

311 800 375 830 suis
397 796 630 830 universalibus
652 795 705 827 vel
726 796 758 826 in
781 805 850 825 rem
873 804 931 825 seu
953 793 999 824 illi
1023 795 1080 824 aut
1101 792 1174 832 illis,
1205 791 1236 822 in
1262 800 1358 832 quem
1381 790 1433 822 vel
1457 801 1538 832 quos
1561 789 1647 821 bona
1670 792 1704 821 et
1725 790 1796 820 iura
1817 787 1966 830 predicta
1985 799 2010 819 ιο

312 861 353 882 ex
380 849 523 881 eiusdem
548 847 718 879 cardinalis
745 846 966 884 concessione,
996 844 1222 884 translatione,
1254 842 1456 874 ordinatione
1485 841 1539 873 vel
1567 841 1733 873 voluntate
1765 839 1966 880 devenerint,

311 900 512 943 ingrediendi
539 899 731 930 auctoritate
760 900 870 928 nostra
893 896 1023 938 plenam
1055 899 1088 927 et
1110 895 1246 927 liberam
1271 893 1477 926 concedimus
1506 896 1618 925 tenore
1642 892 1841 934 presentium
1863 890 1966 923 sacul-

312 957 421 984 tatem.
468 951 663 992 Supplentes
686 959 815 981 omnem
838 948 1013 988 defectum,
1037 947 1064 978 si
1090 947 1161 989 quis
1182 947 1215 977 in
1238 945 1392 988 predictis
1414 955 1472 976 seu
1488 944 1708 986 predictorum
1730 942 1864 984 singulis
1887 951 1967 984 quo-

312 1003 491 1036 modolibet
515 1002 670 1034 existeret
691 1001 744 1032 vel
761 1001 880 1032 existet
903 999 943 1031 de
959 999 1079 1041 regalis
1094 1002 1203 1030 nostre
1219 997 1431 1039 precellentia
1447 996 1621 1038 dignitatis.
1704 995 1750 1036 (5)
1774 994 1843 1026 Vos
1857 994 1966 1036 igitur,

313 1056 353 1088 de
377 1065 510 1097 quorum
534 1053 691 1085 fidelitate
714 1052 812 1095 plene
834 1051 1033 1092 confidimus,
1058 1051 1102 1082 sic
1125 1049 1326 1088 obedienter,
1351 1048 1468 1080 devote
1493 1051 1527 1079 et
1548 1047 1688 1079 fideliter
1709 1046 1828 1078 nostris
1849 1046 1883 1077 in
1905 1046 1967 1077 hac
1986 1056 2010 1076 n

313 1111 404 1149 parte
427 1105 587 1138 mandatis
611 1108 643 1136 et
667 1103 878 1145 beneplacitis
901 1112 1017 1144 parere
1041 1102 1170 1142 curetis,
1200 1101 1348 1132 faventes
1371 1102 1405 1132 et
1427 1100 1615 1131 assistentes
1637 1098 1724 1130 dicto
1747 1097 1902 1130 cardinali
1925 1097 1967 1128 ob

313 1160 381 1190 eius
409 1161 442 1189 et
468 1158 567 1189 nostri
590 1156 805 1188 reverentiam
833 1158 867 1186 et
895 1155 1052 1186 honorem
1081 1154 1167 1185 circa
1195 1152 1309 1184 utilem
1341 1151 1494 1184 effectum
1521 1150 1706 1182 huiusmodi
1730 1152 1840 1181 nostre
1863 1149 1968 1191 gratie

313 1209 588 1251 consequendum,
613 1207 701 1250 quod
724 1207 785 1238 sibi
808 1209 841 1238 et
863 1206 956 1238 nobis
979 1204 1195 1237 effectualiter
1217 1203 1353 1235 satisfiat
1375 1206 1409 1234 et
1430 1213 1493 1234 non
1517 1202 1620 1234 solum
1642 1202 1752 1234 vitetis
1773 1201 1968 1243 gravitatem

313 1271 467 1303 penarum
492 1261 523 1291 in
546 1259 688 1301 presenti
717 1261 750 1290 et
772 1258 844 1289 aliis
866 1258 984 1289 nostris
1006 1256 1183 1298 privilegiis
1207 1264 1449 1297 expressarum,
1479 1254 1537 1286 sed
1560 1253 1750 1285 mereamini
1776 1263 1796 1284 a
1818 1252 1913 1284 nobis
1935 1255 1970 1284 et

312 1314 448 1355 imperio
475 1313 547 1344 Deo
575 1312 705 1343 favente
733 1311 854 1353 gratias
880 1309 998 1341 uberes
1026 1308 1182 1340 obtinere.
1283 1307 1322 1338 In
1353 1316 1489 1348 quorum
1517 1306 1660 1337 omnium
1688 1304 1908 1336 testimonium
1936 1307 1970 1336 et
1987 1313 2014 1334 ιο

313 1368 503 1407 perpetuam
527 1364 712 1395 firmitatem
735 1364 904 1404 presentes
926 1362 1051 1392 litteras
1073 1360 1144 1392 fieri
1167 1363 1201 1391 et
1222 1359 1322 1390 nostri
1345 1357 1465 1400 regalis
1487 1357 1584 1399 sigilli
1605 1357 1756 1388 iussimus
1771 1355 1971 1398 appensione

312 1427 438 1448 munm.

420 1467 495 1498 Dat.
517 1466 604 1508 apud
620 1465 833 1506 Noremberg,
857 1475 940 1496 anno
956 1464 1087 1495 Domini
1103 1462 1275 1494 millesimo
1293 1461 1522 1493 trecentesimo
1539 1459 1790 1502 quintodecimo,
1813 1458 1874 1490 III.
1887 1457 1971 1502 Non.

313 1519 406 1559 Iunii,
430 1519 520 1560 regni
542 1528 618 1550 vero
641 1518 742 1549 nostri
764 1527 848 1548 anno
870 1517 985 1558 primo.

633 1714 707 1750 291.
741 1712 1011 1750 LITTERAE
1034 1710 1380 1748 ALAMANDAE
1409 1709 1654 1746 SAPERAE
1989 1715 2015 1736 2⁶

826 1769 902 1805 AD
926 1767 1119 1805 REGEM
1141 1765 1458 1804 ARAGONUM.

1000 1834 1109 1871 1315.
1150 1834 1231 1870 lun.
1252 1834 1287 1870 6.

428 1937 588 1977 Oriyinale
612 1936 686 1978 (or.)
714 1937 913 1968 chartaceum
944 1935 980 1966 in
1008 1934 1169 1966 tabulario
1191 1934 1276 1974 reqio
1298 1932 1539 1965 Barcinonensi
1565 1930 1659 1963 GRD
1680 1931 1743 1971 Ap.
1762 1931 1813 1963 58.
1839 1949 1878 1954 —
1907 1931 1970 1963 Ed.

316 1989 420 2021 Finke
435 1990 528 2020 ‘Acta
545 1988 776 2028 Arayonensia’
794 1987 821 2026 I,
837 1987 900 2018 361
917 1997 967 2018 nr.
983 1986 1048 2018 242
1063 1997 1102 2018 ex
1118 1997 1164 2018 or.
1197 1985 1382 2017 Editionem
1396 1983 1580 2024 repetimus;
1603 1983 1644 2022 cf.
1660 1982 1680 2014 l.
1693 1993 1719 2015 c.
1735 1985 1844 2015 nouum
1860 1985 1882 2014 7
1895 1985 1924 2014 et
1939 1983 1970 2014 8.

429 2049 480 2087 Cf.
504 2058 605 2088 supra
626 2058 675 2079 nr.
692 2048 766 2080 242.
789 2047 862 2078 243.
886 2047 950 2078 254
973 2048 1002 2078 et
1022 2045 1113 2086 infra
1135 2056 1184 2077 nr.
1202 2045 1275 2076 321.
1991 2049 2018 2070 so

427 2158 433 2165 .
452 2159 458 2166 .
477 2158 483 2165 .
508 2134 636 2165 Devant
659 2137 729 2174 tuyt
752 2144 792 2164 en
815 2133 934 2174 public,
957 2143 1020 2174 que
1044 2132 1153 2174 aquell
1177 2132 1231 2173 qui
1254 2134 1287 2163 te
1310 2131 1358 2163 les
1381 2131 1534 2172 reliquies
1557 2130 1597 2162 de
1620 2132 1729 2161 nostre
1752 2140 1879 2172 senyor,
1902 2130 1974 2171 quis

319 2189 496 2227 pertanyen
519 2186 550 2217 al
574 2196 683 2227 regne,
706 2185 814 2225 aquell
839 2195 873 2216 es
896 2195 953 2226 rey
977 2187 1011 2215 et
1032 2184 1126 2215 laltre
1150 2184 1204 2225 qui
1227 2194 1268 2214 no
1291 2183 1340 2214 les
1363 2186 1408 2222 te,
1430 2193 1472 2214 no
1497 2192 1532 2213 es
1554 2191 1613 2223 rey
1634 2191 1676 2213 ne
1692 2191 1800 2223 negun
1819 2180 1896 2212 hom
1918 2181 1974 2212 nol

320 2237 384 2268 deu
407 2237 552 2278 appellat
575 2247 631 2277 rey
656 2240 687 2267 et
710 2237 759 2266 siu
783 2236 824 2276 fa,
849 2246 884 2267 es
899 2236 1008 2268 vedat.
1052 2235 1137 2267 Item
1161 2235 1194 2266 hi
1217 2235 1259 2266 ha
1282 2235 1388 2275 major
1402 2233 1514 2276 poder,
1539 2243 1598 2275 per
1621 2243 1658 2272 co
1681 2243 1752 2264 com
1776 2243 1812 2264 se
1834 2242 1975 2274 posaren

320 2300 339 2320 a
362 2288 482 2319 batalla
506 2288 552 2319 els
575 2298 684 2329 camps
708 2291 740 2319 et
763 2288 856 2319 laltre
879 2288 971 2329 fugili
996 2290 1029 2319 et
1051 2297 1194 2328 amagas,
1219 2290 1253 2318 et
1274 2297 1344 2318 mes
1367 2296 1413 2326 se,
1436 2295 1508 2317 com
1531 2295 1573 2316 no
1595 2284 1680 2327 poch
1702 2285 1771 2316 alre
1794 2284 1854 2324 fer,
1877 2294 1918 2316 en
1940 2285 1973 2316 lo

321 2340 477 2371 ciminteri
508 2340 581 2371 dela
609 2340 708 2370 ciutat
735 2339 908 2380 appellada
932 2338 1034 2380 Spira.
1079 2338 1122 2370 Et
1149 2339 1180 2370 el
1203 2337 1370 2370 cimenteri
1402 2336 1472 2368 dels
1495 2336 1614 2368 Iuheus
1642 2346 1699 2368 era
1721 2335 1822 2367 vallat
1844 2338 1878 2367 et
1898 2336 1975 2377 aqui
1993 2345 2019 2364 ιι

322 2391 352 2422 el
375 2401 491 2431 senyor
513 2401 568 2432 roy
589 2394 696 2422 nostre
721 2390 829 2422 estech
854 2391 972 2421 davant
994 2391 1026 2421 la
1049 2391 1149 2421 ciutat
1173 2393 1206 2421 et
1228 2389 1258 2421 el
1274 2388 1443 2420 ceminteri
1464 2388 1517 2419 III
1533 2387 1602 2419 dies
1618 2390 1652 2419 et
1665 2387 1719 2418 III
1733 2388 1797 2419 nits
1813 2390 1974 2429 esperant,

322 2453 383 2484 que
406 2443 468 2472 ixis
490 2442 582 2473 laltre
606 2452 626 2472 a
649 2442 768 2473 batalla
791 2445 824 2473 et
847 2442 889 2473 ell
913 2442 954 2473 de
977 2442 1024 2473 nit
1047 2441 1298 2483 amagadament
1319 2441 1432 2472 ixisen.
1478 2439 1522 2471 Et
1549 2450 1584 2471 es
1612 2439 1635 2470 li
1657 2438 1728 2480 fuyt
1751 2442 1785 2470 et
1806 2438 1875 2470 null
1897 2439 1975 2470 hom

321 2493 373 2524 nel
395 2503 474 2534 prea
497 2503 541 2524 re.
587 2492 628 2523 Et
651 2495 771 2524 tantost
792 2492 824 2523 lo
848 2503 964 2534 senyor
993 2503 1050 2534 rey
1073 2495 1180 2524 nostre
1203 2493 1304 2534 partis
1327 2491 1434 2533 daqui.
1479 2490 1523 2522 Et
1545 2493 1630 2522 totes
1652 2490 1700 2522 les
1723 2491 1839 2522 ciutats
1866 2493 1901 2522 et
1926 2490 1976 2522 les

320 2543 400 2574 viles
424 2547 456 2575 et
480 2544 526 2574 els
549 2543 676 2575 castells
698 2548 893 2585 pertanyens
916 2544 947 2575 al
971 2545 1104 2586 emperi,
1128 2545 1183 2585 qui
1206 2554 1264 2575 son
1288 2554 1328 2575 en
1350 2543 1399 2574 les
1421 2546 1511 2585 parts
1533 2542 1698 2574 d’Alsacia
1721 2545 1755 2573 et
1778 2541 1818 2573 de
1843 2540 1975 2582 Sueuia,

323 2596 376 2636 qui
406 2605 440 2626 es
468 2595 500 2626 la
529 2595 634 2626 millor
661 2599 733 2636 part
761 2596 813 2627 del
835 2596 965 2637 imperi,
997 2596 1140 2637 obeyren
1173 2598 1206 2626 et
1224 2595 1363 2635 juraven
1391 2594 1424 2626 lo
1447 2597 1556 2626 nostre
1588 2604 1645 2636 rey
1668 2604 1727 2635 per
1749 2603 1866 2634 senyor
1888 2603 1907 2624 e
1930 2592 1976 2624 tal
1993 2603 2022 2623 ω

211 2657 307 2683 Apum
323 2646 403 2678 altre
426 2657 467 2677 no
491 2657 607 2687 negun.
652 2646 695 2677 Et
717 2657 811 2688 apres
835 2647 914 2686 daco
939 2647 994 2678 fou
1016 2647 1064 2678 les
1087 2657 1184 2678 noces
1207 2647 1239 2678 lo
1262 2656 1379 2687 senyor
1401 2656 1459 2687 rey
1481 2646 1560 2677 IIII.
1579 2645 1744 2677 Kalendas
1766 2644 1844 2676 Maii
1868 2646 1902 2676 et
1921 2644 1976 2684 jac

323 2698 364 2729 ab
387 2698 419 2729 la
442 2708 577 2739 senyora
602 2709 641 2730 en
663 2699 680 2729 I
703 2699 813 2730 castell
837 2699 890 2730 del
914 2700 1038 2740 imperi,
1063 2700 1117 2740 qui
1140 2699 1183 2730 ha
1205 2709 1247 2730 no
1270 2697 1451 2730 Rafburch.
1495 2697 1539 2728 Et
1562 2707 1602 2728 en
1625 2697 1799 2737 continent,
1823 2696 1906 2727 fetes
1928 2695 1977 2727 les

324 2759 434 2786 noces,
465 2759 612 2790 venguen
642 2760 681 2781 en
709 2750 725 2780 Ι
755 2751 854 2782 ciutat
881 2751 1031 2792 apellada
1055 2751 1150 2792 Bala,
1181 2762 1220 2782 on
1249 2742 1383 2782 damunt
1408 2750 1444 2790 ja
1474 2760 1508 2781 es
1537 2749 1598 2789 dit,
1628 2759 1690 2790 que
1717 2751 1898 2780 mostraren
1927 2747 1977 2778 les

215 2809 309 2831 natu.
324 2801 484 2842 reliquies.
530 2801 572 2832 Et
594 2802 670 2842 aqui
695 2801 724 2832 el
748 2802 800 2833 dia
824 2803 864 2833 de
889 2802 1134 2844 Sinquagesima
1157 2802 1189 2834 fo
1214 2801 1375 2834 coronada
1397 2802 1430 2832 la
1453 2810 1590 2842 senyora
1613 2803 1721 2832 nostra
1744 2799 1786 2831 ab
1809 2809 1889 2841 gran
1912 2799 1976 2830 sol-

325 2852 494 2893 lempnitat
517 2856 549 2884 et
572 2853 613 2884 ab
637 2863 731 2894 grans
754 2864 847 2894 genS,
878 2855 931 2895 qui
960 2855 1050 2886 foren
1078 2865 1097 2885 a
1125 2854 1157 2886 la
1188 2858 1265 2894 cort,
1300 2853 1401 2886 duchs
1425 2856 1458 2885 et
1481 2855 1637 2894 comptes,
1659 2851 1782 2893 prelats
1803 2853 1837 2882 et
1859 2850 1978 2881 moltes
1994 2865 2023 2884 45
