2158 3138
428 195 526 225 ACTA
544 173 661 223 ninom
679 194 863 224 mmmmm
883 195 929 223 lV.
949 196 994 223 m·
1014 194 1198 225 Ffunmucl
1217 198 1265 225 111.
1303 198 1378 226 1314.
1415 199 1463 227 ΝΥ.
1479 200 1534 227 102.
1556 201 1613 227 103.
1802 205 1844 236 99

193 281 334 315 Saxonis
357 283 480 324 senior,
504 279 641 315 humiles
664 286 698 315 et
719 282 829 315 devoti
917 294 990 316 cum

193 334 280 368 omni
294 334 482 367 reverencia
497 334 681 367 devotissima
699 338 803 373 pedum
815 339 912 367 oscula
925 339 989 368 bea-

191 391 295 419 torum.

260 439 287 469 1.
314 441 441 470 Vacante
463 443 584 480 nuper·
606 450 657 477 per
679 442 787 470 obitum
811 437 915 470 felicis
938 449 989 471 re-

160 499 173 519 ι
192 488 391 523 cordacionis
414 490 609 522 serenissimi
628 493 736 522 domini
752 488 885 522 Henrici
901 504 988 530 quon-

190 545 256 572 dam
285 545 476 573 Romanorum
503 542 709 583 imperatoris
730 541 801 583 ipso
824 541 989 574 Romano-

190 601 260 624 rum
283 605 444 632 regnesen
469 596 596 625 Romano
617 597 752 633 imperio.
776 599 806 625 et
827 598 909 626 nobis
932 607 990 626 una

189 656 253 676 com
280 643 458 676 reverendo
491 642 620 676 domiuo
648 643 848 687 Bald(uyno)
879 649 988 678 sancte

190 695 398 728 Treverensis
426 695 563 730 ecclesie
593 695 836 739 archiepiscopo
864 707 988 729 necnon

145 755 172 776 ω
189 746 359 779 reverendi
371 743 503 779 'domini
520 746 653 780 Henrici
673 748 909 791 archiepiscopi
925 749 988 781 Oo-

189 797 341 830 loniensis
369 801 402 831 et
432 798 603 830 illustrium
633 800 812 842 principum
836 800 989 832 Iohannis

188 850 324 883 Boemie
348 855 382 883 et
397 849 533 882 Polonie
556 851 653 892 regis,
674 850 841 893 Rudolphi
863 852 989 884 comitis

188 901 322 944 palatini
354 901 438 934 Reni
472 901 561 934 ducis
593 902 759 944 Bawarie,
786 902 989 935 Woldemari

188 953 381 986 marchionis
392 953 712 997 Brandenburgensis
728 965 766 986 ae
783 954 872 986 ducis
884 954 988 986 Saxo-

145 1013 170 1034 υ
188 1005 241 1037 nie
263 1004 505 1038 honorabilibus
526 1006 805 1048 procuratoribus,
833 1006 876 1038 ad
908 1017 989 1049 quos

187 1059 254 1088 tam
277 1056 319 1089 de
343 1058 412 1089 iure
435 1066 533 1100 quam
549 1057 590 1090 de
606 1058 838 1090 consuetudine
855 1059 989 1101 antiqua

188 1111 223 1140 et
233 1108 415 1151 approbata
426 1109 475 1140 ius
488 1109 630 1151 eligendi
642 1109 863 1142 Romanorum
876 1119 987 1152 regem

186 1159 220 1192 in
241 1160 471 1202 imperatorem
499 1161 705 1203 postmodum
732 1161 987 1203 promovendum

186 1211 329 1244 noscitur
344 1213 515 1254 pertinere,
539 1212 763 1254 sollempniter
777 1218 985 1246 concordanti-

143 1271 172 1298 ,Ω
187 1267 248 1295 bns
281 1268 312 1296 in
339 1268 414 1296 diem
450 1268 598 1296 electionis
633 1263 816 1296 huiusmodi
854 1270 988 1298 videlicet

187 1313 359 1347 crastinum
384 1315 470 1348 beati
495 1316 584 1348 Luce
608 1316 827 1358 ewangeliste,
851 1327 914 1359 que
937 1321 987 1349 est

185 1365 313 1399 decima
346 1378 431 1400 nona
464 1369 584 1400 mensis
615 1367 775 1409 Octobris,
864 1375 894 1401 et
923 1379 985 1411 ego

185 1417 303 1450 Petrus
334 1419 595 1462 archiepiscopus
624 1419 882 1463 Mag-unt(inus)·
911 1431 985 1463 pre-

186 1468 291 1502 dictus
313 1481 354 1502 ex
377 1471 475 1503 officii
497 1472 563 1503 mei
586 1471 697 1503 debito
726 1476 818 1511 ipsam
847 1477 923 1504 diem
949 1478 986 1505 ad

139 1530 166 1551 n
183 1525 349 1554 electionem
367 1525 523 1554 huiusmodi
542 1527 736 1554 celebrandam
755 1527 823 1562 prefi
830 1527 877 1559 xi,
901 1525 988 1557 litte-

185 1574 229 1606 ris
251 1574 333 1606 meis
355 1575 537 1607 vocacionis
564 1575 642 1616 ipsis
670 1576 929 1618 conprincipibus
954 1579 987 1608 et

186 1625 422 1658 coelectoribus
444 1627 525 1658 meis
549 1626 752 1659 destinando.

250 1679 280 1710 2.
318 1682 379 1716 Qua
401 1683 446 1711 die
467 1678 618 1710 veniente
646 1682 676 1711 in
704 1678 856 1711 suburbio
880 1683 987 1718 oppidi

186 1729 305 1772 regalis
317 1733 627 1769 Frankenvordensis,
644 1734 706 1762 loco
724 1735 871 1769 siquidem
883 1735 920 1763 ad
932 1735 985 1763 hoc

141 1790 167 1811 ω
184 1784 268 1813 sclito
287 1787 317 1813 et
334 1786 467 1813 consueto
487 1785 567 1813 nobis
579 1781 679 1814 Petro
692 1782 893 1825 Maguntino,
907 1784 983 1816 Bal-

185 1832 323 1876 d(uyno)
339 1833 532 1866 Treverensi
554 1834 815 1876 archiepiscopis,
837 1835 983 1867 Iohanne

185 1885 323 1917 Boemie
347 1888 380 1917 et
395 1885 531 1917 Polonie
554 1895 643 1928 rege,
659 1885 872 1918 Woldcmaro
897 1897 982 1918 mar-

186 1936 302 1969 chione
330 1936 638 1979 Brandenburgensi
665 1948 703 1970 ac
730 1937 874 1970 Iohanne
902 1938 984 1971 duce

186 1987 327 2020 Saxonie
343 1988 536 2031 supradictis
554 1993 659 2021 ibidem
673 1993 910 2026 convenientibus,
930 2001 984 2022 ce-

141 2051 168 2072 u
185 2040 310 2073 lebrata
339 2041 438 2073 missa
466 2041 568 2073 sancti
597 2041 750 2083 Spiritus,
780 2044 985 2072 deliberacione

185 2095 305 2130 provida
326 2095 478 2131 prehabito,
499 2096 536 2124 ad
559 2096 763 2132 procedendum
786 2096 816 2123 in
839 2097 985 2124 electionis

185 2147 302 2182 negocio
322 2147 461 2182 prelibato
479 2148 512 2176 et
527 2145 559 2176 in
572 2147 727 2187 quantum
740 2144 910 2177 debuimus
926 2156 984 2177 ex-

183 2195 398 2238 peccantibus,
421 2196 498 2238 quia
513 2196 712 2229 reverendus
728 2196 876 2228 domiuus
891 2196 983 2229 Hen-

184 2247 269 2279 ricus
290 2247 552 2290 archiepiscopus
575 2247 778 2280 Goloniensis
804 2251 838 2280 et
859 2248 983 2281 Rudol-

139 2309 168 2330 ω
185 2298 271 2341 phua
296 2309 405 2331 comes
435 2300 597 2342 palatinus
628 2299 713 2332 Reni
741 2299 807 2331 dux
835 2300 984 2332 Bawarie

183 2350 326 2383 nondum
347 2354 504 2383 venerant
525 2361 586 2383 nec
607 2362 666 2394 per
687 2362 723 2383 se
745 2362 805 2383 nec
829 2361 888 2393 per
910 2362 984 2383 suos

184 2406 409 2445 procuratores
430 2404 464 2434 in
479 2402 566 2435 dicto
588 2403 660 2435 loco
677 2407 904 2443 convenerant,
927 2415 985 2435 nos

183 2465 243 2496 pro
266 2454 351 2487 bono
373 2455 464 2497 pacis
479 2455 624 2487 volentes
646 2455 680 2486 in
702 2454 763 2486 hoc
788 2456 834 2487 eis
857 2455 983 2487 deferre

183 2515 223 2538 ac
245 2505 365 2538 ⁴facere
402 2507 545 2549 graciam
583 2507 776 2548 specialem,
811 2508 982 2539 terminum

140 2565 168 2586 cs
187 2557 367 2600 predictum
395 2558 548 2590 videlicet
574 2559 747 2590 crastinum
783 2558 869 2590 beati
892 2558 981 2591 Luce

185 2609 393 2652 ewangeliste
422 2610 564 2641 unanimi
598 2620 756 2642 consensu
788 2620 860 2642 cum
888 2620 981 2642 reve-

184 2660 284 2692 rendo
302 2659 431 2693 domino
447 2661 646 2703 Bald(uyno)
663 2660 854 2693 Treverensi
875 2662 980 2693 archi·

287 2755 352 2783 102.
379 2756 403 2789 ⁸)
422 2758 539 2790 Magum.
557 2765 656 2789 temper
668 2757 701 2783 A.

288 2823 354 2852 108.
381 2826 405 2858 ⁵)
418 2827 534 2859 Magum.
553 2834 650 2859 semper
670 2826 702 2852 B.

1044 284 1185 316 Saxonie
1208 286 1330 327 senior,
1358 285 1495 318 humiles
1518 290 1551 318 et
1574 287 1682 319 devoti
1771 300 1841 321 cum

1044 337 1130 368 omni
1146 338 1332 369 reverencia
1347 341 1531 369 devotissima
1549 343 1649 377 pedum
1665 344 1759 370 oscula
1779 346 1842 371 bea-

1043 393 1142 419 torum.

1110 442 1137 470 1.
1171 444 1298 472 Vacante
1329 446 1455 482 nuper⁸
1479 455 1529 481 per
1559 442 1661 473 felicis
1689 444 1865 476 recorda-e
1886 456 1904 475 ι.

1042 491 1143 522 cionis
1157 495 1265 522 obitum
1277 493 1474 524 serenissimi
1489 497 1593 524 domini
1607 493 1736 526 Henrici
1753 507 1838 533 quon-

1042 545 1106 572 dam
1119 546 1303 574 Romanorum
1317 544 1522 586 imperatoris
1538 546 1606 587 ipso
1621 545 1842 579 Romanorum

1042 605 1127 632 regno
1154 607 1202 626 seu
1231 599 1355 626 Romano
1381 599 1511 634 imperiov
1541 602 1570 628 et
1593 601 1673 627 nobis
1702 610 1757 629 una
1779 611 1842 629 cum

1042 645 1220 677 reverendo
1233 646 1363 678 domino
1376 647 1477 679 Petro
1491 648 1724 691 Magunt(ino)·
1735 650 1840 682 archi-

1043 697 1196 739 episcopo
1223 708 1347 730 necnon
1370 700 1539 731 reverendi
1563 700 1683 732 domini
1708 700 1841 734 Henrici

1041 749 1275 791 archiepiscopi
1291 749 1492 783 Coloniensis
1516 755 1549 783 et
1565 752 1734 784 illustrium
1751 754 1840 795 prin-

1042 800 1148 842 cipum
1178 801 1330 833 Iohannis
1359 802 1495 835 Boemie
1524 807 1558 835 et
1586 803 1722 835 Polonie
1745 806 1842 846 regis,

1041 851 1206 894 Rudolphi
1240 852 1330 885 ducis
1364 854 1512 887 Bawarie
1548 855 1674 886 comitis
1707 856 1842 898 palatini

1041 903 1135 943 Reni,
1164 904 1364 937 Woldemari
1399 906 1592 938 marchionis
1613 906 1841 939 Brandenbur-

1041 956 1150 997 gensis
1179 966 1216 988 ac
1245 981 1277 988 ..
1306 957 1396 989 ducis
1427 957 1567 990 Saxonie
1600 958 1843 991 honorabilibus

1041 1007 1311 1049 procuratoribus,
1335 1009 1376 1040 ad
1401 1021 1481 1052 quos
1505 1014 1571 1042 tam
1595 1010 1636 1042 de
1659 1011 1728 1043 iure
1744 1021 1842 1052 quam

1041 1058 1082 1090 de
1106 1059 1337 1092 consuetudine
1361 1062 1493 1104 antiqua
1524 1066 1557 1093 et
1586 1062 1768 1103 approbata
1792 1063 1842 1094 ius

1042 1111 1184 1153 eligendi
1196 1111 1416 1144 Romanorum
1432 1123 1544 1155 regem
1561 1114 1592 1145 in
1609 1114 1841 1155 imperatorem

1041 1163 1247 1204 postmodum
1277 1164 1534 1206 promovendum
1568 1166 1709 1197 noscitur
1743 1166 1842 1207 perti-

1041 1225 1132 1256 nere,
1160 1215 1384 1257 sollempniter
1410 1220 1672 1247 concordantibus
1706 1220 1733 1247 in
1764 1220 1838 1247 diem

1042 1269 1189 1297 electionis
1209 1267 1391 1300 huiusmodi
1411 1271 1544 1299 videlicet
1564 1270 1736 1300 crastinum
1754 1269 1842 1300 beati

1039 1319 1127 1350 Luce
1162 1319 1386 1361 ewangeliste,
1420 1329 1483 1362 que
1518 1325 1567 1353 est
1598 1320 1725 1352 decima
1756 1331 1894 1352 nonaoet
1912 1334 1943 1353 ia

1039 1369 1108 1401 dies
1132 1371 1250 1402 mensis
1271 1370 1451 1411 Octobris‚*
1475 1382 1516 1404 ex
1540 1371 1636 1403 officii
1660 1373 1759 1403 nostri
1783 1372 1841 1404 de·

1038 1421 1105 1453 bito
1128 1425 1219 1459 ipsam
1244 1425 1318 1452 diem
1339 1427 1375 1453 ad
1400 1427 1570 1454 electionem
1590 1427 1748 1454 huiusmodi
1773 1427 1844 1455 cele-

1045 1477 1179 1504 brandam
1198 1477 1365 1512 prefiximus.

1105 1682 1133 1711 2.
1168 1684 1229 1717 Qua
1247 1685 1293 1712 die
1309 1681 1458 1712 veniente
1493 1685 1522 1712 in
1550 1681 1702 1712 suburbio
1725 1686 1832 1720 oppidi
1848 1692 1900 1712 ea.

1038 1731 1156 1773 regalis
1170 1735 1477 1770 Frankenvordensn,
1492 1737 1553 1764 loco
1572 1738 1718 1772 siquidem
1735 1738 1770 1765 ad
1785 1739 1838 1767 hcc

1036 1786 1121 1814 solito
1139 1790 1169 1814 et
1187 1790 1318 1815 consueto
1336 1788 1417 1815 nobis
1439 1784 1610 1826 Balduyno
1634 1785 1836 1826 Treverensi,

1036 1835 1136 1867 Petro
1171 1836 1360 1878 Maguntino
1393 1836 1660 1878 archiepiscopis,
1692 1837 1837 1869 Iohanne

1037 1887 1173 1919 Boemie
1197 1891 1230 1919 et
1250 1887 1387 1920 Polonie
1411 1899 1499 1930 rege,
1516 1887 1728 1920 Woldemaro
1751 1899 1835 1920 mar-

1039 1937 1154 1970 chione
1181 1938 1487 1981 Brandenburgensi
1516 1950 1554 1971 ac
1583 1940 1727 1971 Iohanne
1753 1940 1836 1973 duce

1039 1989 1179 2022 Saxonie
1195 1990 1387 2032 supradictis
1403 1994 1506 2022 ibidem
1525 1994 1764 2028 convenientibus,
1782 2002 1836 2024 oe-

1039 2042 1166 2074 lebrata
1194 2043 1291 2074 missa
1319 2043 1421 2074 sancti
1451 2043 1603 2085 Spiritus,
1631 2046 1837 2074 deliberacione

1036 2097 1154 2132 provida
1178 2097 1329 2132 prehabita
1352 2098 1388 2125 ad
1414 2099 1620 2133 procedendum
1643 2099 1671 2126 in
1690 2099 1837 2126 electionis

1035 2149 1152 2183 negocio
1177 2149 1318 2184 prelibato
1346 2150 1379 2178 et
1413 2147 1444 2177 in
1478 2151 1632 2188 quantum
1666 2147 1837 2179 debuimus

1036 2197 1298 2239 expectantibus,
1340 2198 1416 2240 quia
1453 2198 1650 2230 reverendus
1687 2198 1835 2230 dominus

1036 2248 1196 2280 Henricus
1218 2249 1480 2292 archiepiscopus
1495 2250 1695 2281 coloniensis
1719 2255 1751 2282 et
1767 2249 1835 2281 Ru-

1037 2300 1201 2342 d(olphus)
1229 2311 1337 2333 comes
1369 2301 1530 2343 palatinus
1559 2301 1642 2333 Reni
1675 2301 1741 2333 dux
1771 2302 1834 2333 Bn-

1036 2353 1134 2384 warie
1157 2353 1298 2384 nondum
1315 2358 1470 2384 venerant
1493 2363 1552 2384 nec
1576 2363 1634 2394 pcr
1649 2363 1683 2384 se
1699 2363 1758 2384 nec
1775 2364 1835 2394 per

1036 2414 1111 2436 suos
1127 2409 1351 2446 procuratores
1370 2405 1401 2436 in
1418 2405 1503 2436 dicto
1521 2405 1591 2435 loco
1608 2410 1833 2443 convenerant,

1036 2466 1093 2486 nos
1115 2466 1174 2497 pro
1197 2455 1281 2487 bono
1305 2457 1394 2498 pacis
1417 2457 1562 2488 volentes
1586 2457 1615 2487 in
1636 2456 1697 2487 hoc
1714 2456 1760 2487 eis
1776 2455 1832 2487 de-

1036 2507 1121 2539 ferre
1144 2517 1182 2538 ac
1205 2507 1314 2539 facere
1337 2509 1477 2550 graciam
1502 2507 1687 2549 specialem,
1712 2507 1831 2539 dictum

1036 2559 1206 2591 terminum
1240 2559 1392 2591 videlicet
1425 2560 1597 2591 crastinum
1627 2559 1713 2590 beati
1743 2559 1935 2590 Lam-uem.

1034 2611 1176 2642 unanimi
1204 2621 1361 2642 consensu
1390 2621 1461 2642 cum
1492 2610 1669 2642 reverendo
1702 2610 1831 2641 domino

1034 2661 1132 2694 Petro
1160 2661 1376 2704 Mag(untino)
1405 2662 1648 2703 archiepiscopo
1672 2672 1772 2703 usque
1801 2662 1831 2693 in

1573 2876 1619 2901 113·
