<?xml version="1.0" encoding="UTF-8"?>
<!DOCTYPE html PUBLIC "-//W3C//DTD XHTML 1.0 Transitional//EN"
    "http://www.w3.org/TR/xhtml1/DTD/xhtml1-transitional.dtd">
<html xmlns="http://www.w3.org/1999/xhtml" xml:lang="en" lang="en">
 <head>
  <title>
</title>
<meta http-equiv="Content-Type" content="text/html;charset=utf-8" />
  <meta name='ocr-system' content='tesseract 3.04.00' />
  <meta name='ocr-capabilities' content='ocr_page ocr_carea ocr_par ocr_line ocrx_word'/>
</head>
<body>
  <div class='ocr_page' id='page_1' title='image "./monumentagerma05geseuoft_0178.png"; bbox 0 0 2190 3172; ppageno 0'>
   <div class='ocr_carea' id='block_1_1' title="bbox 205 610 270 629">
    <p class='ocr_par' dir='ltr' id='par_1_1' title="bbox 205 610 270 629">
     <span class='ocr_line' id='line_1_1' title="bbox 205 610 270 629; baseline -0.015 0"><span class='ocrx_word' id='word_1_1' title='bbox 205 613 227 629; x_wconf 74' lang='lat'>0-</span> <span class='ocrx_word' id='word_1_2' title='bbox 237 610 270 629; x_wconf 84' lang='lat'>11.</span> 
     </span>
    </p>
   </div>
   <div class='ocr_carea' id='block_1_2' title="bbox 206 861 270 882">
    <p class='ocr_par' dir='ltr' id='par_1_2' title="bbox 206 861 270 882">
     <span class='ocr_line' id='line_1_2' title="bbox 206 861 270 882; baseline -0.047 0"><span class='ocrx_word' id='word_1_3' title='bbox 206 865 226 882; x_wconf 78' lang='lat'>0.</span> <span class='ocrx_word' id='word_1_4' title='bbox 237 861 270 881; x_wconf 82' lang='lat'>12.</span> 
     </span>
    </p>
   </div>
   <div class='ocr_carea' id='block_1_3' title="bbox 206 1016 271 1035">
    <p class='ocr_par' dir='ltr' id='par_1_3' title="bbox 206 1016 271 1035">
     <span class='ocr_line' id='line_1_3' title="bbox 206 1016 271 1035; baseline -0.015 0"><span class='ocrx_word' id='word_1_5' title='bbox 206 1019 227 1035; x_wconf 80' lang='grc' dir='ltr'>ο.</span> <span class='ocrx_word' id='word_1_6' title='bbox 238 1016 271 1035; x_wconf 79' lang='lat'>1³.</span> 
     </span>
    </p>
   </div>
   <div class='ocr_carea' id='block_1_4' title="bbox 206 1378 271 1398">
    <p class='ocr_par' dir='ltr' id='par_1_4' title="bbox 206 1378 271 1398">
     <span class='ocr_line' id='line_1_4' title="bbox 206 1378 271 1398; baseline -0.015 -1"><span class='ocrx_word' id='word_1_7' title='bbox 206 1382 228 1397; x_wconf 88' lang='lat' dir='ltr'>c.</span> <span class='ocrx_word' id='word_1_8' title='bbox 239 1378 271 1398; x_wconf 78' lang='lat' dir='ltr'>u.</span> 
     </span>
    </p>
   </div>
   <div class='ocr_carea' id='block_1_5' title="bbox 205 1534 269 1553">
    <p class='ocr_par' dir='ltr' id='par_1_5' title="bbox 205 1534 269 1553">
     <span class='ocr_line' id='line_1_5' title="bbox 205 1534 269 1553; baseline 0.016 -1"><span class='ocrx_word' id='word_1_9' title='bbox 205 1536 227 1552; x_wconf 75' lang='lat' dir='ltr'>c.</span> <span class='ocrx_word' id='word_1_10' title='bbox 238 1534 269 1553; x_wconf 83' lang='lat'>15.</span> 
     </span>
    </p>
   </div>
   <div class='ocr_carea' id='block_1_6' title="bbox 208 1637 272 1656">
    <p class='ocr_par' dir='ltr' id='par_1_6' title="bbox 208 1637 272 1656">
     <span class='ocr_line' id='line_1_6' title="bbox 208 1637 272 1656; baseline 0 -2"><span class='ocrx_word' id='word_1_11' title='bbox 208 1639 229 1655; x_wconf 85' lang='lat' dir='ltr'>c.</span> <span class='ocrx_word' id='word_1_12' title='bbox 240 1637 272 1656; x_wconf 78' lang='lat'>16.</span> 
     </span>
    </p>
   </div>
   <div class='ocr_carea' id='block_1_7' title="bbox 209 1899 271 1919">
    <p class='ocr_par' dir='ltr' id='par_1_7' title="bbox 209 1899 271 1919">
     <span class='ocr_line' id='line_1_7' title="bbox 209 1899 271 1919; baseline -0.016 0"><span class='ocrx_word' id='word_1_13' title='bbox 209 1903 229 1919; x_wconf 77' lang='lat'>0.</span> <span class='ocrx_word' id='word_1_14' title='bbox 239 1899 271 1919; x_wconf 86' lang='grc'><strong>17.</strong></span> 
     </span>
    </p>
   </div>
   <div class='ocr_carea' id='block_1_8' title="bbox 208 2105 274 2123">
    <p class='ocr_par' dir='ltr' id='par_1_8' title="bbox 208 2105 274 2123">
     <span class='ocr_line' id='line_1_8' title="bbox 208 2105 274 2123; baseline 0 0"><span class='ocrx_word' id='word_1_15' title='bbox 208 2108 229 2123; x_wconf 83' lang='lat'>0.</span> <span class='ocrx_word' id='word_1_16' title='bbox 241 2105 274 2123; x_wconf 79' lang='lat'>18.</span> 
     </span>
    </p>
   </div>
   <div class='ocr_carea' id='block_1_9' title="bbox 206 2260 271 2279">
    <p class='ocr_par' dir='ltr' id='par_1_9' title="bbox 206 2260 271 2279">
     <span class='ocr_line' id='line_1_9' title="bbox 206 2260 271 2279; baseline 0.015 -1"><span class='ocrx_word' id='word_1_17' title='bbox 206 2262 227 2278; x_wconf 76' lang='lat'>0.</span> <span class='ocrx_word' id='word_1_18' title='bbox 239 2260 271 2279; x_wconf 74' lang='lat'>19·</span> 
     </span>
    </p>
   </div>
   <div class='ocr_carea' id='block_1_10' title="bbox 210 2466 276 2487">
    <p class='ocr_par' dir='ltr' id='par_1_10' title="bbox 210 2466 276 2487">
     <span class='ocr_line' id='line_1_10' title="bbox 210 2466 276 2487; baseline 0 -2"><span class='ocrx_word' id='word_1_19' title='bbox 210 2470 231 2487; x_wconf 81' lang='lat' dir='ltr'>c.</span> <span class='ocrx_word' id='word_1_20' title='bbox 243 2466 276 2486; x_wconf 78' lang='lat'>2⁰.</span> 
     </span>
    </p>
   </div>
   <div class='ocr_carea' id='block_1_11' title="bbox 287 198 1660 235">
    <p class='ocr_par' dir='ltr' id='par_1_11' title="bbox 287 198 1660 235">
     <span class='ocr_line' id='line_1_11' title="bbox 287 198 1660 235; baseline -0.001 -7"><span class='ocrx_word' id='word_1_21' title='bbox 287 204 347 235; x_wconf 82' lang='lat'>138</span> <span class='ocrx_word' id='word_1_22' title='bbox 559 200 655 228; x_wconf 83' lang='lat' dir='ltr'>ACTA</span> <span class='ocrx_word' id='word_1_23' title='bbox 672 199 786 227; x_wconf 83' lang='lat' dir='ltr'>REGNI</span> <span class='ocrx_word' id='word_1_24' title='bbox 805 198 988 227; x_wconf 82' lang='lat' dir='ltr'>LUDEWIOI</span> <span class='ocrx_word' id='word_1_25' title='bbox 1007 199 1053 226; x_wconf 92' lang='lat' dir='ltr'>IV.</span> <span class='ocrx_word' id='word_1_26' title='bbox 1072 198 1118 226; x_wconf 87' lang='grc' dir='ltr'>ΕΤ</span> <span class='ocrx_word' id='word_1_27' title='bbox 1138 198 1324 227; x_wconf 81' lang='lat' dir='ltr'>FRIDERICI</span> <span class='ocrx_word' id='word_1_28' title='bbox 1342 199 1391 226; x_wconf 87' lang='lat'>111.</span> <span class='ocrx_word' id='word_1_29' title='bbox 1428 198 1503 227; x_wconf 82' lang='lat'>1314.</span> <span class='ocrx_word' id='word_1_30' title='bbox 1539 198 1660 227; x_wconf 76' lang='lat' dir='ltr'>Nr.142.</span> 
     </span>
    </p>
   </div>
   <div class='ocr_carea' id='block_1_12' title="bbox 282 289 1983 2706">
    <p class='ocr_par' dir='ltr' id='par_1_12' title="bbox 282 289 1976 585">
     <span class='ocr_line' id='line_1_12' title="bbox 284 289 1933 328; baseline -0.001 -9"><span class='ocrx_word' id='word_1_31' title='bbox 284 301 336 328; x_wconf 87' lang='lat' dir='ltr'>pro</span> <span class='ocrx_word' id='word_1_32' title='bbox 359 292 414 319; x_wconf 83' lang='lat' dir='ltr'>hiis</span> <span class='ocrx_word' id='word_1_33' title='bbox 437 301 492 326; x_wconf 90' lang='lat' dir='ltr'>que</span> <span class='ocrx_word' id='word_1_34' title='bbox 522 292 643 326; x_wconf 90' lang='lat' dir='ltr'>ipsemet</span> <span class='ocrx_word' id='word_1_35' title='bbox 665 290 795 318; x_wconf 88' lang='lat' dir='ltr'>dominus</span> <span class='ocrx_word' id='word_1_36' title='bbox 817 290 972 325; x_wconf 88' lang='lat' dir='ltr'>imperator</span> <span class='ocrx_word' id='word_1_37' title='bbox 995 289 1049 316; x_wconf 92' lang='lat' dir='ltr'>sibi</span> <span class='ocrx_word' id='word_1_38' title='bbox 1071 289 1250 323; x_wconf 81' lang='lat' dir='ltr'>tenebantur,</span> <span class='ocrx_word' id='word_1_39' title='bbox 1273 290 1303 317; x_wconf 94' lang='lat' dir='ltr'>in</span> <span class='ocrx_word' id='word_1_40' title='bbox 1326 290 1423 318; x_wconf 86' lang='lat' dir='ltr'>eodem</span> <span class='ocrx_word' id='word_1_41' title='bbox 1446 290 1580 318; x_wconf 88' lang='lat' dir='ltr'>theloneo</span> <span class='ocrx_word' id='word_1_42' title='bbox 1603 289 1658 317; x_wconf 90' lang='lat' dir='ltr'>sibi</span> <span class='ocrx_word' id='word_1_43' title='bbox 1679 290 1878 324; x_wconf 81' lang='lat' dir='ltr'>deputaverat.</span> <span class='ocrx_word' id='word_1_44' title='bbox 1902 291 1933 318; x_wconf 86' lang='lat' dir='ltr'>et</span> 
     </span>
     <span class='ocr_line' id='line_1_13' title="bbox 284 341 1932 379; baseline -0.002 -8"><span class='ocrx_word' id='word_1_45' title='bbox 284 353 431 379; x_wconf 84' lang='lat' dir='ltr'>quousque</span> <span class='ocrx_word' id='word_1_46' title='bbox 458 343 598 378; x_wconf 76' lang='lat' dir='ltr'>receperit</span> <span class='ocrx_word' id='word_1_47' title='bbox 625 341 681 369; x_wconf 82' lang='lat' dir='ltr'>tria</span> <span class='ocrx_word' id='word_1_48' title='bbox 711 341 790 368; x_wconf 83' lang='lat' dir='ltr'>milia</span> <span class='ocrx_word' id='word_1_49' title='bbox 818 350 989 374; x_wconf 86' lang='lat' dir='ltr'>marcarum,</span> <span class='ocrx_word' id='word_1_50' title='bbox 1013 349 1083 375; x_wconf 89' lang='lat' dir='ltr'>quas</span> <span class='ocrx_word' id='word_1_51' title='bbox 1111 342 1197 376; x_wconf 88' lang='lat' dir='ltr'>prout</span> <span class='ocrx_word' id='word_1_52' title='bbox 1218 341 1300 369; x_wconf 89' lang='lat' dir='ltr'>nobis</span> <span class='ocrx_word' id='word_1_53' title='bbox 1324 343 1437 369; x_wconf 84' lang='lat' dir='ltr'>constat</span> <span class='ocrx_word' id='word_1_54' title='bbox 1460 341 1595 377; x_wconf 87' lang='lat' dir='ltr'>expendit</span> <span class='ocrx_word' id='word_1_55' title='bbox 1616 341 1647 368; x_wconf 90' lang='lat' dir='ltr'>in</span> <span class='ocrx_word' id='word_1_56' title='bbox 1670 341 1788 368; x_wconf 88' lang='lat' dir='ltr'>servicio</span> <span class='ocrx_word' id='word_1_57' title='bbox 1810 341 1932 376; x_wconf 85' lang='lat' dir='ltr'>imperii,</span> 
     </span>
     <span class='ocr_line' id='line_1_14' title="bbox 282 392 1933 431; baseline -0.002 -8"><span class='ocrx_word' id='word_1_58' title='bbox 282 405 346 423; x_wconf 89' lang='lat' dir='ltr'>cum</span> <span class='ocrx_word' id='word_1_59' title='bbox 376 396 412 423; x_wconf 89' lang='lat' dir='ltr'>ad</span> <span class='ocrx_word' id='word_1_60' title='bbox 439 395 595 431; x_wconf 88' lang='lat' dir='ltr'>predictum</span> <span class='ocrx_word' id='word_1_61' title='bbox 625 393 770 421; x_wconf 87' lang='lat' dir='ltr'>dominum</span> <span class='ocrx_word' id='word_1_62' title='bbox 796 393 997 428; x_wconf 78' lang='lat' dir='ltr'>imperatorem</span> <span class='ocrx_word' id='word_1_63' title='bbox 1026 392 1193 428; x_wconf 75' lang='lat' dir='ltr'>arripuisset</span> <span class='ocrx_word' id='word_1_64' title='bbox 1218 393 1274 421; x_wconf 89' lang='lat' dir='ltr'>iter</span> <span class='ocrx_word' id='word_1_65' title='bbox 1301 393 1338 420; x_wconf 86' lang='lat' dir='ltr'>ad</span> <span class='ocrx_word' id='word_1_66' title='bbox 1367 394 1463 428; x_wconf 81' lang='lat' dir='ltr'>partes</span> <span class='ocrx_word' id='word_1_67' title='bbox 1486 393 1712 421; x_wconf 85' lang='lat' dir='ltr'>ultramontanas</span> <span class='ocrx_word' id='word_1_68' title='bbox 1735 393 1879 426; x_wconf 87' lang='lat' dir='ltr'>veniendi,</span> <span class='ocrx_word' id='word_1_69' title='bbox 1903 394 1933 421; x_wconf 85' lang='lat' dir='ltr'>et</span> 
     </span>
     <span class='ocr_line' id='line_1_15' title="bbox 285 444 1932 482; baseline -0.002 -7"><span class='ocrx_word' id='word_1_70' title='bbox 285 456 432 482; x_wconf 83' lang='lat' dir='ltr'>quousque</span> <span class='ocrx_word' id='word_1_71' title='bbox 463 445 623 481; x_wconf 81' lang='lat' dir='ltr'>perceperit</span> <span class='ocrx_word' id='word_1_72' title='bbox 651 453 802 479; x_wconf 85' lang='lat' dir='ltr'>expensas,</span> <span class='ocrx_word' id='word_1_73' title='bbox 832 454 902 479; x_wconf 91' lang='lat' dir='ltr'>quas</span> <span class='ocrx_word' id='word_1_74' title='bbox 932 445 962 472; x_wconf 92' lang='lat' dir='ltr'>in</span> <span class='ocrx_word' id='word_1_75' title='bbox 988 444 1108 472; x_wconf 89' lang='lat' dir='ltr'>servicio</span> <span class='ocrx_word' id='word_1_76' title='bbox 1135 445 1206 472; x_wconf 88' lang='lat' dir='ltr'>dicti</span> <span class='ocrx_word' id='word_1_77' title='bbox 1227 445 1336 473; x_wconf 87' lang='lat' dir='ltr'>domini</span> <span class='ocrx_word' id='word_1_78' title='bbox 1357 445 1537 480; x_wconf 85' lang='lat' dir='ltr'>imperatoris</span> <span class='ocrx_word' id='word_1_79' title='bbox 1560 446 1590 473; x_wconf 87' lang='lat' dir='ltr'>et</span> <span class='ocrx_word' id='word_1_80' title='bbox 1611 444 1724 480; x_wconf 90' lang='lat' dir='ltr'>imperii</span> <span class='ocrx_word' id='word_1_81' title='bbox 1746 445 1815 472; x_wconf 81' lang='lat' dir='ltr'>fecit</span> <span class='ocrx_word' id='word_1_82' title='bbox 1836 453 1932 480; x_wconf 79' lang='lat' dir='ltr'>proce-</span> 
     </span>
     <span class='ocr_line' id='line_1_16' title="bbox 285 496 1976 532; baseline -0.002 -6"><span class='ocrx_word' id='word_1_83' title='bbox 285 499 377 527; x_wconf 87' lang='lat' dir='ltr'>dendo</span> <span class='ocrx_word' id='word_1_84' title='bbox 400 499 430 526; x_wconf 93' lang='lat' dir='ltr'>in</span> <span class='ocrx_word' id='word_1_85' title='bbox 452 498 605 525; x_wconf 86' lang='lat' dir='ltr'>Boemiam.</span> <span class='ocrx_word' id='word_1_86' title='bbox 651 498 683 523; x_wconf 91' lang='lat' dir='ltr'>In</span> <span class='ocrx_word' id='word_1_87' title='bbox 706 497 805 527; x_wconf 74' lang='lat' dir='ltr'>cuius*</span> <span class='ocrx_word' id='word_1_88' title='bbox 827 497 946 532; x_wconf 86' lang='lat' dir='ltr'>pecunie</span> <span class='ocrx_word' id='word_1_89' title='bbox 969 496 1152 532; x_wconf 77' lang='lat' dir='ltr'>perceptione</span> <span class='ocrx_word' id='word_1_90' title='bbox 1174 505 1263 531; x_wconf 88' lang='lat' dir='ltr'>usque</span> <span class='ocrx_word' id='word_1_91' title='bbox 1286 497 1323 524; x_wconf 85' lang='lat' dir='ltr'>ad</span> <span class='ocrx_word' id='word_1_92' title='bbox 1345 497 1501 532; x_wconf 80' lang='lat' dir='ltr'>perfectam</span> <span class='ocrx_word' id='word_1_93' title='bbox 1531 498 1561 524; x_wconf 90' lang='lat' dir='ltr'>et</span> <span class='ocrx_word' id='word_1_94' title='bbox 1583 497 1754 532; x_wconf 87' lang='lat' dir='ltr'>completam</span> <span class='ocrx_word' id='word_1_95' title='bbox 1777 497 1836 525; x_wconf 88' lang='lat' dir='ltr'>eius</span> <span class='ocrx_word' id='word_1_96' title='bbox 1859 497 1932 525; x_wconf 86' lang='lat' dir='ltr'>solu·</span> <span class='ocrx_word' id='word_1_97' title='bbox 1963 503 1976 522; x_wconf 70' lang='lat'><strong>5</strong></span> 
     </span>
     <span class='ocr_line' id='line_1_17' title="bbox 285 548 1334 585; baseline -0.002 -7"><span class='ocrx_word' id='word_1_98' title='bbox 285 551 394 579; x_wconf 92' lang='lat' dir='ltr'>cionem</span> <span class='ocrx_word' id='word_1_99' title='bbox 417 549 578 585; x_wconf 82' lang='lat' dir='ltr'>prefatum*</span> <span class='ocrx_word' id='word_1_100' title='bbox 601 548 844 583; x_wconf 87' lang='lat' dir='ltr'>archiepiscopum</span> <span class='ocrx_word' id='word_1_101' title='bbox 866 557 915 577; x_wconf 88' lang='lat' dir='ltr'>sue</span> <span class='ocrx_word' id='word_1_102' title='bbox 938 548 1112 576; x_wconf 82' lang='lat' dir='ltr'>consciencie</span> <span class='ocrx_word' id='word_1_103' title='bbox 1135 548 1334 583; x_wconf 85' lang='lat' dir='ltr'>relinquemus.</span> 
     </span>
    </p>

    <p class='ocr_par' dir='ltr' id='par_1_13' title="bbox 283 600 1977 835">
     <span class='ocr_line' id='line_1_18' title="bbox 396 600 1935 635; baseline -0.001 -6"><span class='ocrx_word' id='word_1_104' title='bbox 396 601 444 629; x_wconf 85' lang='lat'>11.</span> <span class='ocrx_word' id='word_1_105' title='bbox 479 603 597 635; x_wconf 86' lang='lat' dir='ltr'>Insuper</span> <span class='ocrx_word' id='word_1_106' title='bbox 619 600 695 635; x_wconf 77' lang='lat' dir='ltr'>ipsi*</span> <span class='ocrx_word' id='word_1_107' title='bbox 716 600 800 627; x_wconf 86' lang='lat' dir='ltr'>Petro</span> <span class='ocrx_word' id='word_1_108' title='bbox 823 600 1036 635; x_wconf 78' lang='lat' dir='ltr'>archiepiscopo</span> <span class='ocrx_word' id='word_1_109' title='bbox 1060 600 1188 635; x_wconf 88' lang='lat' dir='ltr'>predicto</span> <span class='ocrx_word' id='word_1_110' title='bbox 1211 600 1309 628; x_wconf 82' lang='lat' dir='ltr'>efficax</span> <span class='ocrx_word' id='word_1_111' title='bbox 1333 602 1363 628; x_wconf 83' lang='lat' dir='ltr'>et</span> <span class='ocrx_word' id='word_1_112' title='bbox 1385 600 1466 628; x_wconf 89' lang='lat' dir='ltr'>fidele</span> <span class='ocrx_word' id='word_1_113' title='bbox 1489 600 1661 628; x_wconf 81' lang='lat' dir='ltr'>adiutorium</span> <span class='ocrx_word' id='word_1_114' title='bbox 1684 600 1819 628; x_wconf 80' lang='lat' dir='ltr'>faciemus</span> <span class='ocrx_word' id='word_1_115' title='bbox 1834 602 1935 628; x_wconf 82' lang='lat' dir='ltr'>contra</span> 
     </span>
     <span class='ocr_line' id='line_1_19' title="bbox 288 651 1934 687; baseline -0.001 -6"><span class='ocrx_word' id='word_1_116' title='bbox 288 654 413 681; x_wconf 89' lang='lat' dir='ltr'>nobilem</span> <span class='ocrx_word' id='word_1_117' title='bbox 430 653 520 680; x_wconf 85' lang='lat' dir='ltr'>virum</span> <span class='ocrx_word' id='word_1_118' title='bbox 535 652 688 679; x_wconf 79' lang='lat' dir='ltr'>Rudolfum</span> <span class='ocrx_word' id='word_1_119' title='bbox 710 651 843 679; x_wconf 86' lang='lat' dir='ltr'>comitem</span> <span class='ocrx_word' id='word_1_120' title='bbox 865 652 900 679; x_wconf 89' lang='lat' dir='ltr'>de</span> <span class='ocrx_word' id='word_1_121' title='bbox 923 652 1091 680; x_wconf 83' lang='lat' dir='ltr'>Monteforti</span> <span class='ocrx_word' id='word_1_122' title='bbox 1105 652 1212 679; x_wconf 87' lang='lat' dir='ltr'>dictum</span> <span class='ocrx_word' id='word_1_123' title='bbox 1231 652 1266 680; x_wconf 91' lang='lat' dir='ltr'>de</span> <span class='ocrx_word' id='word_1_124' title='bbox 1288 652 1444 687; x_wconf 80' lang='lat' dir='ltr'>Sangans</span> <span class='ocrx_word' id='word_1_125' title='bbox 1467 654 1497 680; x_wconf 91' lang='lat' dir='ltr'>et</span> <span class='ocrx_word' id='word_1_126' title='bbox 1518 653 1602 680; x_wconf 75' lang='lat' dir='ltr'>suos*</span> <span class='ocrx_word' id='word_1_127' title='bbox 1625 652 1774 687; x_wconf 83' lang='lat' dir='ltr'>conplices,</span> <span class='ocrx_word' id='word_1_128' title='bbox 1797 652 1847 687; x_wconf 89' lang='lat' dir='ltr'>qui</span> <span class='ocrx_word' id='word_1_129' title='bbox 1869 661 1934 680; x_wconf 88' lang='lat' dir='ltr'>eum</span> 
     </span>
     <span class='ocr_line' id='line_1_20' title="bbox 283 703 1933 740; baseline 0 -8"><span class='ocrx_word' id='word_1_130' title='bbox 283 714 334 740; x_wconf 90' lang='lat' dir='ltr'>per</span> <span class='ocrx_word' id='word_1_131' title='bbox 355 705 489 732; x_wconf 84' lang='lat' dir='ltr'>iniuriam</span> <span class='ocrx_word' id='word_1_132' title='bbox 512 703 686 739; x_wconf 71' lang='lat' dir='ltr'>captivavit,</span> <span class='ocrx_word' id='word_1_133' title='bbox 716 703 913 731; x_wconf 85' lang='lat' dir='ltr'>exaccionavit</span> <span class='ocrx_word' id='word_1_134' title='bbox 941 705 970 731; x_wconf 87' lang='lat' dir='ltr'>et</span> <span class='ocrx_word' id='word_1_135' title='bbox 992 703 1205 739; x_wconf 85' lang='lat' dir='ltr'>dampnificavit</span> <span class='ocrx_word' id='word_1_136' title='bbox 1232 704 1269 734; x_wconf 82' lang='lat' dir='ltr'>ad</span> <span class='ocrx_word' id='word_1_137' title='bbox 1292 705 1356 732; x_wconf 88' lang='lat' dir='ltr'>octo</span> <span class='ocrx_word' id='word_1_138' title='bbox 1378 703 1458 731; x_wconf 86' lang='lat' dir='ltr'>milia</span> <span class='ocrx_word' id='word_1_139' title='bbox 1481 712 1639 731; x_wconf 87' lang='lat' dir='ltr'>marcarum</span> <span class='ocrx_word' id='word_1_140' title='bbox 1661 704 1781 739; x_wconf 77' lang='lat' dir='ltr'>argenti,</span> <span class='ocrx_word' id='word_1_141' title='bbox 1805 706 1835 731; x_wconf 87' lang='lat' dir='ltr'>et</span> <span class='ocrx_word' id='word_1_142' title='bbox 1856 704 1933 732; x_wconf 89' lang='lat' dir='ltr'>labo-</span> 
     </span>
     <span class='ocr_line' id='line_1_21' title="bbox 283 755 1977 791; baseline 0 -8"><span class='ocrx_word' id='word_1_143' title='bbox 283 756 408 783; x_wconf 87' lang='lat' dir='ltr'>rabimus</span> <span class='ocrx_word' id='word_1_144' title='bbox 437 765 500 783; x_wconf 85' lang='lat' dir='ltr'>cum</span> <span class='ocrx_word' id='word_1_145' title='bbox 530 756 647 789; x_wconf 82' lang='lat' dir='ltr'>effectu,</span> <span class='ocrx_word' id='word_1_146' title='bbox 670 757 703 783; x_wconf 90' lang='lat' dir='ltr'>ut</span> <span class='ocrx_word' id='word_1_147' title='bbox 732 756 851 783; x_wconf 88' lang='lat' dir='ltr'>emenda</span> <span class='ocrx_word' id='word_1_148' title='bbox 880 757 910 783; x_wconf 89' lang='lat' dir='ltr'>et</span> <span class='ocrx_word' id='word_1_149' title='bbox 937 755 1097 783; x_wconf 78' lang='lat' dir='ltr'>satisfaccio</span> <span class='ocrx_word' id='word_1_150' title='bbox 1126 756 1223 783; x_wconf 86' lang='lat' dir='ltr'>debita</span> <span class='ocrx_word' id='word_1_151' title='bbox 1250 756 1284 783; x_wconf 91' lang='lat' dir='ltr'>de</span> <span class='ocrx_word' id='word_1_152' title='bbox 1312 755 1416 783; x_wconf 74' lang='lat' dir='ltr'>comite</span> <span class='ocrx_word' id='word_1_153' title='bbox 1447 755 1559 790; x_wconf 82' lang='lat' dir='ltr'>prefato</span> <span class='ocrx_word' id='word_1_154' title='bbox 1588 755 1720 790; x_wconf 79' lang='lat' dir='ltr'>suisque*</span> <span class='ocrx_word' id='word_1_155' title='bbox 1747 755 1932 791; x_wconf 85' lang='lat' dir='ltr'>complicibus</span> <span class='ocrx_word' id='word_1_156' title='bbox 1952 761 1977 780; x_wconf 74' lang='lat'>1⁰</span> 
     </span>
     <span class='ocr_line' id='line_1_22' title="bbox 284 808 417 835; baseline 0 0"><span class='ocrx_word' id='word_1_157' title='bbox 284 808 338 835; x_wconf 86' lang='lat' dir='ltr'>sibi</span> <span class='ocrx_word' id='word_1_158' title='bbox 359 809 417 835; x_wconf 84' lang='lat' dir='ltr'>fiat.</span> 
     </span>
    </p>

    <p class='ocr_par' dir='ltr' id='par_1_14' title="bbox 284 854 1934 998">
     <span class='ocr_line' id='line_1_23' title="bbox 395 854 1934 896; baseline 0.001 -10"><span class='ocrx_word' id='word_1_159' title='bbox 395 857 444 887; x_wconf 90' lang='lat'>12.</span> <span class='ocrx_word' id='word_1_160' title='bbox 479 860 552 887; x_wconf 83' lang='lat' dir='ltr'>Item</span> <span class='ocrx_word' id='word_1_161' title='bbox 575 859 735 887; x_wconf 78' lang='lat' dir='ltr'>cavebimus</span> <span class='ocrx_word' id='word_1_162' title='bbox 758 860 788 886; x_wconf 92' lang='lat' dir='ltr'>et</span> <span class='ocrx_word' id='word_1_163' title='bbox 809 859 991 887; x_wconf 81' lang='lat' dir='ltr'>defendemus</span> <span class='ocrx_word' id='word_1_164' title='bbox 1008 859 1128 887; x_wconf 87' lang='lat' dir='ltr'>eundem</span> <span class='ocrx_word' id='word_1_165' title='bbox 1144 854 1432 896; x_wconf 80' lang='lat' dir='ltr'>archiepiscopum,</span> <span class='ocrx_word' id='word_1_166' title='bbox 1448 867 1484 886; x_wconf 87' lang='lat' dir='ltr'>ne</span> <span class='ocrx_word' id='word_1_167' title='bbox 1499 858 1604 893; x_wconf 81' lang='lat' dir='ltr'>aliquis</span> <span class='ocrx_word' id='word_1_168' title='bbox 1618 858 1711 894; x_wconf 81' lang='lat' dir='ltr'>ipsum</span> <span class='ocrx_word' id='word_1_169' title='bbox 1726 859 1772 886; x_wconf 89' lang='lat' dir='ltr'>vel</span> <span class='ocrx_word' id='word_1_170' title='bbox 1787 858 1934 887; x_wconf 87' lang='lat' dir='ltr'>ecclesiam</span> 
     </span>
     <span class='ocr_line' id='line_1_24' title="bbox 284 910 1933 946; baseline 0 -8"><span class='ocrx_word' id='word_1_171' title='bbox 284 920 364 938; x_wconf 87' lang='lat' dir='ltr'>suam</span> <span class='ocrx_word' id='word_1_172' title='bbox 387 911 527 946; x_wconf 84' lang='lat' dir='ltr'>prefatam</span> <span class='ocrx_word' id='word_1_173' title='bbox 550 911 744 946; x_wconf 78' lang='lat' dir='ltr'>impignoret⁸</span> <span class='ocrx_word' id='word_1_174' title='bbox 767 911 812 938; x_wconf 86' lang='lat' dir='ltr'>vel</span> <span class='ocrx_word' id='word_1_175' title='bbox 834 911 968 938; x_wconf 85' lang='lat' dir='ltr'>molestet</span> <span class='ocrx_word' id='word_1_176' title='bbox 990 919 1041 946; x_wconf 90' lang='lat' dir='ltr'>pro</span> <span class='ocrx_word' id='word_1_177' title='bbox 1064 911 1168 938; x_wconf 88' lang='lat' dir='ltr'>debitis</span> <span class='ocrx_word' id='word_1_178' title='bbox 1191 919 1208 938; x_wconf 87' lang='lat' dir='ltr'>a</span> <span class='ocrx_word' id='word_1_179' title='bbox 1224 910 1468 946; x_wconf 85' lang='lat' dir='ltr'>predecessoribus</span> <span class='ocrx_word' id='word_1_180' title='bbox 1492 910 1550 938; x_wconf 84' lang='lat' dir='ltr'>suis</span> <span class='ocrx_word' id='word_1_181' title='bbox 1571 910 1725 938; x_wconf 82' lang='lat' dir='ltr'>contractis</span> <span class='ocrx_word' id='word_1_182' title='bbox 1747 912 1799 938; x_wconf 87' lang='lat' dir='ltr'>aut</span> <span class='ocrx_word' id='word_1_183' title='bbox 1820 910 1933 945; x_wconf 83' lang='lat' dir='ltr'>quibus-</span> 
     </span>
     <span class='ocr_line' id='line_1_25' title="bbox 284 962 1876 998; baseline -0.001 -7"><span class='ocrx_word' id='word_1_184' title='bbox 284 972 426 998; x_wconf 90' lang='lat' dir='ltr'>cumque</span> <span class='ocrx_word' id='word_1_185' title='bbox 449 963 541 990; x_wconf 86' lang='lat' dir='ltr'>causis</span> <span class='ocrx_word' id='word_1_186' title='bbox 564 962 636 996; x_wconf 85' lang='lat' dir='ltr'>aliis,</span> <span class='ocrx_word' id='word_1_187' title='bbox 659 962 715 989; x_wconf 93' lang='lat' dir='ltr'>nisi</span> <span class='ocrx_word' id='word_1_188' title='bbox 737 962 815 997; x_wconf 88' lang='lat' dir='ltr'>prius</span> <span class='ocrx_word' id='word_1_189' title='bbox 838 971 933 990; x_wconf 79' lang='lat' dir='ltr'>coram</span> <span class='ocrx_word' id='word_1_190' title='bbox 956 971 1006 990; x_wconf 92' lang='lat' dir='ltr'>suo</span> <span class='ocrx_word' id='word_1_191' title='bbox 1029 962 1121 990; x_wconf 89' lang='lat' dir='ltr'>iudice</span> <span class='ocrx_word' id='word_1_192' title='bbox 1144 962 1174 989; x_wconf 90' lang='lat' dir='ltr'>in</span> <span class='ocrx_word' id='word_1_193' title='bbox 1196 963 1258 990; x_wconf 87' lang='lat' dir='ltr'>iure</span> <span class='ocrx_word' id='word_1_194' title='bbox 1280 962 1494 990; x_wconf 76' lang='lat' dir='ltr'>racionabiliter</span> <span class='ocrx_word' id='word_1_195' title='bbox 1515 962 1638 997; x_wconf 86' lang='lat' dir='ltr'>desuper</span> <span class='ocrx_word' id='word_1_196' title='bbox 1659 962 1698 990; x_wconf 89' lang='lat' dir='ltr'>sit</span> <span class='ocrx_word' id='word_1_197' title='bbox 1720 962 1876 990; x_wconf 88' lang='lat' dir='ltr'>convictus.</span> 
     </span>
    </p>

    <p class='ocr_par' dir='ltr' id='par_1_15' title="bbox 284 1012 1981 1359">
     <span class='ocr_line' id='line_1_26' title="bbox 395 1012 1979 1050; baseline 0.001 -8"><span class='ocrx_word' id='word_1_198' title='bbox 395 1012 443 1042; x_wconf 89' lang='lat'>13.</span> <span class='ocrx_word' id='word_1_199' title='bbox 479 1014 610 1042; x_wconf 89' lang='lat' dir='ltr'>Ceterum</span> <span class='ocrx_word' id='word_1_200' title='bbox 633 1014 825 1049; x_wconf 86' lang='lat' dir='ltr'>promittimus</span> <span class='ocrx_word' id='word_1_201' title='bbox 848 1016 878 1042; x_wconf 88' lang='lat' dir='ltr'>et</span> <span class='ocrx_word' id='word_1_202' title='bbox 900 1023 951 1042; x_wconf 90' lang='lat' dir='ltr'>nos</span> <span class='ocrx_word' id='word_1_203' title='bbox 974 1014 1137 1049; x_wconf 80' lang='lat' dir='ltr'>specialiter</span> <span class='ocrx_word' id='word_1_204' title='bbox 1159 1014 1317 1050; x_wconf 83' lang='lat' dir='ltr'>obligamus</span> <span class='ocrx_word' id='word_1_205' title='bbox 1340 1015 1370 1041; x_wconf 87' lang='lat' dir='ltr'>et</span> <span class='ocrx_word' id='word_1_206' title='bbox 1392 1014 1522 1048; x_wconf 85' lang='lat' dir='ltr'>firmiter,</span> <span class='ocrx_word' id='word_1_207' title='bbox 1545 1014 1621 1049; x_wconf 86' lang='lat' dir='ltr'>quod</span> <span class='ocrx_word' id='word_1_208' title='bbox 1648 1023 1744 1041; x_wconf 88' lang='lat' dir='ltr'>omnes</span> <span class='ocrx_word' id='word_1_209' title='bbox 1772 1013 1935 1049; x_wconf 85' lang='lat' dir='ltr'>questiones</span> <span class='ocrx_word' id='word_1_210' title='bbox 1954 1024 1979 1044; x_wconf 75' lang='lat'>1⁵</span> 
     </span>
     <span class='ocr_line' id='line_1_27' title="bbox 287 1061 1936 1101; baseline -0.001 -7"><span class='ocrx_word' id='word_1_211' title='bbox 287 1075 336 1094; x_wconf 86' lang='lat' dir='ltr'>seu</span> <span class='ocrx_word' id='word_1_212' title='bbox 358 1066 573 1099; x_wconf 78' lang='lat' dir='ltr'>controversias¹</span> <span class='ocrx_word' id='word_1_213' title='bbox 601 1066 624 1092; x_wconf 93' lang='lat' dir='ltr'>si</span> <span class='ocrx_word' id='word_1_214' title='bbox 647 1074 702 1100; x_wconf 86' lang='lat' dir='ltr'>que</span> <span class='ocrx_word' id='word_1_215' title='bbox 724 1067 842 1100; x_wconf 90' lang='lat' dir='ltr'>propter</span> <span class='ocrx_word' id='word_1_216' title='bbox 857 1066 965 1093; x_wconf 81' lang='lat' dir='ltr'>factum</span> <span class='ocrx_word' id='word_1_217' title='bbox 981 1066 1131 1093; x_wconf 86' lang='lat' dir='ltr'>eleccionis</span> <span class='ocrx_word' id='word_1_218' title='bbox 1147 1074 1197 1093; x_wconf 92' lang='lat' dir='ltr'>seu</span> <span class='ocrx_word' id='word_1_219' title='bbox 1212 1065 1410 1100; x_wconf 85' lang='lat' dir='ltr'>promocionis,</span> <span class='ocrx_word' id='word_1_220' title='bbox 1426 1061 1622 1093; x_wconf 83' lang='lat' dir='ltr'>inuncciouis</span> <span class='ocrx_word' id='word_1_221' title='bbox 1643 1071 1703 1101; x_wconf 76' lang='lat' dir='ltr'>seu</span> <span class='ocrx_word' id='word_1_222' title='bbox 1717 1061 1936 1093; x_wconf 76' lang='lat' dir='ltr'>coronacionis</span> 
     </span>
     <span class='ocr_line' id='line_1_28' title="bbox 285 1112 1936 1154; baseline -0.001 -8"><span class='ocrx_word' id='word_1_223' title='bbox 285 1120 382 1146; x_wconf 87' lang='lat' dir='ltr'>nostre</span> <span class='ocrx_word' id='word_1_224' title='bbox 405 1119 473 1146; x_wconf 90' lang='lat' dir='ltr'>sunt</span> <span class='ocrx_word' id='word_1_225' title='bbox 494 1118 551 1145; x_wconf 79' lang='lat' dir='ltr'>iam</span> <span class='ocrx_word' id='word_1_226' title='bbox 575 1118 620 1145; x_wconf 90' lang='lat' dir='ltr'>vel</span> <span class='ocrx_word' id='word_1_227' title='bbox 642 1117 672 1144; x_wconf 88' lang='lat' dir='ltr'>in</span> <span class='ocrx_word' id='word_1_228' title='bbox 695 1118 822 1145; x_wconf 88' lang='lat' dir='ltr'>futurum</span> <span class='ocrx_word' id='word_1_229' title='bbox 844 1118 951 1145; x_wconf 75' lang='lat' dir='ltr'>fuerint</span> <span class='ocrx_word' id='word_1_230' title='bbox 972 1117 1028 1144; x_wconf 88' lang='lat' dir='ltr'>sibi</span> <span class='ocrx_word' id='word_1_231' title='bbox 1050 1119 1127 1145; x_wconf 85' lang='lat' dir='ltr'>mote</span> <span class='ocrx_word' id='word_1_232' title='bbox 1150 1126 1167 1144; x_wconf 88' lang='lat' dir='ltr'>a</span> <span class='ocrx_word' id='word_1_233' title='bbox 1189 1126 1366 1152; x_wconf 86' lang='lat' dir='ltr'>quocumque</span> <span class='ocrx_word' id='word_1_234' title='bbox 1381 1112 1434 1145; x_wconf 80' lang='lat' dir='ltr'>vel</span> <span class='ocrx_word' id='word_1_235' title='bbox 1450 1112 1714 1154; x_wconf 79' lang='lat' dir='ltr'>quibuscumque,</span> <span class='ocrx_word' id='word_1_236' title='bbox 1737 1117 1936 1152; x_wconf 84' lang='lat' dir='ltr'>cuiuscumque</span> 
     </span>
     <span class='ocr_line' id='line_1_29' title="bbox 285 1163 1938 1206; baseline 0.001 -9"><span class='ocrx_word' id='word_1_237' title='bbox 285 1171 377 1197; x_wconf 78' lang='lat' dir='ltr'>status</span> <span class='ocrx_word' id='word_1_238' title='bbox 400 1172 451 1197; x_wconf 81' lang='lat' dir='ltr'>aut</span> <span class='ocrx_word' id='word_1_239' title='bbox 473 1169 646 1197; x_wconf 82' lang='lat' dir='ltr'>condicionis</span> <span class='ocrx_word' id='word_1_240' title='bbox 670 1169 825 1202; x_wconf 77' lang='lat' dir='ltr'>existant,</span> <span class='ocrx_word' id='word_1_241' title='bbox 849 1175 957 1196; x_wconf 90' lang='lat' dir='ltr'>coram</span> <span class='ocrx_word' id='word_1_242' title='bbox 980 1164 1059 1196; x_wconf 87' lang='lat' dir='ltr'>sede</span> <span class='ocrx_word' id='word_1_243' title='bbox 1082 1165 1261 1206; x_wconf 82' lang='lat' dir='ltr'>apostolica</span> <span class='ocrx_word' id='word_1_244' title='bbox 1276 1165 1328 1196; x_wconf 91' lang='lat' dir='ltr'>vel</span> <span class='ocrx_word' id='word_1_245' title='bbox 1351 1164 1415 1196; x_wconf 89' lang='lat' dir='ltr'>alio</span> <span class='ocrx_word' id='word_1_246' title='bbox 1431 1174 1634 1206; x_wconf 87' lang='lat' dir='ltr'>quocumque</span> <span class='ocrx_word' id='word_1_247' title='bbox 1657 1163 1763 1196; x_wconf 88' lang='lat' dir='ltr'>iudice</span> <span class='ocrx_word' id='word_1_248' title='bbox 1779 1165 1938 1206; x_wconf 82' lang='lat' dir='ltr'>spirituali</span> 
     </span>
     <span class='ocr_line' id='line_1_30' title="bbox 284 1215 1936 1258; baseline 0 -10"><span class='ocrx_word' id='word_1_249' title='bbox 284 1217 337 1249; x_wconf 89' lang='lat' dir='ltr'>vel</span> <span class='ocrx_word' id='word_1_250' title='bbox 359 1217 510 1257; x_wconf 85' lang='lat' dir='ltr'>seculari,</span> <span class='ocrx_word' id='word_1_251' title='bbox 535 1216 695 1248; x_wconf 86' lang='lat' dir='ltr'>ordinario</span> <span class='ocrx_word' id='word_1_252' title='bbox 724 1216 775 1248; x_wconf 91' lang='lat' dir='ltr'>vel</span> <span class='ocrx_word' id='word_1_253' title='bbox 806 1216 974 1258; x_wconf 86' lang='lat' dir='ltr'>delegato,</span> <span class='ocrx_word' id='word_1_254' title='bbox 1003 1220 1054 1247; x_wconf 91' lang='lat' dir='ltr'>sub</span> <span class='ocrx_word' id='word_1_255' title='bbox 1082 1221 1187 1248; x_wconf 75' lang='lat' dir='ltr'>nostris</span> <span class='ocrx_word' id='word_1_256' title='bbox 1215 1220 1360 1247; x_wconf 84' lang='lat' dir='ltr'>laboribus</span> <span class='ocrx_word' id='word_1_257' title='bbox 1388 1221 1418 1248; x_wconf 80' lang='lat' dir='ltr'>et</span> <span class='ocrx_word' id='word_1_258' title='bbox 1440 1220 1570 1255; x_wconf 82' lang='lat' dir='ltr'>expensis</span> <span class='ocrx_word' id='word_1_259' title='bbox 1593 1216 1698 1257; x_wconf 90' lang='lat' dir='ltr'>ipsum</span> <span class='ocrx_word' id='word_1_260' title='bbox 1721 1215 1936 1258; x_wconf 87' lang='lat' dir='ltr'>archiepisco—</span> 
     </span>
     <span class='ocr_line' id='line_1_31' title="bbox 284 1267 1981 1310; baseline 0.001 -10"><span class='ocrx_word' id='word_1_261' title='bbox 284 1279 361 1310; x_wconf 90' lang='lat' dir='ltr'>pum</span> <span class='ocrx_word' id='word_1_262' title='bbox 385 1274 415 1300; x_wconf 87' lang='lat' dir='ltr'>et</span> <span class='ocrx_word' id='word_1_263' title='bbox 437 1272 584 1300; x_wconf 86' lang='lat' dir='ltr'>ecclesiam</span> <span class='ocrx_word' id='word_1_264' title='bbox 608 1281 687 1299; x_wconf 86' lang='lat' dir='ltr'>sua-m</span> <span class='ocrx_word' id='word_1_265' title='bbox 709 1267 932 1309; x_wconf 82' lang='lat' dir='ltr'>Moguntinam</span> <span class='ocrx_word' id='word_1_266' title='bbox 955 1272 1112 1307; x_wconf 85' lang='lat' dir='ltr'>predictam</span> <span class='ocrx_word' id='word_1_267' title='bbox 1135 1272 1316 1299; x_wconf 85' lang='lat' dir='ltr'>defendemus</span> <span class='ocrx_word' id='word_1_268' title='bbox 1340 1273 1370 1299; x_wconf 88' lang='lat' dir='ltr'>et</span> <span class='ocrx_word' id='word_1_269' title='bbox 1391 1271 1554 1299; x_wconf 86' lang='lat' dir='ltr'>huiusmodi</span> <span class='ocrx_word' id='word_1_270' title='bbox 1581 1271 1745 1306; x_wconf 85' lang='lat' dir='ltr'>questiones</span> <span class='ocrx_word' id='word_1_271' title='bbox 1774 1274 1804 1300; x_wconf 93' lang='lat' dir='ltr'>et</span> <span class='ocrx_word' id='word_1_272' title='bbox 1825 1274 1935 1300; x_wconf 88' lang='lat' dir='ltr'>contro-</span> <span class='ocrx_word' id='word_1_273' title='bbox 1954 1280 1981 1302; x_wconf 64' lang='grc' dir='ltr'>πο</span> 
     </span>
     <span class='ocr_line' id='line_1_32' title="bbox 284 1323 1115 1359; baseline 0 -8"><span class='ocrx_word' id='word_1_274' title='bbox 284 1324 390 1352; x_wconf 88' lang='lat' dir='ltr'>versias</span> <span class='ocrx_word' id='word_1_275' title='bbox 414 1324 450 1351; x_wconf 92' lang='lat' dir='ltr'>ad</span> <span class='ocrx_word' id='word_1_276' title='bbox 472 1325 556 1351; x_wconf 87' lang='lat' dir='ltr'>finem</span> <span class='ocrx_word' id='word_1_277' title='bbox 579 1325 608 1351; x_wconf 89' lang='lat' dir='ltr'>et</span> <span class='ocrx_word' id='word_1_278' title='bbox 631 1324 739 1351; x_wconf 87' lang='lat' dir='ltr'>exitum</span> <span class='ocrx_word' id='word_1_279' title='bbox 763 1323 947 1358; x_wconf 82' lang='lat' dir='ltr'>perducemus</span> <span class='ocrx_word' id='word_1_280' title='bbox 970 1332 1021 1359; x_wconf 86' lang='lat' dir='ltr'>pro</span> <span class='ocrx_word' id='word_1_281' title='bbox 1044 1323 1115 1359; x_wconf 87' lang='lat' dir='ltr'>ipso.</span> 
     </span>
    </p>

    <p class='ocr_par' dir='ltr' id='par_1_16' title="bbox 284 1373 1940 1515">
     <span class='ocr_line' id='line_1_33' title="bbox 397 1373 1938 1411; baseline 0.001 -9"><span class='ocrx_word' id='word_1_282' title='bbox 397 1373 445 1403; x_wconf 88' lang='grc'>14.</span> <span class='ocrx_word' id='word_1_283' title='bbox 478 1376 550 1403; x_wconf 88' lang='lat' dir='ltr'>Item</span> <span class='ocrx_word' id='word_1_284' title='bbox 581 1375 777 1410; x_wconf 87' lang='lat' dir='ltr'>prohibemus</span> <span class='ocrx_word' id='word_1_285' title='bbox 805 1376 958 1403; x_wconf 86' lang='lat' dir='ltr'>efficaciter</span> <span class='ocrx_word' id='word_1_286' title='bbox 984 1385 1037 1403; x_wconf 92' lang='lat' dir='ltr'>nec</span> <span class='ocrx_word' id='word_1_287' title='bbox 1067 1376 1231 1410; x_wconf 81' lang='lat' dir='ltr'>aliqualiter</span> <span class='ocrx_word' id='word_1_288' title='bbox 1260 1375 1458 1411; x_wconf 87' lang='lat' dir='ltr'>permittemus</span> <span class='ocrx_word' id='word_1_289' title='bbox 1480 1375 1609 1403; x_wconf 86' lang='lat' dir='ltr'>homines</span> <span class='ocrx_word' id='word_1_290' title='bbox 1632 1375 1749 1403; x_wconf 83' lang='lat' dir='ltr'>ecclesie</span> <span class='ocrx_word' id='word_1_291' title='bbox 1771 1375 1938 1411; x_wconf 77' lang='lat' dir='ltr'>Moguntine</span> 
     </span>
     <span class='ocr_line' id='line_1_34' title="bbox 284 1427 1940 1463; baseline 0 -8"><span class='ocrx_word' id='word_1_292' title='bbox 284 1427 373 1463; x_wconf 85' lang='lat' dir='ltr'>recipi</span> <span class='ocrx_word' id='word_1_293' title='bbox 395 1427 426 1454; x_wconf 90' lang='lat' dir='ltr'>in</span> <span class='ocrx_word' id='word_1_294' title='bbox 448 1427 624 1460; x_wconf 84' lang='lat' dir='ltr'>civitatibus,</span> <span class='ocrx_word' id='word_1_295' title='bbox 648 1427 740 1462; x_wconf 90' lang='lat' dir='ltr'>opidis</span> <span class='ocrx_word' id='word_1_296' title='bbox 763 1436 813 1455; x_wconf 84' lang='lat' dir='ltr'>seu</span> <span class='ocrx_word' id='word_1_297' title='bbox 836 1428 961 1456; x_wconf 84' lang='lat' dir='ltr'>castellis</span> <span class='ocrx_word' id='word_1_298' title='bbox 985 1428 1021 1455; x_wconf 89' lang='lat' dir='ltr'>ad</span> <span class='ocrx_word' id='word_1_299' title='bbox 1044 1428 1195 1463; x_wconf 88' lang='lat' dir='ltr'>imperium</span> <span class='ocrx_word' id='word_1_300' title='bbox 1218 1427 1430 1463; x_wconf 85' lang='lat' dir='ltr'>pertinentibus</span> <span class='ocrx_word' id='word_1_301' title='bbox 1452 1427 1482 1454; x_wconf 92' lang='lat' dir='ltr'>in</span> <span class='ocrx_word' id='word_1_302' title='bbox 1504 1427 1666 1463; x_wconf 77' lang='lat' dir='ltr'>burgenses,</span> <span class='ocrx_word' id='word_1_303' title='bbox 1689 1427 1740 1462; x_wconf 88' lang='lat' dir='ltr'>qui</span> <span class='ocrx_word' id='word_1_304' title='bbox 1761 1427 1940 1463; x_wconf 76' lang='lat' dir='ltr'>palburger</span> 
     </span>
     <span class='ocr_line' id='line_1_35' title="bbox 284 1479 654 1515; baseline 0 -9"><span class='ocrx_word' id='word_1_305' title='bbox 284 1479 440 1515; x_wconf 83' lang='lat' dir='ltr'>vulgariter</span> <span class='ocrx_word' id='word_1_306' title='bbox 463 1479 654 1514; x_wconf 83' lang='lat' dir='ltr'>appellantur.</span> 
     </span>
    </p>

    <p class='ocr_par' dir='ltr' id='par_1_17' title="bbox 287 1529 1979 1620">
     <span class='ocr_line' id='line_1_36' title="bbox 397 1529 1979 1567; baseline 0 -9"><span class='ocrx_word' id='word_1_307' title='bbox 397 1529 445 1558; x_wconf 89' lang='lat'>15.</span> <span class='ocrx_word' id='word_1_308' title='bbox 482 1532 553 1559; x_wconf 87' lang='lat' dir='ltr'>Item</span> <span class='ocrx_word' id='word_1_309' title='bbox 583 1531 775 1566; x_wconf 85' lang='lat' dir='ltr'>promittimus</span> <span class='ocrx_word' id='word_1_310' title='bbox 803 1531 952 1567; x_wconf 77' lang='lat' dir='ltr'>predicto*</span> <span class='ocrx_word' id='word_1_311' title='bbox 982 1531 1196 1567; x_wconf 83' lang='lat' dir='ltr'>archiepiscopo</span> <span class='ocrx_word' id='word_1_312' title='bbox 1227 1531 1284 1559; x_wconf 83' lang='lat' dir='ltr'>tria</span> <span class='ocrx_word' id='word_1_313' title='bbox 1311 1531 1375 1559; x_wconf 84' lang='lat' dir='ltr'>loca</span> <span class='ocrx_word' id='word_1_314' title='bbox 1403 1531 1434 1558; x_wconf 89' lang='lat' dir='ltr'>in</span> <span class='ocrx_word' id='word_1_315' title='bbox 1462 1530 1576 1566; x_wconf 83' lang='lat' dir='ltr'>proprio</span> <span class='ocrx_word' id='word_1_316' title='bbox 1610 1531 1697 1558; x_wconf 86' lang='lat' dir='ltr'>fundo</span> <span class='ocrx_word' id='word_1_317' title='bbox 1730 1531 1848 1559; x_wconf 85' lang='lat' dir='ltr'>ecclesie</span> <span class='ocrx_word' id='word_1_318' title='bbox 1877 1540 1935 1565; x_wconf 87' lang='lat' dir='ltr'>sue,</span> <span class='ocrx_word' id='word_1_319' title='bbox 1954 1537 1979 1558; x_wconf 62' lang='grc' dir='ltr'>ιε</span> 
     </span>
     <span class='ocr_line' id='line_1_37' title="bbox 287 1583 1160 1620; baseline -0.001 -9"><span class='ocrx_word' id='word_1_320' title='bbox 287 1583 521 1619; x_wconf 86' lang='lat' dir='ltr'>quandocumque</span> <span class='ocrx_word' id='word_1_321' title='bbox 543 1592 595 1610; x_wconf 90' lang='lat' dir='ltr'>nos</span> <span class='ocrx_word' id='word_1_322' title='bbox 620 1589 717 1620; x_wconf 76' lang='lat' dir='ltr'>super</span> <span class='ocrx_word' id='word_1_323' title='bbox 740 1589 779 1611; x_wconf 80' lang='lat' dir='ltr'>eo</span> <span class='ocrx_word' id='word_1_324' title='bbox 802 1583 992 1618; x_wconf 82' lang='lat' dir='ltr'>requisiverit,</span> <span class='ocrx_word' id='word_1_325' title='bbox 1017 1583 1160 1611; x_wconf 77' lang='lat' dir='ltr'>libertate.</span> 
     </span>
    </p>

    <p class='ocr_par' dir='ltr' id='par_1_18' title="bbox 284 1633 1981 1870">
     <span class='ocr_line' id='line_1_38' title="bbox 397 1633 1938 1671; baseline -0.001 -9"><span class='ocrx_word' id='word_1_326' title='bbox 397 1633 446 1663; x_wconf 88' lang='lat'>16.</span> <span class='ocrx_word' id='word_1_327' title='bbox 482 1636 553 1662; x_wconf 85' lang='lat' dir='ltr'>Item</span> <span class='ocrx_word' id='word_1_328' title='bbox 576 1635 689 1662; x_wconf 85' lang='lat' dir='ltr'>damus</span> <span class='ocrx_word' id='word_1_329' title='bbox 712 1635 767 1662; x_wconf 91' lang='lat' dir='ltr'>sibi</span> <span class='ocrx_word' id='word_1_330' title='bbox 790 1637 963 1671; x_wconf 82' lang='lat' dir='ltr'>potestatem</span> <span class='ocrx_word' id='word_1_331' title='bbox 985 1636 1061 1663; x_wconf 91' lang='lat' dir='ltr'>bona</span> <span class='ocrx_word' id='word_1_332' title='bbox 1083 1635 1196 1670; x_wconf 89' lang='lat' dir='ltr'>imperii</span> <span class='ocrx_word' id='word_1_333' title='bbox 1218 1635 1375 1663; x_wconf 89' lang='lat' dir='ltr'>redimendi</span> <span class='ocrx_word' id='word_1_334' title='bbox 1402 1635 1432 1662; x_wconf 89' lang='lat' dir='ltr'>in</span> <span class='ocrx_word' id='word_1_335' title='bbox 1460 1643 1511 1661; x_wconf 85' lang='lat' dir='ltr'>sua</span> <span class='ocrx_word' id='word_1_336' title='bbox 1532 1634 1647 1668; x_wconf 79' lang='lat' dir='ltr'>dyocesi</span> <span class='ocrx_word' id='word_1_337' title='bbox 1669 1634 1725 1661; x_wconf 89' lang='lat' dir='ltr'>sita</span> <span class='ocrx_word' id='word_1_338' title='bbox 1747 1634 1938 1669; x_wconf 75' lang='lat' dir='ltr'>impignorata</span> 
     </span>
     <span class='ocr_line' id='line_1_39' title="bbox 285 1685 1938 1722; baseline 0 -9"><span class='ocrx_word' id='word_1_339' title='bbox 285 1687 348 1714; x_wconf 87' lang='lat' dir='ltr'>aliis</span> <span class='ocrx_word' id='word_1_340' title='bbox 364 1687 586 1721; x_wconf 90' lang='lat' dir='ltr'>quibuscumque</span> <span class='ocrx_word' id='word_1_341' title='bbox 609 1688 639 1713; x_wconf 90' lang='lat' dir='ltr'>et</span> <span class='ocrx_word' id='word_1_342' title='bbox 660 1687 776 1714; x_wconf 89' lang='lat' dir='ltr'>tenendi</span> <span class='ocrx_word' id='word_1_343' title='bbox 799 1696 850 1722; x_wconf 89' lang='lat' dir='ltr'>pro</span> <span class='ocrx_word' id='word_1_344' title='bbox 876 1687 973 1714; x_wconf 87' lang='lat' dir='ltr'>eadem</span> <span class='ocrx_word' id='word_1_345' title='bbox 996 1687 1124 1721; x_wconf 87' lang='lat' dir='ltr'>pecunia,</span> <span class='ocrx_word' id='word_1_346' title='bbox 1148 1695 1199 1722; x_wconf 92' lang='lat' dir='ltr'>pro</span> <span class='ocrx_word' id='word_1_347' title='bbox 1223 1695 1279 1721; x_wconf 90' lang='lat' dir='ltr'>qua</span> <span class='ocrx_word' id='word_1_348' title='bbox 1302 1686 1431 1721; x_wconf 84' lang='lat' dir='ltr'>obligata</span> <span class='ocrx_word' id='word_1_349' title='bbox 1445 1687 1512 1713; x_wconf 89' lang='lat' dir='ltr'>sunt</span> <span class='ocrx_word' id='word_1_350' title='bbox 1528 1685 1600 1718; x_wconf 84' lang='lat' dir='ltr'>aliis,</span> <span class='ocrx_word' id='word_1_351' title='bbox 1616 1695 1762 1720; x_wconf 89' lang='lat' dir='ltr'>quousque</span> <span class='ocrx_word' id='word_1_352' title='bbox 1778 1694 1828 1721; x_wconf 88' lang='lat' dir='ltr'>per</span> <span class='ocrx_word' id='word_1_353' title='bbox 1842 1694 1938 1721; x_wconf 80' lang='lat' dir='ltr'>regem</span> 
     </span>
     <span class='ocr_line' id='line_1_40' title="bbox 284 1733 1937 1775; baseline -0.001 -10"><span class='ocrx_word' id='word_1_354' title='bbox 284 1738 475 1765; x_wconf 84' lang='lat' dir='ltr'>Romanorum</span> <span class='ocrx_word' id='word_1_355' title='bbox 498 1738 547 1772; x_wconf 90' lang='lat' dir='ltr'>qui</span> <span class='ocrx_word' id='word_1_356' title='bbox 568 1747 619 1772; x_wconf 88' lang='lat' dir='ltr'>pro</span> <span class='ocrx_word' id='word_1_357' title='bbox 643 1740 770 1773; x_wconf 89' lang='lat' dir='ltr'>tempore</span> <span class='ocrx_word' id='word_1_358' title='bbox 793 1738 882 1766; x_wconf 84' lang='lat' dir='ltr'>fuerit</span> <span class='ocrx_word' id='word_1_359' title='bbox 904 1739 1079 1766; x_wconf 83' lang='lat' dir='ltr'>redimantur</span> <span class='ocrx_word' id='word_1_360' title='bbox 1090 1735 1109 1766; x_wconf 85' lang='lat'>¹.</span> <span class='ocrx_word' id='word_1_361' title='bbox 1154 1734 1326 1766; x_wconf 79' lang='lat' dir='ltr'>Fructibus</span> <span class='ocrx_word' id='word_1_362' title='bbox 1349 1733 1448 1765; x_wconf 85' lang='lat' dir='ltr'>medii</span> <span class='ocrx_word' id='word_1_363' title='bbox 1471 1734 1626 1775; x_wconf 80' lang='lat' dir='ltr'>temporis</span> <span class='ocrx_word' id='word_1_364' title='bbox 1650 1733 1806 1765; x_wconf 90' lang='lat' dir='ltr'>bonorum</span> <span class='ocrx_word' id='word_1_365' title='bbox 1828 1733 1937 1765; x_wconf 89' lang='lat' dir='ltr'>huius-</span> 
     </span>
     <span class='ocr_line' id='line_1_41' title="bbox 285 1784 1981 1828; baseline -0.001 -11"><span class='ocrx_word' id='word_1_366' title='bbox 285 1786 373 1817; x_wconf 90' lang='lat' dir='ltr'>modi</span> <span class='ocrx_word' id='word_1_367' title='bbox 403 1796 465 1828; x_wconf 92' lang='lat' dir='ltr'>que</span> <span class='ocrx_word' id='word_1_368' title='bbox 495 1786 540 1817; x_wconf 89' lang='lat' dir='ltr'>sic</span> <span class='ocrx_word' id='word_1_369' title='bbox 563 1785 739 1817; x_wconf 85' lang='lat' dir='ltr'>redemerit</span> <span class='ocrx_word' id='word_1_370' title='bbox 770 1787 802 1818; x_wconf 88' lang='lat' dir='ltr'>in</span> <span class='ocrx_word' id='word_1_371' title='bbox 831 1789 949 1818; x_wconf 86' lang='lat' dir='ltr'>sortem</span> <span class='ocrx_word' id='word_1_372' title='bbox 980 1787 1111 1817; x_wconf 90' lang='lat' dir='ltr'>minime</span> <span class='ocrx_word' id='word_1_373' title='bbox 1135 1785 1362 1827; x_wconf 83' lang='lat' dir='ltr'>conputandis,</span> <span class='ocrx_word' id='word_1_374' title='bbox 1391 1796 1470 1827; x_wconf 89' lang='lat' dir='ltr'>quos</span> <span class='ocrx_word' id='word_1_375' title='bbox 1500 1795 1626 1817; x_wconf 89' lang='lat' dir='ltr'>exnunc</span> <span class='ocrx_word' id='word_1_376' title='bbox 1650 1785 1711 1816; x_wconf 88' lang='lat' dir='ltr'>sibi</span> <span class='ocrx_word' id='word_1_377' title='bbox 1739 1787 1772 1816; x_wconf 90' lang='lat' dir='ltr'>et</span> <span class='ocrx_word' id='word_1_378' title='bbox 1799 1784 1937 1816; x_wconf 84' lang='lat' dir='ltr'>ecclesie</span> <span class='ocrx_word' id='word_1_379' title='bbox 1955 1796 1981 1816; x_wconf 74' lang='grc' dir='ltr'>ιο</span> 
     </span>
     <span class='ocr_line' id='line_1_42' title="bbox 286 1837 925 1870; baseline 0 -1"><span class='ocrx_word' id='word_1_380' title='bbox 286 1848 343 1869; x_wconf 86' lang='lat' dir='ltr'>sue</span> <span class='ocrx_word' id='word_1_381' title='bbox 368 1837 480 1869; x_wconf 85' lang='lat' dir='ltr'>damus</span> <span class='ocrx_word' id='word_1_382' title='bbox 503 1837 681 1870; x_wconf 88' lang='lat' dir='ltr'>liberaliter</span> <span class='ocrx_word' id='word_1_383' title='bbox 704 1841 737 1869; x_wconf 86' lang='lat' dir='ltr'>et</span> <span class='ocrx_word' id='word_1_384' title='bbox 760 1837 925 1869; x_wconf 87' lang='lat' dir='ltr'>donamus.</span> 
     </span>
    </p>

    <p class='ocr_par' dir='ltr' id='par_1_19' title="bbox 286 1892 1982 2082">
     <span class='ocr_line' id='line_1_43' title="bbox 398 1892 1938 1928; baseline -0.001 -7"><span class='ocrx_word' id='word_1_385' title='bbox 398 1892 445 1921; x_wconf 89' lang='grc'>17.</span> <span class='ocrx_word' id='word_1_386' title='bbox 478 1895 550 1921; x_wconf 87' lang='lat' dir='ltr'>Item</span> <span class='ocrx_word' id='word_1_387' title='bbox 577 1894 612 1921; x_wconf 90' lang='lat' dir='ltr'>de</span> <span class='ocrx_word' id='word_1_388' title='bbox 641 1894 770 1928; x_wconf 90' lang='lat' dir='ltr'>quolibet</span> <span class='ocrx_word' id='word_1_389' title='bbox 798 1894 919 1921; x_wconf 83' lang='lat' dir='ltr'>articulo</span> <span class='ocrx_word' id='word_1_390' title='bbox 947 1893 1148 1928; x_wconf 84' lang='lat' dir='ltr'>premissorum</span> <span class='ocrx_word' id='word_1_391' title='bbox 1176 1894 1302 1921; x_wconf 88' lang='lat' dir='ltr'>omnium</span> <span class='ocrx_word' id='word_1_392' title='bbox 1331 1893 1450 1920; x_wconf 88' lang='lat' dir='ltr'>indilate</span> <span class='ocrx_word' id='word_1_393' title='bbox 1477 1893 1607 1920; x_wconf 87' lang='lat' dir='ltr'>dabimus</span> <span class='ocrx_word' id='word_1_394' title='bbox 1637 1893 1763 1920; x_wconf 87' lang='lat' dir='ltr'>litteras</span> <span class='ocrx_word' id='word_1_395' title='bbox 1791 1892 1938 1927; x_wconf 86' lang='lat' dir='ltr'>speciales</span> 
     </span>
     <span class='ocr_line' id='line_1_44' title="bbox 286 1939 1937 1983; baseline 0 -12"><span class='ocrx_word' id='word_1_396' title='bbox 286 1944 380 1979; x_wconf 80' lang='lat' dir='ltr'>sigillo</span> <span class='ocrx_word' id='word_1_397' title='bbox 414 1945 492 1980; x_wconf 85' lang='lat' dir='ltr'>regio</span> <span class='ocrx_word' id='word_1_398' title='bbox 528 1944 560 1972; x_wconf 85' lang='lat' dir='ltr'>et</span> <span class='ocrx_word' id='word_1_399' title='bbox 593 1941 769 1983; x_wconf 84' lang='lat' dir='ltr'>imperiali,</span> <span class='ocrx_word' id='word_1_400' title='bbox 811 1941 838 1972; x_wconf 91' lang='lat' dir='ltr'>si</span> <span class='ocrx_word' id='word_1_401' title='bbox 875 1940 918 1972; x_wconf 88' lang='lat' dir='ltr'>ad</span> <span class='ocrx_word' id='word_1_402' title='bbox 958 1941 1084 1972; x_wconf 88' lang='lat' dir='ltr'>culmen</span> <span class='ocrx_word' id='word_1_403' title='bbox 1123 1941 1267 1982; x_wconf 86' lang='lat' dir='ltr'>provecti</span> <span class='ocrx_word' id='word_1_404' title='bbox 1306 1940 1460 1972; x_wconf 82' lang='lat' dir='ltr'>fuerimus</span> <span class='ocrx_word' id='word_1_405' title='bbox 1492 1939 1678 1982; x_wconf 83' lang='lat' dir='ltr'>imperiale,</span> <span class='ocrx_word' id='word_1_406' title='bbox 1717 1941 1937 1982; x_wconf 77' lang='lat' dir='ltr'>consignatas,</span> 
     </span>
     <span class='ocr_line' id='line_1_45' title="bbox 286 1988 1939 2032; baseline 0.001 -10"><span class='ocrx_word' id='word_1_407' title='bbox 286 1996 399 2030; x_wconf 91' lang='lat' dir='ltr'>quando</span> <span class='ocrx_word' id='word_1_408' title='bbox 430 1997 460 2024; x_wconf 86' lang='lat' dir='ltr'>et</span> <span class='ocrx_word' id='word_1_409' title='bbox 487 1997 621 2031; x_wconf 87' lang='lat' dir='ltr'>quociens</span> <span class='ocrx_word' id='word_1_410' title='bbox 649 2006 734 2032; x_wconf 89' lang='lat' dir='ltr'>super</span> <span class='ocrx_word' id='word_1_411' title='bbox 762 2005 795 2024; x_wconf 89' lang='lat' dir='ltr'>eo</span> <span class='ocrx_word' id='word_1_412' title='bbox 825 1996 960 2024; x_wconf 84' lang='lat' dir='ltr'>fuerimus</span> <span class='ocrx_word' id='word_1_413' title='bbox 989 1995 1120 2030; x_wconf 86' lang='lat' dir='ltr'>requisiti</span> <span class='ocrx_word' id='word_1_414' title='bbox 1150 1997 1221 2031; x_wconf 85' lang='lat' dir='ltr'>per*</span> <span class='ocrx_word' id='word_1_415' title='bbox 1249 1997 1492 2031; x_wconf 83' lang='lat' dir='ltr'>archiepiscopum</span> <span class='ocrx_word' id='word_1_416' title='bbox 1522 1996 1680 2031; x_wconf 83' lang='lat' dir='ltr'>predictum</span> <span class='ocrx_word' id='word_1_417' title='bbox 1710 1988 1762 2023; x_wconf 74' lang='lat' dir='ltr'>aut</span> <span class='ocrx_word' id='word_1_418' title='bbox 1791 1996 1939 2024; x_wconf 81' lang='lat' dir='ltr'>ecclesiam</span> 
     </span>
     <span class='ocr_line' id='line_1_46' title="bbox 288 2047 1982 2082; baseline 0.001 -8"><span class='ocrx_word' id='word_1_419' title='bbox 288 2047 493 2082; x_wconf 85' lang='lat' dir='ltr'>Moguntinam.</span> <span class='ocrx_word' id='word_1_420' title='bbox 1957 2055 1982 2075; x_wconf 67' lang='lat'>³5</span> 
     </span>
    </p>

    <p class='ocr_par' dir='ltr' id='par_1_20' title="bbox 288 2095 1939 2237">
     <span class='ocr_line' id='line_1_47' title="bbox 399 2095 1938 2137; baseline 0.001 -11"><span class='ocrx_word' id='word_1_421' title='bbox 399 2096 447 2126; x_wconf 90' lang='lat'>18.</span> <span class='ocrx_word' id='word_1_422' title='bbox 481 2099 614 2126; x_wconf 85' lang='lat' dir='ltr'>Preterea</span> <span class='ocrx_word' id='word_1_423' title='bbox 637 2099 799 2133; x_wconf 88' lang='lat' dir='ltr'>specialiter</span> <span class='ocrx_word' id='word_1_424' title='bbox 821 2101 851 2126; x_wconf 88' lang='lat' dir='ltr'>et</span> <span class='ocrx_word' id='word_1_425' title='bbox 874 2108 1004 2134; x_wconf 87' lang='lat' dir='ltr'>expresse</span> <span class='ocrx_word' id='word_1_426' title='bbox 1026 2100 1239 2133; x_wconf 86' lang='lat' dir='ltr'>confirmamus,</span> <span class='ocrx_word' id='word_1_427' title='bbox 1263 2095 1480 2137; x_wconf 79' lang='lat' dir='ltr'>approbamus</span> <span class='ocrx_word' id='word_1_428' title='bbox 1503 2101 1533 2127; x_wconf 90' lang='lat' dir='ltr'>et</span> <span class='ocrx_word' id='word_1_429' title='bbox 1554 2100 1735 2127; x_wconf 81' lang='lat' dir='ltr'>innovamus</span> <span class='ocrx_word' id='word_1_430' title='bbox 1757 2099 1834 2134; x_wconf 74' lang='lat' dir='ltr'>ipsi*</span> <span class='ocrx_word' id='word_1_431' title='bbox 1849 2099 1938 2127; x_wconf 83' lang='lat' dir='ltr'>archi-</span> 
     </span>
     <span class='ocr_line' id='line_1_48' title="bbox 288 2147 1939 2187; baseline 0.001 -10"><span class='ocrx_word' id='word_1_432' title='bbox 288 2150 421 2186; x_wconf 90' lang='lat' dir='ltr'>episcopo</span> <span class='ocrx_word' id='word_1_433' title='bbox 445 2152 475 2178; x_wconf 88' lang='lat' dir='ltr'>et</span> <span class='ocrx_word' id='word_1_434' title='bbox 498 2151 614 2178; x_wconf 90' lang='lat' dir='ltr'>ecclesie</span> <span class='ocrx_word' id='word_1_435' title='bbox 637 2151 805 2186; x_wconf 83' lang='lat' dir='ltr'>Moguntine</span> <span class='ocrx_word' id='word_1_436' title='bbox 828 2151 904 2178; x_wconf 88' lang='lat' dir='ltr'>inter</span> <span class='ocrx_word' id='word_1_437' title='bbox 933 2151 990 2178; x_wconf 90' lang='lat' dir='ltr'>alia</span> <span class='ocrx_word' id='word_1_438' title='bbox 1018 2151 1226 2179; x_wconf 85' lang='lat' dir='ltr'>continenciam</span> <span class='ocrx_word' id='word_1_439' title='bbox 1254 2152 1415 2179; x_wconf 83' lang='lat' dir='ltr'>litterarum</span> <span class='ocrx_word' id='word_1_440' title='bbox 1439 2151 1493 2178; x_wconf 89' lang='lat' dir='ltr'>sibi</span> <span class='ocrx_word' id='word_1_441' title='bbox 1515 2153 1552 2179; x_wconf 78' lang='lat' dir='ltr'>a*</span> <span class='ocrx_word' id='word_1_442' title='bbox 1573 2151 1783 2180; x_wconf 79' lang='lat' dir='ltr'>Romanorum</span> <span class='ocrx_word' id='word_1_443' title='bbox 1805 2147 1939 2187; x_wconf 55' lang='lat' dir='ltr'>regibus*</span> 
     </span>
     <span class='ocr_line' id='line_1_49' title="bbox 289 2199 1182 2237; baseline 0.001 -8"><span class='ocrx_word' id='word_1_444' title='bbox 289 2202 459 2230; x_wconf 82' lang='lat' dir='ltr'>traditarum</span> <span class='ocrx_word' id='word_1_445' title='bbox 482 2211 566 2237; x_wconf 87' lang='lat' dir='ltr'>super</span> <span class='ocrx_word' id='word_1_446' title='bbox 589 2203 706 2237; x_wconf 82' lang='lat' dir='ltr'>ungelto</span> <span class='ocrx_word' id='word_1_447' title='bbox 730 2204 760 2230; x_wconf 92' lang='lat' dir='ltr'>et</span> <span class='ocrx_word' id='word_1_448' title='bbox 782 2202 875 2230; x_wconf 88' lang='lat' dir='ltr'>Iudeis</span> <span class='ocrx_word' id='word_1_449' title='bbox 898 2203 928 2230; x_wconf 89' lang='lat' dir='ltr'>in</span> <span class='ocrx_word' id='word_1_450' title='bbox 950 2203 1151 2230; x_wconf 82' lang='lat' dir='ltr'>Frankenvord</span> <span class='ocrx_word' id='word_1_451' title='bbox 1160 2199 1182 2231; x_wconf 84' lang='lat'>².</span> 
     </span>
    </p>

    <p class='ocr_par' dir='ltr' id='par_1_21' title="bbox 289 2250 1983 2445">
     <span class='ocr_line' id='line_1_50' title="bbox 400 2250 1938 2290; baseline 0.001 -9"><span class='ocrx_word' id='word_1_452' title='bbox 400 2251 448 2281; x_wconf 85' lang='lat'>19.</span> <span class='ocrx_word' id='word_1_453' title='bbox 482 2255 554 2282; x_wconf 90' lang='lat' dir='ltr'>Item</span> <span class='ocrx_word' id='word_1_454' title='bbox 577 2254 666 2282; x_wconf 90' lang='lat' dir='ltr'>nobili</span> <span class='ocrx_word' id='word_1_455' title='bbox 689 2254 749 2282; x_wconf 88' lang='lat' dir='ltr'>viro</span> <span class='ocrx_word' id='word_1_456' title='bbox 772 2250 964 2282; x_wconf 57' lang='lat' dir='ltr'>Eberhard&amp;</span> <span class='ocrx_word' id='word_1_457' title='bbox 987 2255 1021 2282; x_wconf 87' lang='lat' dir='ltr'>de</span> <span class='ocrx_word' id='word_1_458' title='bbox 1044 2250 1202 2290; x_wconf 78' lang='lat' dir='ltr'>Briibergk</span> <span class='ocrx_word' id='word_1_459' title='bbox 1225 2255 1438 2290; x_wconf 83' lang='lat' dir='ltr'>procurabimus</span> <span class='ocrx_word' id='word_1_460' title='bbox 1461 2255 1675 2283; x_wconf 80' lang='lat' dir='ltr'>restitucionem</span> <span class='ocrx_word' id='word_1_461' title='bbox 1697 2255 1783 2283; x_wconf 87' lang='lat' dir='ltr'>castri</span> <span class='ocrx_word' id='word_1_462' title='bbox 1805 2254 1938 2290; x_wconf 81' lang='lat' dir='ltr'>Erpach,</span> 
     </span>
     <span class='ocr_line' id='line_1_51' title="bbox 289 2306 1983 2342; baseline 0.001 -9"><span class='ocrx_word' id='word_1_463' title='bbox 289 2306 365 2341; x_wconf 87' lang='lat' dir='ltr'>quod</span> <span class='ocrx_word' id='word_1_464' title='bbox 392 2306 517 2341; x_wconf 79' lang='lat' dir='ltr'>perdidit</span> <span class='ocrx_word' id='word_1_465' title='bbox 543 2306 573 2333; x_wconf 89' lang='lat' dir='ltr'>in</span> <span class='ocrx_word' id='word_1_466' title='bbox 604 2306 723 2334; x_wconf 89' lang='lat' dir='ltr'>servicio</span> <span class='ocrx_word' id='word_1_467' title='bbox 752 2307 869 2334; x_wconf 86' lang='lat' dir='ltr'>ecclesie</span> <span class='ocrx_word' id='word_1_468' title='bbox 895 2307 1076 2342; x_wconf 83' lang='lat' dir='ltr'>Moguntine,</span> <span class='ocrx_word' id='word_1_469' title='bbox 1106 2309 1135 2334; x_wconf 91' lang='lat' dir='ltr'>et</span> <span class='ocrx_word' id='word_1_470' title='bbox 1161 2307 1304 2334; x_wconf 85' lang='lat' dir='ltr'>iusticiam</span> <span class='ocrx_word' id='word_1_471' title='bbox 1334 2306 1388 2334; x_wconf 90' lang='lat' dir='ltr'>sibi</span> <span class='ocrx_word' id='word_1_472' title='bbox 1410 2307 1622 2342; x_wconf 83' lang='lat' dir='ltr'>procurabimus</span> <span class='ocrx_word' id='word_1_473' title='bbox 1646 2308 1675 2335; x_wconf 86' lang='lat' dir='ltr'>et</span> <span class='ocrx_word' id='word_1_474' title='bbox 1697 2307 1832 2334; x_wconf 85' lang='lat' dir='ltr'>faciemus</span> <span class='ocrx_word' id='word_1_475' title='bbox 1855 2315 1939 2342; x_wconf 89' lang='lat' dir='ltr'>super</span> <span class='ocrx_word' id='word_1_476' title='bbox 1956 2314 1983 2335; x_wconf 76' lang='lat'>4⁰</span> 
     </span>
     <span class='ocr_line' id='line_1_52' title="bbox 289 2358 1939 2393; baseline 0.001 -8"><span class='ocrx_word' id='word_1_477' title='bbox 289 2358 374 2393; x_wconf 89' lang='lat' dir='ltr'>opido</span> <span class='ocrx_word' id='word_1_478' title='bbox 401 2358 547 2386; x_wconf 88' lang='lat' dir='ltr'>Mosbach</span> <span class='ocrx_word' id='word_1_479' title='bbox 577 2360 607 2386; x_wconf 91' lang='lat' dir='ltr'>et</span> <span class='ocrx_word' id='word_1_480' title='bbox 633 2359 693 2386; x_wconf 89' lang='lat' dir='ltr'>iure</span> <span class='ocrx_word' id='word_1_481' title='bbox 723 2367 788 2391; x_wconf 88' lang='lat' dir='ltr'>suo,</span> <span class='ocrx_word' id='word_1_482' title='bbox 815 2359 891 2393; x_wconf 91' lang='lat' dir='ltr'>quod</span> <span class='ocrx_word' id='word_1_483' title='bbox 920 2359 1024 2387; x_wconf 87' lang='lat' dir='ltr'>habere</span> <span class='ocrx_word' id='word_1_484' title='bbox 1055 2359 1140 2386; x_wconf 88' lang='lat' dir='ltr'>debet</span> <span class='ocrx_word' id='word_1_485' title='bbox 1168 2359 1198 2386; x_wconf 93' lang='lat' dir='ltr'>in</span> <span class='ocrx_word' id='word_1_486' title='bbox 1228 2360 1344 2386; x_wconf 85' lang='lat' dir='ltr'>moneta</span> <span class='ocrx_word' id='word_1_487' title='bbox 1369 2359 1400 2385; x_wconf 91' lang='lat' dir='ltr'>in</span> <span class='ocrx_word' id='word_1_488' title='bbox 1422 2358 1527 2392; x_wconf 81' lang='lat' dir='ltr'>Hallis,</span> <span class='ocrx_word' id='word_1_489' title='bbox 1551 2358 1704 2386; x_wconf 87' lang='lat' dir='ltr'>secundum</span> <span class='ocrx_word' id='word_1_490' title='bbox 1731 2358 1939 2386; x_wconf 84' lang='lat' dir='ltr'>continenciam</span> 
     </span>
     <span class='ocr_line' id='line_1_53' title="bbox 289 2406 995 2445; baseline 0.001 -8"><span class='ocrx_word' id='word_1_491' title='bbox 289 2410 451 2437; x_wconf 88' lang='lat' dir='ltr'>litterarum</span> <span class='ocrx_word' id='word_1_492' title='bbox 473 2419 595 2442; x_wconf 88' lang='lat' dir='ltr'>suarum,</span> <span class='ocrx_word' id='word_1_493' title='bbox 619 2419 689 2444; x_wconf 89' lang='lat' dir='ltr'>quas</span> <span class='ocrx_word' id='word_1_494' title='bbox 713 2411 801 2438; x_wconf 85' lang='lat' dir='ltr'>habet</span> <span class='ocrx_word' id='word_1_495' title='bbox 824 2419 908 2445; x_wconf 91' lang='lat' dir='ltr'>super</span> <span class='ocrx_word' id='word_1_496' title='bbox 931 2419 964 2438; x_wconf 90' lang='lat' dir='ltr'>eo</span> <span class='ocrx_word' id='word_1_497' title='bbox 975 2406 995 2438; x_wconf 85' lang='lat'>³.</span> 
     </span>
    </p>

    <p class='ocr_par' dir='ltr' id='par_1_22' title="bbox 290 2459 1983 2706">
     <span class='ocr_line' id='line_1_54' title="bbox 400 2459 1938 2498; baseline 0.001 -10"><span class='ocrx_word' id='word_1_498' title='bbox 400 2459 450 2489; x_wconf 85' lang='lat'>20.</span> <span class='ocrx_word' id='word_1_499' title='bbox 485 2462 577 2489; x_wconf 73' lang='lat' dir='ltr'>Item*</span> <span class='ocrx_word' id='word_1_500' title='bbox 601 2461 701 2489; x_wconf 85' lang='lat' dir='ltr'>Ottoni</span> <span class='ocrx_word' id='word_1_501' title='bbox 723 2462 884 2498; x_wconf 81' lang='lat' dir='ltr'>lantgravio</span> <span class='ocrx_word' id='word_1_502' title='bbox 907 2464 982 2490; x_wconf 88' lang='lat' dir='ltr'>terre</span> <span class='ocrx_word' id='word_1_503' title='bbox 1005 2462 1106 2490; x_wconf 78' lang='lat' dir='ltr'>Hassis</span> <span class='ocrx_word' id='word_1_504' title='bbox 1129 2462 1243 2490; x_wconf 88' lang='lat' dir='ltr'>domino</span> <span class='ocrx_word' id='word_1_505' title='bbox 1267 2471 1317 2490; x_wconf 89' lang='lat' dir='ltr'>seu</span> <span class='ocrx_word' id='word_1_506' title='bbox 1340 2462 1400 2490; x_wconf 91' lang='lat' dir='ltr'>eius</span> <span class='ocrx_word' id='word_1_507' title='bbox 1415 2461 1567 2489; x_wconf 88' lang='lat' dir='ltr'>heredibus</span> <span class='ocrx_word' id='word_1_508' title='bbox 1582 2470 1640 2489; x_wconf 88' lang='lat' dir='ltr'>non</span> <span class='ocrx_word' id='word_1_509' title='bbox 1656 2462 1831 2490; x_wconf 85' lang='lat' dir='ltr'>conferemus</span> <span class='ocrx_word' id='word_1_510' title='bbox 1847 2462 1938 2495; x_wconf 77' lang='lat' dir='ltr'>feoda,</span> 
     </span>
     <span class='ocr_line' id='line_1_55' title="bbox 290 2510 1939 2552; baseline 0 -12"><span class='ocrx_word' id='word_1_511' title='bbox 290 2522 345 2548; x_wconf 89' lang='lat' dir='ltr'>que</span> <span class='ocrx_word' id='word_1_512' title='bbox 367 2522 418 2548; x_wconf 87' lang='lat' dir='ltr'>per</span> <span class='ocrx_word' id='word_1_513' title='bbox 440 2515 560 2541; x_wconf 88' lang='lat' dir='ltr'>mortem</span> <span class='ocrx_word' id='word_1_514' title='bbox 584 2514 718 2541; x_wconf 86' lang='lat' dir='ltr'>Iohannis</span> <span class='ocrx_word' id='word_1_515' title='bbox 741 2515 883 2548; x_wconf 84' lang='lat' dir='ltr'>quondam</span> <span class='ocrx_word' id='word_1_516' title='bbox 905 2515 1002 2542; x_wconf 86' lang='lat' dir='ltr'>fratris</span> <span class='ocrx_word' id='word_1_517' title='bbox 1025 2510 1124 2552; x_wconf 84' lang='lat' dir='ltr'>ipsius</span> <span class='ocrx_word' id='word_1_518' title='bbox 1147 2514 1260 2542; x_wconf 86' lang='lat' dir='ltr'>Ottonis</span> <span class='ocrx_word' id='word_1_519' title='bbox 1284 2516 1457 2542; x_wconf 89' lang='lat' dir='ltr'>vacaverunt</span> <span class='ocrx_word' id='word_1_520' title='bbox 1482 2514 1616 2549; x_wconf 86' lang='lat' dir='ltr'>imperio,</span> <span class='ocrx_word' id='word_1_521' title='bbox 1645 2514 1695 2542; x_wconf 90' lang='lat' dir='ltr'>sed</span> <span class='ocrx_word' id='word_1_522' title='bbox 1721 2514 1784 2549; x_wconf 86' lang='lat' dir='ltr'>ipsa</span> <span class='ocrx_word' id='word_1_523' title='bbox 1810 2515 1939 2549; x_wconf 87' lang='lat' dir='ltr'>petemus</span> 
     </span>
     <span class='ocr_line' id='line_1_56' title="bbox 292 2566 1983 2602; baseline -0.001 -9"><span class='ocrx_word' id='word_1_524' title='bbox 292 2567 321 2594; x_wconf 88' lang='lat' dir='ltr'>et</span> <span class='ocrx_word' id='word_1_525' title='bbox 343 2566 379 2593; x_wconf 87' lang='lat' dir='ltr'>ad</span> <span class='ocrx_word' id='word_1_526' title='bbox 401 2566 445 2593; x_wconf 91' lang='lat' dir='ltr'>ius</span> <span class='ocrx_word' id='word_1_527' title='bbox 468 2566 593 2601; x_wconf 89' lang='lat' dir='ltr'>imperii,</span> <span class='ocrx_word' id='word_1_528' title='bbox 623 2566 697 2594; x_wconf 83' lang='lat' dir='ltr'>sicut</span> <span class='ocrx_word' id='word_1_529' title='bbox 719 2568 855 2600; x_wconf 90' lang='lat' dir='ltr'>tenemur,</span> <span class='ocrx_word' id='word_1_530' title='bbox 885 2567 1088 2595; x_wconf 86' lang='lat' dir='ltr'>revocabimus.</span> <span class='ocrx_word' id='word_1_531' title='bbox 1132 2566 1170 2594; x_wconf 85' lang='lat' dir='ltr'>Et</span> <span class='ocrx_word' id='word_1_532' title='bbox 1191 2576 1243 2595; x_wconf 92' lang='lat' dir='ltr'>nos</span> <span class='ocrx_word' id='word_1_533' title='bbox 1271 2566 1451 2602; x_wconf 65' lang='lat' dir='ltr'>predictum*</span> <span class='ocrx_word' id='word_1_534' title='bbox 1473 2566 1729 2601; x_wconf 82' lang='lat' dir='ltr'>archiepiscopum,</span> <span class='ocrx_word' id='word_1_535' title='bbox 1753 2566 1866 2600; x_wconf 83' lang='lat' dir='ltr'>quando</span> <span class='ocrx_word' id='word_1_536' title='bbox 1889 2575 1940 2601; x_wconf 89' lang='lat' dir='ltr'>per</span> <span class='ocrx_word' id='word_1_537' title='bbox 1957 2572 1983 2592; x_wconf 67' lang='lat'>45</span> 
     </span>
     <span class='ocr_line' id='line_1_57' title="bbox 291 2618 1939 2653; baseline 0 -9"><span class='ocrx_word' id='word_1_538' title='bbox 291 2626 355 2645; x_wconf 91' lang='lat' dir='ltr'>eum</span> <span class='ocrx_word' id='word_1_539' title='bbox 377 2618 508 2652; x_wconf 85' lang='lat' dir='ltr'>requisiti</span> <span class='ocrx_word' id='word_1_540' title='bbox 530 2618 674 2651; x_wconf 84' lang='lat' dir='ltr'>fuerimus,</span> <span class='ocrx_word' id='word_1_541' title='bbox 698 2619 746 2646; x_wconf 79' lang='lat' dir='ltr'>et*</span> <span class='ocrx_word' id='word_1_542' title='bbox 768 2628 942 2647; x_wconf 89' lang='lat' dir='ltr'>successores</span> <span class='ocrx_word' id='word_1_543' title='bbox 965 2628 1030 2647; x_wconf 89' lang='lat' dir='ltr'>suos</span> <span class='ocrx_word' id='word_1_544' title='bbox 1053 2619 1174 2647; x_wconf 86' lang='lat' dir='ltr'>fideliter</span> <span class='ocrx_word' id='word_1_545' title='bbox 1190 2619 1394 2646; x_wconf 85' lang='lat' dir='ltr'>adiuvabimus</span> <span class='ocrx_word' id='word_1_546' title='bbox 1417 2620 1447 2646; x_wconf 90' lang='lat' dir='ltr'>et</span> <span class='ocrx_word' id='word_1_547' title='bbox 1468 2618 1612 2646; x_wconf 76' lang='lat' dir='ltr'>adiuvare</span> <span class='ocrx_word' id='word_1_548' title='bbox 1627 2618 1819 2653; x_wconf 88' lang='lat' dir='ltr'>promittimus</span> <span class='ocrx_word' id='word_1_549' title='bbox 1834 2618 1939 2646; x_wconf 86' lang='lat' dir='ltr'>nostris</span> 
     </span>
     <span class='ocr_line' id='line_1_58' title="bbox 290 2669 1940 2706; baseline 0 -9"><span class='ocrx_word' id='word_1_550' title='bbox 290 2669 433 2697; x_wconf 85' lang='lat' dir='ltr'>laboribus</span> <span class='ocrx_word' id='word_1_551' title='bbox 456 2671 486 2697; x_wconf 89' lang='lat' dir='ltr'>et</span> <span class='ocrx_word' id='word_1_552' title='bbox 508 2670 638 2705; x_wconf 86' lang='lat' dir='ltr'>expensis</span> <span class='ocrx_word' id='word_1_553' title='bbox 661 2670 698 2697; x_wconf 88' lang='lat' dir='ltr'>ad</span> <span class='ocrx_word' id='word_1_554' title='bbox 720 2671 881 2705; x_wconf 86' lang='lat' dir='ltr'>petendum,</span> <span class='ocrx_word' id='word_1_555' title='bbox 906 2671 1091 2706; x_wconf 90' lang='lat' dir='ltr'>optinendum</span> <span class='ocrx_word' id='word_1_556' title='bbox 1114 2673 1144 2699; x_wconf 90' lang='lat' dir='ltr'>et</span> <span class='ocrx_word' id='word_1_557' title='bbox 1166 2671 1379 2706; x_wconf 88' lang='lat' dir='ltr'>adipiscendum</span> <span class='ocrx_word' id='word_1_558' title='bbox 1401 2670 1498 2704; x_wconf 76' lang='lat' dir='ltr'>feoda,</span> <span class='ocrx_word' id='word_1_559' title='bbox 1521 2679 1576 2705; x_wconf 87' lang='lat' dir='ltr'>que</span> <span class='ocrx_word' id='word_1_560' title='bbox 1598 2678 1650 2705; x_wconf 87' lang='lat' dir='ltr'>per</span> <span class='ocrx_word' id='word_1_561' title='bbox 1671 2671 1791 2697; x_wconf 83' lang='lat' dir='ltr'>mortem</span> <span class='ocrx_word' id='word_1_562' title='bbox 1814 2669 1940 2698; x_wconf 87' lang='lat' dir='ltr'>eiusdem</span> 
     </span>
    </p>
   </div>
   <div class='ocr_carea' id='block_1_13' title="bbox 394 2751 1780 2855">
    <p class='ocr_par' dir='ltr' id='par_1_23' title="bbox 394 2751 1780 2855">
     <span class='ocr_line' id='line_1_59' title="bbox 394 2751 1780 2787; baseline 0 -10"><span class='ocrx_word' id='word_1_563' title='bbox 394 2751 458 2778; x_wconf 81' lang='grc'><strong>142.</strong></span> <span class='ocrx_word' id='word_1_564' title='bbox 486 2752 511 2784; x_wconf 75' lang='grc'>8)</span> <span class='ocrx_word' id='word_1_565' title='bbox 530 2753 676 2785; x_wconf 86' lang='lat' dir='ltr'>inpignoret</span> <span class='ocrx_word' id='word_1_566' title='bbox 694 2752 718 2778; x_wconf 77' lang='grc'>2.</span> <span class='ocrx_word' id='word_1_567' title='bbox 806 2752 832 2785; x_wconf 84' lang='lat' dir='ltr'>l¹)</span> <span class='ocrx_word' id='word_1_568' title='bbox 851 2762 919 2786; x_wconf 74' lang='lat' dir='ltr'>sequ.</span> <span class='ocrx_word' id='word_1_569' title='bbox 938 2754 1042 2787; x_wconf 86' lang='lat' dir='ltr'>regibus</span> <span class='ocrx_word' id='word_1_570' title='bbox 1061 2754 1133 2779; x_wconf 80' lang='lat' dir='ltr'>delet.</span> <span class='ocrx_word' id='word_1_571' title='bbox 1154 2753 1177 2779; x_wconf 89' lang='grc'><strong>1.</strong></span> <span class='ocrx_word' id='word_1_572' title='bbox 1265 2752 1284 2785; x_wconf 80' lang='lat' dir='ltr'>i)</span> <span class='ocrx_word' id='word_1_573' title='bbox 1303 2753 1444 2779; x_wconf 84' lang='lat' dir='ltr'>Ebirhardo</span> <span class='ocrx_word' id='word_1_574' title='bbox 1461 2752 1486 2779; x_wconf 79' lang='grc'>2,</span> <span class='ocrx_word' id='word_1_575' title='bbox 1574 2751 1601 2784; x_wconf 80' lang='lat'>¹‘)</span> <span class='ocrx_word' id='word_1_576' title='bbox 1619 2753 1736 2786; x_wconf 84' lang='lat' dir='ltr'>Bruberg</span> <span class='ocrx_word' id='word_1_577' title='bbox 1755 2751 1780 2778; x_wconf 76' lang='grc'>2.</span> 
     </span>
     <span class='ocr_line' id='line_1_60' title="bbox 396 2819 1733 2855; baseline 0 -9"><span class='ocrx_word' id='word_1_578' title='bbox 396 2820 420 2853; x_wconf 95' lang='grc'><strong>1)</strong></span> <span class='ocrx_word' id='word_1_579' title='bbox 442 2819 484 2854; x_wconf 80' lang='lat' dir='ltr'>Cf.</span> <span class='ocrx_word' id='word_1_580' title='bbox 502 2820 579 2852; x_wconf 77' lang='lat' dir='ltr'>infra</span> <span class='ocrx_word' id='word_1_581' title='bbox 597 2828 639 2847; x_wconf 80' lang='lat' dir='ltr'>nr.</span> <span class='ocrx_word' id='word_1_582' title='bbox 654 2824 707 2847; x_wconf 85' lang='lat'>150.</span> <span class='ocrx_word' id='word_1_583' title='bbox 794 2821 821 2855; x_wconf 84' lang='lat'>2)</span> <span class='ocrx_word' id='word_1_584' title='bbox 844 2821 884 2854; x_wconf 82' lang='lat' dir='ltr'>Gf.</span> <span class='ocrx_word' id='word_1_585' title='bbox 903 2821 982 2854; x_wconf 75' lang='lat' dir='ltr'>infra</span> <span class='ocrx_word' id='word_1_586' title='bbox 996 2821 1158 2855; x_wconf 73' lang='lat' dir='ltr'>prooemium</span> <span class='ocrx_word' id='word_1_587' title='bbox 1176 2821 1214 2847; x_wconf 82' lang='lat' dir='ltr'>ad</span> <span class='ocrx_word' id='word_1_588' title='bbox 1231 2829 1274 2847; x_wconf 73' lang='lat' dir='ltr'>nr.</span> <span class='ocrx_word' id='word_1_589' title='bbox 1288 2825 1339 2848; x_wconf 88' lang='lat'>151.</span> <span class='ocrx_word' id='word_1_590' title='bbox 1426 2821 1453 2855; x_wconf 88' lang='lat'>3)</span> <span class='ocrx_word' id='word_1_591' title='bbox 1473 2820 1514 2855; x_wconf 80' lang='lat' dir='ltr'>Cf.</span> <span class='ocrx_word' id='word_1_592' title='bbox 1531 2820 1608 2855; x_wconf 64' lang='lat' dir='ltr'>infra</span> <span class='ocrx_word' id='word_1_593' title='bbox 1625 2827 1668 2846; x_wconf 79' lang='lat' dir='ltr'>nr.</span> <span class='ocrx_word' id='word_1_594' title='bbox 1681 2822 1733 2847; x_wconf 84' lang='lat'>163.</span> 
     </span>
    </p>
   </div>
  </div>
 </body>
</html>
