<?xml version="1.0" encoding="UTF-8"?>
<!DOCTYPE html PUBLIC "-//W3C//DTD XHTML 1.0 Transitional//EN"
    "http://www.w3.org/TR/xhtml1/DTD/xhtml1-transitional.dtd">
<html xmlns="http://www.w3.org/1999/xhtml" xml:lang="en" lang="en">
 <head>
  <title>
</title>
<meta http-equiv="Content-Type" content="text/html;charset=utf-8" />
  <meta name='ocr-system' content='tesseract 3.04.00' />
  <meta name='ocr-capabilities' content='ocr_page ocr_carea ocr_par ocr_line ocrx_word'/>
</head>
<body>
  <div class='ocr_page' id='page_1' title='image "./monumentagerma05geseuoft_0226.png"; bbox 0 0 2190 3172; ppageno 0'>
   <div class='ocr_carea' id='block_1_1' title="bbox 321 222 1765 267">
    <p class='ocr_par' dir='ltr' id='par_1_1' title="bbox 321 222 1765 267">
     <span class='ocr_line' id='line_1_1' title="bbox 321 222 1765 267; baseline -0.009 -5"><span class='ocrx_word' id='word_1_1' title='bbox 321 236 379 267; x_wconf 83' lang='lat'><strong>186</strong></span> <span class='ocrx_word' id='word_1_2' title='bbox 510 233 606 260; x_wconf 85' lang='lat' dir='ltr'>ACTA</span> <span class='ocrx_word' id='word_1_3' title='bbox 626 232 739 261; x_wconf 85' lang='lat' dir='ltr'><strong>REGNI</strong></span> <span class='ocrx_word' id='word_1_4' title='bbox 758 227 941 257; x_wconf 87' lang='lat' dir='ltr'>LUDEWICI</span> <span class='ocrx_word' id='word_1_5' title='bbox 960 227 1006 254; x_wconf 87' lang='lat' dir='ltr'><strong>IV.</strong></span> <span class='ocrx_word' id='word_1_6' title='bbox 1026 226 1071 253; x_wconf 87' lang='lat' dir='ltr'><strong>ET</strong></span> <span class='ocrx_word' id='word_1_7' title='bbox 1091 225 1276 253; x_wconf 82' lang='lat' dir='ltr'><strong>FRIDERIOI</strong></span> <span class='ocrx_word' id='word_1_8' title='bbox 1295 225 1345 253; x_wconf 84' lang='lat'><strong>111.</strong></span> <span class='ocrx_word' id='word_1_9' title='bbox 1380 224 1454 252; x_wconf 84' lang='lat'>1315.</span> <span class='ocrx_word' id='word_1_10' title='bbox 1490 223 1539 250; x_wconf 80' lang='lat' dir='ltr'><strong>Nr.</strong></span> <span class='ocrx_word' id='word_1_11' title='bbox 1552 222 1688 250; x_wconf 59' lang='lat'><strong><em>206..207.</em></strong></span> <span class='ocrx_word' id='word_1_12' title='bbox 1706 222 1765 250; x_wconf 81' lang='lat'>208.</span> 
     </span>
    </p>
   </div>
   <div class='ocr_carea' id='block_1_2' title="bbox 457 347 1825 393">
    <p class='ocr_par' dir='ltr' id='par_1_2' title="bbox 457 347 1825 393">
     <span class='ocr_line' id='line_1_2' title="bbox 457 347 1825 393; baseline -0.01 0"><span class='ocrx_word' id='word_1_13' title='bbox 457 357 542 393; x_wconf 66' lang='lat'><strong>206.</strong></span> <span class='ocrx_word' id='word_1_14' title='bbox 583 355 750 391; x_wconf 78' lang='lat' dir='ltr'><strong>Eiusdem</strong></span> <span class='ocrx_word' id='word_1_15' title='bbox 776 352 977 387; x_wconf 75' lang='lat' dir='ltr'><strong>mandatum</strong></span> <span class='ocrx_word' id='word_1_16' title='bbox 1004 349 1149 384; x_wconf 80' lang='lat' dir='ltr'><strong>alterum</strong></span> <span class='ocrx_word' id='word_1_17' title='bbox 1175 347 1368 385; x_wconf 72' lang='lat' dir='ltr'><strong>civitatibus</strong></span> <span class='ocrx_word' id='word_1_18' title='bbox 1395 348 1570 383; x_wconf 76' lang='lat' dir='ltr'><strong>directum.</strong></span> <span class='ocrx_word' id='word_1_19' title='bbox 1671 347 1750 382; x_wconf 79' lang='lat' dir='ltr'><strong>Ian.</strong></span> <span class='ocrx_word' id='word_1_20' title='bbox 1769 348 1825 382; x_wconf 89' lang='lat'><strong>19.</strong></span> 
     </span>
    </p>
   </div>
   <div class='ocr_carea' id='block_1_3' title="bbox 316 419 2005 626">
    <p class='ocr_par' dir='ltr' id='par_1_3' title="bbox 316 419 1962 575">
     <span class='ocr_line' id='line_1_3' title="bbox 429 419 1962 471; baseline -0.008 -8"><span class='ocrx_word' id='word_1_21' title='bbox 429 429 588 471; x_wconf 62' lang='lat' dir='ltr'><strong>originale</strong></span> <span class='ocrx_word' id='word_1_22' title='bbox 611 428 685 470; x_wconf 88' lang='lat' dir='ltr'><strong>(or.)</strong></span> <span class='ocrx_word' id='word_1_23' title='bbox 708 426 821 458; x_wconf 84' lang='lat' dir='ltr'><strong>ibidem</strong></span> <span class='ocrx_word' id='word_1_24' title='bbox 843 423 935 456; x_wconf 90' lang='lat' dir='ltr'><strong>KLS</strong></span> <span class='ocrx_word' id='word_1_25' title='bbox 954 434 1003 455; x_wconf 77' lang='lat' dir='ltr'><strong>nr.</strong></span> <span class='ocrx_word' id='word_1_26' title='bbox 1016 425 1067 454; x_wconf 90' lang='lat'><strong>33.</strong></span> <span class='ocrx_word' id='word_1_27' title='bbox 1102 422 1336 464; x_wconf 81' lang='lat' dir='ltr'><strong>Descripsimus</strong></span> <span class='ocrx_word' id='word_1_28' title='bbox 1350 432 1416 454; x_wconf 81' lang='lat' dir='ltr'><strong>nos.</strong></span> <span class='ocrx_word' id='word_1_29' title='bbox 1450 420 1555 461; x_wconf 75' lang='lat' dir='ltr'><strong>Siyilli</strong></span> <span class='ocrx_word' id='word_1_30' title='bbox 1569 420 1660 452; x_wconf 81' lang='lat' dir='ltr'><strong>dorso</strong></span> <span class='ocrx_word' id='word_1_31' title='bbox 1674 420 1820 460; x_wconf 77' lang='lat' dir='ltr'><strong><em>impressi</em></strong></span> <span class='ocrx_word' id='word_1_32' title='bbox 1832 419 1962 461; x_wconf 76' lang='lat' dir='ltr'><strong>vestiqia</strong></span> 
     </span>
     <span class='ocr_line' id='line_1_4' title="bbox 316 471 1961 524; baseline -0.008 -8"><span class='ocrx_word' id='word_1_33' title='bbox 316 485 484 524; x_wconf 62' lang='lat' dir='ltr'><strong>amarent.</strong></span> <span class='ocrx_word' id='word_1_34' title='bbox 536 481 778 513; x_wconf 77' lang='lat' dir='ltr'><strong>Transsumtum</strong></span> <span class='ocrx_word' id='word_1_35' title='bbox 810 476 878 518; x_wconf 80' lang='lat' dir='ltr'><strong>(tr.)</strong></span> <span class='ocrx_word' id='word_1_36' title='bbox 907 476 943 506; x_wconf 80' lang='lat' dir='ltr'><strong>in</strong></span> <span class='ocrx_word' id='word_1_37' title='bbox 971 474 1082 506; x_wconf 83' lang='lat' dir='ltr'><strong>Hulda</strong></span> <span class='ocrx_word' id='word_1_38' title='bbox 1110 475 1200 513; x_wconf 78' lang='lat' dir='ltr'><strong>infra</strong></span> <span class='ocrx_word' id='word_1_39' title='bbox 1226 484 1275 506; x_wconf 79' lang='lat' dir='ltr'><strong>nr.</strong></span> <span class='ocrx_word' id='word_1_40' title='bbox 1296 474 1370 506; x_wconf 79' lang='lat'><strong><em>208.</em></strong></span> <span class='ocrx_word' id='word_1_41' title='bbox 1406 491 1445 496; x_wconf 92' lang='lat'><strong>—</strong></span> <span class='ocrx_word' id='word_1_42' title='bbox 1479 472 1542 504; x_wconf 83' lang='lat' dir='ltr'><strong>Ed.</strong></span> <span class='ocrx_word' id='word_1_43' title='bbox 1570 472 1766 505; x_wconf 63' lang='lat' dir='ltr'><strong>Wdrdtwein</strong></span> <span class='ocrx_word' id='word_1_44' title='bbox 1794 471 1961 504; x_wconf 76' lang='lat' dir='ltr'><strong>‘Subsidia</strong></span> 
     </span>
     <span class='ocr_line' id='line_1_5' title="bbox 318 529 921 575; baseline -0.015 -8"><span class='ocrx_word' id='word_1_45' title='bbox 318 533 531 575; x_wconf 80' lang='lat' dir='ltr'><strong>diplomatica’</strong></span> <span class='ocrx_word' id='word_1_46' title='bbox 555 531 583 570; x_wconf 90' lang='lat' dir='ltr'><strong>I,</strong></span> <span class='ocrx_word' id='word_1_47' title='bbox 607 531 670 562; x_wconf 80' lang='lat'><strong>429</strong></span> <span class='ocrx_word' id='word_1_48' title='bbox 692 540 742 561; x_wconf 80' lang='lat' dir='ltr'><strong>nr.</strong></span> <span class='ocrx_word' id='word_1_49' title='bbox 758 529 801 560; x_wconf 80' lang='lat'><strong>82</strong></span> <span class='ocrx_word' id='word_1_50' title='bbox 822 538 861 559; x_wconf 74' lang='lat' dir='ltr'><strong>ex</strong></span> <span class='ocrx_word' id='word_1_51' title='bbox 882 530 921 558; x_wconf 88' lang='lat' dir='ltr'><strong>tr.</strong></span> 
     </span>
    </p>

    <p class='ocr_par' dir='ltr' id='par_1_4' title="bbox 426 583 2005 626">
     <span class='ocr_line' id='line_1_6' title="bbox 426 583 2005 626; baseline -0.011 -5"><span class='ocrx_word' id='word_1_52' title='bbox 426 589 572 626; x_wconf 71' lang='lat' dir='ltr'><strong>B6hmer,</strong></span> <span class='ocrx_word' id='word_1_53' title='bbox 595 586 670 626; x_wconf 76' lang='lat' dir='ltr'><strong>Rey.</strong></span> <span class='ocrx_word' id='word_1_54' title='bbox 694 584 806 616; x_wconf 85' lang='lat' dir='ltr'><strong>Ludw.</strong></span> <span class='ocrx_word' id='word_1_55' title='bbox 825 594 859 623; x_wconf 87' lang='lat' dir='ltr'><strong>p.</strong></span> <span class='ocrx_word' id='word_1_56' title='bbox 875 584 896 614; x_wconf 82' lang='lat'><strong><em>4</em></strong></span> <span class='ocrx_word' id='word_1_57' title='bbox 917 592 966 614; x_wconf 82' lang='lat' dir='ltr'><strong>nr.</strong></span> <span class='ocrx_word' id='word_1_58' title='bbox 984 583 1034 614; x_wconf 81' lang='lat'><strong>64.</strong></span> <span class='ocrx_word' id='word_1_59' title='bbox 1992 585 2005 604; x_wconf 73' lang='lat' dir='ltr'><strong>s</strong></span> 
     </span>
    </p>
   </div>
   <div class='ocr_carea' id='block_1_4' title="bbox 317 666 2014 1438">
    <p class='ocr_par' dir='ltr' id='par_1_5' title="bbox 318 666 1965 819">
     <span class='ocr_line' id='line_1_7' title="bbox 426 666 1964 712; baseline -0.006 -6"><span class='ocrx_word' id='word_1_60' title='bbox 426 673 619 706; x_wconf 88' lang='lat' dir='ltr'><strong>Ludowicus</strong></span> <span class='ocrx_word' id='word_1_61' title='bbox 635 671 698 702; x_wconf 90' lang='lat' dir='ltr'><strong>Dei</strong></span> <span class='ocrx_word' id='word_1_62' title='bbox 715 669 824 712; x_wconf 78' lang='lat' dir='ltr'>gracia</span> <span class='ocrx_word' id='word_1_63' title='bbox 838 668 1058 700; x_wconf 89' lang='lat' dir='ltr'><strong>Romanorum</strong></span> <span class='ocrx_word' id='word_1_64' title='bbox 1074 677 1133 699; x_wconf 85' lang='lat' dir='ltr'><strong>rex</strong></span> <span class='ocrx_word' id='word_1_65' title='bbox 1148 677 1277 709; x_wconf 82' lang='lat' dir='ltr'>semper</span> <span class='ocrx_word' id='word_1_66' title='bbox 1292 669 1447 710; x_wconf 86' lang='lat' dir='ltr'><strong>augustus</strong></span> <span class='ocrx_word' id='word_1_67' title='bbox 1525 690 1532 697; x_wconf 93' lang='lat'><strong><em>.</em></strong></span> <span class='ocrx_word' id='word_1_68' title='bbox 1547 690 1554 698; x_wconf 90' lang='lat'><strong><em>.</em></strong></span> <span class='ocrx_word' id='word_1_69' title='bbox 1570 666 1724 707; x_wconf 88' lang='lat' dir='ltr'><strong>scultetis,</strong></span> <span class='ocrx_word' id='word_1_70' title='bbox 1748 690 1756 698; x_wconf 88' lang='lat'><strong><em>.</em></strong></span> <span class='ocrx_word' id='word_1_71' title='bbox 1770 691 1777 698; x_wconf 90' lang='lat'><strong><em>.</em></strong></span> <span class='ocrx_word' id='word_1_72' title='bbox 1795 666 1964 698; x_wconf 85' lang='lat' dir='ltr'><strong>castrensi-</strong></span> 
     </span>
     <span class='ocr_line' id='line_1_8' title="bbox 319 717 1965 766; baseline -0.006 -7"><span class='ocrx_word' id='word_1_73' title='bbox 319 728 389 766; x_wconf 92' lang='lat' dir='ltr'><strong>bus,</strong></span> <span class='ocrx_word' id='word_1_74' title='bbox 415 751 421 757; x_wconf 95' lang='lat'><strong><em>.</em></strong></span> <span class='ocrx_word' id='word_1_75' title='bbox 441 750 448 757; x_wconf 93' lang='lat'><strong><em>.</em></strong></span> <span class='ocrx_word' id='word_1_76' title='bbox 473 723 664 764; x_wconf 88' lang='lat' dir='ltr'><strong>consulibus,</strong></span> <span class='ocrx_word' id='word_1_77' title='bbox 689 747 696 753; x_wconf 90' lang='lat'><strong><em>.</em></strong></span> <span class='ocrx_word' id='word_1_78' title='bbox 715 745 722 752; x_wconf 92' lang='lat'><strong><em>.</em></strong></span> <span class='ocrx_word' id='word_1_79' title='bbox 746 720 868 752; x_wconf 88' lang='lat' dir='ltr'><strong>civibus</strong></span> <span class='ocrx_word' id='word_1_80' title='bbox 884 729 922 751; x_wconf 88' lang='lat' dir='ltr'><strong>ac</strong></span> <span class='ocrx_word' id='word_1_81' title='bbox 937 719 1049 752; x_wconf 90' lang='lat' dir='ltr'><strong>incolis</strong></span> <span class='ocrx_word' id='word_1_82' title='bbox 1064 719 1220 751; x_wconf 89' lang='lat' dir='ltr'><strong>universis</strong></span> <span class='ocrx_word' id='word_1_83' title='bbox 1239 720 1272 750; x_wconf 90' lang='lat' dir='ltr'><strong>in</strong></span> <span class='ocrx_word' id='word_1_84' title='bbox 1289 718 1503 760; x_wconf 88' lang='lat' dir='ltr'><strong>Oppenheim,</strong></span> <span class='ocrx_word' id='word_1_85' title='bbox 1528 717 1736 758; x_wconf 87' lang='lat' dir='ltr'><strong>Odernheim,</strong></span> <span class='ocrx_word' id='word_1_86' title='bbox 1760 717 1965 760; x_wconf 81' lang='lat' dir='ltr'><strong>Swabsberg,</strong></span> 
     </span>
     <span class='ocr_line' id='line_1_9' title="bbox 318 769 1964 819; baseline -0.005 -9"><span class='ocrx_word' id='word_1_87' title='bbox 318 781 455 819; x_wconf 90' lang='lat' dir='ltr'><strong>utroque</strong></span> <span class='ocrx_word' id='word_1_88' title='bbox 472 775 674 818; x_wconf 88' lang='lat' dir='ltr'><strong>Ingelnheim</strong></span> <span class='ocrx_word' id='word_1_89' title='bbox 696 776 730 805; x_wconf 88' lang='lat' dir='ltr'><strong>et</strong></span> <span class='ocrx_word' id='word_1_90' title='bbox 744 773 776 804; x_wconf 92' lang='lat' dir='ltr'><strong>in</strong></span> <span class='ocrx_word' id='word_1_91' title='bbox 791 771 821 804; x_wconf 85' lang='lat' dir='ltr'>N</span> <span class='ocrx_word' id='word_1_92' title='bbox 825 771 953 811; x_wconf 64' lang='lat' dir='ltr'><strong>erstein,</strong></span> <span class='ocrx_word' id='word_1_93' title='bbox 975 770 1126 802; x_wconf 88' lang='lat' dir='ltr'><strong>fidelibus</strong></span> <span class='ocrx_word' id='word_1_94' title='bbox 1141 771 1206 802; x_wconf 90' lang='lat' dir='ltr'><strong>suis</strong></span> <span class='ocrx_word' id='word_1_95' title='bbox 1222 770 1347 802; x_wconf 88' lang='lat' dir='ltr'><strong>dilectis</strong></span> <span class='ocrx_word' id='word_1_96' title='bbox 1412 771 1554 812; x_wconf 79' lang='lat' dir='ltr'>graciam</span> <span class='ocrx_word' id='word_1_97' title='bbox 1570 780 1661 802; x_wconf 81' lang='lat' dir='ltr'><strong>suam</strong></span> <span class='ocrx_word' id='word_1_98' title='bbox 1677 773 1711 802; x_wconf 90' lang='lat' dir='ltr'><strong>et</strong></span> <span class='ocrx_word' id='word_1_99' title='bbox 1727 779 1821 801; x_wconf 88' lang='lat' dir='ltr'><strong>omne</strong></span> <span class='ocrx_word' id='word_1_100' title='bbox 1837 769 1964 801; x_wconf 87' lang='lat' dir='ltr'><strong>bonum.</strong></span> 
     </span>
    </p>

    <p class='ocr_par' dir='ltr' id='par_1_6' title="bbox 317 822 2011 1331">
     <span class='ocr_line' id='line_1_10' title="bbox 428 822 1965 869; baseline -0.005 -9"><span class='ocrx_word' id='word_1_101' title='bbox 428 828 509 860; x_wconf 84' lang='lat' dir='ltr'><strong>Cum</strong></span> <span class='ocrx_word' id='word_1_102' title='bbox 535 829 668 869; x_wconf 87' lang='lat' dir='ltr'><strong>propter</strong></span> <span class='ocrx_word' id='word_1_103' title='bbox 695 829 820 856; x_wconf 87' lang='lat' dir='ltr'><strong>nostras</strong></span> <span class='ocrx_word' id='word_1_104' title='bbox 849 827 882 855; x_wconf 89' lang='lat' dir='ltr'><strong>et</strong></span> <span class='ocrx_word' id='word_1_105' title='bbox 907 823 1036 865; x_wconf 89' lang='lat' dir='ltr'><strong>imperii</strong></span> <span class='ocrx_word' id='word_1_106' title='bbox 1058 823 1215 854; x_wconf 80' lang='lat' dir='ltr'>utilitates</span> <span class='ocrx_word' id='word_1_107' title='bbox 1238 822 1404 854; x_wconf 86' lang='lat' dir='ltr'><strong>evidentes</strong></span> <span class='ocrx_word' id='word_1_108' title='bbox 1432 825 1465 854; x_wconf 88' lang='lat' dir='ltr'><strong>et</strong></span> <span class='ocrx_word' id='word_1_109' title='bbox 1485 822 1694 854; x_wconf 79' lang='lat' dir='ltr'><strong>necessitates</strong></span> <span class='ocrx_word' id='word_1_110' title='bbox 1716 824 1868 864; x_wconf 87' lang='lat' dir='ltr'><strong>urgentes</strong></span> <span class='ocrx_word' id='word_1_111' title='bbox 1890 831 1965 863; x_wconf 86' lang='lat' dir='ltr'><strong>pre-</strong></span> 
     </span>
     <span class='ocr_line' id='line_1_11' title="bbox 317 874 2009 920; baseline -0.006 -7"><span class='ocrx_word' id='word_1_112' title='bbox 317 881 406 913; x_wconf 85' lang='lat' dir='ltr'><strong>dicta</strong></span> <span class='ocrx_word' id='word_1_113' title='bbox 439 882 557 919; x_wconf 86' lang='lat' dir='ltr'><strong>castra,</strong></span> <span class='ocrx_word' id='word_1_114' title='bbox 593 877 690 920; x_wconf 90' lang='lat' dir='ltr'><strong>opida</strong></span> <span class='ocrx_word' id='word_1_115' title='bbox 722 879 755 908; x_wconf 89' lang='lat' dir='ltr'><strong>et</strong></span> <span class='ocrx_word' id='word_1_116' title='bbox 786 875 878 907; x_wconf 89' lang='lat' dir='ltr'><strong>villas</strong></span> <span class='ocrx_word' id='word_1_117' title='bbox 909 885 979 907; x_wconf 88' lang='lat' dir='ltr'><strong>cum</strong></span> <span class='ocrx_word' id='word_1_118' title='bbox 1011 875 1075 906; x_wconf 89' lang='lat' dir='ltr'><strong>suis</strong></span> <span class='ocrx_word' id='word_1_119' title='bbox 1105 874 1301 906; x_wconf 80' lang='lat' dir='ltr'><strong>districtibus</strong></span> <span class='ocrx_word' id='word_1_120' title='bbox 1328 877 1360 906; x_wconf 86' lang='lat' dir='ltr'><strong>et</strong></span> <span class='ocrx_word' id='word_1_121' title='bbox 1382 874 1589 916; x_wconf 82' lang='lat' dir='ltr'><strong>pertinenciis</strong></span> <span class='ocrx_word' id='word_1_122' title='bbox 1610 874 1766 906; x_wconf 87' lang='lat' dir='ltr'><strong>universis</strong></span> <span class='ocrx_word' id='word_1_123' title='bbox 1789 884 1847 915; x_wconf 89' lang='lat' dir='ltr'><strong>pro</strong></span> <span class='ocrx_word' id='word_1_124' title='bbox 1871 874 1966 905; x_wconf 85' lang='lat' dir='ltr'><strong>certis</strong></span> <span class='ocrx_word' id='word_1_125' title='bbox 1984 884 2009 904; x_wconf 85' lang='grc' dir='ltr'><strong>ιο</strong></span> 
     </span>
     <span class='ocr_line' id='line_1_12' title="bbox 321 924 1967 975; baseline -0.004 -11"><span class='ocrx_word' id='word_1_126' title='bbox 321 932 529 975; x_wconf 85' lang='lat' dir='ltr'><strong>pecuniarum</strong></span> <span class='ocrx_word' id='word_1_127' title='bbox 553 929 787 972; x_wconf 81' lang='lat' dir='ltr'><strong>quantitatibus</strong></span> <span class='ocrx_word' id='word_1_128' title='bbox 816 928 849 959; x_wconf 92' lang='lat' dir='ltr'><strong>in</strong></span> <span class='ocrx_word' id='word_1_129' title='bbox 878 930 1004 959; x_wconf 90' lang='lat' dir='ltr'><strong>nostras</strong></span> <span class='ocrx_word' id='word_1_130' title='bbox 1034 929 1068 958; x_wconf 90' lang='lat' dir='ltr'><strong>et</strong></span> <span class='ocrx_word' id='word_1_131' title='bbox 1089 927 1217 968; x_wconf 90' lang='lat' dir='ltr'><strong>imperii</strong></span> <span class='ocrx_word' id='word_1_132' title='bbox 1238 926 1394 958; x_wconf 82' lang='lat' dir='ltr'><strong>utilitates</strong></span> <span class='ocrx_word' id='word_1_133' title='bbox 1417 926 1577 958; x_wconf 88' lang='lat' dir='ltr'><strong>conversis</strong></span> <span class='ocrx_word' id='word_1_134' title='bbox 1600 925 1767 958; x_wconf 85' lang='lat' dir='ltr'><strong>evidenter</strong></span> <span class='ocrx_word' id='word_1_135' title='bbox 1788 924 1967 957; x_wconf 80' lang='lat' dir='ltr'><strong>venerabili</strong></span> 
     </span>
     <span class='ocr_line' id='line_1_13' title="bbox 319 977 1966 1023; baseline -0.004 -7"><span class='ocrx_word' id='word_1_136' title='bbox 319 984 420 1016; x_wconf 88' lang='lat' dir='ltr'><strong>Petro</strong></span> <span class='ocrx_word' id='word_1_137' title='bbox 452 983 695 1023; x_wconf 88' lang='lat' dir='ltr'><strong>archiepiscopo</strong></span> <span class='ocrx_word' id='word_1_138' title='bbox 724 979 913 1021; x_wconf 81' lang='lat' dir='ltr'><strong>Moguntino</strong></span> <span class='ocrx_word' id='word_1_139' title='bbox 941 979 1077 1020; x_wconf 86' lang='lat' dir='ltr'><strong>principi</strong></span> <span class='ocrx_word' id='word_1_140' title='bbox 1105 981 1139 1010; x_wconf 89' lang='lat' dir='ltr'><strong>et</strong></span> <span class='ocrx_word' id='word_1_141' title='bbox 1167 978 1341 1010; x_wconf 84' lang='lat' dir='ltr'><strong>secretario</strong></span> <span class='ocrx_word' id='word_1_142' title='bbox 1369 981 1478 1010; x_wconf 91' lang='lat' dir='ltr'><strong>nostro</strong></span> <span class='ocrx_word' id='word_1_143' title='bbox 1506 978 1674 1010; x_wconf 88' lang='lat' dir='ltr'><strong>karissimo</strong></span> <span class='ocrx_word' id='word_1_144' title='bbox 1698 978 1800 1020; x_wconf 84' lang='lat' dir='ltr'><strong>tytulo</strong></span> <span class='ocrx_word' id='word_1_145' title='bbox 1823 977 1966 1020; x_wconf 85' lang='lat' dir='ltr'><strong>pignoris</strong></span> 
     </span>
     <span class='ocr_line' id='line_1_14' title="bbox 322 1028 1967 1077; baseline -0.004 -10"><span class='ocrx_word' id='word_1_146' title='bbox 322 1046 381 1068; x_wconf 87' lang='lat' dir='ltr'><strong>seu</strong></span> <span class='ocrx_word' id='word_1_147' title='bbox 403 1035 583 1077; x_wconf 65' lang='lat' dir='ltr'><strong>ypothece&#39;²</strong></span> <span class='ocrx_word' id='word_1_148' title='bbox 609 1032 868 1074; x_wconf 86' lang='lat' dir='ltr'><strong>obligaverimus,</strong></span> <span class='ocrx_word' id='word_1_149' title='bbox 892 1030 1068 1062; x_wconf 87' lang='lat' dir='ltr'><strong>secundum</strong></span> <span class='ocrx_word' id='word_1_150' title='bbox 1091 1029 1178 1072; x_wconf 91' lang='lat' dir='ltr'><strong>quod</strong></span> <span class='ocrx_word' id='word_1_151' title='bbox 1200 1031 1231 1061; x_wconf 94' lang='lat' dir='ltr'><strong>in</strong></span> <span class='ocrx_word' id='word_1_152' title='bbox 1248 1030 1466 1062; x_wconf 88' lang='lat' dir='ltr'><strong>instrumentis</strong></span> <span class='ocrx_word' id='word_1_153' title='bbox 1482 1040 1579 1072; x_wconf 90' lang='lat' dir='ltr'><strong>super</strong></span> <span class='ocrx_word' id='word_1_154' title='bbox 1593 1030 1655 1062; x_wconf 87' lang='lat' dir='ltr'><strong>hoc</strong></span> <span class='ocrx_word' id='word_1_155' title='bbox 1671 1029 1825 1062; x_wconf 85' lang='lat' dir='ltr'><strong>confectis</strong></span> <span class='ocrx_word' id='word_1_156' title='bbox 1840 1028 1967 1071; x_wconf 79' lang='lat' dir='ltr'><strong>plenius</strong></span> 
     </span>
     <span class='ocr_line' id='line_1_15' title="bbox 322 1081 1966 1126; baseline -0.004 -7"><span class='ocrx_word' id='word_1_157' title='bbox 322 1087 517 1126; x_wconf 88' lang='lat' dir='ltr'><strong>continetur,</strong></span> <span class='ocrx_word' id='word_1_158' title='bbox 545 1085 605 1117; x_wconf 93' lang='lat' dir='ltr'><strong>hoc</strong></span> <span class='ocrx_word' id='word_1_159' title='bbox 636 1084 763 1116; x_wconf 89' lang='lat' dir='ltr'><strong>adiecto</strong></span> <span class='ocrx_word' id='word_1_160' title='bbox 793 1083 994 1125; x_wconf 80' lang='lat' dir='ltr'><strong>specialiter,</strong></span> <span class='ocrx_word' id='word_1_161' title='bbox 1025 1081 1111 1124; x_wconf 93' lang='lat' dir='ltr'><strong>quod</strong></span> <span class='ocrx_word' id='word_1_162' title='bbox 1138 1092 1196 1114; x_wconf 87' lang='lat' dir='ltr'><strong>vos</strong></span> <span class='ocrx_word' id='word_1_163' title='bbox 1222 1092 1333 1114; x_wconf 88' lang='lat' dir='ltr'><strong>omnes</strong></span> <span class='ocrx_word' id='word_1_164' title='bbox 1360 1084 1394 1113; x_wconf 91' lang='lat' dir='ltr'><strong>et</strong></span> <span class='ocrx_word' id='word_1_165' title='bbox 1420 1082 1536 1124; x_wconf 81' lang='lat' dir='ltr'><strong>singuli</strong></span> <span class='ocrx_word' id='word_1_166' title='bbox 1564 1081 1675 1114; x_wconf 83' lang='lat' dir='ltr'><strong>eidem.</strong></span> <span class='ocrx_word' id='word_1_167' title='bbox 1698 1081 1833 1123; x_wconf 88' lang='lat' dir='ltr'><strong>principi</strong></span> <span class='ocrx_word' id='word_1_168' title='bbox 1858 1082 1966 1112; x_wconf 81' lang='lat' dir='ltr'><strong>nostro</strong></span> 
     </span>
     <span class='ocr_line' id='line_1_16' title="bbox 323 1133 2011 1176; baseline -0.004 -6"><span class='ocrx_word' id='word_1_169' title='bbox 323 1138 456 1170; x_wconf 86' lang='lat' dir='ltr'><strong>huldam</strong></span> <span class='ocrx_word' id='word_1_170' title='bbox 480 1141 513 1169; x_wconf 87' lang='lat' dir='ltr'><strong>et</strong></span> <span class='ocrx_word' id='word_1_171' title='bbox 536 1136 761 1169; x_wconf 86' lang='lat' dir='ltr'><strong>obedienciam</strong></span> <span class='ocrx_word' id='word_1_172' title='bbox 784 1135 910 1166; x_wconf 84' lang='lat' dir='ltr'><strong>faciatis</strong></span> <span class='ocrx_word' id='word_1_173' title='bbox 932 1137 1098 1176; x_wconf 84' lang='lat' dir='ltr'><strong>tamquam</strong></span> <span class='ocrx_word' id='word_1_174' title='bbox 1120 1133 1212 1165; x_wconf 88' lang='lat' dir='ltr'><strong>nobis</strong></span> <span class='ocrx_word' id='word_1_175' title='bbox 1235 1136 1268 1165; x_wconf 89' lang='lat' dir='ltr'><strong>et</strong></span> <span class='ocrx_word' id='word_1_176' title='bbox 1291 1133 1430 1175; x_wconf 87' lang='lat' dir='ltr'><strong>desuper</strong></span> <span class='ocrx_word' id='word_1_177' title='bbox 1451 1133 1602 1175; x_wconf 87' lang='lat' dir='ltr'><strong>prestetis</strong></span> <span class='ocrx_word' id='word_1_178' title='bbox 1625 1133 1791 1175; x_wconf 88' lang='lat' dir='ltr'><strong>corporale</strong></span> <span class='ocrx_word' id='word_1_179' title='bbox 1806 1133 1967 1164; x_wconf 81' lang='lat' dir='ltr'><strong>iuramen-</strong></span> <span class='ocrx_word' id='word_1_180' title='bbox 1987 1143 2011 1163; x_wconf 76' lang='grc' dir='ltr'><strong>ιι</strong></span> 
     </span>
     <span class='ocr_line' id='line_1_17' title="bbox 321 1184 1968 1230; baseline -0.004 -8"><span class='ocrx_word' id='word_1_181' title='bbox 321 1194 402 1230; x_wconf 90' lang='lat' dir='ltr'><strong>tum,</strong></span> <span class='ocrx_word' id='word_1_182' title='bbox 426 1189 570 1221; x_wconf 85' lang='lat' dir='ltr'><strong>volentes</strong></span> <span class='ocrx_word' id='word_1_183' title='bbox 593 1189 691 1230; x_wconf 89' lang='lat' dir='ltr'><strong>igitur</strong></span> <span class='ocrx_word' id='word_1_184' title='bbox 712 1188 802 1219; x_wconf 86' lang='lat' dir='ltr'><strong>iuxta</strong></span> <span class='ocrx_word' id='word_1_185' title='bbox 825 1186 982 1229; x_wconf 86' lang='lat' dir='ltr'><strong>premissa</strong></span> <span class='ocrx_word' id='word_1_186' title='bbox 1005 1185 1112 1218; x_wconf 89' lang='lat' dir='ltr'><strong>eidem</strong></span> <span class='ocrx_word' id='word_1_187' title='bbox 1135 1196 1193 1227; x_wconf 88' lang='lat' dir='ltr'><strong>per</strong></span> <span class='ocrx_word' id='word_1_188' title='bbox 1215 1195 1272 1216; x_wconf 85' lang='lat' dir='ltr'><strong>vos</strong></span> <span class='ocrx_word' id='word_1_189' title='bbox 1294 1185 1326 1216; x_wconf 87' lang='lat' dir='ltr'><strong>in</strong></span> <span class='ocrx_word' id='word_1_190' title='bbox 1349 1184 1497 1216; x_wconf 88' lang='lat' dir='ltr'><strong>omnibus</strong></span> <span class='ocrx_word' id='word_1_191' title='bbox 1519 1184 1660 1225; x_wconf 84' lang='lat' dir='ltr'><strong>obediri,</strong></span> <span class='ocrx_word' id='word_1_192' title='bbox 1688 1184 1837 1216; x_wconf 83' lang='lat' dir='ltr'><strong>fidelitati</strong></span> <span class='ocrx_word' id='word_1_193' title='bbox 1862 1188 1968 1216; x_wconf 82' lang='lat' dir='ltr'><strong>vestre</strong></span> 
     </span>
     <span class='ocr_line' id='line_1_18' title="bbox 326 1235 1970 1282; baseline -0.004 -9"><span class='ocrx_word' id='word_1_194' title='bbox 326 1241 469 1273; x_wconf 87' lang='lat' dir='ltr'><strong>districte</strong></span> <span class='ocrx_word' id='word_1_195' title='bbox 496 1239 706 1282; x_wconf 88' lang='lat' dir='ltr'><strong>precipiendo</strong></span> <span class='ocrx_word' id='word_1_196' title='bbox 735 1237 940 1279; x_wconf 84' lang='lat' dir='ltr'><strong>mandamus,</strong></span> <span class='ocrx_word' id='word_1_197' title='bbox 975 1237 1124 1279; x_wconf 78' lang='lat' dir='ltr'><strong>quatinus</strong></span> <span class='ocrx_word' id='word_1_198' title='bbox 1158 1236 1264 1268; x_wconf 88' lang='lat' dir='ltr'><strong>eidem</strong></span> <span class='ocrx_word' id='word_1_199' title='bbox 1298 1236 1397 1268; x_wconf 86' lang='lat' dir='ltr'><strong>hulda</strong></span> <span class='ocrx_word' id='word_1_200' title='bbox 1428 1239 1461 1268; x_wconf 91' lang='lat' dir='ltr'><strong>et</strong></span> <span class='ocrx_word' id='word_1_201' title='bbox 1488 1236 1679 1268; x_wconf 87' lang='lat' dir='ltr'><strong>obediencia</strong></span> <span class='ocrx_word' id='word_1_202' title='bbox 1705 1236 1766 1268; x_wconf 89' lang='lat' dir='ltr'><strong>sibi</strong></span> <span class='ocrx_word' id='word_1_203' title='bbox 1795 1235 1889 1268; x_wconf 80' lang='lat' dir='ltr'><strong>factis</strong></span> <span class='ocrx_word' id='word_1_204' title='bbox 1910 1245 1970 1278; x_wconf 87' lang='lat' dir='ltr'><strong>per</strong></span> 
     </span>
     <span class='ocr_line' id='line_1_19' title="bbox 325 1287 1879 1331; baseline -0.004 -6"><span class='ocrx_word' id='word_1_205' title='bbox 325 1293 432 1325; x_wconf 84' lang='lat' dir='ltr'><strong>omnia</strong></span> <span class='ocrx_word' id='word_1_206' title='bbox 456 1296 490 1324; x_wconf 87' lang='lat' dir='ltr'><strong>et</strong></span> <span class='ocrx_word' id='word_1_207' title='bbox 512 1293 544 1323; x_wconf 89' lang='lat' dir='ltr'><strong>in</strong></span> <span class='ocrx_word' id='word_1_208' title='bbox 569 1290 716 1323; x_wconf 88' lang='lat' dir='ltr'><strong>omnibus</strong></span> <span class='ocrx_word' id='word_1_209' title='bbox 739 1290 825 1322; x_wconf 88' lang='lat' dir='ltr'><strong>dicta</strong></span> <span class='ocrx_word' id='word_1_210' title='bbox 849 1289 1050 1331; x_wconf 83' lang='lat' dir='ltr'><strong>obligacione</strong></span> <span class='ocrx_word' id='word_1_211' title='bbox 1074 1288 1209 1320; x_wconf 86' lang='lat' dir='ltr'><strong>durante</strong></span> <span class='ocrx_word' id='word_1_212' title='bbox 1232 1291 1398 1330; x_wconf 86' lang='lat' dir='ltr'><strong>tamquam</strong></span> <span class='ocrx_word' id='word_1_213' title='bbox 1421 1287 1513 1320; x_wconf 90' lang='lat' dir='ltr'><strong>nobis</strong></span> <span class='ocrx_word' id='word_1_214' title='bbox 1535 1288 1675 1320; x_wconf 84' lang='lat' dir='ltr'><strong>fideliter</strong></span> <span class='ocrx_word' id='word_1_215' title='bbox 1695 1287 1879 1320; x_wconf 87' lang='lat' dir='ltr'><strong>intendatis.</strong></span> 
     </span>
    </p>

    <p class='ocr_par' dir='ltr' id='par_1_7' title="bbox 321 1338 2014 1438">
     <span class='ocr_line' id='line_1_20' title="bbox 431 1338 1968 1384; baseline -0.003 -9"><span class='ocrx_word' id='word_1_216' title='bbox 431 1344 506 1376; x_wconf 85' lang='lat' dir='ltr'><strong>Dat.</strong></span> <span class='ocrx_word' id='word_1_217' title='bbox 522 1343 728 1383; x_wconf 87' lang='lat' dir='ltr'><strong>Wormacie,</strong></span> <span class='ocrx_word' id='word_1_218' title='bbox 758 1341 816 1374; x_wconf 88' lang='lat' dir='ltr'><strong>sub</strong></span> <span class='ocrx_word' id='word_1_219' title='bbox 847 1341 952 1384; x_wconf 84' lang='lat' dir='ltr'><strong>sigillo</strong></span> <span class='ocrx_word' id='word_1_220' title='bbox 982 1343 1091 1372; x_wconf 88' lang='lat' dir='ltr'><strong>nostro</strong></span> <span class='ocrx_word' id='word_1_221' title='bbox 1114 1350 1134 1372; x_wconf 85' lang='lat' dir='ltr'><strong>a</strong></span> <span class='ocrx_word' id='word_1_222' title='bbox 1156 1343 1263 1382; x_wconf 85' lang='lat' dir='ltr'><strong>tergo,</strong></span> <span class='ocrx_word' id='word_1_223' title='bbox 1292 1350 1375 1372; x_wconf 84' lang='lat' dir='ltr'><strong>anno</strong></span> <span class='ocrx_word' id='word_1_224' title='bbox 1397 1339 1528 1372; x_wconf 88' lang='lat' dir='ltr'><strong>Domini</strong></span> <span class='ocrx_word' id='word_1_225' title='bbox 1549 1339 1720 1371; x_wconf 86' lang='lat' dir='ltr'><strong>millesimo</strong></span> <span class='ocrx_word' id='word_1_226' title='bbox 1743 1338 1968 1371; x_wconf 86' lang='lat' dir='ltr'><strong>trecentesimo</strong></span> 
     </span>
     <span class='ocr_line' id='line_1_21' title="bbox 321 1392 2014 1438; baseline -0.005 -10"><span class='ocrx_word' id='word_1_227' title='bbox 321 1395 572 1438; x_wconf 90' lang='lat' dir='ltr'><strong>quintodecimo,</strong></span> <span class='ocrx_word' id='word_1_228' title='bbox 595 1394 709 1427; x_wconf 87' lang='lat' dir='ltr'>XIIII.</span> <span class='ocrx_word' id='word_1_229' title='bbox 726 1393 865 1425; x_wconf 88' lang='lat' dir='ltr'><strong>Kalend.</strong></span> <span class='ocrx_word' id='word_1_230' title='bbox 888 1392 1055 1433; x_wconf 71' lang='lat' dir='ltr'><strong>Februan,</strong></span> <span class='ocrx_word' id='word_1_231' title='bbox 1078 1392 1170 1434; x_wconf 87' lang='lat' dir='ltr'><strong>regni</strong></span> <span class='ocrx_word' id='word_1_232' title='bbox 1192 1401 1269 1424; x_wconf 86' lang='lat' dir='ltr'><strong>vero</strong></span> <span class='ocrx_word' id='word_1_233' title='bbox 1292 1392 1393 1423; x_wconf 90' lang='lat' dir='ltr'><strong>nostri</strong></span> <span class='ocrx_word' id='word_1_234' title='bbox 1414 1402 1497 1423; x_wconf 84' lang='lat' dir='ltr'><strong>anno</strong></span> <span class='ocrx_word' id='word_1_235' title='bbox 1520 1392 1633 1433; x_wconf 89' lang='lat' dir='ltr'><strong>primo.</strong></span> <span class='ocrx_word' id='word_1_236' title='bbox 1987 1399 2014 1419; x_wconf 74' lang='lat' dir='ltr'><strong>so</strong></span> 
     </span>
    </p>
   </div>
   <div class='ocr_carea' id='block_1_5' title="bbox 465 1523 1833 1571">
    <p class='ocr_par' dir='ltr' id='par_1_8' title="bbox 465 1523 1833 1571">
     <span class='ocr_line' id='line_1_22' title="bbox 465 1523 1833 1571; baseline -0.003 -8"><span class='ocrx_word' id='word_1_237' title='bbox 465 1527 550 1563; x_wconf 64' lang='lat'><strong>207.</strong></span> <span class='ocrx_word' id='word_1_238' title='bbox 590 1526 771 1562; x_wconf 74' lang='lat' dir='ltr'><strong>Indultum</strong></span> <span class='ocrx_word' id='word_1_239' title='bbox 798 1526 840 1561; x_wconf 86' lang='lat' dir='ltr'><strong>ab</strong></span> <span class='ocrx_word' id='word_1_240' title='bbox 867 1526 1122 1571; x_wconf 76' lang='lat' dir='ltr'><strong>archiepiscopo</strong></span> <span class='ocrx_word' id='word_1_241' title='bbox 1148 1523 1339 1560; x_wconf 78' lang='lat' dir='ltr'><strong>civitatibus</strong></span> <span class='ocrx_word' id='word_1_242' title='bbox 1366 1535 1566 1560; x_wconf 80' lang='lat' dir='ltr'><strong>concessum.</strong></span> <span class='ocrx_word' id='word_1_243' title='bbox 1669 1524 1749 1559; x_wconf 80' lang='lat' dir='ltr'><strong>Ian.</strong></span> <span class='ocrx_word' id='word_1_244' title='bbox 1768 1525 1833 1559; x_wconf 91' lang='lat'><strong>22.</strong></span> 
     </span>
    </p>
   </div>
   <div class='ocr_carea' id='block_1_6' title="bbox 326 1597 1968 1695">
    <p class='ocr_par' dir='ltr' id='par_1_9' title="bbox 326 1597 1968 1695">
     <span class='ocr_line' id='line_1_23' title="bbox 437 1597 1968 1642; baseline -0.002 -10"><span class='ocrx_word' id='word_1_245' title='bbox 437 1600 596 1642; x_wconf 76' lang='lat' dir='ltr'><strong>Oriqinale</strong></span> <span class='ocrx_word' id='word_1_246' title='bbox 620 1602 692 1642; x_wconf 90' lang='lat' dir='ltr'><strong>(or.)</strong></span> <span class='ocrx_word' id='word_1_247' title='bbox 716 1601 752 1632; x_wconf 78' lang='lat' dir='ltr'><strong>in</strong></span> <span class='ocrx_word' id='word_1_248' title='bbox 774 1599 933 1632; x_wconf 77' lang='lat' dir='ltr'><strong>tabulario</strong></span> <span class='ocrx_word' id='word_1_249' title='bbox 954 1602 1068 1632; x_wconf 80' lang='lat' dir='ltr'><strong>secreto</strong></span> <span class='ocrx_word' id='word_1_250' title='bbox 1090 1599 1201 1631; x_wconf 82' lang='lat' dir='ltr'><strong>domus</strong></span> <span class='ocrx_word' id='word_1_251' title='bbox 1222 1598 1325 1639; x_wconf 75' lang='lat' dir='ltr'><strong>reyiae</strong></span> <span class='ocrx_word' id='word_1_252' title='bbox 1346 1598 1546 1630; x_wconf 75' lang='lat' dir='ltr'><strong>Bawwicae.</strong></span> <span class='ocrx_word' id='word_1_253' title='bbox 1591 1597 1688 1630; x_wconf 80' lang='lat' dir='ltr'><strong>Deest</strong></span> <span class='ocrx_word' id='word_1_254' title='bbox 1708 1597 1856 1639; x_wconf 73' lang='lat' dir='ltr'><strong>siyc&#39;llum,</strong></span> <span class='ocrx_word' id='word_1_255' title='bbox 1879 1597 1968 1636; x_wconf 76' lang='lat' dir='ltr'><strong>fora-</strong></span> 
     </span>
     <span class='ocr_line' id='line_1_24' title="bbox 326 1649 1793 1695; baseline -0.003 -10"><span class='ocrx_word' id='word_1_256' title='bbox 326 1654 466 1686; x_wconf 80' lang='lat' dir='ltr'><strong>minibus</strong></span> <span class='ocrx_word' id='word_1_257' title='bbox 487 1652 614 1685; x_wconf 78' lang='lat' dir='ltr'><strong>relictis.</strong></span> <span class='ocrx_word' id='word_1_258' title='bbox 638 1671 680 1676; x_wconf 92' lang='lat'>—</span> <span class='ocrx_word' id='word_1_259' title='bbox 702 1653 775 1684; x_wconf 85' lang='lat' dir='ltr'><strong>Iam</strong></span> <span class='ocrx_word' id='word_1_260' title='bbox 796 1652 953 1684; x_wconf 80' lang='lat' dir='ltr'><strong>edidimus</strong></span> <span class='ocrx_word' id='word_1_261' title='bbox 975 1651 1089 1683; x_wconf 83' lang='lat' dir='ltr'><strong>‘Neues</strong></span> <span class='ocrx_word' id='word_1_262' title='bbox 1110 1650 1239 1683; x_wconf 80' lang='lat' dir='ltr'><strong>Archiv’</strong></span> <span class='ocrx_word' id='word_1_263' title='bbox 1262 1649 1400 1689; x_wconf 86' lang='lat' dir='ltr'><em>XXIII,</em></span> <span class='ocrx_word' id='word_1_264' title='bbox 1423 1651 1486 1682; x_wconf 89' lang='lat'><strong>319</strong></span> <span class='ocrx_word' id='word_1_265' title='bbox 1507 1660 1557 1682; x_wconf 82' lang='lat' dir='ltr'><strong>nr.</strong></span> <span class='ocrx_word' id='word_1_266' title='bbox 1574 1650 1615 1681; x_wconf 89' lang='lat'><strong>11</strong></span> <span class='ocrx_word' id='word_1_267' title='bbox 1635 1660 1674 1682; x_wconf 77' lang='lat' dir='ltr'><strong>ex</strong></span> <span class='ocrx_word' id='word_1_268' title='bbox 1696 1659 1741 1682; x_wconf 89' lang='lat' dir='ltr'><strong>or.</strong></span> <span class='ocrx_word' id='word_1_269' title='bbox 1790 1691 1793 1695; x_wconf 56' lang='lat'><strong><em>.</em></strong></span> 
     </span>
    </p>
   </div>
   <div class='ocr_carea' id='block_1_7' title="bbox 435 1733 1969 1781">
    <p class='ocr_par' dir='ltr' id='par_1_10' title="bbox 435 1733 1969 1781">
     <span class='ocr_line' id='line_1_25' title="bbox 435 1733 1969 1781; baseline -0.003 -10"><span class='ocrx_word' id='word_1_270' title='bbox 435 1740 552 1771; x_wconf 84' lang='lat' dir='ltr'><strong>Petrus</strong></span> <span class='ocrx_word' id='word_1_271' title='bbox 580 1738 644 1770; x_wconf 92' lang='lat' dir='ltr'><strong>Dei</strong></span> <span class='ocrx_word' id='word_1_272' title='bbox 674 1739 783 1781; x_wconf 86' lang='lat' dir='ltr'><strong>gracia</strong></span> <span class='ocrx_word' id='word_1_273' title='bbox 815 1740 923 1770; x_wconf 87' lang='lat' dir='ltr'><strong>sancte</strong></span> <span class='ocrx_word' id='word_1_274' title='bbox 947 1738 1134 1780; x_wconf 88' lang='lat' dir='ltr'><strong>Moguntine</strong></span> <span class='ocrx_word' id='word_1_275' title='bbox 1163 1738 1248 1769; x_wconf 89' lang='lat' dir='ltr'><strong>sedis</strong></span> <span class='ocrx_word' id='word_1_276' title='bbox 1271 1737 1532 1779; x_wconf 85' lang='lat' dir='ltr'><strong>archiepiscopus</strong></span> <span class='ocrx_word' id='word_1_277' title='bbox 1554 1736 1634 1768; x_wconf 89' lang='lat' dir='ltr'><strong>sacri</strong></span> <span class='ocrx_word' id='word_1_278' title='bbox 1657 1735 1784 1778; x_wconf 89' lang='lat' dir='ltr'><strong>imperii</strong></span> <span class='ocrx_word' id='word_1_279' title='bbox 1806 1745 1865 1777; x_wconf 86' lang='lat' dir='ltr'><strong>per</strong></span> <span class='ocrx_word' id='word_1_280' title='bbox 1887 1733 1969 1767; x_wconf 86' lang='lat' dir='ltr'><strong>Ger-</strong></span> 
     </span>
    </p>
   </div>
   <div class='ocr_carea' id='block_1_8' title="bbox 325 1786 2014 1936">
    <p class='ocr_par' dir='ltr' id='par_1_11' title="bbox 325 1786 2014 1936">
     <span class='ocr_line' id='line_1_26' title="bbox 325 1786 2014 1831; baseline -0.003 -8"><span class='ocrx_word' id='word_1_281' title='bbox 325 1792 468 1824; x_wconf 87' lang='lat' dir='ltr'><strong>maniam</strong></span> <span class='ocrx_word' id='word_1_282' title='bbox 491 1790 792 1822; x_wconf 86' lang='lat' dir='ltr'><strong>archicancellarius</strong></span> <span class='ocrx_word' id='word_1_283' title='bbox 880 1790 1038 1821; x_wconf 86' lang='lat' dir='ltr'><strong>strennuis</strong></span> <span class='ocrx_word' id='word_1_284' title='bbox 1061 1799 1098 1821; x_wconf 87' lang='lat' dir='ltr'><strong>ac</strong></span> <span class='ocrx_word' id='word_1_285' title='bbox 1122 1788 1332 1831; x_wconf 81' lang='lat' dir='ltr'><strong>prudentibus</strong></span> <span class='ocrx_word' id='word_1_286' title='bbox 1354 1789 1429 1820; x_wconf 90' lang='lat' dir='ltr'><strong>viris</strong></span> <span class='ocrx_word' id='word_1_287' title='bbox 1452 1813 1459 1820; x_wconf 92' lang='lat'><strong><em>.</em></strong></span> <span class='ocrx_word' id='word_1_288' title='bbox 1478 1813 1485 1820; x_wconf 88' lang='lat'><strong><em>.</em></strong></span> <span class='ocrx_word' id='word_1_289' title='bbox 1509 1787 1667 1828; x_wconf 88' lang='lat' dir='ltr'><strong>scultetis,</strong></span> <span class='ocrx_word' id='word_1_290' title='bbox 1691 1812 1698 1819; x_wconf 87' lang='lat'><strong><em>.</em></strong></span> <span class='ocrx_word' id='word_1_291' title='bbox 1717 1812 1723 1819; x_wconf 99' lang='lat'><strong><em>.</em></strong></span> <span class='ocrx_word' id='word_1_292' title='bbox 1748 1786 1971 1826; x_wconf 85' lang='lat' dir='ltr'><strong>castrensibus,</strong></span> <span class='ocrx_word' id='word_1_293' title='bbox 1989 1799 2014 1818; x_wconf 65' lang='grc' dir='ltr'><strong><em>π</em></strong></span> 
     </span>
     <span class='ocr_line' id='line_1_27' title="bbox 327 1838 1972 1883; baseline -0.003 -8"><span class='ocrx_word' id='word_1_294' title='bbox 327 1869 334 1875; x_wconf 89' lang='grc'><strong>.</strong></span> <span class='ocrx_word' id='word_1_295' title='bbox 353 1867 360 1876; x_wconf 93' lang='grc'><strong>.</strong></span> <span class='ocrx_word' id='word_1_296' title='bbox 385 1843 549 1883; x_wconf 89' lang='lat' dir='ltr'><strong>militibus,</strong></span> <span class='ocrx_word' id='word_1_297' title='bbox 575 1867 581 1874; x_wconf 95' lang='lat'><strong><em>.</em></strong></span> <span class='ocrx_word' id='word_1_298' title='bbox 599 1867 606 1873; x_wconf 95' lang='lat'><strong><em>.</em></strong></span> <span class='ocrx_word' id='word_1_299' title='bbox 632 1842 816 1873; x_wconf 91' lang='lat' dir='ltr'><strong>consulibus</strong></span> <span class='ocrx_word' id='word_1_300' title='bbox 839 1844 872 1873; x_wconf 90' lang='lat' dir='ltr'><strong>et</strong></span> <span class='ocrx_word' id='word_1_301' title='bbox 893 1842 1050 1873; x_wconf 76' lang='lat' dir='ltr'><strong>universis</strong></span> <span class='ocrx_word' id='word_1_302' title='bbox 1073 1840 1195 1873; x_wconf 81' lang='lat' dir='ltr'><strong>civibus</strong></span> <span class='ocrx_word' id='word_1_303' title='bbox 1217 1842 1250 1872; x_wconf 92' lang='lat' dir='ltr'><strong>in</strong></span> <span class='ocrx_word' id='word_1_304' title='bbox 1266 1840 1471 1883; x_wconf 89' lang='lat' dir='ltr'><strong>Oppenheim</strong></span> <span class='ocrx_word' id='word_1_305' title='bbox 1497 1843 1530 1873; x_wconf 91' lang='lat' dir='ltr'><strong>et</strong></span> <span class='ocrx_word' id='word_1_306' title='bbox 1551 1841 1584 1872; x_wconf 92' lang='lat' dir='ltr'><strong>in</strong></span> <span class='ocrx_word' id='word_1_307' title='bbox 1600 1839 1807 1881; x_wconf 87' lang='lat' dir='ltr'><strong>Odernheim,</strong></span> <span class='ocrx_word' id='word_1_308' title='bbox 1823 1838 1972 1871; x_wconf 83' lang='lat' dir='ltr'><strong>fidelibus</strong></span> 
     </span>
     <span class='ocr_line' id='line_1_28' title="bbox 329 1893 1210 1936; baseline -0.003 -9"><span class='ocrx_word' id='word_1_309' title='bbox 329 1896 394 1927; x_wconf 91' lang='lat' dir='ltr'><strong>suis</strong></span> <span class='ocrx_word' id='word_1_310' title='bbox 418 1895 543 1926; x_wconf 89' lang='lat' dir='ltr'><strong>dilectis</strong></span> <span class='ocrx_word' id='word_1_311' title='bbox 630 1894 768 1936; x_wconf 85' lang='lat' dir='ltr'><strong>gratiam</strong></span> <span class='ocrx_word' id='word_1_312' title='bbox 791 1904 882 1925; x_wconf 86' lang='lat' dir='ltr'><strong>suam</strong></span> <span class='ocrx_word' id='word_1_313' title='bbox 906 1897 940 1925; x_wconf 87' lang='lat' dir='ltr'><strong>et</strong></span> <span class='ocrx_word' id='word_1_314' title='bbox 963 1904 1057 1925; x_wconf 91' lang='lat' dir='ltr'><strong>omne</strong></span> <span class='ocrx_word' id='word_1_315' title='bbox 1081 1893 1210 1925; x_wconf 90' lang='lat' dir='ltr'><strong>bonum.</strong></span> 
     </span>
    </p>
   </div>
   <div class='ocr_carea' id='block_1_9' title="bbox 327 1941 2019 2092">
    <p class='ocr_par' dir='ltr' id='par_1_12' title="bbox 327 1941 2019 2092">
     <span class='ocr_line' id='line_1_29' title="bbox 434 1941 1973 1988; baseline -0.003 -10"><span class='ocrx_word' id='word_1_316' title='bbox 434 1946 480 1978; x_wconf 90' lang='lat' dir='ltr'><strong>Ut</strong></span> <span class='ocrx_word' id='word_1_317' title='bbox 503 1956 599 1988; x_wconf 86' lang='lat' dir='ltr'><strong>super</strong></span> <span class='ocrx_word' id='word_1_318' title='bbox 622 1946 725 1977; x_wconf 84' lang='lat' dir='ltr'><strong>causis</strong></span> <span class='ocrx_word' id='word_1_319' title='bbox 748 1945 946 1977; x_wconf 89' lang='lat' dir='ltr'><strong>secularibus</strong></span> <span class='ocrx_word' id='word_1_320' title='bbox 970 1944 1011 1976; x_wconf 87' lang='lat' dir='ltr'><strong>ad</strong></span> <span class='ocrx_word' id='word_1_321' title='bbox 1034 1945 1139 1976; x_wconf 79' lang='lat' dir='ltr'><strong>forum</strong></span> <span class='ocrx_word' id='word_1_322' title='bbox 1163 1944 1308 1976; x_wconf 86' lang='lat' dir='ltr'><strong>seculare</strong></span> <span class='ocrx_word' id='word_1_323' title='bbox 1331 1943 1565 1987; x_wconf 87' lang='lat' dir='ltr'><strong>pertinentibus</strong></span> <span class='ocrx_word' id='word_1_324' title='bbox 1580 1944 1771 1976; x_wconf 82' lang='lat' dir='ltr'><strong>auctoritate</strong></span> <span class='ocrx_word' id='word_1_325' title='bbox 1789 1945 1898 1974; x_wconf 85' lang='lat' dir='ltr'><strong>nostra</strong></span> <span class='ocrx_word' id='word_1_326' title='bbox 1920 1941 1973 1974; x_wconf 85' lang='lat' dir='ltr'><strong>vel</strong></span> 
     </span>
     <span class='ocr_line' id='line_1_30' title="bbox 328 1993 1974 2040; baseline -0.004 -8"><span class='ocrx_word' id='word_1_327' title='bbox 328 2000 470 2032; x_wconf 91' lang='lat' dir='ltr'><strong>iudicum</strong></span> <span class='ocrx_word' id='word_1_328' title='bbox 497 1999 588 2031; x_wconf 91' lang='lat' dir='ltr'><strong>nobis</strong></span> <span class='ocrx_word' id='word_1_329' title='bbox 618 1999 835 2031; x_wconf 89' lang='lat' dir='ltr'><strong>subiectorum</strong></span> <span class='ocrx_word' id='word_1_330' title='bbox 864 1998 905 2030; x_wconf 85' lang='lat' dir='ltr'><strong>ad</strong></span> <span class='ocrx_word' id='word_1_331' title='bbox 934 1997 1066 2040; x_wconf 85' lang='lat' dir='ltr'><strong>aliquod</strong></span> <span class='ocrx_word' id='word_1_332' title='bbox 1094 1997 1247 2029; x_wconf 87' lang='lat' dir='ltr'><strong>iudicium</strong></span> <span class='ocrx_word' id='word_1_333' title='bbox 1275 1996 1528 2029; x_wconf 84' lang='lat' dir='ltr'><strong>ecclesiasticum</strong></span> <span class='ocrx_word' id='word_1_334' title='bbox 1555 1995 1639 2027; x_wconf 81' lang='lat' dir='ltr'><strong>trahi</strong></span> <span class='ocrx_word' id='word_1_335' title='bbox 1670 2005 1733 2027; x_wconf 91' lang='lat' dir='ltr'><strong>non</strong></span> <span class='ocrx_word' id='word_1_336' title='bbox 1767 1994 1896 2036; x_wconf 88' lang='lat' dir='ltr'><strong>possitis</strong></span> <span class='ocrx_word' id='word_1_337' title='bbox 1920 1993 1974 2025; x_wconf 89' lang='lat' dir='ltr'><strong>vel</strong></span> 
     </span>
     <span class='ocr_line' id='line_1_31' title="bbox 327 2045 2019 2092; baseline -0.004 -9"><span class='ocrx_word' id='word_1_338' title='bbox 327 2052 501 2092; x_wconf 86' lang='lat' dir='ltr'><strong>conveniri,</strong></span> <span class='ocrx_word' id='word_1_339' title='bbox 525 2051 615 2082; x_wconf 87' lang='lat' dir='ltr'><strong>vobis</strong></span> <span class='ocrx_word' id='word_1_340' title='bbox 639 2051 678 2082; x_wconf 91' lang='lat' dir='ltr'><strong>de</strong></span> <span class='ocrx_word' id='word_1_341' title='bbox 703 2051 836 2092; x_wconf 88' lang='lat' dir='ltr'><strong>speciali</strong></span> <span class='ocrx_word' id='word_1_342' title='bbox 858 2051 963 2092; x_wconf 87' lang='lat' dir='ltr'><strong>gratia</strong></span> <span class='ocrx_word' id='word_1_343' title='bbox 985 2049 1188 2092; x_wconf 88' lang='lat' dir='ltr'><strong>presentibus</strong></span> <span class='ocrx_word' id='word_1_344' title='bbox 1210 2048 1423 2091; x_wconf 88' lang='lat' dir='ltr'><strong>indulgemus.</strong></span> <span class='ocrx_word' id='word_1_345' title='bbox 1467 2047 1578 2079; x_wconf 87' lang='lat' dir='ltr'><strong>Iudeis</strong></span> <span class='ocrx_word' id='word_1_346' title='bbox 1594 2047 1682 2089; x_wconf 85' lang='lat' dir='ltr'><strong>apud</strong></span> <span class='ocrx_word' id='word_1_347' title='bbox 1696 2057 1753 2079; x_wconf 89' lang='lat' dir='ltr'><strong>vos</strong></span> <span class='ocrx_word' id='word_1_348' title='bbox 1773 2047 1804 2078; x_wconf 93' lang='lat' dir='ltr'><strong>in</strong></span> <span class='ocrx_word' id='word_1_349' title='bbox 1821 2045 1974 2088; x_wconf 84' lang='lat' dir='ltr'><strong>predictis</strong></span> <span class='ocrx_word' id='word_1_350' title='bbox 1992 2058 2019 2077; x_wconf 67' lang='grc' dir='ltr'><strong>ιο</strong></span> 
     </span>
    </p>
   </div>
   <div class='ocr_carea' id='block_1_10' title="bbox 329 2097 1973 2196">
    <p class='ocr_par' dir='ltr' id='par_1_13' title="bbox 329 2097 1973 2196">
     <span class='ocr_line' id='line_1_32' title="bbox 329 2097 1973 2146; baseline -0.003 -12"><span class='ocrx_word' id='word_1_351' title='bbox 329 2103 433 2146; x_wconf 88' lang='lat' dir='ltr'><strong>opidis</strong></span> <span class='ocrx_word' id='word_1_352' title='bbox 464 2102 750 2143; x_wconf 76' lang='lat' dir='ltr'><strong>commorantibus,</strong></span> <span class='ocrx_word' id='word_1_353' title='bbox 778 2106 814 2134; x_wconf 80' lang='lat' dir='ltr'><strong>ut</strong></span> <span class='ocrx_word' id='word_1_354' title='bbox 841 2101 956 2134; x_wconf 85' lang='lat' dir='ltr'><strong>eadem</strong></span> <span class='ocrx_word' id='word_1_355' title='bbox 985 2101 1262 2143; x_wconf 85' lang='lat' dir='ltr'><strong>contemplacione</strong></span> <span class='ocrx_word' id='word_1_356' title='bbox 1290 2103 1397 2132; x_wconf 83' lang='lat' dir='ltr'><strong>vestra</strong></span> <span class='ocrx_word' id='word_1_357' title='bbox 1419 2099 1583 2142; x_wconf 87' lang='lat' dir='ltr'><strong>gaudeant</strong></span> <span class='ocrx_word' id='word_1_358' title='bbox 1605 2099 1726 2141; x_wconf 84' lang='lat' dir='ltr'><strong>gratia,</strong></span> <span class='ocrx_word' id='word_1_359' title='bbox 1749 2097 1973 2130; x_wconf 87' lang='lat' dir='ltr'><strong>concedentes.</strong></span> 
     </span>
     <span class='ocr_line' id='line_1_33' title="bbox 435 2150 1594 2196; baseline -0.002 -11"><span class='ocrx_word' id='word_1_360' title='bbox 435 2154 509 2186; x_wconf 84' lang='lat' dir='ltr'><strong>Dat.</strong></span> <span class='ocrx_word' id='word_1_361' title='bbox 526 2154 704 2196; x_wconf 88' lang='lat' dir='ltr'><strong>Moguntie,</strong></span> <span class='ocrx_word' id='word_1_362' title='bbox 727 2164 810 2186; x_wconf 85' lang='lat' dir='ltr'><strong>anno</strong></span> <span class='ocrx_word' id='word_1_363' title='bbox 833 2153 964 2186; x_wconf 89' lang='lat' dir='ltr'><strong>Domini</strong></span> <span class='ocrx_word' id='word_1_364' title='bbox 986 2152 1179 2193; x_wconf 81' lang='lat' dir='ltr'><strong>MCCCXV,</strong></span> <span class='ocrx_word' id='word_1_365' title='bbox 1203 2151 1262 2184; x_wconf 87' lang='lat' dir='ltr'><strong>XI.</strong></span> <span class='ocrx_word' id='word_1_366' title='bbox 1278 2151 1416 2184; x_wconf 83' lang='lat' dir='ltr'><strong>Kalend.</strong></span> <span class='ocrx_word' id='word_1_367' title='bbox 1439 2150 1594 2183; x_wconf 84' lang='lat' dir='ltr'><strong>Februar.</strong></span> 
     </span>
    </p>
   </div>
   <div class='ocr_carea' id='block_1_11' title="bbox 609 2284 1709 2331">
    <p class='ocr_par' dir='ltr' id='par_1_14' title="bbox 609 2284 1709 2331">
     <span class='ocr_line' id='line_1_34' title="bbox 609 2284 1709 2331; baseline -0.005 -9"><span class='ocrx_word' id='word_1_368' title='bbox 609 2286 694 2322; x_wconf 68' lang='lat'><strong>208.</strong></span> <span class='ocrx_word' id='word_1_369' title='bbox 735 2286 861 2321; x_wconf 77' lang='lat' dir='ltr'><strong>Hulda</strong></span> <span class='ocrx_word' id='word_1_370' title='bbox 886 2286 1063 2322; x_wconf 78' lang='lat' dir='ltr'><strong>civitatum</strong></span> <span class='ocrx_word' id='word_1_371' title='bbox 1084 2297 1154 2331; x_wconf 86' lang='lat' dir='ltr'><strong>pro</strong></span> <span class='ocrx_word' id='word_1_372' title='bbox 1182 2285 1446 2330; x_wconf 78' lang='lat' dir='ltr'><strong>archiepiscopo.</strong></span> <span class='ocrx_word' id='word_1_373' title='bbox 1549 2284 1629 2319; x_wconf 82' lang='lat' dir='ltr'><strong>Ian.</strong></span> <span class='ocrx_word' id='word_1_374' title='bbox 1645 2284 1709 2319; x_wconf 80' lang='lat'><strong>24.</strong></span> 
     </span>
    </p>
   </div>
   <div class='ocr_carea' id='block_1_12' title="bbox 330 2355 2018 2509">
    <p class='ocr_par' dir='ltr' id='par_1_15' title="bbox 330 2355 2018 2509">
     <span class='ocr_line' id='line_1_35' title="bbox 443 2355 1974 2403; baseline -0.003 -11"><span class='ocrx_word' id='word_1_375' title='bbox 443 2360 602 2401; x_wconf 73' lang='lat' dir='ltr'><strong>Oriqmale</strong></span> <span class='ocrx_word' id='word_1_376' title='bbox 636 2360 710 2403; x_wconf 88' lang='lat' dir='ltr'><strong>(or.)</strong></span> <span class='ocrx_word' id='word_1_377' title='bbox 744 2361 780 2392; x_wconf 78' lang='lat' dir='ltr'><strong>in</strong></span> <span class='ocrx_word' id='word_1_378' title='bbox 813 2359 970 2392; x_wconf 69' lang='lat' dir='ltr'><strong>tabulario</strong></span> <span class='ocrx_word' id='word_1_379' title='bbox 1002 2359 1142 2401; x_wconf 77' lang='lat' dir='ltr'><strong>yenerali</strong></span> <span class='ocrx_word' id='word_1_380' title='bbox 1174 2359 1264 2400; x_wconf 70' lang='lat' dir='ltr'><strong>requi</strong></span> <span class='ocrx_word' id='word_1_381' title='bbox 1292 2358 1457 2391; x_wconf 78' lang='lat' dir='ltr'><strong>Bawwrici</strong></span> <span class='ocrx_word' id='word_1_382' title='bbox 1489 2357 1613 2390; x_wconf 71' lang='lat' dir='ltr'><strong>‘Mainz</strong></span> <span class='ocrx_word' id='word_1_383' title='bbox 1643 2355 1784 2398; x_wconf 71' lang='lat' dir='ltr'><strong>Erestift</strong></span> <span class='ocrx_word' id='word_1_384' title='bbox 1809 2358 1888 2396; x_wconf 81' lang='lat' dir='ltr'><strong>fasc.</strong></span> <span class='ocrx_word' id='word_1_385' title='bbox 1909 2356 1974 2388; x_wconf 78' lang='lat'><strong><em>58³.</em></strong></span> 
     </span>
     <span class='ocr_line' id='line_1_36' title="bbox 330 2408 2018 2453; baseline -0.002 -10"><span class='ocrx_word' id='word_1_386' title='bbox 330 2411 566 2451; x_wconf 81' lang='lat' dir='ltr'><strong>Descripsimus</strong></span> <span class='ocrx_word' id='word_1_387' title='bbox 589 2423 655 2445; x_wconf 77' lang='lat' dir='ltr'><strong>nos,</strong></span> <span class='ocrx_word' id='word_1_388' title='bbox 700 2412 848 2453; x_wconf 65' lang='lat' dir='ltr'><strong>Sigillum</strong></span> <span class='ocrx_word' id='word_1_389' title='bbox 870 2412 954 2444; x_wconf 77' lang='lat' dir='ltr'><strong>deest</strong></span> <span class='ocrx_word' id='word_1_390' title='bbox 975 2411 1052 2444; x_wconf 84' lang='lat' dir='ltr'><strong>loris</strong></span> <span class='ocrx_word' id='word_1_391' title='bbox 1072 2411 1316 2444; x_wconf 81' lang='lat' dir='ltr'><strong>membranaceis</strong></span> <span class='ocrx_word' id='word_1_392' title='bbox 1337 2410 1464 2442; x_wconf 77' lang='lat' dir='ltr'><strong>relictis.</strong></span> <span class='ocrx_word' id='word_1_393' title='bbox 1489 2427 1528 2433; x_wconf 91' lang='lat'><strong>—</strong></span> <span class='ocrx_word' id='word_1_394' title='bbox 1551 2409 1615 2441; x_wconf 79' lang='lat' dir='ltr'><strong>Ed.</strong></span> <span class='ocrx_word' id='word_1_395' title='bbox 1637 2408 1834 2442; x_wconf 71' lang='lat' dir='ltr'><strong>Wiirdtwein</strong></span> <span class='ocrx_word' id='word_1_396' title='bbox 1855 2408 1875 2440; x_wconf 86' lang='lat' dir='ltr'><strong>l.</strong></span> <span class='ocrx_word' id='word_1_397' title='bbox 1891 2419 1917 2441; x_wconf 86' lang='lat' dir='ltr'><strong>c.</strong></span> <span class='ocrx_word' id='word_1_398' title='bbox 1993 2419 2018 2438; x_wconf 67' lang='grc' dir='ltr'><strong>οι</strong></span> 
     </span>
     <span class='ocr_line' id='line_1_37' title="bbox 440 2468 1222 2509; baseline 0.001 -10"><span class='ocrx_word' id='word_1_399' title='bbox 440 2468 483 2499; x_wconf 78' lang='lat' dir='ltr'><strong>In</strong></span> <span class='ocrx_word' id='word_1_400' title='bbox 505 2468 698 2500; x_wconf 78' lang='lat' dir='ltr'><strong>cancellaria</strong></span> <span class='ocrx_word' id='word_1_401' title='bbox 718 2469 805 2509; x_wconf 75' lang='lat' dir='ltr'><strong>reyia</strong></span> <span class='ocrx_word' id='word_1_402' title='bbox 827 2469 981 2509; x_wconf 80' lang='lat' dir='ltr'><strong>scriptum</strong></span> <span class='ocrx_word' id='word_1_403' title='bbox 1002 2479 1066 2500; x_wconf 87' lang='lat' dir='ltr'><strong>esse</strong></span> <span class='ocrx_word' id='word_1_404' title='bbox 1088 2468 1222 2500; x_wconf 78' lang='lat' dir='ltr'><strong>videtur.</strong></span> 
     </span>
    </p>
   </div>
   <div class='ocr_carea' id='block_1_13' title="bbox 333 2550 2022 2804">
    <p class='ocr_par' dir='ltr' id='par_1_16' title="bbox 333 2550 2022 2750">
     <span class='ocr_line' id='line_1_38' title="bbox 441 2550 1975 2597; baseline -0.001 -12"><span class='ocrx_word' id='word_1_405' title='bbox 441 2553 509 2585; x_wconf 85' lang='lat' dir='ltr'><strong>Nos</strong></span> <span class='ocrx_word' id='word_1_406' title='bbox 534 2578 540 2585; x_wconf 97' lang='lat'><strong><em>.</em></strong></span> <span class='ocrx_word' id='word_1_407' title='bbox 560 2579 565 2585; x_wconf 94' lang='lat'><strong><em>.</em></strong></span> <span class='ocrx_word' id='word_1_408' title='bbox 590 2554 727 2595; x_wconf 88' lang='lat' dir='ltr'><strong>sculteti,</strong></span> <span class='ocrx_word' id='word_1_409' title='bbox 751 2579 758 2587; x_wconf 96' lang='lat'><strong><em>.</em></strong></span> <span class='ocrx_word' id='word_1_410' title='bbox 777 2579 784 2586; x_wconf 91' lang='lat'><strong><em>.</em></strong></span> <span class='ocrx_word' id='word_1_411' title='bbox 807 2559 996 2597; x_wconf 85' lang='lat' dir='ltr'><strong>castrenses,</strong></span> <span class='ocrx_word' id='word_1_412' title='bbox 1014 2580 1020 2587; x_wconf 93' lang='lat'><strong><em>.</em></strong></span> <span class='ocrx_word' id='word_1_413' title='bbox 1039 2580 1045 2586; x_wconf 92' lang='lat'>.</span> <span class='ocrx_word' id='word_1_414' title='bbox 1065 2554 1222 2595; x_wconf 88' lang='lat' dir='ltr'><strong>consules,</strong></span> <span class='ocrx_word' id='word_1_415' title='bbox 1244 2578 1250 2585; x_wconf 96' lang='lat'>.</span> <span class='ocrx_word' id='word_1_416' title='bbox 1269 2579 1275 2585; x_wconf 92' lang='lat'><strong><em>.</em></strong></span> <span class='ocrx_word' id='word_1_417' title='bbox 1293 2553 1378 2585; x_wconf 82' lang='lat' dir='ltr'><strong>cives</strong></span> <span class='ocrx_word' id='word_1_418' title='bbox 1394 2563 1432 2584; x_wconf 86' lang='lat' dir='ltr'><strong>ac</strong></span> <span class='ocrx_word' id='word_1_419' title='bbox 1447 2552 1551 2584; x_wconf 82' lang='lat' dir='ltr'><strong>incole</strong></span> <span class='ocrx_word' id='word_1_420' title='bbox 1567 2552 1600 2583; x_wconf 92' lang='lat' dir='ltr'><strong>in</strong></span> <span class='ocrx_word' id='word_1_421' title='bbox 1616 2550 1831 2594; x_wconf 87' lang='lat' dir='ltr'><strong>Oppenheim,</strong></span> <span class='ocrx_word' id='word_1_422' title='bbox 1848 2551 1975 2584; x_wconf 90' lang='lat' dir='ltr'><strong>Odern-</strong></span> 
     </span>
     <span class='ocr_line' id='line_1_39' title="bbox 333 2604 1976 2649; baseline 0 -13"><span class='ocrx_word' id='word_1_423' title='bbox 333 2606 429 2646; x_wconf 91' lang='lat' dir='ltr'><strong>heim,</strong></span> <span class='ocrx_word' id='word_1_424' title='bbox 455 2605 679 2648; x_wconf 86' lang='lat' dir='ltr'><strong>Swabesberg,</strong></span> <span class='ocrx_word' id='word_1_425' title='bbox 702 2610 839 2648; x_wconf 88' lang='lat' dir='ltr'><strong>utroque</strong></span> <span class='ocrx_word' id='word_1_426' title='bbox 863 2607 1066 2649; x_wconf 89' lang='lat' dir='ltr'><strong>Ingelnheim</strong></span> <span class='ocrx_word' id='word_1_427' title='bbox 1090 2609 1122 2638; x_wconf 90' lang='lat' dir='ltr'><strong>et</strong></span> <span class='ocrx_word' id='word_1_428' title='bbox 1144 2607 1177 2637; x_wconf 92' lang='lat' dir='ltr'><strong>in</strong></span> <span class='ocrx_word' id='word_1_429' title='bbox 1192 2605 1344 2638; x_wconf 73' lang='lat' dir='ltr'><strong>Nerstein</strong></span> <span class='ocrx_word' id='word_1_430' title='bbox 1366 2605 1506 2636; x_wconf 87' lang='lat' dir='ltr'><strong>universi</strong></span> <span class='ocrx_word' id='word_1_431' title='bbox 1528 2604 1786 2645; x_wconf 84' lang='lat' dir='ltr'><strong>recognoscimus</strong></span> <span class='ocrx_word' id='word_1_432' title='bbox 1808 2614 1866 2635; x_wconf 89' lang='lat' dir='ltr'><strong>nos</strong></span> <span class='ocrx_word' id='word_1_433' title='bbox 1885 2614 1976 2636; x_wconf 88' lang='lat' dir='ltr'><strong>man-</strong></span> 
     </span>
     <span class='ocr_line' id='line_1_40' title="bbox 333 2655 1976 2698; baseline 0.001 -11"><span class='ocrx_word' id='word_1_434' title='bbox 333 2657 444 2688; x_wconf 89' lang='lat' dir='ltr'><strong>datum</strong></span> <span class='ocrx_word' id='word_1_435' title='bbox 473 2667 531 2688; x_wconf 85' lang='lat' dir='ltr'><strong>seu</strong></span> <span class='ocrx_word' id='word_1_436' title='bbox 562 2658 686 2689; x_wconf 86' lang='lat' dir='ltr'><strong>litteras</strong></span> <span class='ocrx_word' id='word_1_437' title='bbox 715 2659 910 2690; x_wconf 87' lang='lat' dir='ltr'><strong>serenissimi</strong></span> <span class='ocrx_word' id='word_1_438' title='bbox 933 2658 1054 2690; x_wconf 90' lang='lat' dir='ltr'><strong>domini</strong></span> <span class='ocrx_word' id='word_1_439' title='bbox 1076 2658 1174 2690; x_wconf 90' lang='lat' dir='ltr'><strong>nostri</strong></span> <span class='ocrx_word' id='word_1_440' title='bbox 1198 2657 1318 2689; x_wconf 89' lang='lat' dir='ltr'><strong>domini</strong></span> <span class='ocrx_word' id='word_1_441' title='bbox 1340 2656 1506 2688; x_wconf 88' lang='lat' dir='ltr'><strong>Ludowici</strong></span> <span class='ocrx_word' id='word_1_442' title='bbox 1535 2655 1755 2687; x_wconf 85' lang='lat' dir='ltr'><strong>Romanorum</strong></span> <span class='ocrx_word' id='word_1_443' title='bbox 1777 2655 1864 2698; x_wconf 80' lang='lat' dir='ltr'><strong>regis</strong></span> <span class='ocrx_word' id='word_1_444' title='bbox 1885 2665 1976 2688; x_wconf 88' lang='lat' dir='ltr'><strong>rece·</strong></span> 
     </span>
     <span class='ocr_line' id='line_1_41' title="bbox 334 2709 2022 2750; baseline 0.002 -11"><span class='ocrx_word' id='word_1_445' title='bbox 334 2709 419 2750; x_wconf 87' lang='lat' dir='ltr'><strong>pisse</strong></span> <span class='ocrx_word' id='word_1_446' title='bbox 444 2709 562 2740; x_wconf 89' lang='lat' dir='ltr'><strong>tenoris</strong></span> <span class='ocrx_word' id='word_1_447' title='bbox 587 2712 619 2740; x_wconf 85' lang='lat' dir='ltr'><strong>et</strong></span> <span class='ocrx_word' id='word_1_448' title='bbox 642 2710 840 2742; x_wconf 87' lang='lat' dir='ltr'><strong>continencie</strong></span> <span class='ocrx_word' id='word_1_449' title='bbox 864 2711 896 2741; x_wconf 91' lang='lat' dir='ltr'><strong>in</strong></span> <span class='ocrx_word' id='word_1_450' title='bbox 918 2710 979 2742; x_wconf 87' lang='lat' dir='ltr'><strong>hec</strong></span> <span class='ocrx_word' id='word_1_451' title='bbox 1002 2710 1113 2742; x_wconf 87' lang='lat' dir='ltr'><strong>verba:</strong></span> <span class='ocrx_word' id='word_1_452' title='bbox 1995 2719 2022 2738; x_wconf 83' lang='lat'><strong>⁴⁰</strong></span> 
     </span>
    </p>

    <p class='ocr_par' dir='ltr' id='par_1_17' title="bbox 440 2759 1581 2804">
     <span class='ocr_line' id='line_1_42' title="bbox 440 2759 1581 2804; baseline -0.001 -13"><span class='ocrx_word' id='word_1_453' title='bbox 440 2759 649 2792; x_wconf 88' lang='lat' dir='ltr'><strong>‘Ludowicus</strong></span> <span class='ocrx_word' id='word_1_454' title='bbox 672 2761 735 2793; x_wconf 86' lang='lat' dir='ltr'><strong>Dei</strong></span> <span class='ocrx_word' id='word_1_455' title='bbox 758 2763 1032 2804; x_wconf 78' lang='lat' dir='ltr'><strong>gracia—nostri</strong></span> <span class='ocrx_word' id='word_1_456' title='bbox 1055 2772 1138 2794; x_wconf 91' lang='lat' dir='ltr'><strong>anno</strong></span> <span class='ocrx_word' id='word_1_457' title='bbox 1161 2760 1286 2802; x_wconf 76' lang='lat' dir='ltr'><strong>primo.²</strong></span> <span class='ocrx_word' id='word_1_458' title='bbox 1322 2770 1422 2800; x_wconf 81' lang='lat' dir='ltr'><strong>supra</strong></span> <span class='ocrx_word' id='word_1_459' title='bbox 1442 2770 1492 2791; x_wconf 80' lang='lat' dir='ltr'><strong>nr.</strong></span> <span class='ocrx_word' id='word_1_460' title='bbox 1508 2760 1581 2790; x_wconf 84' lang='lat'><strong><em>206.</em></strong></span> 
     </span>
    </p>
   </div>
   <div class='ocr_carea' id='block_1_14' title="bbox 438 2853 1611 2891">
    <p class='ocr_par' dir='ltr' id='par_1_18' title="bbox 438 2853 1611 2891">
     <span class='ocr_line' id='line_1_43' title="bbox 438 2853 1611 2891; baseline 0 -11"><span class='ocrx_word' id='word_1_461' title='bbox 438 2853 505 2880; x_wconf 77' lang='lat'><strong>206.</strong></span> <span class='ocrx_word' id='word_1_462' title='bbox 535 2855 559 2887; x_wconf 63' lang='grc' dir='ltr'><strong>ὓ)</strong></span> <span class='ocrx_word' id='word_1_463' title='bbox 578 2865 623 2882; x_wconf 82' lang='lat' dir='ltr'><strong>seu</strong></span> <span class='ocrx_word' id='word_1_464' title='bbox 642 2857 767 2890; x_wconf 70' lang='lat' dir='ltr'><strong>ypotheca</strong></span> <span class='ocrx_word' id='word_1_465' title='bbox 786 2858 814 2882; x_wconf 78' lang='lat' dir='ltr'><strong>in</strong></span> <span class='ocrx_word' id='word_1_466' title='bbox 833 2858 887 2882; x_wconf 84' lang='lat' dir='ltr'><strong>loco</strong></span> <span class='ocrx_word' id='word_1_467' title='bbox 905 2866 974 2889; x_wconf 69' lang='lat' dir='ltr'><strong>raso,</strong></span> <span class='ocrx_word' id='word_1_468' title='bbox 992 2858 1035 2882; x_wconf 75' lang='lat' dir='ltr'><strong>ubi</strong></span> <span class='ocrx_word' id='word_1_469' title='bbox 1048 2858 1125 2891; x_wconf 74' lang='lat' dir='ltr'><strong>prius</strong></span> <span class='ocrx_word' id='word_1_470' title='bbox 1143 2856 1265 2888; x_wconf 68' lang='lat' dir='ltr'><strong>scriptum</strong></span> <span class='ocrx_word' id='word_1_471' title='bbox 1283 2859 1339 2881; x_wconf 80' lang='lat' dir='ltr'><strong>erat</strong></span> <span class='ocrx_word' id='word_1_472' title='bbox 1357 2855 1556 2888; x_wconf 81' lang='lat' dir='ltr'><strong>obligaverimus</strong></span> <span class='ocrx_word' id='word_1_473' title='bbox 1574 2863 1611 2880; x_wconf 83' lang='lat' dir='ltr'><strong>or.</strong></span> 
     </span>
    </p>
   </div>
  </div>
 </body>
</html>
