2184 3126
307 186 368 216 532
518 183 615 210 ACTA
633 182 748 210 REGNI
767 183 951 210 LUDEWICI
970 183 1016 210 lv.
1035 182 1082 209 ET
1102 181 1288 208 FRIDERICI
1307 182 1355 209 ΙΙΙ.
1393 182 1468 210 1322.
1505 183 1554 210 Nr.
1567 183 1626 210 668.
1645 182 1704 210 669.

305 271 405 302 sinem
423 269 510 302 stifte
533 269 598 301 und
622 269 697 301 dem
712 269 854 310 kuninge
871 279 933 300 von
949 268 1096 310 Beheym
1119 267 1185 300 und
1201 269 1292 299 sinen
1308 278 1405 300 erven
1428 270 1469 300 sit-
1484 269 1657 311 gehorsam
1680 269 1746 301 und
1769 269 1827 301 dut
1848 271 1890 311 in,
1915 271 1963 302 als

304 322 337 352 in
359 322 387 352 ir
414 321 526 353 brieffe
551 324 650 360 stent,
675 321 727 352 die
757 321 783 351 si
813 331 875 351 von
898 320 1019 361 kuning
1042 319 1220 361 Ludewige
1243 320 1337 360 hant,
1365 320 1413 351 als
1435 321 1532 362 lange
1560 321 1607 352 als
1630 320 1682 352 die
1705 320 1812 362 pende
1835 322 1863 353 ir
1884 325 1963 364 pant

304 373 376 404 sint.
416 373 489 405 Und
506 383 619 404 wanne
644 372 700 403 dat
724 372 775 402 die
798 371 905 413 pende
929 372 977 402 los
1001 371 1072 410 sint,
1097 370 1156 402 daz
1179 371 1207 402 ir
1226 371 1327 403 wider
1348 373 1381 403 in
1403 382 1500 403 unser
1522 371 1621 403 hulde
1644 373 1694 413 sit,
1718 373 1766 404 als
1787 373 1816 404 ir
1838 383 1857 405 e
1874 377 1962 405 wart.

412 434 527 465 Dieser
550 433 635 464 brief
654 434 694 463 ist
717 432 814 473 gebin
837 431 940 462 under
962 441 1058 462 unser
1080 430 1195 463 beider
1209 432 1389 473 iugesegiln
1403 443 1443 463 zu
1458 432 1676 473 Cruzenache,
1693 432 1750 463 des
1767 432 1963 475 Samzdages

303 485 386 517 nach
409 488 480 516 sant
503 485 750 516 Bartholomeus
774 483 873 524 dage,
903 482 944 513 do
976 492 1050 513 man
1072 482 1156 513 zalte
1179 493 1241 514 von
1264 482 1375 514 Godes
1402 483 1539 525 geburte
1567 483 1882 516 drfitzehenhondert
1909 485 1964 525 jar
1993 493 2005 512 ⁵

304 536 362 568 dar
384 536 466 567 nach
489 537 521 566 in
544 536 617 567 dem
641 533 1046 575 zweiundzwentzegistem
1066 534 1149 574 jare.

490 752 746 797 669—672.
787 750 965 797 ACTA
994 750 1391 797 NUNTIORUM
1430 751 1780 798 FRIDERICI

644 819 714 864 IN
751 817 1212 865 LOMBARDIAM
1249 818 1619 866 MISSORUM.

799 895 907 932 1322.
943 896 1006 940 (ad
1034 896 1135 941 Sept.
1151 896 1204 939 4.)
1219 916 1269 920 -
1289 896 1390 941 Sept.
1409 896 1469 932 23.

413 953 461 994 Cf.
484 963 584 992 supra
607 963 656 984 nr.
674 954 746 984 663.
1982 965 2006 984 ιο

446 1062 518 1092 669.
543 1062 616 1092 670.
653 1059 772 1091 ACTA
794 1059 856 1092 AD
880 1059 1129 1091 CIVITATEM
1152 1059 1507 1092 VEROELLENSEM
1531 1059 1821 1092 SPECTANTIA.

858 1121 950 1152 1322.
983 1119 1038 1159 (ad
1062 1119 1152 1162 Sept.
1169 1122 1213 1159 4.)
1226 1138 1269 1143 —
1285 1119 1374 1162 Sept.
1391 1122 1420 1152 4.

698 1222 784 1258 669.
828 1222 1012 1257 Petitiones
1039 1221 1195 1257 civitatis.
1300 1222 1371 1265 (ad
1397 1221 1488 1267 Sept.
1507 1221 1565 1266 4.)

411 1292 656 1324 Transsumtum
679 1291 746 1334 (tr.)
771 1292 862 1331 infra
884 1292 920 1324 in
943 1302 991 1323 nr.
1009 1293 1081 1323 670.

412 1372 437 1400 1.
461 1369 583 1400 Petunt
599 1380 619 1400 a
634 1368 725 1400 vobis
741 1368 913 1410 nobilibus,
936 1369 1122 1410 potentibus
1138 1371 1172 1400 et
1187 1368 1365 1410 magnificis
1388 1369 1463 1400 viris
1479 1368 1615 1400 dominis
1640 1392 1647 1399 .
1665 1391 1672 1399 .
1696 1367 1961 1400 ambaxatoribus
1981 1379 2004 1398 u

299 1421 543 1462 suprascriptis¹
561 1446 568 1452 .
586 1444 593 1452 .
611 1423 766 1462 potestas,
783 1445 790 1451 .
809 1445 815 1452 .
834 1421 1007 1462 sapientes,
1031 1419 1222 1464 co[n]silium
1238 1424 1271 1452 et
1286 1431 1422 1452 comune
1439 1420 1576 1451 civitatis
1591 1419 1824 1461 Vercellarum,
1847 1419 1962 1452 fideles

299 1473 382 1503 sacri
404 1472 544 1504 Romani
576 1472 704 1513 imperii
734 1476 767 1503 et
795 1473 884 1514 regie
915 1473 1094 1504 maiestatis
1124 1472 1270 1513 predicte
1281 1472 1302 1513 ²,
1335 1472 1484 1514 quatinus
1513 1472 1618 1503 velitis
1649 1474 1682 1502 et
1712 1471 1802 1503 vobis
1832 1471 1962 1513 placeat

298 1525 417 1556 instare
442 1523 529 1565 apud
553 1523 677 1565 regiam
700 1524 904 1556 maiestatem
933 1527 966 1555 et
993 1534 1105 1555 curare
1128 1534 1187 1565 pro
1212 1534 1322 1565 posse,
1354 1523 1439 1565 quod
1470 1523 1574 1555 dictus
1602 1523 1749 1554 dominus
1771 1533 1830 1554 rex
1853 1523 1961 1554 omnia

300 1579 333 1607 et
356 1575 482 1617 singula
504 1578 615 1617 pacta,
644 1576 890 1617 conventiones,
918 1575 1166 1608 consuetudines
1191 1579 1223 1607 et
1244 1576 1314 1607 iura
1341 1585 1532 1617 quecunque
1561 1577 1594 1607 et
1618 1585 1808 1616 quocunque
1831 1574 1960 1606 nomine

299 1629 499 1667 censeantur,
524 1627 678 1658 cedentes
702 1630 735 1658 et
758 1627 912 1659 cedencia
935 1627 977 1659 ad
1000 1628 1173 1659 utilitatem
1196 1628 1340 1659 comunis
1355 1627 1579 1659 Vercellarum
1608 1629 1642 1658 et
1665 1626 1810 1658 fidelium
1832 1626 1960 1668 imperii
1978 1638 2004 1658 πο

298 1680 398 1721 ipsius
415 1679 552 1710 civitatis
568 1678 724 1720 predicte,
749 1689 812 1720 que
829 1679 950 1710 dictum
967 1689 1102 1711 comune
1120 1682 1153 1711 et
1167 1679 1315 1710 homines
1329 1678 1554 1710 Vercellarum
1570 1677 1692 1709 habent
1707 1680 1763 1708 aut
1778 1677 1961 1709 habuerunt

300 1741 341 1762 ex
368 1732 458 1762 iustis
489 1731 592 1762 causis
620 1734 676 1762 aut
702 1730 869 1762 habebunt
896 1741 954 1762 seu
981 1731 1149 1773 acquirent
1178 1731 1269 1761 iustis
1298 1729 1402 1762 modis
1430 1730 1463 1760 in
1492 1729 1635 1760 futurum
1665 1739 1684 1760 a
1717 1719 1981 1771 quibuscunque⁸

298 1783 455 1824 personis,
480 1775 669 1813 comunibus
693 1785 726 1813 et
749 1781 1011 1814 universitatibus
1034 1793 1131 1824 super
1146 1781 1390 1824 quibuscunque
1414 1780 1511 1813 rebus
1535 1783 1568 1812 et
1590 1779 1722 1821 iuribus,
1745 1779 1959 1822 undecunque

299 1837 332 1865 et
355 1845 374 1865 a
398 1833 642 1875 quibuscunque
666 1834 897 1875 processerint,
928 1833 1131 1866 confirmabit
1153 1838 1186 1866 et
1209 1833 1308 1865 faciet
1329 1832 1559 1865 inviolabiliter
1582 1832 1756 1873 observari,
1779 1831 1902 1864 honore
1927 1836 1960 1864 et

298 1886 367 1916 iure
391 1886 517 1927 imperii
541 1895 671 1926 semper
694 1885 799 1917 salvis.
1976 1894 2002 1914 2⁵

407 1938 436 1968 2.
467 1937 552 1968 Item
583 1947 656 1968 cum
687 1936 862 1969 rebellibus
892 1940 926 1968 et
954 1936 1138 1968 infidelibus
1171 1937 1297 1978 imperii
1330 1937 1468 1968 civitatis
1488 1935 1711 1968 Vercellarum
1740 1934 1959 1966 obtinentibus

300 1989 464 2020 civitatem
492 1988 652 2029 prefatam
682 1989 749 2020 lata
777 1989 874 2020 fuerit
902 1989 1042 2030 quedam
1070 1989 1231 2020 sententia
1258 1999 1318 2030 per
1344 1988 1481 2019 condam
1508 1987 1592 2019 bone
1614 1987 1770 2018 memorie
1794 1986 1958 2018 dominum

299 2040 476 2071 Henricum
500 2041 731 2081 imperatorem
753 2040 975 2072 Romanorum
999 2043 1111 2072 contra
1138 2041 1242 2082 ipsam
1273 2041 1437 2071 civitatem
1465 2043 1498 2071 et
1526 2039 1667 2071 rebelles
1694 2038 1794 2080 ipsius
1821 2039 1959 2070 civitatis

299 2091 459 2132 predicte,
489 2103 571 2123 nunc
595 2102 672 2123 vero
696 2102 755 2133 per
777 2091 840 2124 Dei
868 2093 1006 2134 gratiam
1034 2093 1162 2124 reiectis
1189 2092 1267 2134 ipsis
1296 2091 1471 2124 rebellibus
1500 2091 1614 2122 fideles
1640 2090 1767 2132 imperii
1790 2089 1958 2122 obtineant

300 2143 461 2174 civitatem
486 2143 674 2184 predictam,
700 2143 786 2185 quod
810 2145 879 2185 ipse
904 2143 1050 2175 dominus
1074 2155 1131 2175 rex
1149 2144 1288 2175 cassabit
1308 2145 1413 2185 ipsam
1433 2143 1624 2175 sententiam
1648 2141 1748 2173 latam
1770 2152 1829 2183 per
1850 2142 1957 2183 ipsum
1975 2153 2001 2172 ω

301 2194 437 2225 condam
468 2194 550 2225 bone
579 2195 735 2226 memorie
764 2195 928 2227 dominum
952 2195 1128 2227 Henricum
1157 2197 1386 2237 imperatorem
1410 2198 1521 2226 contra
1549 2204 1700 2234 comune,
1730 2194 1893 2225 civitatem
1925 2197 1959 2225 et

300 2245 447 2276 homines
463 2246 707 2277 Vercellarum²
730 2248 761 2278 in
786 2247 850 2278 illis
871 2247 1019 2289 capitulis
1036 2247 1197 2288 videlicet,
1221 2258 1283 2289 que
1307 2250 1480 2288 tangerent
1500 2247 1603 2288 ipsam
1626 2245 1798 2286 civitatem,
1822 2255 1957 2277 comune

301 2300 334 2327 et
358 2296 504 2328 homines
529 2300 593 2328 tam
618 2299 648 2328 in
673 2298 891 2330 destructione
915 2310 1094 2339 murorum,
1118 2299 1290 2340 vallorum,
1314 2301 1480 2340 portarum
1505 2301 1538 2329 et
1559 2297 1704 2338 turrium,
1728 2297 1957 2338 explanatione

301 2347 509 2388 fossatorum,
538 2350 717 2389 privatione
745 2352 826 2382 meri
856 2354 889 2382 et
915 2352 1008 2382 mixti
1036 2352 1162 2392 imperii
1187 2354 1220 2382 et
1248 2350 1497 2390 iurisditionum,
1525 2359 1658 2388 usuum,
1681 2348 1958 2390 consuetudinum,

301 2399 475 2439 gratiarum
501 2402 534 2429 et
557 2400 797 2441 privilegiorum
821 2413 918 2444 quam
940 2403 972 2433 in
996 2413 1080 2444 pene
1104 2403 1239 2434 alicuius
1255 2402 1458 2443 peccuniarie
1474 2400 1697 2442 impositione*
1721 2403 1754 2431 et
1770 2401 1956 2441 captivitate
1975 2410 2000 2430 ει

301 2447 401 2491 [seu]b
424 2450 659 2490 aprehensione
683 2452 848 2484 hominum
873 2457 906 2484 et
928 2456 1086 2485 terrarum
1111 2453 1256 2484 eiusdem
1279 2453 1428 2493 civitatis,
1451 2451 1650 2483 restituendo
1673 2451 1776 2492 ipsam
1793 2451 1958 2483 civitatem

301 2510 437 2532 comune
462 2504 494 2531 et
517 2501 676 2542 homines,
704 2503 818 2535 fideles
841 2505 1013 2536 dumtaxat
1035 2506 1116 2537 sacri
1141 2505 1282 2546 imperii,
1313 2505 1344 2535 in
1373 2503 1520 2536 omnibus
1547 2501 1701 2545 predictis
1730 2505 1763 2534 et
1786 2501 1828 2534 ad
1851 2503 1959 2534 omnia

302 2551 366 2582 alia
389 2552 474 2591 iura,
498 2553 714 2585 iurisditiones
738 2559 770 2586 et
793 2557 1012 2596 possessiones
1037 2560 1070 2587 et
1093 2556 1267 2596 districtus,
1292 2566 1354 2597 que
1377 2558 1411 2587 et
1433 2565 1512 2597 quas
1534 2555 1605 2596 ipsa
1627 2554 1739 2586 civitas
1761 2553 1904 2585 habebat
1926 2557 1959 2585 et

302 2602 490 2643 possidebat
518 2604 568 2635 vel
599 2606 689 2645 quasi
718 2609 792 2637 ante
822 2608 925 2648 ipsam
957 2608 1149 2639 sententiam
1179 2611 1213 2639 et
1243 2608 1347 2639 eciam
1374 2610 1520 2648 tempore
1551 2605 1708 2637 adventus
1737 2605 1814 2636 dicti
1837 2604 1959 2636 domini

404 2691 471 2718 869.
499 2693 523 2725 ⁸)
542 2694 658 2727 imposito
677 2700 709 2721 tr.
796 2695 821 2728 b)
841 2698 932 2722 excidit
950 2703 981 2723 tr.
1973 2711 2000 2731 40

406 2755 432 2787 1)
450 2755 553 2782 Scilicet
570 2757 601 2782 in
619 2765 660 2784 nr.
674 2761 729 2785 670.
831 2759 858 2792 2)
882 2760 1019 2786 Sententia
1038 2763 1133 2787 ocmtra
1150 2760 1282 2787 civitaten
1298 2760 1484 2786 Vercellen-sem
1502 2762 1608 2786 servata
1624 2767 1678 2785 mm
1697 2761 1748 2791 cst,-
1769 2760 1805 2792 cf.
1818 2760 1907 2784 tamen
1924 2766 1956 2784 ea

301 2805 369 2831 quae
386 2806 472 2832 supra
489 2801 549 2826 tom⁴
563 2799 615 2831 IV,
629 2804 645 2826 2
659 2808 689 2834 p.
701 2804 749 2828 929
767 2805 819 2830 not.
834 2807 846 2828 1
865 2811 878 2829 e
897 2802 1010 2830 Nicolao
1028 2803 1235 2830 Botrontinensi
1252 2803 1380 2830 citantwr.
