2184 3126
437 221 532 250 ACTA
549 219 664 250 amm
682 221 868 250 LUDEWIOI
887 221 933 248 lv.
953 220 998 249 m·
1017 220 1203 249 FBIDEBICI
1223 220 1271 248 111.
1309 220 1383 249 1824.
1421 219 1469 249 Νι,
1481 220 1542 249 903.
1560 221 1620 249 904.
1793 224 1855 254 719

194 309 408 342 Pentecosten
431 319 504 342 cum
527 313 724 342 armatorum
751 308 956 342 multitudine
984 309 1017 341 in
1041 309 1164 351 campis
1191 308 1311 341 erimus
1337 309 1502 341 constituti
1533 311 1646 341 contra
1672 312 1799 341 nostros
1822 312 1855 341 et
1870 317 1949 339 runa.

196 362 324 404 imperii
346 361 492 394 inimicos
515 364 666 403 potenter
688 364 721 394 et
743 360 914 403 magnifice
929 360 1119 402 processuri.
1166 359 1270 392 Immo
1287 363 1419 402 treugas
1434 360 1519 391 inter
1533 370 1593 391 nos
1609 362 1644 392 et
1655 359 1853 402 Liupoldum

195 413 311 446 ducem
327 413 458 445 Austris
482 413 577 445 initas
600 413 832 450 revocavimus,
855 412 901 445 ita
923 411 1010 454 quod
1033 412 1064 443 in
1088 411 1141 443 die
1156 410 1392 444 Pentheeostes
1408 410 1524 443 eedem
1546 415 1661 453 treuge
1677 411 1853 454 exspirant.

148 480 157 489 ·
195 464 290 498 Unde
319 467 351 496 et
379 474 436 496 vos
464 463 573 496 taliter
599 463 792 506 disponatis,
826 467 862 496 ut
890 466 1036 505 treugas,
1067 463 1094 494 si
1128 473 1208 505 quas
1242 473 1314 495 cum
1348 463 1464 495 nostris
1495 467 1528 495 et
1565 463 1680 495 vestris
1710 462 1856 495 hostibus

166 526 178 546 ο
197 516 343 557 inivistis,
366 515 514 548 similiter
535 516 705 556 revocetis,
729 516 774 548 sic
798 515 885 558 quod
908 515 1030 557 treugis
1052 514 1166 547 vestris
1189 514 1437 557 exspirantibus,
1461 524 1533 546 cum
1556 524 1577 546 a
1599 513 1693 546 nobis
1708 515 1855 557 requisiti

195 567 331 608 fueritis,
354 567 387 599 in
410 576 595 599 succursum
619 576 691 598 eum
715 567 812 599 armis
827 567 911 598 sicut
926 566 1042 598 melius
1057 566 1204 608 poteritis
1219 566 1357 598 veniatis
1372 567 1524 609 ipsosque
1541 569 1667 598 nostros
1683 569 1717 598 et
1731 568 1855 599 vestros

194 619 397 652 adversarios
420 617 575 660 predictis
598 618 712 650 vestris
735 618 856 661 treugis
880 617 1118 660 exspirantibus
1140 617 1246 649 modis
1268 617 1416 650 omnibus
1437 617 1480 650 ad
1503 617 1565 650 hoc
1587 618 1672 659 aptis
1694 617 1855 651 hostiliter

194 669 363 702 invadatis.
409 669 562 702 Ceterum
579 669 698 710 sciatis,
717 669 802 712 quod
819 671 844 701 si
861 669 987 712 aliquas
1007 669 1185 701 litterarum
1203 670 1426 702 concessiones
1442 673 1574 712 propter
1589 670 1855 712 inportunitatem

195 722 379 764 petencium
414 720 602 752 admisimus
635 720 727 753 vobis
760 721 973 754 infructuosas
1005 721 1128 763 pariter
1160 724 1193 752 et
1231 720 1400 762 molestas,
1439 720 1512 753 illas
1549 721 1702 764 inspectis
1740 723 1855 754 vestris

151 781 178 802 ιο
194 772 408 807 incommodis
429 771 671 804 moder-abimus
693 773 724 804 in
741 772 884 805 adventu
906 775 1016 805 nostro
1038 771 1081 804 ad
1096 771 1170 804 illos
1186 773 1348 814 terminos,
1372 772 1549 805 secundum
1565 773 1651 815 quod
1667 773 1855 806 sciverimus

193 823 309 857 vestris
337 823 507 856 desideriis
534 823 687 856 arridere.
741 823 882 857 Demum
910 825 1035 866 sciatis,
1068 823 1155 867 quod
1182 824 1209 855 si
1237 834 1310 856 cum
1337 823 1500 866 Liupoldo
1529 824 1611 856 duce
1634 825 1766 857 Austrie
1796 835 1855 858 nos

194 875 320 918 aliquos
350 877 507 907 tractatus
541 876 630 917 pacis
653 875 705 908 vel
728 875 899 908 concordie
929 875 1050 908 habere
1080 875 1262 918 contigerit,
1293 886 1350 907 vos
1372 875 1449 915 illis,
1481 877 1563 908 sicut
1590 880 1623 908 et
1650 875 1730 909 alias
1764 876 1855 909 vobis

193 927 388 970 scripsimus,
411 926 594 960 nullatenus
617 927 836 960 excludemus.

301 987 423 1020 Datum
446 988 478 1020 in
500 987 729 1029 Frankenffirt,
752 987 831 1020 1111.
847 987 958 1021 Nonas
980 987 1069 1029 Maii,
1093 987 1184 1030 regni
1207 988 1307 1020 nostri
1331 997 1415 1020 anno
1439 987 1578 1020 decimo.

158 1132 182 1152 n
368 1119 455 1156 904.
496 1119 672 1156 Sententia
699 1131 802 1166 super
828 1119 924 1156 bonis
950 1120 1075 1156 ductam
1100 1120 1268 1156 Austriae
1294 1120 1430 1156 iterata.
1535 1119 1628 1156 Mai.
1647 1122 1683 1157 5.

311 1192 472 1234 originale
494 1193 568 1234 (or.)
591 1194 627 1226 in
649 1194 808 1227 tabulario
829 1194 1018 1237 Altorfensi.
1068 1194 1150 1227 Item
1177 1194 1311 1227 contulit
1332 1194 1432 1234 Jaffe'.
1478 1194 1599 1227 Pendet
1624 1195 1763 1237 siqillum
1789 1195 1855 1228 loro

194 1245 440 1278 membranaceo.

309 1305 399 1346 Quae
420 1305 612 1338 concordant
634 1315 703 1338 cum
717 1306 826 1346 priori
847 1307 1003 1339 sententia
1024 1316 1125 1347 supra
1146 1316 1197 1338 nr.
1212 1306 1285 1345 355,
1308 1306 1392 1348 typis
1417 1306 1593 1339 minoribus
1613 1317 1746 1339 excussa
1767 1310 1852 1341 sunl.

301 1365 448 1404 Bo'hmer,
472 1365 547 1406 Rey.
571 1365 684 1398 Ludw.
704 1375 739 1406 p.
756 1366 798 1398 41
820 1376 870 1399 nr.
888 1368 960 1398 717.

156 1466 184 1488 ὀ
304 1459 470 1487 Ludovvicus
494 1458 546 1486 Dei
573 1459 668 1494 gratis,
691 1459 877 1487 Romanorum
900 1467 947 1486 rex
971 1467 1081 1494 semper
1107 1460 1243 1494 augustus
1325 1458 1462 1487 universis
1488 1460 1560 1487 sacri
1591 1460 1710 1488 Romani
1742 1461 1852 1496 imperii

196 1509 328 1537 fidelibus
347 1511 493 1545 presentes
510 1509 620 1538 litteras
639 1510 807 1546 inspecturis
827 1511 871 1539 vel
890 1509 1029 1538 audituris
1098 1509 1219 1546 gratiam
1239 1518 1317 1538 suam
1336 1512 1366 1538 et
1383 1518 1464 1537 omne
1483 1510 1593 1539 bonum.

307 1560 333 1589 ¹.
358 1561 446 1596 Regis
465 1560 641 1589 celsitudinis
655 1562 788 1590 maiestas
800 1562 835 1590 ad
848 1562 960 1590 landem
973 1562 1107 1590 bonorum
1120 1561 1330 1597 vindictamque
1342 1562 1478 1590 malorum
1491 1562 1627 1591 divinitus
1639 1564 1786 1596 collocuta,
1799 1564 1853 1592 etsi

197 1613 315 1640 cunctos
338 1613 479 1641 maleficos
502 1613 632 1648 persequi
647 1615 801 1648 teneatur,
827 1613 894 1648 quia
910 1613 1065 1649 reipublice
1088 1613 1218 1645 interest,
1244 1622 1280 1640 ne
1303 1613 1421 1641 erimina
1440 1616 1604 1642 remaneant
1628 1615 1767 1650 inpunita,
1790 1615 1853 1642 illos

195 1664 290 1691 tamen
309 1663 472 1699 dignissime
491 1664 665 1699 persequitur
684 1667 714 1693 et
731 1665 853 1700 puni[e]t
870 1665 950 1700 penis
968 1665 1072 1693 debitis
1090 1667 1120 1693 et
1138 1665 1294 1701 condignis,
1312 1665 1361 1700 qui
1381 1665 1496 1694 crimine
1514 1666 1662 1694 inmaniori
1681 1667 1769 1695 veluti
1790 1676 1852 1702 per·

153 1720 179 1741 π
197 1714 348 1743 duellionis
374 1724 423 1743 sen
450 1716 527 1744 lesae
550 1715 708 1744 maiestatis
734 1725 789 1744 non
813 1719 872 1744 tam
903 1716 1050 1752 inprovide
1078 1725 1160 1751 quam
1185 1717 1332 1744 temerarie
1356 1717 1547 1752 implicantur.
1592 1718 1665 1746 Hinc
1688 1721 1731 1746 est
1754 1719 1851 1753 quod⁸

194 1767 405 1796 communicato
443 1768 563 1796 consilio
597 1769 756 1805 principum
787 1768 820 1797 et
853 1765 1018 1797 consulum
1049 1771 1216 1797 nostrorum
1244 1778 1283 1798 ac
1309 1769 1430 1798 aliorum
1458 1770 1606 1798 fidelium·
1627 1767 1852 1799 nostrorum**

194 1808 457 1857 deliberavimus,
483 1820 659 1848 decrevimus
681 1823 711 1850 et
733 1821 938 1849 declaravimus
959 1830 1056 1850 omnes
1072 1823 1174 1854 curtes.
1198 1821 1260 1849 iura
1283 1824 1314 1849 et
1337 1822 1409 1850 bons
1430 1822 1532 1850 ducum
1547 1823 1663 1851 Austrie
1678 1825 1708 1852 et
1730 1823 1852 1851 aliorum

195 1870 422 1899 adversariorum
446 1873 608 1900 nostrorum
637 1874 668 1900 et
690 1872 812 1908 imperii,
840 1873 896 1900 sita
924 1874 954 1901 et
976 1873 1071 1908 posita
1099 1873 1129 1900 in
1158 1873 1280 1900 vallibus
1309 1873 1404 1906 Swioz,
1427 1873 1486 1901 Ura
1514 1875 1543 1902 et
1566 1874 1772 1903 Undemlden
1798 1884 1848 1903 seu

194 1921 263 1949 locis
281 1921 347 1949 aliis
366 1921 509 1957 contiguis
527 1923 557 1950 et
570 1922 671 1950 vicinis
690 1932 752 1950 cum
771 1923 938 1956 hominibus,
957 1923 1065 1951 iuribus
1077 1926 1106 1951 et
1119 1923 1301 1958 pertinenciis
1313 1926 1342 1952 et
1354 1923 1419 1951 aliis
1431 1924 1575 1957 universis,
1593 1933 1627 1953 ex
1640 1933 1673 1952 eo
1684 1925 1759 1960 quod
1772 1926 1853 1954 nobis

150 1978 179 1999 υ)
197 1973 227 2000 et
245 1972 364 2008 imperio
382 1973 531 2002 temerarie
549 1975 578 2002 et
595 1973 742 2010 inprovide
760 1975 940 2003 adversantes
963 1975 1066 2003 crimen
1089 1975 1145 2003 lese
1163 1975 1322 2004 maiestatis
1340 1975 1473 2004 incidisse
1490 1976 1604 2011 publice
1623 1976 1807 2005 dinoscuntur
1824 1980 1854 2006 et

192 2024 221 2052 in
246 2025 343 2054 eodem
369 2025 528 2061 pertinacia
557 2027 642 2055 solita
658 2027 757 2069 'adhuc
781 2027 921 2063 intrepide
944 2027 1149 2061 debachantur,
1177 2030 1312 2062 tanquam
1335 2027 1398 2063 ipso
1421 2027 1482 2056 inre
1506 2028 1658 2056 confiscata
1683 2029 1719 2056 sd
1746 2037 1796 2057 nos
1823 2032 1852 2057 et

191 2073 297 2116 ipsum
329 2078 480 2113 imperium
508 2087 569 2107 esse
598 2079 734 2107 devoluta
762 2080 893 2108 totaliter
924 2082 954 2108 et
981 2080 1105 2108 addicta.
1177 2080 1356 2108 Sanctientes
1390 2082 1419 2108 et
1453 2081 1580 2109 volentes
1614 2081 1786 2114 omnimode,
1820 2084 1853 2110 ut

191 2129 310 2158 inantea
336 2130 374 2157 ad
402 2139 454 2158 nos
483 2132 514 2158 et
545 2131 694 2166 imperinm
725 2133 862 2166 tanquam
890 2127 932 2159 ad
962 2132 1119 2160 dominum
1143 2140 1251 2160 verum
1275 2134 1304 2160 et
1326 2141 1521 2167 possessorem
1548 2128 1688 2160 dictarum
1716 2134 1848 2166 curtium,

190 2180 338 2209 homi-num
360 2183 391 2210 et
412 2181 517 2210 iurium
540 2184 571 2210 et
593 2183 630 2210 nd
652 2183 761 2211 nullum
785 2183 872 2211 alium
895 2185 1043 2219 respectus
1066 2183 1180 2219 penitus
1203 2183 1389 2212 habeatur⁸*.

146 2241 175 2262 a
302 2230 331 2260 2.
355 2233 489 2262 Preteres.
513 2234 674 2262 censuimus
697 2236 727 2262 et
749 2235 956 2263 inviolabiliter
979 2235 1164 2268 decrevimus,
1187 2236 1263 2270 quod
1286 2236 1361 2264 dicte
1384 2237 1477 2263 curtes
1493 2244 1556 2263 cum
1571 2236 1742 2270 hominibus,
1765 2237 1849 2265 rebus

192 2284 222 2311 et
257 2283 365 2312 iuribus
399 2285 539 2313 universis
569 2294 680 2314 necnon
709 2286 872 2314 horninibus
899 2287 1040 2314 dictarum
1068 2287 1184 2314 vallium
1212 2290 1242 2315 et
1270 2287 1405 2315 dominia
1434 2287 1586 2315 earundem
1614 2288 1694 2316 nullo
1724 2297 1849 2324 unqusm

192 2335 322 2370 tempore
352 2344 370 2364 s.
392 2336 474 2365 nobis
501 2339 532 2365 et
558 2337 679 2373 imperio
702 2338 803 2373 quovis
827 2338 1013 2366 alienaeionis
1037 2338 1122 2366 titulo
1145 2339 1266 2367 alienari
1289 2339 1413 2367 debeant
1435 2339 1479 2367 vel
1502 2339 1684 2374 aliquetenus
1706 2340 1852 2375 separari·

194 2387 224 2413 et
247 2386 323 2420 quod
344 2387 427 2415 nobis
449 2388 535 2417 licere
557 2397 615 2417 non
638 2389 771 2425 patimur,
792 2390 898 2418 nostris
922 2390 1129 2418 successoribus
1152 2390 1319 2418 indicamus.
1367 2385 1410 2418 Et
1431 2386 1594 2428 mancipia
1621 2396 1680 2418 seu
1702 2387 1850 2420 homines

193 2432 327 2474 prefatis
362 2434 496 2467 ducibus
530 2437 731 2478 pertinentes
766 2437 825 2469 sub
852 2437 1072 2470 iurisdictione
1103 2437 1264 2479 imperiali
1300 2438 1470 2470 foveantur
1504 2447 1565 2470 nec
1595 2437 1658 2480 ipsi
1694 2437 1850 2481 obsequia

146 2497 174 2517 ιο
193 2483 301 2526 aliqua
323 2485 484 2528 aliquibus
506 2490 652 2529 prestare
675 2489 735 2520 nisi
758 2499 849 2521 sacro
872 2489 1008 2531 imperio
1032 2490 1260 2531 permittantur
1274 2492 1382 2522 nostre
1405 2490 1509 2532 gratie
1525 2489 1584 2521 sub
1601 2489 1748 2530 obtentu,
1771 2491 1847 2533 quia

192 2535 325 2568 eosdem
349 2536 442 2569 nobis
465 2541 499 2571 et
520 2539 656 2582 imperio
679 2539 876 2573 libertamus.

301 2589 330 2620 3.
366 2588 419 2621 Ad
440 2588 502 2622 hec
523 2591 685 2631 volumus,
715 2595 751 2625 ut
772 2592 878 2624 nullus
901 2592 1054 2634 deinceps
1083 2592 1241 2625 dictarum
1263 2592 1396 2625 vallium
1418 2593 1631 2634 inhabitator,
1661 2594 1767 2626 incola
1790 2598 1848 2626 aut

191 2637 289 2670 homo
316 2639 454 2682 quilibet
479 2650 588 2674 coram
616 2642 686 2685 ipso
714 2643 796 2676 duce
819 2642 1006 2686 Leupoldo‚
1033 2644 1099 2675 suis
1126 2643 1278 2676 fratribus
1305 2643 1441 2677 ducibus
1464 2645 1595 2678 Austrie
1620 2644 1672 2677 vel
1703 2646 1847 2687 ipsorum

191 2686 360 2731 iudicibus,
383 2691 441 2724 sed
465 2693 496 2724 in
519 2695 628 2726 nostro
652 2697 686 2727 et
706 2696 788 2727 sacri
811 2695 939 2737 imperii
961 2694 1080 2727 iudicio
1096 2698 1130 2727 et
1145 2705 1254 2727 coram
1277 2699 1385 2728 nostro
1408 2696 1514 2729 iudice
1530 2706 1628 2738 snper
1643 2707 1847 2739 quacumque

146 2754 173 2773 ⁴5
194 2751 291 2774 causa
314 2741 435 2775 debeat
457 2747 543 2776 stare
566 2745 636 2777 iuri.
735 2750 812 2778 Nulli
834 2760 902 2786 ergo
925 2751 1070 2779 hominum
1093 2751 1179 2779 licent
1202 2752 1274 2779 hanc
1297 2754 1424 2780 nostram
1446 2753 1663 2785 declarationis,
1691 2753 1850 2780 sanctionis

293 2835 362 2864 ⁰04.
389 2838 413 2870 ⁸)
431 2840 542 2873 seperari
561 2848 598 2866 or.
