2184 3126
343 241 406 271 534
539 236 636 263 ACTA
655 235 769 263 REGNI
786 232 972 262 LUDEWICI
991 232 1038 259 IV.
1056 231 1102 258 ΕΤ
1120 229 1306 257 FRIDERIOI
1325 229 1374 256 ΠΙ.
1410 228 1486 256 1322.
1522 228 1570 255 Nr.
1583 228 1643 255 670.
1661 228 1720 255 671.
1738 227 1797 255 672.

450 324 525 355 Dat.
538 321 722 363 Vercell(is)
749 322 782 352 in
809 320 906 351 domo
933 319 1067 350 fratrum
1090 316 1336 348 Predicatorum
1358 315 1630 356 Vercellensium‚
1660 314 1712 346 die
1741 317 1856 356 quarto
1878 314 1998 347 mensis

344 375 536 417 Septembr.‚
552 374 723 406 millesimo
737 371 962 403 trecentesimo
974 370 1130 410 vigesimo
1147 367 1300 408 secundo,
1315 367 1471 398 inditione
1487 367 1608 408 quinta.
1634 365 1844 398 Presentibus
1860 365 1999 398 dominis

344 427 461 458 comite
483 426 625 457 Antonio
657 424 697 456 de
719 422 911 462 Blandrato,
943 421 1063 452 Ottone
1094 420 1135 451 de
1159 419 1324 451 Gutueriis
1347 419 1479 450 Astensi
1501 421 1535 450 et
1556 417 1693 449 Alberto
1717 417 1758 450 de
1781 417 1877 449 Turri
1898 417 1998 451 fratre

344 478 421 509 dicti
444 477 564 508 domini
587 475 738 507 Iohannis
762 474 802 505 de
826 473 928 504 Turri.

453 536 496 576 (S.
513 537 590 576 N.)=
622 535 692 576 Ego
717 533 917 566 Gonradinus
952 532 1056 563 dictus
1079 530 1296 572 Garbaglinus
1328 530 1368 562 de
1402 530 1538 562 Arochis
1566 529 1818 562 Mediolanensis
1851 529 2000 572 publicus
2032 539 2045 560 ο

343 588 502 630 imperiali
525 588 715 619 auctoritate
738 585 882 616 notarius
906 587 939 615 et
962 583 1120 614 dictorum
1137 582 1340 614 dominorum
1363 581 1467 614 scriba
1482 581 1635 623 predictis
1658 581 1789 613 interfui
1812 584 1847 614 et
1867 583 2000 623 rogatus

342 642 375 671 in
398 639 615 671 testimonium
638 647 690 669 me
714 636 896 678 subscripsi.

542 829 628 864 671.
658 827 745 864 672.
788 827 1073 872 Confirmationes
1094 825 1362 871 privileyiornm
1388 826 1568 861 civitatum
1598 825 1813 861 Trimliensis

750 891 781 923 et
807 887 1059 923 Cremonensis.
1164 885 1254 931 Sept.
1274 886 1331 920 14.
1360 888 1391 921 et
1418 885 1509 930 Sept.
1529 886 1592 921 23.

453 966 618 1007 Privileyii
635 965 835 997 Triviliensis
850 965 1053 1006 apographon
1076 964 1132 1007 (A)
1155 964 1191 996 in
1205 964 1271 995 cod.
1289 963 1490 996 bibliothecae
1507 963 1731 996 Trivulzianae
1743 974 1824 996 saec.
1842 963 1943 996 XIV.
1958 982 2002 988 —-
2018 970 2046 990 ¹⁰

345 1019 407 1051 Ed.
427 1018 554 1050 Barelli
576 1018 737 1049 ‘Archivio
766 1017 881 1049 storico
904 1017 1055 1049 Italiano'
1082 1016 1150 1049 Ser.
1172 1016 1204 1047 V.
1228 1018 1300 1047 tom.
1316 1016 1359 1046 30
1387 1015 1504 1057 (1902)
1529 1026 1563 1055 Ρ.
1580 1017 1622 1047 60
1647 1026 1697 1047 nr.
1721 1017 1774 1047 26.
1819 1015 2003 1048 Editionem

345 1070 557 1102 adhibuimus.

453 1129 660 1170 Privileyium
686 1129 890 1161 Cremonense
911 1127 1143 1168 autoyraphum
1166 1128 1219 1167 (B)
1243 1127 1279 1159 in
1302 1126 1462 1159 tabulario
1481 1127 1684 1160 Cremonensi
1705 1127 1825 1168 ‘Capsa
1845 1127 2003 1160 Cremone’

349 1181 382 1214 C.
412 1183 462 1213 79.
507 1181 744 1221 Descripsimus
775 1191 842 1213 nos.
894 1179 1010 1221 Siyilla
1042 1180 1275 1211 desiderantur.
1320 1179 1364 1211 In
1398 1179 1490 1211 dorso
1522 1179 1676 1219 scriptum
1709 1181 1755 1211 est
1788 1189 1888 1211 manu
1921 1189 2003 1212 saec.

346 1234 406 1265 XI
409 1232 512 1265 V—X
519 1232 571 1264 V..-
597 1235 736 1274 ponatur
763 1243 834 1264 cum
864 1231 1132 1273 stravagantibus.
1157 1250 1197 1254 -
1221 1231 1285 1262 Ed.
1310 1230 1449 1263 Biihmer
1471 1231 1565 1262 ‘Acta
1591 1231 1719 1271 imperii
1739 1230 1868 1263 sekcta’
1886 1241 1922 1272 p.
1939 1231 2003 1263 719
2021 1235 2046 1256 1⁵

345 1295 395 1317 nr.
413 1286 497 1316 1026
519 1295 557 1316 ex
578 1285 617 1316 B.

370 1403 443 1433 671.
478 1400 685 1441 Privileyium
703 1400 899 1431 Triviliense.
967 1399 1051 1439 Sept.
1069 1399 1120 1430 14.
1223 1400 1295 1431 672.
1331 1397 1538 1438 Privileyium
1556 1397 1768 1430 Cremonense.
1835 1398 1920 1441 Sept.
1935 1400 1988 1432 23.

729 1460 771 1491 A.
1584 1457 1627 1490 B.

453 1516 520 1548 Nos
542 1516 722 1548 Rodulfus⁸
751 1516 791 1548 de
814 1515 963 1547 Heivenb
990 1515 1084 1547 miles
1112 1518 1145 1546 et
1167 1514 1329 1547 Iohannes
1356 1514 1396 1546 de
1426 1514 1531 1546 Turec
1561 1514 1709 1546 dominus
1736 1514 1944 1547 Gastilionisd
1970 1516 2004 1547 in

344 1569 494 1600 Valixio⁰
517 1567 559 1599 ad
581 1568 802 1599 universorum
826 1568 908 1598 sacri
925 1567 1064 1598 Romani
1087 1567 1215 1608 imperii
1237 1565 1382 1598 fidelium
1404 1566 1556 1597 noticiam
1578 1565 1743 1608 publicam
1758 1566 1906 1598 volumus
1928 1577 2003 1609 per·
2021 1579 2050 1600 ιο

345 1621 465 1659 venire,
490 1619 576 1661 quod
591 1630 650 1650 nos
667 1629 709 1650 ex
724 1621 887 1660 potestate
904 1618 997 1650 nobis
1013 1628 1165 1650 concessa
1182 1629 1202 1650 a
1218 1618 1423 1650 serenissimo
1439 1618 1584 1659 principe
1601 1617 1730 1649 domino
1746 1621 1856 1649 nostro
1873 1617 2003 1650 domino
2024 1613 2029 1618 ’

345 1670 538 1704 Fredcricof
559 1670 779 1702 Romanorum
803 1680 880 1711 rege
904 1680 1034 1711 semper
1057 1673 1193 1712 augusto
1222 1680 1282 1711 per
1304 1670 1404 1711 ipsius
1426 1671 1576 1711 patentes
1598 1669 1723 1701 litteras
1747 1679 1802 1701 sue
1825 1670 2004 1709 maiestatis

347 1723 439 1764 sigilo
462 1722 625 1764 pendente
649 1723 797 1762 munitas,
822 1731 957 1763 quarum
981 1724 1073 1753 tenor
1096 1722 1240 1763 sequitur
1262 1722 1295 1752 in
1317 1721 1379 1752 hac
1402 1720 1521 1752 forma:

454 1773 647 1805 ‘Fridericus
670 1773 734 1805 Dei
756 1774 915 1814 gratia—
928 1783 1011 1804 anno
1035 1773 1172 1805 octavo.²
1194 1783 1292 1812 supra
1315 1783 1364 1804 nr.
1382 1774 1454 1804 663.

348 1829 380 1856 et
403 1826 489 1856 omni
511 1824 608 1856 modo
633 1827 665 1855 et
687 1825 755 1856 iure
779 1824 893 1866 quibus
915 1825 1031 1856 melius
1053 1835 1224 1866 possumus
1238 1825 1367 1856 nomine
1391 1823 1537 1855 eiusdem
1561 1823 1680 1855 domini
1702 1825 1802 1855 nostri
1826 1827 1859 1856 et
1881 1835 1940 1866 pro
1963 1834 2002 1856 eo
2021 1836 2047 1856 2⁵

349 1876 399 1907 ad⁴
414 1876 659 1917 suplicationem

349 1928 492 1959 comunis
516 1928 611 1958 castri
635 1926 676 1958 de
701 1926 843 1958 Trivillio
867 1937 989 1968 grasso⁷
1202 1927 1346 1958 comunis
1369 1929 1402 1958 et
1421 1926 1587 1958 hominum
1603 1926 1761 1959 Cremone
1783 1926 1860 1959 dicti
1883 1926 2004 1959 domini

1201 1979 1301 2010 nostri
1324 1980 1358 2010 et
1379 1977 1519 2009 Romani
1540 1978 1668 2020 imperii
1690 1978 1844 2020 fidelium,

349 2030 458 2062 debito
474 2032 614 2061 tractatu
630 2033 663 2061 et
679 2029 912 2061 deliberatione
929 2031 1102 2071 premissis,
1118 2030 1333 2071 promittimus
1350 2040 1408 2072 per
1424 2030 1484 2061 hec
1501 2030 1630 2071 scripta,
1648 2029 1734 2072 quod
1751 2030 1837 2062 idem
1856 2030 2004 2062 dominus
2045 2033 2050 2037 ⁴

349 2084 457 2112 noster
480 2082 587 2112 omnia
611 2084 643 2112 et
665 2082 790 2123 singula
813 2081 1005 2123 privilegiass
1034 2085 1067 2113 et
1096 2081 1217 2123 gratias
1246 2081 1353 2113 eidem
1378 2082 1506 2113 comuni
1529 2092 1549 2112 a
1572 2081 1653 2113 divis
1675 2082 1926 2123 imperatoribus
1948 2081 2004 2114 et'¹
2022 2094 2051 2115 ω

349 2132 479 2174 regibus
501 2132 721 2164 Romanorum
743 2133 803 2164 rite
828 2136 861 2164 et
883 2133 1123 2165 racionabiliter
1146 2143 1299 2165 concessa
1322 2136 1355 2165 et
1378 2143 1546 2164 concessas
1570 2133 1771 2164 confirmabit
1795 2136 1828 2165 et

349 2194 407 2215 suo
429 2184 531 2224 regali
554 2183 658 2225 sigillo
682 2184 858 2215 comunibit
886 2184 928 2216 ad
953 2185 1052 2216 instar
1076 2185 1149 2216 dive
1201 2184 1397 2216 huiusmodii
1420 2185 1695 2216 confirmationem
1717 2195 1774 2216 suo
1790 2185 1894 2227 regali
1909 2185 2004 2228 sigilo

350 2234 580 2266 recordationis
615 2235 735 2266 domini
762 2235 895 2267 Henrici
928 2236 1149 2268 Romanorum
1202 2235 1418 2277 co(mun)ibit.
1476 2236 1535 2267 Ink
1548 2247 1683 2278 quorum
1696 2237 1916 2269 testimonium
1929 2248 2005 2280 pre-

350 2287 436 2328 regis
466 2286 653 2318 immediate
680 2286 920 2328 predecessoris
943 2287 1061 2329 prefati
1091 2288 1149 2319 do·
1201 2290 1309 2319 sentes
1331 2287 1456 2319 litteras
1474 2288 1608 2319 fecimus
1623 2291 1805 2320 nostrorum
1826 2289 2005 2331 sigillorum

350 2339 428 2369 mini
443 2338 552 2369 nostri.
619 2338 655 2368 In
679 2349 814 2380 quorum
834 2339 1051 2371 testimonium
1074 2349 1149 2381 pre·
1202 2339 1416 2381 appenssione
1440 2339 1586 2371 munin'k.
2023 2352 2050 2373 ιι

351 2392 459 2420 sentes
481 2389 550 2420 fieri
570 2389 704 2420 fecimus
728 2393 761 2421 ct
776 2392 957 2422 nostrorum
973 2390 1151 2432 sigillorum

352 2441 550 2482 appensione
573 2441 698 2472 muniri.

416 2492 499 2523 Acta
523 2494 555 2523 et
579 2491 655 2523 data
676 2493 709 2523 in
727 2492 811 2524 dicto
828 2496 933 2524 castro
950 2493 990 2525 de
1007 2493 1151 2525 Trivillio
1267 2493 1355 2525 Data
1378 2493 1552 2533 Cremone,
1575 2504 1658 2525 anno
1682 2493 1814 2526 Domini
1835 2494 2006 2527 millesimo

352 2553 463 2584 grasso
493 2544 525 2574 in
555 2543 664 2584 platea
698 2543 843 2575 eiusdem
878 2545 1036 2586 comunis,
1068 2555 1151 2576 anno
1204 2546 1422 2577 tricentesimo
1450 2546 1606 2587 vigesimo
1637 2546 1795 2586 secundo,
1832 2546 2007 2578 indictione

352 2594 483 2626 Domini
519 2594 689 2626 millesimo
727 2596 954 2628 trecentesimo
991 2596 1148 2638 vigesimo
1202 2597 1327 2639 quinta,
1363 2596 1415 2628 die
1446 2597 1601 2638 vigesimo
1637 2598 1736 2629 tercio
1774 2598 1895 2629 mensis
1923 2596 2005 2639 Sep·
2022 2607 2052 2628 ω

457 2692 522 2719 670.
550 2693 573 2725 ¹³¹)
593 2694 684 2718 abhinc
703 2694 758 2719 alia
775 2703 868 2720 ‘manu-5
886 2704 924 2720 or.

459 2760 525 2788 871·
543 2761 609 2788 672·
636 2762 660 2794 ⁸)
678 2763 802 2788 Rodolfus
816 2763 849 2788 A.
915 2762 939 2795 b)
958 2765 1065 2790 Hedden
1082 2765 1150 2790 male
1163 2764 1195 2790 A.
1262 2764 1284 2797 o)
1302 2766 1385 2790 Turre
1398 2763 1431 2789 A.
1497 2763 1521 2796 d)
1540 2765 1692 2790 Castelionis
1704 2765 1737 2790 A.
1809 2764 1832 2797 ο)
1845 2765 1957 2791 Valle-,sio
1970 2763 2005 2790 Α.

353 2804 373 2837 s)
391 2805 530 2830 Federicho
549 2805 582 2831 A.
679 2806 704 2838 Β)
723 2806 873 2839 previllegia
891 2807 924 2832 A.
1019 2806 1046 2840 h)
1065 2811 1094 2833 et
1112 2808 1180 2833 deest
1197 2807 1229 2833 B.
1321 2806 1340 2840 i)
1359 2808 1471 2840 sequitur
1489 2809 1519 2833 In
1537 2817 1646 2840 quorum
1666 2813 1689 2833 et
1706 2816 1804 2833 rasura
1821 2807 1933 2832 duomm
1950 2815 2008 2832 ver-

355 2847 444 2873 borum
461 2847 572 2880 spatium
591 2849 748 2880 adaequans.
834 2847 862 2881 k)
881 2851 910 2874 In
929 2859 1037 2882 quorum
1048 2851 1186 2876 -muniri
1204 2851 1301 2883 empta
1318 2855 1377 2876 sunt
1391 2855 1451 2884 poet
1469 2854 1559 2877 octavo
1578 2851 1612 2877 B.
