2190 3172
296 123 358 153 292
531 119 628 147 ACTA
647 118 761 146 REGNI
780 117 964 145 LUDEWICI
984 117 1030 145 IV.
1048 117 1094 143 ET
1114 117 1300 145 FRIDERICI
1317 117 1368 144 111.
1404 117 1480 145 1316.
1515 117 1564 145 Nr.
1577 118 1636 146 347.
1655 118 1714 146 348.

294 207 424 249 imperii
451 217 510 248 per
538 209 638 238 totam
663 205 806 237 Ytaliam
834 205 1024 235 constitutus
1054 214 1112 244 per
1139 205 1380 236 serenissimum
1408 205 1586 246 principem
1615 204 1780 236 dominum
1807 207 1950 237 nostrum

296 258 461 290 dominum
484 258 684 290 Ludovicum
713 256 776 287 Dei
803 255 908 297 gratia
935 254 1154 286 Romanorum
1188 265 1301 296 regem
1336 258 1369 287 et
1397 266 1527 297 semper
1553 259 1726 298 augustum
1814 256 1951 288 salutem

295 320 369 342 cum
391 309 512 351 gaudio
536 312 569 340 et
592 318 746 350 prospera
769 307 811 339 ad
834 309 909 338 vota
932 316 1107 338 successus.

402 361 543 392 Litteras
566 359 743 391 serenisimi
767 358 920 399 principis
944 358 1065 389 domini
1087 358 1187 389 nostri
1210 357 1347 399 predicti
1363 359 1543 400 recepimus
1559 358 1696 390 formam
1721 369 1784 401 que
1807 359 1952 401 sequitur

294 412 508 443 continentes:

403 462 599 494 ‘Ludovicus
622 461 685 493 Dei
708 461 813 502 gratia
836 478 877 482 —
901 460 1001 491 nostri
1025 471 1108 491 anno
1131 460 1255 502 primo‘.
1289 471 1391 500 supra
1412 472 1461 493 nr.
1481 461 1551 492 195.

402 513 551 545 Secunde
573 523 651 544 vero
674 513 781 544 littere
805 511 990 553 supradicte
1014 514 1107 543 tenor
1129 512 1273 553 sequitur
1295 522 1355 553 per
1377 511 1437 544 hec
1459 512 1574 544 verba:

400 564 594 596 ‘Ludovicus
618 563 681 595 Dei
704 563 861 605 gratia—
875 564 975 594 nostri
999 574 1081 595 anno
1105 562 1229 605 primo’.
1263 573 1364 603 supra
1385 574 1435 596 nr.
1453 564 1516 595 196
1538 564 1596 596 sub
1611 563 1652 596 A.

403 616 518 648 Tercie
542 618 652 647 autem
676 618 710 647 et
732 615 844 646 ultime
868 615 975 646 littere
999 618 1091 646 tenor
1114 616 1258 656 sequitur
1279 615 1312 646 in
1334 615 1419 647 hunc
1441 615 1586 646 modum:

400 667 593 699 ‘Ludovicus
615 667 678 698 Dei
702 666 972 708 gratia—nostri
995 677 1079 698 anno
1103 666 1226 708 primo’.
1261 677 1360 706 supra
1382 677 1432 698 nr.
1450 667 1512 698 196
1534 667 1592 698 sub
1608 666 1649 698 B.

401 719 544 756 Quarum
560 718 739 750 litterarum
756 718 948 749 auctoritate
972 718 1013 750 ad
1037 729 1094 750 vos
1118 718 1252 750 dilectos
1276 722 1309 750 et
1330 718 1445 750 fideles
1467 719 1601 750 nuncios
1617 721 1742 750 nostros
1758 717 1951 749 Gillermum

292 771 334 803 de
358 770 474 812 Forgis
503 770 654 810 militem,
687 769 865 800 Iohannem
895 768 1029 801 Dedour
1058 772 1091 801 et
1114 769 1263 801 Betinum
1288 769 1434 801 Venture
1463 769 1613 801 duximus
1641 768 1865 801 destinandum
1894 778 1951 799 vos

294 822 480 864 specialiter
494 822 707 863 requirentes,
723 823 759 852 ut
774 821 851 862 ipsis
867 820 964 852 fidem
982 820 1148 852 credulam
1164 821 1196 852 in
1211 821 1284 862 hiis,
1301 831 1363 863 que
1380 831 1422 853 ex
1437 824 1530 863 parte
1546 824 1655 852 nostra
1669 820 1760 853 vobis
1776 822 1949 862 exponent,

290 873 473 905 adhibeatis
508 873 540 904 in
568 872 716 904 omnibus
744 875 897 914 tanquam
925 872 1027 904 nobis.
1073 872 1111 903 In
1142 883 1278 914 quorum
1313 883 1368 904 ore
1392 872 1490 904 verba
1513 876 1622 904 nostra
1644 873 1810 914 posuimus
1838 872 1949 914 eisque

292 925 439 957 dedimus
461 925 494 956 in
510 924 680 964 mandatis,
705 926 741 955 ut
764 923 805 955 de
822 923 970 955 omnibus
987 923 1122 965 agendis
1143 922 1199 966 [in]
1216 924 1332 955 nostris
1348 924 1493 965 partibus
1509 924 1618 956 Ytalie
1634 926 1741 956 vestro
1758 922 1891 955 consilio
1915 925 1949 955 et

290 977 412 1008 auxilio
437 986 474 1008 se
498 975 647 1007 ordinent
674 979 707 1007 et
730 975 911 1017 disponant.
1001 975 1038 1005 In
1062 985 1197 1017 quorum
1215 975 1432 1007 testimonium
1449 975 1653 1017 presentibus
1675 975 1792 1007 litteris
1809 974 1951 1017 sigillum

289 1030 434 1060 nostrum
459 1027 609 1058 duximus
633 1027 870 1068 apponendum.

397 1082 519 1114 Datum
543 1093 626 1114 anno
649 1082 782 1114 Domini
804 1080 922 1114 MCCC
946 1079 1180 1120 sextodecimo,
1204 1081 1300 1112 tertia
1323 1080 1376 1112 die
1399 1080 1570 1113 Februarii
1592 1082 1720 1113 mensis.

528 1299 603 1334 348.
637 1298 904 1335 LITTERAE
932 1295 1222 1334 FRIDERICI
1245 1297 1321 1333 AD
1347 1295 1711 1335 CARDINALES.

965 1364 1075 1400 1316.
1113 1363 1220 1400 Mart.
1243 1365 1276 1400 7.

400 1466 499 1506 Copia
515 1466 571 1509 (c.)
593 1466 629 1498 in
651 1466 718 1498 cod.
735 1465 917 1497 Mellicensi
940 1464 982 1497 K.
1001 1466 1043 1495 51
1071 1465 1197 1496 membr.
1219 1475 1300 1496 saec.
1316 1463 1413 1496 XIV.
1437 1465 1482 1496 in.
1506 1465 1560 1503 fol.
1581 1465 1692 1498 ultimo
1704 1467 1724 1499 ².
1770 1466 1950 1507 Descripsit

288 1518 330 1551 G.
347 1517 393 1550 H.
409 1518 512 1550 Perta.
536 1537 579 1541 —
602 1517 665 1550 Ed.
692 1517 732 1550 G.
751 1517 858 1550 Waitz
879 1516 1115 1556 ‘Forschunyen
1136 1525 1196 1547 zur
1216 1514 1397 1547 Deutschen
1414 1516 1611 1548 Geschichte’
1635 1517 1715 1556 XX,
1737 1519 1803 1549 434
1825 1528 1865 1550 ex
1886 1528 1913 1550 c.

398 1578 547 1616 Bahmer,
572 1577 649 1618 Rey.
667 1577 779 1610 Ludw.
797 1588 833 1618 p.
849 1578 914 1608 383
935 1576 1107 1609 Friedrich
1129 1586 1180 1608 nr.
1196 1575 1261 1608 323
1282 1576 1410 1617 (Addit.
1426 1576 1512 1615 III).

1970 679 1995 699 10

1969 938 1992 957 15

393 1668 597 1700 Reverendis
625 1669 658 1699 in
682 1667 810 1699 Christo
834 1667 981 1708 patribus
1003 1669 1208 1698 sacrosancte
1231 1666 1379 1698 Romane
1407 1675 1446 1697 ac
1468 1666 1657 1698 universalis
1680 1668 1816 1700 ecclesie
1843 1669 1948 1701 cardi·
1972 1701 1978 1707 ,

285 1719 411 1752 nalibus
440 1719 611 1760 universis,
643 1719 755 1751 amicis
778 1718 956 1750 karissimis
1054 1717 1238 1749 Fridericus
1266 1717 1329 1749 Dei
1356 1717 1462 1759 gratia
1484 1717 1705 1751 Romanorum
1731 1730 1791 1751 rex
1819 1731 1948 1763 semper

286 1774 443 1813 augustus
530 1770 640 1811 fidem,
664 1771 884 1802 reverenciam
908 1772 941 1801 et
963 1770 1128 1802 honorem.

393 1822 479 1854 Fons
503 1822 667 1864 sapiencie
689 1821 847 1853 ineffabili
870 1831 999 1862 semper
1021 1820 1157 1852 affluens
1180 1821 1303 1862 pietate
1325 1821 1526 1863 unigenitum
1553 1822 1616 1854 Dei
1638 1822 1773 1854 verbum
1798 1823 1946 1856 dominus

285 1874 377 1906 Iesus
401 1873 547 1905 Christus
570 1875 655 1905 circa
678 1876 822 1904 sanctam
845 1876 983 1904 matrem
1007 1872 1178 1904 ecclesiam
1202 1883 1293 1904 suam
1316 1883 1466 1914 sponsam
1490 1873 1535 1904 sic
1558 1873 1766 1916 benignitatis
1788 1885 1845 1907 sue
1869 1886 1945 1907 con-

285 1925 421 1957 tinuavit
436 1924 599 1964 affectum,
623 1927 659 1955 ut
681 1934 715 1956 se
732 1926 870 1955 testetur
893 1934 965 1955 cum
987 1923 1044 1955 illa
1063 1933 1164 1965 usque
1188 1923 1230 1955 ad
1246 1925 1558 1956 consummacionem
1574 1924 1674 1956 seculi
1689 1935 1944 1967 permansurum.

283 1975 328 2008 Et
350 1977 427 2008 licet
449 1979 523 2017 post
545 1976 646 2017 ipsius
661 1975 893 2017 Redemptoris
908 1984 1090 2017 regressum
1114 1974 1156 2006 ad
1179 1974 1286 2006 Patris
1309 1975 1456 2017 gloriam,
1479 1976 1565 2008 unde
1582 1979 1727 2018 venerat,
1750 1978 1850 2019 ipsius
1873 1988 1944 2010 cor-

284 2027 404 2070 poralis
430 2027 595 2069 presentia
623 2026 721 2058 fuerit
744 2027 913 2067 destituta,
940 2029 1050 2058 tamen
1083 2026 1190 2068 quoad
1221 2027 1367 2068 regimen
1396 2028 1465 2059 eius
1495 2029 1638 2069 corporis
1667 2030 1715 2060 sui
1737 2030 1875 2061 vicarios
1897 2030 1945 2062 illi

284 2079 427 2122 pretulit,
451 2081 487 2109 ut
508 2079 690 2109 successiva
705 2078 937 2110 substitucione
954 2077 1142 2119 pontificum
1158 2077 1295 2110 haberet
1310 2080 1554 2120 perseverancie
1570 2079 1802 2112 fulcimentum.
1849 2081 1945 2118 Quod

284 2140 344 2173 per
366 2132 506 2161 mortem
529 2130 720 2161 sanctissimi
743 2129 843 2171 patris
867 2128 1031 2171 quondam
1056 2128 1203 2171 dom[i]ni
1219 2129 1395 2162 Clementis
1417 2141 1503 2173 pape
1525 2132 1591 2163 iam
1614 2131 1739 2163 diucius
1761 2132 1890 2164 videtur
1911 2134 1944 2164 in

283 2182 462 2223 perniciem
495 2181 608 2212 salutis
641 2181 772 2213 humani
801 2181 931 2222 generis
962 2181 1187 2222 interceptum.
1233 2181 1441 2224 Quapropter
1469 2183 1712 2215 universitatem
1738 2187 1895 2225 vestram,
1923 2195 1943 2216 o

284 2236 394 2275 patres
428 2235 538 2264 sancte
567 2232 716 2264 Romane
745 2232 883 2264 ecclesie
915 2231 1107 2272 cardinales,
1141 2231 1288 2264 cardines
1322 2236 1356 2264 et
1383 2234 1570 2276 columpne,
1604 2234 1724 2267 affectu
1751 2235 1877 2267 ardenti
1910 2240 1944 2269 et

283 2285 408 2316 sincero
423 2293 575 2325 rogamus
592 2283 763 2325 desiderio,
788 2287 945 2325 quatenus
969 2283 1011 2315 ad
1034 2283 1096 2315 hoc
1111 2284 1274 2316 ferventes
1290 2294 1392 2325 curas,
1417 2285 1553 2327 vigilias,
1577 2286 1721 2318 officinas
1745 2290 1778 2318 et
1794 2287 1943 2320 efficaces

284 2345 401 2376 operas
424 2334 608 2376 applicetis,
642 2338 679 2367 ut
706 2335 790 2367 alme
818 2336 914 2367 matri
937 2335 1074 2367 ecclesie
1107 2335 1195 2367 ocius
1221 2335 1329 2378 presul
1351 2338 1552 2369 necessarius
1582 2337 1733 2380 eligatur,
1767 2349 1809 2370 ne
1831 2339 1942 2381 lupine

282 2386 470 2428 rapacitatis
494 2386 668 2418 discrimini
691 2387 870 2428 periculose
902 2387 956 2418 diu
980 2387 1148 2418 subiaceat
1174 2397 1255 2429 grex
1278 2387 1472 2429 dominicus,
1502 2389 1641 2430 populus
1670 2390 1876 2427 christianus,
1906 2393 1943 2423 ut

282 2437 374 2469 vobis
401 2437 462 2469 hoc
496 2439 528 2469 in
552 2438 691 2470 futurum
716 2441 840 2470 crescat
871 2438 912 2469 ad
935 2438 1043 2470 meriti
1066 2438 1228 2470 cumulum
1251 2439 1340 2480 apud
1362 2439 1468 2471 Deum
1504 2444 1538 2472 et
1570 2441 1603 2471 in
1626 2442 1768 2482 presenti
1795 2441 1836 2473 ad
1865 2441 1941 2474 boni

282 2489 419 2521 nominis
443 2492 476 2521 et
499 2489 657 2522 beacioris
680 2491 795 2522 ominis
818 2490 1061 2521 incrementum.

390 2544 511 2576 Datum
524 2545 673 2587 Wienne,
697 2545 798 2577 Nonis
814 2546 936 2586 Marcii,
961 2555 1044 2576 anno
1068 2545 1200 2577 Domini
1216 2545 1427 2587 MOOOXVI,
1451 2548 1543 2589 regni
1566 2549 1666 2580 nostri
1689 2558 1773 2580 anno
1789 2548 1940 2583 secundo.

389 2729 415 2761 1)
440 2727 481 2760 Cf.
500 2728 621 2755 ‘Archiv’
639 2728 700 2761 ΙΙΙ,
719 2731 767 2755 314
785 2731 810 2755 et
829 2729 867 2761 X,
886 2732 944 2756 606.

1966 1732 1993 1753 85

1963 1992 1990 2012 ³0

1961 2250 1986 2270 ³5

1958 2509 1984 2528 40
