2190 3172
318 289 380 319 302
552 286 649 314 ACTA
669 286 782 313 REGNI
801 285 985 313 LUDEWICI
1003 284 1050 312 IV.
1069 284 1116 311 ET
1135 284 1321 312 FRIDERICI
1340 285 1389 312 111.
1416 285 1500 312 ,1316.
1535 284 1584 312 Nr.
1598 284 1657 312 361.
1675 284 1733 312 362.

426 420 499 456 361.
536 418 813 457 SCRIPTUM
842 417 1085 455 EIUSDEM
1114 417 1285 455 SUPER
1311 415 1538 454 CASTRIS
1565 418 1859 455 HERRIDEN

919 474 985 510 ET
1008 473 1360 511 WARTPERCH.

989 542 1098 578 1316.
1134 541 1219 578 Mai.
1243 542 1299 578 19.

430 634 589 675 Oriqz'nale
612 633 687 676 (or.)
717 633 830 665 ibidem
859 633 951 665 KLS
981 643 1030 665 nr.
1053 634 1125 665 102.
1183 633 1381 665 Contulimus
1406 644 1473 666 nos.
1525 633 1645 666 Pendet
1677 633 1815 675 siqz'llum
1845 633 1964 666 laesum

319 686 383 719 Zoro
405 686 644 718 membranaceo.
668 703 710 708 —
733 684 795 716 Ed.
817 683 931 717 Weller
953 683 1227 716 ‘Hohenlohisches
1248 684 1508 718 Urkundenbuch'
1531 685 1580 724 11,
1597 686 1639 716 81
1661 696 1710 717 nr.
1728 687 1790 717 110
1812 695 1851 717 ex
1873 696 1918 718 or.
1994 695 2006 714 ⁵

424 741 571 779 Bo‘hmer,
595 739 672 781 Req.
688 740 801 772 Ludw.
818 750 854 780 p.
872 740 914 770 13
935 750 985 771 nr.
1002 739 1076 772 210.

426 818 618 850 Ludowicus
651 817 715 849 Dei
748 818 857 859 gracia
878 817 1098 849 Romanorum
1133 827 1191 849 rex
1225 827 1353 859 semper
1385 821 1539 860 augustus
1615 818 1657 850 ad
1691 823 1884 861 perpetuam
1917 820 1965 852 rei

317 871 516 903 memoriam.

424 922 535 963 Exigit
567 921 757 963 plerumque
791 930 1016 962 perversorum
1051 923 1298 962 presumptuosa
1327 922 1492 953 temeritas
1526 924 1559 953 et
1588 921 1752 964 nephandi
1782 923 1901 965 flagicii
1932 926 1965 956 et

319 974 458 1006 criminis
480 973 665 1013 inmanitas,
692 975 728 1003 ut
749 972 868 1004 nedum
897 975 1008 1004 contra
1034 972 1121 1014 ipsos
1144 975 1326 1014 patratores
1348 972 1520 1014 scelerum,
1548 973 1607 1005 sed
1629 974 1731 1006 eciam
1755 977 1866 1006 contra
1888 975 1960 1007 loca
1978 982 2004 1003 ιο

319 1029 351 1057 et
373 1025 508 1056 latibula
530 1026 815 1065 receptatoresque
839 1023 1026 1065 eorundem,
1050 1024 1118 1056 sine
1142 1023 1256 1065 quibus
1279 1023 1334 1055 diu
1356 1023 1458 1056 latere
1482 1025 1647 1066 nequiunt,
1669 1028 1736 1057 tam
1759 1026 1842 1058 iuste
1867 1037 1964 1068 quam

318 1076 451 1119 provide
467 1076 704 1108 animadvertat
718 1076 809 1117 regia
825 1075 993 1106 celsitudo.
1029 1074 1234 1117 Quapropter
1250 1075 1452 1107 decrevimus
1468 1079 1501 1107 et
1516 1077 1695 1108 sanccimus
1711 1087 1770 1119 per
1784 1081 1963 1119 presentes,

318 1128 404 1170 quod
428 1128 582 1170 oppidum
605 1127 766 1169 quondam
786 1126 967 1158 Herrieden
990 1137 1049 1168 per
1071 1137 1184 1158 manus
1201 1127 1361 1159 craftonis
1385 1127 1425 1160 de
1441 1127 1634 1160 Hohenloch
1657 1129 1756 1160 nostri
1779 1132 1813 1160 et
1836 1129 1965 1172 imperii

318 1180 492 1212 adversarii
518 1179 662 1210 indebite
694 1181 883 1219 ocupatm,
914 1178 1001 1219 quod
1032 1178 1201 1210 latibulum
1229 1178 1409 1220 predonum
1440 1179 1548 1211 extitit
1574 1182 1608 1211 et
1636 1180 1803 1221 spelunca,
1834 1180 1876 1212 ob
1903 1181 1965 1213 hoc

318 1231 455 1263 dextera
477 1234 585 1263 nostre
613 1230 762 1272 potencie
789 1240 848 1271 per
870 1230 978 1271 ignem
1010 1232 1043 1262 et
1073 1229 1217 1271 gladium
1241 1230 1381 1262 dirutum
1410 1233 1443 1261 et
1471 1230 1669 1263 destructum
1691 1231 1786 1263 nullis
1809 1243 1964 1275 umquam
1983 1240 2007 1260 1⁵

317 1282 482 1324 perpetuis
508 1281 706 1323 temporibus
735 1280 934 1322 inposterum
967 1291 1024 1322 per
1058 1280 1180 1312 fossata
1211 1284 1245 1313 et
1274 1281 1535 1314 circundaciones
1561 1294 1725 1315 murorum
1751 1294 1809 1326 per
1831 1284 1963 1316 modum

318 1334 437 1376 oppidi,
460 1343 501 1365 ne
517 1333 747 1364 maleficiorum
765 1332 915 1364 similium
935 1332 1077 1364 inveniat
1098 1343 1299 1365 successores
1322 1336 1356 1365 et
1377 1337 1413 1366 ut
1427 1334 1627 1376 flagiciorum
1649 1335 1832 1367 huiusmodi
1854 1339 1965 1368 notam

316 1389 474 1428 perpetua
489 1386 580 1417 ruina
595 1387 741 1425 testetur,
765 1383 968 1426 aliquatenus
983 1388 1162 1426 reparetur,
1187 1384 1338 1427 quodque
1361 1385 1454 1417 nobis
1476 1385 1574 1418 licere
1597 1397 1661 1418 non
1675 1387 1825 1429 patimur,
1848 1388 1966 1420 nostris

317 1436 554 1469 successoribus
569 1436 756 1468 indicamus.
795 1435 897 1467 Porro
922 1436 997 1478 quia
1012 1436 1206 1468 venerabilis
1221 1436 1391 1479 Philippus
1406 1437 1607 1479 Eystetensis
1623 1439 1792 1481 episcopus
1815 1439 1965 1482 princeps

316 1492 425 1521 noster
448 1488 583 1520 dilectus
605 1488 709 1530 ipsum
733 1490 765 1520 et
787 1487 959 1519 ecclesiam
983 1498 1083 1525 suam,
1108 1489 1197 1520 ouius
1220 1488 1340 1521 dictum
1357 1489 1511 1531 oppidum
1529 1489 1698 1530 existebat,
1721 1491 1754 1522 in
1776 1490 1964 1524 dirucione·
1982 1497 2008 1518 ²⁰

318 1544 351 1573 et
384 1539 596 1572 demolicione
629 1539 812 1571 huiusmodi
847 1539 957 1581 oppidi
991 1539 1175 1572 Herrieden
1209 1539 1474 1582 dampnificatum
1509 1543 1543 1572 et
1575 1545 1744 1583 gravatum
1779 1542 1965 1575 omnimode

317 1591 491 1634 asserebat,
524 1602 583 1623 nos
617 1601 658 1623 ex
691 1590 793 1632 regali
822 1590 1029 1632 providencia
1063 1591 1209 1623 volentes
1241 1592 1346 1633 ipsum
1380 1595 1414 1624 et
1445 1592 1615 1624 ecclesiam
1648 1604 1739 1625 suam
1774 1604 1966 1627 conservare

315 1643 520 1686 indempnes,
543 1644 575 1674 in
598 1653 829 1685 reconpensam
853 1645 887 1674 et
909 1645 1090 1674 restaurum
1113 1643 1305 1685 privacionis
1328 1643 1466 1686 predicti
1489 1644 1601 1686 oppidi
1622 1654 1747 1676 necnon
1770 1645 1812 1677 ad
1835 1655 1964 1678 conser—

317 1695 422 1727 vanda
445 1698 477 1727 et
503 1694 742 1727 manutenenda
771 1694 842 1726 iura
876 1697 908 1726 et
931 1694 1075 1726 redditus
1108 1694 1151 1726 ad
1183 1694 1303 1726 dictum
1339 1694 1493 1737 oppidum
1528 1699 1561 1728 et
1587 1696 1667 1728 alias
1688 1697 1908 1738 possessiones
1931 1700 1966 1730 et

318 1747 404 1779 bona
425 1747 546 1779 ibidem
569 1747 769 1789 pertinencia
791 1749 930 1778 castrum
946 1746 1143 1788 Wartperch
1173 1757 1236 1778 una
1265 1757 1337 1779 cum
1366 1747 1431 1778 suis
1461 1747 1666 1788 pertinenciis
1693 1750 1726 1780 et
1747 1748 1870 1780 iuribus
1892 1749 1963 1780 uni-
1983 1755 2007 1775 2⁵

317 1801 419 1832 versis
449 1799 556 1831 eidem
580 1823 586 1831 .
610 1824 616 1830 .
641 1799 792 1840 episcopo
824 1809 882 1840 pro
917 1808 953 1830 se
982 1801 1016 1830 et
1050 1809 1108 1830 sua
1134 1797 1272 1830 ecclesia
1300 1808 1337 1830 ac
1364 1799 1429 1830 suis
1460 1822 1468 1830 .
1490 1822 1498 1830 .
1528 1798 1765 1831 successoribus
1795 1789 1964 1842 recipienti

317 1851 506 1883 tradidimus
537 1854 570 1883 et
603 1850 752 1882 duximus
786 1849 1014 1892 assignandum
1047 1860 1107 1892 per
1140 1860 1213 1882 eum
1251 1860 1390 1892 suosque
1418 1874 1424 1880 .
1449 1874 1455 1881 .
1491 1860 1692 1882 successores
1727 1854 1760 1883 et
1793 1851 1964 1884 ecclesiam

317 1902 555 1945 Eystettensem
571 1901 744 1934 tenendum
761 1904 794 1933 et
809 1904 966 1943 perpetuo
982 1900 1221 1943 possidendum.
1251 1900 1408 1933 Volumus
1423 1901 1521 1943 igitur
1536 1905 1569 1933 et
1582 1901 1760 1934 districcius
1771 1902 1964 1944 inhibemus,

317 1965 357 1987 ue
382 1955 451 1997 quis
478 1964 631 1996 umquam
655 1978 662 1985 .
679 1978 686 1985 .
711 1954 799 1985 cives
821 1955 946 1985 nostros
969 1952 1257 1994 Nurenbergenses
1279 1952 1332 1984 vel
1361 1952 1441 1984 alios
1467 1956 1593 1985 nostros
1622 1957 1655 1986 et
1681 1954 1808 1997 imperii
1839 1954 1963 1992 fideles,

318 2007 372 2048 qui
395 2005 436 2037 de
460 2004 614 2037 mandato
638 2008 746 2036 nostro
769 2004 861 2036 nobis
888 2004 931 2036 ad
953 2003 1136 2035 huiusmodi
1158 2003 1356 2035 dirucionem
1385 2007 1418 2036 et
1441 2004 1687 2037 demolicionem
1709 2005 1828 2048 prefati
1852 2006 1963 2049 oppidi
1981 2013 2007 2033 ³⁰

317 2057 499 2090 Herrieden
523 2067 618 2098 opem
641 2060 674 2088 ct
697 2066 830 2098 operam
855 2055 1082 2097 inpenderunt,
1111 2054 1295 2097 aliqualiter
1322 2055 1475 2087 infestare
1502 2066 1559 2088 seu
1591 2057 1764 2089 molestare
1787 2061 1962 2099 presumat,

318 2110 400 2141 sicut
427 2108 686 2150 indignacionem
715 2108 839 2149 regiam
870 2107 1008 2139 voluerit
1042 2107 1174 2138 evitare.
1272 2107 1311 2138 In
1344 2108 1432 2139 cuius
1466 2108 1513 2140 rei
1546 2108 1764 2140 testimonium
1796 2112 1963 2151 presentes

318 2161 442 2192 litteras
465 2159 621 2192 conscribi
644 2162 677 2191 et
698 2159 876 2191 maiestatis
899 2162 1007 2190 nostre
1031 2158 1135 2200 sigillo
1159 2159 1307 2190 iussimus
1330 2158 1483 2191 roborari.

424 2212 546 2243 Datum
572 2212 605 2242 in
627 2210 851 2252 Nurenberch,
883 2210 995 2242 XIIII.
1012 2210 1127 2242 Kalen.
1152 2210 1250 2251 Iunii,
1281 2221 1364 2242 anno
1393 2210 1515 2243 domini
1542 2211 1713 2243 millesimo
1742 2212 1824 2245 OOC
1852 2216 1961 2244 sexto-

318 2264 456 2304 decimo,
479 2263 570 2305 regni
593 2273 669 2295 vero
693 2263 792 2294 nostri
816 2273 898 2294 anno
923 2262 1072 2294 secundo.
1979 2271 2004 2291 as

506 2448 580 2484 362.
615 2447 927 2485 ARBITRIUM
953 2446 1224 2484 DUCISSAE
1252 2447 1779 2486 WRATISLAVIENSIS.

989 2515 1098 2552 1316.
1137 2515 1219 2551 Iun.
1241 2515 1300 2552 27.

428 2607 587 2648 Oriqinale
609 2607 685 2650 (or.)
709 2608 744 2639 in
766 2607 925 2639 tabulario
939 2607 1164 2648 Meininyensi.
1205 2606 1404 2639 Gontulimus
1425 2617 1491 2638 nos.
1536 2607 1656 2639 Pendet
1677 2608 1815 2649 sv'yillum
1838 2608 1959 2642 laesum

317 2661 383 2693 loro
402 2660 640 2692 membranaceo.
664 2679 706 2682 —
728 2659 791 2691 Ed.
809 2659 991 2699 Schb'ppach
1007 2658 1299 2699 ‘Henneberyisches
1320 2658 1584 2691 Urkundenbuch’
1601 2658 1630 2697 I,
1648 2661 1689 2691 66
1703 2670 1752 2693 nr.
1766 2661 1828 2692 121
1851 2671 1890 2693 ex
1912 2672 1958 2693 or.

423 2715 570 2754 Biihmer,
594 2715 670 2756 Rey.
686 2715 798 2748 Ludw.
816 2726 850 2755 p.
867 2717 931 2747 338
954 2715 1183 2748 Reichssachen
1204 2725 1253 2747 nr.
1270 2715 1334 2747 379
1357 2715 1483 2755 (Addit.
1500 2715 1565 2752 ΙΙ).
1975 2720 2007 2739 ⁴⁴>

425 2792 472 2836 (l)
495 2793 568 2825 Wir
583 2794 676 2825 Anne
693 2804 756 2825 von
772 2792 873 2825 Gotes
889 2793 1017 2835 gnaden
1032 2793 1226 2836 herzoginne
1249 2804 1288 2824 zu
1302 2793 1418 2825 Brezla
1433 2791 1606 2825 bekennen
1622 2793 1773 2826 offenlich
1795 2805 1837 2826 an
1859 2794 1961 2826 disem

320 2845 438 2887 brieve,
463 2845 521 2877 daz
540 2845 597 2877 wir
617 2855 680 2877 von
703 2845 761 2877 der
782 2845 910 2887 gewalt,
935 2845 986 2877 die
1009 2856 1068 2876 uns
1091 2844 1150 2877 der
1171 2844 1400 2887 hochgeborne
1424 2844 1523 2876 ffirste
1539 2844 1632 2876 herre
1648 2844 1814 2877 Friderich
1829 2845 1958 2878 Remis-

419 2920 485 2947 361.
513 2921 536 2953 θ)
555 2922 686 2947 duricione
704 2931 742 2948 or.
