2158 3138
211 2076 259 2098 Oct-
269 2079 300 2099 19.

199 2543 256 2565 Nov.
267 2546 299 2566 28.

321 200 380 230 124
587 198 684 226 ACTA
703 198 817 225 REGNI
836 198 1020 226 LUDEWICI
1038 198 1085 226 IV.
1104 199 1151 226 ET
1170 198 1356 226 FRIDERICI
1375 198 1424 226 111.
1461 198 1535 226 1314.
1571 199 1692 227 Nr.124.

424 284 467 316 Et
495 295 556 326 ego
585 285 744 316 Iohannes
775 284 936 326 quondam
965 284 1095 316 Gerlaci
1123 284 1225 316 dictus
1259 284 1431 317 Certamen
1459 285 1594 318 clericus
1619 285 1793 328 Spirensis,
1815 286 1962 329 publicus

317 337 495 378 apostolica
521 337 711 368 auctoritate
738 337 889 377 notarius,
913 337 988 378 quia
1014 337 1177 378 premissis
1203 337 1436 378 presentationi
1468 340 1501 368 et
1527 337 1737 379 publicationi
1763 340 1961 381 suprascrip-

317 391 422 420 torum
453 389 735 419 instrumentorum
763 398 871 419 coram
901 387 1028 429 prefato
1059 387 1188 419 domino
1213 413 1220 420 .
1237 411 1244 419 .
1267 388 1508 431 archiepiscopo
1532 389 1717 421 Coloniensi
1745 400 1870 422 necnon
1891 401 1961 422 mo-

317 440 434 471 nicioni
468 443 500 471 et
534 439 739 481 requisicioni
772 440 871 480 ipsius
905 450 963 481 per
992 439 1155 481 prefatum
1187 439 1320 471 fratrem
1333 439 1548 472 Wernherum
1583 441 1623 473 de
1639 441 1799 474 Wintrich
1833 442 1961 474 nomine

316 491 534 533 procuratorio
566 491 681 522 virtute
711 491 893 522 huiusmodi
927 491 1208 522 instrumentorum
1242 491 1336 522 factis
1368 502 1431 523 una
1465 502 1538 524 cum
1571 493 1706 524 testibus
1738 494 1962 535 suprascriptis

315 553 448 585 presens
479 542 608 573 interfui
638 552 675 572 ac
705 541 744 573 de
774 542 926 573 mandato
956 542 1054 584 ipsius
1082 542 1188 573 fratris
1204 542 1378 574 Wernheri
1404 544 1474 585 ipsa
1500 544 1710 576 instrumenta
1737 545 1770 576 in
1795 546 1963 586 presencia

317 594 515 626 dominorum
542 618 547 624 .
567 618 572 624 .
598 593 830 634 archiepiscopi
854 597 887 625 et
908 594 1039 625 testium
1063 593 1281 635 predictorum
1304 594 1370 636 legi
1393 598 1426 626 et
1447 595 1618 637 publicavi,
1641 596 1722 627 sicut
1744 597 1890 638 superius
1913 600 1963 629 est

317 655 514 686 expressum,
538 644 598 676 hoc
622 645 866 676 instrumentum
889 645 1053 686 publicum
1076 655 1173 676 manu
1195 655 1269 677 mea
1292 646 1507 688 conscriptum
1529 647 1604 680 inde
1621 647 1754 689 confeci,
1778 648 1865 690 quod
1887 658 1960 680 meo

316 698 405 738 signo
430 696 523 728 solito
548 699 580 727 et
603 700 756 727 consueto
780 697 914 738 signavi,
938 700 1070 728 vocatus
1093 697 1135 728 ad
1157 697 1220 728 hoc
1242 698 1427 739 specialiter
1450 701 1483 730 et
1504 702 1645 740 rogatus.
1735 699 1782 741 (S.
1799 699 1854 742 N.)

719 827 800 863 124.
841 827 1113 863 lustramentum
1141 828 1294 864 alterum.
1399 829 1485 865 Nov.
1503 831 1563 865 20.

425 902 584 943 Oriyinale
606 902 679 943 (or.)
708 902 744 933 -ἰη
770 901 927 934 tabulario
953 903 1035 942 reqio
1062 902 1268 936 Berolinensi.
1296 921 1339 926 —
1368 903 1442 935 Iam
1469 904 1625 936 edidimus
1651 904 1670 936 l.
1691 915 1716 936 c.
1736 904 1873 944 XXIII,
1895 905 1960 936 310

314 965 362 986 nr.
381 954 423 985 35
445 965 483 985 ex
506 965 549 985 or.

422 1031 459 1062 In
482 1031 544 1062 Dei
567 1031 695 1062 nomine
719 1041 823 1061 amen.

426 1086 452 1114 1.
486 1083 607 1114 Notum
631 1083 671 1113 sit
693 1083 849 1114 universis
871 1093 929 1124 per
952 1083 1012 1115 hoc
1036 1094 1168 1125 presens
1190 1084 1355 1126 publicum
1370 1086 1626 1126 instrumentum,
1643 1085 1729 1127 quod
1746 1096 1828 1118 anno
1845 1086 1960 1118 nativi-

314 1136 390 1167 tatis
427 1135 585 1166 dominice
621 1134 791 1165 millesimo
826 1136 1053 1166 trecentesimo
1086 1135 1345 1177 quartodecimo,
1371 1136 1544 1169 indictione
1573 1137 1819 1179 terciadecima,
1841 1139 1961 1170 mensis

313 1187 505 1219 Novembris
536 1186 587 1217 die
615 1186 783 1226 vicesima,
810 1187 842 1217 in
875 1190 1018 1218 nostrum
1047 1187 1257 1219 tabellionum
1289 1189 1484 1231 testiumque
1514 1189 1764 1231 subscriptorum
1798 1191 1961 1232 presentia

314 1242 447 1281 propter
469 1239 529 1269 hoc
546 1237 758 1279 personaliter
780 1239 971 1269 constitutus
993 1239 1041 1270 vir
1063 1239 1232 1281 religiosus
1259 1239 1379 1271 frater·
1395 1240 1595 1272 Wernherus
1617 1241 1721 1272 dictus
1744 1241 1785 1273 de
1801 1241 1962 1274 Wintrich

315 1290 434 1322 ordinis
466 1289 633 1331 hospitalis
661 1290 762 1320 sancti
792 1289 944 1321 Iohannis
971 1290 1241 1323 Iherosolimitani
1275 1291 1388 1323 domus
1415 1291 1622 1325 Treverensis
1658 1293 1721 1325 duo
1752 1294 1962 1325 instrumenta

314 1342 442 1384 publica
464 1341 611 1373 manibus
635 1344 667 1372 et
689 1341 786 1383 signis
810 1352 921 1373 eorum
944 1341 984 1374 de
1009 1342 1123 1384 quibus
1146 1343 1180 1374 in
1194 1344 1336 1385 ipsorum
1352 1343 1637 1386 subscriptionibus
1659 1345 1695 1376 fit
1713 1346 1845 1386 mentio,
1867 1348 1963 1387 prout

314 1394 417 1435 prima
451 1394 535 1425 facie
571 1394 738 1434 apparuit,
773 1394 899 1435 signata
932 1404 1040 1425 coram
1071 1395 1249 1426 reverendo
1282 1396 1314 1426 in
1337 1394 1463 1427 Christo
1492 1399 1585 1438 patre
1613 1407 1650 1428 ac
1679 1396 1807 1429 domino
1831 1397 1960 1430 domino

313 1445 456 1477 Henrico
482 1445 546 1476 Dei
570 1445 675 1487 gratia
698 1448 808 1476 sancte
833 1444 1032 1476 Coloniensis
1056 1447 1193 1478 ecclesie
1216 1447 1459 1489 archiepiscopo
1488 1449 1570 1480 sacri
1592 1447 1732 1480 Romani
1753 1449 1881 1491 imperii
1902 1459 1963 1492 per

313 1497 456 1529 Ytaliam
480 1498 763 1530 archicancellario
787 1499 986 1540 presentavit
1009 1502 1041 1531 et
1063 1499 1105 1531 ad
1130 1500 1198 1531 eius
1220 1501 1371 1532 noticiam
1396 1503 1547 1532 contenta
1569 1501 1600 1532 in
1623 1500 1745 1532 eisdem
1769 1500 1903 1533 deduxit
1924 1512 1962 1534 ac

312 1560 371 1591 per
405 1560 457 1581 me
488 1550 666 1582 Iohannem
698 1551 859 1592 quondam
896 1550 1025 1582 Gerlaci
1058 1553 1219 1583 notarium
1247 1552 1460 1594 subscriptum
1489 1552 1555 1594 legi
1584 1556 1616 1584 et
1642 1552 1798 1594 publicari
1821 1552 1898 1585 fecit
1920 1553 1961 1586 de

313 1600 411 1632 verbo
435 1601 477 1632 ad
500 1602 632 1633 verbum
657 1602 716 1633 sub
740 1602 800 1634 hac
824 1602 941 1634 forma:

419 1653 468 1684 ‘In
491 1655 619 1685 nomine
643 1653 772 1686 Domini
796 1665 899 1686 amen.
1592 1685 1602 1694 ,

421 1704 578 1736 Noverint
600 1707 741 1738 universi
763 1717 895 1748 presens
919 1726 960 1730 —
983 1708 1155 1749 requisitus
1179 1711 1212 1739 et
1234 1706 1387 1750 rogatus’
1420 1718 1519 1748 supra
1541 1718 1591 1740 nr.
1609 1708 1680 1739 121.

421 1758 449 1787 2.
484 1757 581 1788 Item:

418 1807 465 1839 ‘In
488 1810 616 1841 nomine
640 1810 770 1841 Domini
793 1821 897 1842 amen.

420 1859 576 1892 Noverint
599 1862 738 1893 universi
762 1863 846 1904 quod
863 1882 905 1886 —
926 1863 1203 1904 archiepiscopum
1227 1866 1260 1894 et
1283 1862 1437 1904 rogatus?
1458 1873 1558 1903 supra
1579 1874 1629 1897 nr,
1646 1863 1718 1895 122.

422 1914 449 1942 3.
486 1912 610 1948 Quibus
633 1914 851 1945 instrumentis
873 1915 917 1945 sic
941 1914 1032 1946 lectis
1056 1917 1089 1946 et
1110 1914 1292 1956 publicatis,
1307 1914 1393 1946 idem
1411 1914 1558 1946 dominus
1582 1940 1588 1946 .
1607 1940 1613 1946 .
1639 1914 1840 1947 Coloniensis
1855 1915 1959 1948 archi-

314 1964 484 2005 episcopus
507 1965 687 2006 respondit,
711 1966 796 2007 quod
821 1966 950 1997 illustris
973 1967 1122 2008 princeps
1146 1965 1292 1997 dominus
1320 1966 1503 1998 Fridericus
1524 1966 1589 1998 Dei
1614 1968 1718 2009 gratia
1741 1967 1807 1999 dux
1830 1968 1960 1999 Austrie

313 2015 345 2046 in
368 2015 586 2048 Romanorum
610 2027 721 2059 regem
746 2018 867 2049 electus
891 2018 1059 2059 conparuit
1082 2028 1190 2049 coram
1215 2028 1253 2049 eo
1276 2021 1405 2060 petens,
1429 2028 1499 2049 cum
1524 2018 1576 2050 die
1606 2022 1639 2050 et
1661 2018 1731 2050 loco
1756 2019 1851 2051 certis
1874 2019 1961 2061 apud

316 2066 539 2099 Frankenford
563 2068 604 2099 ad
629 2069 821 2101 electionem
844 2069 982 2101 Romani
1006 2070 1092 2111 regis
1114 2069 1194 2101 alias
1217 2070 1354 2101 crastino
1378 2069 1465 2101 beati
1488 2070 1576 2102 Luce
1599 2070 1806 2112 ewangeliste
1830 2071 1960 2112 prefixis

314 2118 354 2149 ab
379 2119 553 2150 illustribus
577 2120 713 2152 dominis
735 2121 909 2163 Rodolpho
933 2122 1050 2153 comite
1074 2121 1216 2163 palatino
1239 2121 1341 2162 Reni,
1365 2122 1420 2163 qui
1443 2132 1482 2153 ea
1504 2122 1575 2153 vice
1598 2122 1711 2154 habuit
1734 2133 1776 2154 ex
1797 2126 1960 2165 potestate

314 2170 374 2201 sibi
397 2171 514 2202 tradita
538 2171 615 2203 dieti
639 2198 646 2204 .
665 2198 671 2204 .
695 2173 929 2215 archiepiscopi
953 2177 986 2204 et
1008 2174 1054 2204 sui
1071 2174 1171 2215 ipsius
1187 2174 1315 2205 nomine
1332 2173 1464 2216 eligere,
1481 2184 1518 2205 ac
1533 2173 1706 2215 Rudolpho
1723 2174 1804 2206 duce
1820 2174 1960 2207 Saxonie

314 2223 345 2252 in
379 2224 580 2263 possessione
615 2224 667 2256 vel
701 2225 792 2266 quasi
825 2226 901 2256 iuris
936 2225 1076 2267 eligendi
1107 2224 1289 2256 Romanum
1317 2235 1428 2267 regem
1460 2226 1618 2257 existente
1649 2229 1682 2257 et
1707 2225 1849 2258 Henrico
1879 2226 1960 2258 duce

314 2274 483 2306 Karinthie
511 2286 586 2306 vero
610 2287 688 2318 rege
711 2277 869 2308 Bohemie
898 2278 930 2308 in
953 2277 1173 2309 Romanorum
1196 2287 1308 2319 regem
1332 2278 1485 2309 canonice
1514 2278 1554 2309 sit
1577 2278 1699 2309 electus
1730 2281 1762 2309 et
1790 2278 1832 2309 ad
1854 2279 1959 2320 ipsum

315 2349 322 2356 .
341 2350 347 2356 .
372 2326 647 2369 archiepiscopum
663 2329 731 2360 iure
749 2330 910 2360 communi
926 2332 959 2360 et
976 2340 1017 2360 ex
1033 2329 1263 2360 consuetudine
1280 2329 1412 2371 antiqua
1435 2329 1616 2371 approbata
1639 2332 1672 2360 et
1693 2329 1826 2371 pacifice
1849 2330 1960 2361 obser-

315 2381 390 2409 vata
413 2388 432 2408 a
455 2382 612 2420 tempore,
637 2381 726 2411 cuius
748 2382 905 2412 memoria
927 2392 990 2412 non
1015 2382 1133 2421 existit,
1156 2382 1317 2423 pertineat
1339 2391 1460 2423 ungere
1484 2384 1518 2413 et
1539 2391 1692 2413 coronare
1712 2391 1823 2423 regem
1838 2381 1959 2413 Roma-

314 2439 399 2469 num,
424 2431 508 2471 quod
532 2432 635 2472 ipsum
657 2436 784 2464 curaret
806 2443 928 2474 ungere
953 2436 986 2464 et
1008 2443 1172 2464 coronare.
1209 2432 1252 2464 Et
1275 2432 1360 2475 quod
1383 2433 1452 2474 ipse
1477 2457 1484 2464 .
1501 2457 1509 2463 .
1533 2433 1801 2475 archiepiscopus,
1829 2434 1960 2475 cupiens

316 2481 361 2512 sic
385 2481 444 2512 sibi
468 2482 564 2514 officii
588 2484 636 2514 sui
660 2484 804 2516 debitum
827 2485 860 2516 in
882 2485 943 2516 hac
966 2488 1058 2527 parte
1081 2484 1281 2526 impendere,
1307 2484 1392 2526 quod
1416 2484 1547 2516 alterius
1569 2485 1618 2516 ius
1639 2495 1703 2516 non
1718 2485 1856 2526 ledatur,
1880 2484 1962 2516 dixit

317 2543 351 2564 se
379 2534 546 2574 prefixisse
578 2535 663 2567 diem
695 2547 803 2567 coram
838 2547 877 2568 eo
912 2537 952 2568 ad
981 2538 1153 2569 crastinum
1186 2537 1283 2568 beate
1307 2536 1426 2568 Cecilie
1455 2537 1602 2578 proxime
1626 2540 1808 2578 venturum,
1832 2536 1960 2568 citando

315 2585 419 2626 ipsum
451 2585 613 2618 dominum
642 2588 867 2628 Ludowicum,
901 2590 955 2631 qui
985 2600 1019 2620 se
1044 2589 1121 2620 dicit
1143 2589 1175 2620 in
1197 2588 1378 2620 Romanum
1402 2599 1513 2630 regem
1537 2599 1607 2620 esse
1631 2588 1784 2628 electum,
1808 2592 1842 2620 et
1864 2598 1960 2630 quos-

316 2636 397 2668 libet
426 2638 524 2678 alios,
556 2640 609 2680 qui
638 2651 695 2671 sua
718 2651 814 2682 super
836 2640 898 2672 hoc
922 2641 1062 2672 dixerint
1084 2643 1139 2672 aut
1162 2639 1358 2671 crediderint
1379 2640 1550 2680 interesse,
1574 2640 1723 2672 docturos
1746 2639 1787 2671 de
1809 2640 1878 2671 iure
1902 2650 1959 2671 suo

317 2689 342 2719 si
377 2689 463 2730 quod
497 2690 618 2722 habent
651 2693 684 2723 in
719 2693 876 2724 electione
913 2696 946 2724 et
974 2694 1179 2725 coronat-ione
1209 2692 1362 2734 predictis
1390 2692 1432 2723 ad
1455 2692 1538 2724 hunc
1560 2692 1674 2733 finem,
1697 2691 1784 2734 quod
1807 2692 1834 2723 si
1855 2692 1960 2733 ipsum

316 2739 479 2772 dominum
503 2743 710 2775 Ludowicum
738 2745 895 2776 invenerit
925 2746 1031 2787 potius
1062 2745 1111 2776 ius
1134 2745 1166 2776 in
1190 2744 1348 2776 electione
1371 2744 1517 2786 predicta
1538 2744 1670 2785 habere,
1693 2744 1798 2786 ipsum
1820 2743 1959 2785 benigne

420 2819 483 2846 124.
512 2820 535 2854 ¹³)
555 2840 560 2846 .
575 2841 580 2846 .
600 2822 662 2847 add.
682 2832 718 2848 or.
738 2824 844 2856 itemque
862 2824 970 2856 saepius.

1992 504 2006 524 b

1980 846 2005 865 10

1979 2185 2004 2205 ³5

1977 2445 2004 2464 40

1976 2702 2002 2722 4⁵
