2190 3172
309 263 372 296 288
544 258 640 286 ACTA
658 257 771 284 REGNI
789 255 973 283 LUDEWICI
990 254 1038 282 IV.
1056 253 1102 281 ET
1121 252 1306 280 FRIDERICl
1324 251 1373 278 111.
1410 250 1484 278 1316.
1520 249 1570 276 Nr.
1581 248 1641 276 341.
1659 247 1718 276 342.

309 347 407 379 libras
440 347 642 379 denariorum
667 344 926 387 Augustensium.
977 341 1099 379 Quibus
1133 341 1245 372 solutis
1278 339 1320 371 ab
1355 338 1442 370 omni
1475 337 1540 368 alia
1574 335 1748 367 exaccione
1782 344 1839 366 seu
1868 337 1956 366 stura

309 399 431 431 liberos
454 408 524 430 esse
547 398 695 429 volumus
718 399 752 428 et
773 396 928 427 inmunes.
1013 393 1062 435 (3)
1085 393 1168 425 Item
1198 402 1270 423 cum
1299 390 1427 433 prefata
1455 389 1566 421 civitas
1589 387 1802 429 Augustensis
1827 395 1893 417 una
1915 385 1956 418 de

310 450 600 482 honorabilioribus
633 451 666 480 et
693 445 970 490 principalioribus
997 445 1124 487 imperii
1155 442 1337 476 civitatibus
1366 452 1436 473 esse
1467 440 1663 480 dinoscatur,
1692 439 1840 470 volumus
1870 437 1958 479 quod

310 503 456 544 predicta
475 502 585 533 civitas
601 500 658 532 sub
678 499 819 531 dominio
835 498 962 539 imperii
978 499 1135 539 perpetuo
1151 497 1309 535 teneatur,
1325 495 1371 525 ita
1386 492 1473 535 quod
1488 491 1688 532 vendicione,
1705 490 1956 532 permutacione,

311 554 534 586 infeodacione
550 552 602 584 vel
622 552 734 593 quovis
754 550 817 582 alio
838 549 1040 581 alienationis
1059 547 1156 579 modo
1180 547 1221 579 ab
1241 546 1368 588 imperii
1384 547 1546 587 potestate
1570 546 1603 574 et
1618 542 1759 575 dominio
1775 541 1958 575 nullatenus

311 605 525 636 subtrahatur.
606 602 653 644 (4)
670 603 753 634 Item
769 612 842 633 cum
857 601 1032 633 secundum
1049 601 1234 631 sancciones
1249 598 1425 640 legittimas
1448 608 1467 628 a
1482 597 1559 628 iuris
1576 595 1734 627 exercicio
1759 596 1792 625 et
1807 602 1958 635 prosecu-

311 658 397 688 tione
422 665 558 697 persone
583 654 722 697 quedam
745 656 911 695 tamquam
934 652 1064 693 indigne
1097 654 1131 683 et
1158 650 1295 682 inabiles
1317 647 1540 681 tantummodo
1565 646 1789 686 excludantur,
1812 645 1961 677 volumus

312 712 346 739 ut
369 708 487 749 prefati
510 707 595 738 cives
618 706 852 747 Augustenses,
881 705 935 746 qui
959 703 1089 735 discreti
1111 702 1286 744 probantur
1309 705 1342 733 et
1363 700 1496 743 ydonei,
1524 702 1690 741 tamquam
1713 698 1768 729 alii
1791 697 1905 729 fideles
1928 699 1962 728 et

312 759 537 791 ministeriales
556 758 648 799 regni
670 758 702 788 in
719 757 831 798 quovis
846 756 1033 787 consistorio
1049 754 1260 786 iurisdicionis
1276 753 1464 794 temporalis
1479 751 1610 783 valeant
1626 750 1803 782 sententias
1822 749 1889 781 sive
1911 749 1962 780 ius

313 812 420 844 dicere
442 821 513 842 cum
534 809 604 841 aliis
622 808 783 840 nobilibus
807 810 839 839 et
854 807 993 847 vasallis,
1017 805 1274 838 contradiccione
1291 803 1509 847 quorumlibet
1523 813 1586 834 non
1603 802 1761 834 obstante.
1844 801 1890 841 (5)
1907 799 1962 832 Ad

312 865 372 895 hec
387 862 534 894 volumus
557 864 590 892 et
609 860 786 900 statuimus,
811 858 897 901 quod
919 858 1033 899 nullus,
1057 858 1283 898 cuiuscumque
1307 855 1549 898 preeminentie,
1573 854 1763 886 conditionis
1786 852 1838 884 vel
1859 855 1962 884 status

313 915 418 956 fuerit,
448 924 500 945 res
529 914 671 955 ipsorum
699 911 884 952 nauffragas
905 909 958 941 vel
987 909 1028 941 de
1050 909 1200 940 incendio
1227 919 1286 940 seu
1314 908 1406 939 ruina
1434 917 1547 939 evasas
1576 905 1744 946 invadere,
1772 914 1887 946 rapere
1910 904 1963 936 vel

314 967 408 998 aliter
430 965 490 996 sibi
512 974 667 1005 usurpare
690 965 869 1005 presumat,
898 962 980 993 sicut
1002 960 1133 992 infamie
1157 962 1314 1002 perpetue
1337 961 1447 990 notam
1471 961 1503 990 et
1525 957 1765 1000 proscriptionis
1785 957 1963 998 imperialis

313 1027 499 1050 mucronem
521 1016 659 1047 voluerit
682 1014 819 1055 evitare,
849 1012 1079 1044 consuetudine
1108 1022 1170 1054 que
1194 1009 1344 1053 grfintrfir
1373 1011 1488 1042 dicitur
1510 1010 1563 1042 vel
1586 1019 1788 1051 quacumque
1812 1009 1876 1040 alia
1898 1019 1962 1039 non

314 1070 472 1102 obstante.
546 1067 591 1110 (6)
608 1066 777 1098 Addentes
793 1065 834 1097 ad
850 1065 911 1096 hcc
924 1065 1062 1106 gratiam
1075 1064 1186 1105 gratiis
1201 1062 1403 1104 supradictis,
1420 1062 1526 1094 omnia
1542 1061 1711 1103 privilegia
1727 1071 1784 1092 seu
1796 1060 1963 1092 libertates

315 1125 347 1153 et
370 1121 490 1162 gratias
514 1130 533 1151 a
557 1119 637 1150 divis
659 1116 906 1159 imperatoribus
936 1118 970 1147 et
996 1115 1127 1156 regibus
1149 1114 1305 1145 Romanis
1332 1112 1616 1155 predecessoribus
1643 1112 1759 1143 nostris
1787 1111 1964 1143 illustribus

314 1173 373 1204 sub
397 1181 599 1214 quacumque
623 1170 726 1201 forma
748 1168 920 1200 verborum
942 1167 1020 1208 ipsis
1043 1175 1225 1206 concessas,
1255 1165 1320 1196 acsi
1348 1164 1388 1196 de
1414 1163 1512 1195 verbo
1540 1163 1582 1195 ad
1604 1163 1738 1195 verbum
1760 1163 1964 1205 presentibus

314 1227 422 1256 essent
443 1222 578 1261 incluse,
603 1224 636 1252 et
658 1219 906 1252 consuetudines
928 1212 1110 1249 laudabiles
1133 1217 1232 1258 ipsius
1255 1216 1393 1247 civitatis
1417 1225 1474 1256 pro
1499 1215 1648 1246 conmuni
1670 1215 1809 1246 utilitate
1832 1218 1966 1247 actenus

315 1276 486 1307 observata
517 1273 708 1304 auctoritate
735 1271 827 1312 regia
850 1273 883 1302 et
909 1280 951 1301 ex
979 1272 1068 1300 certa
1095 1269 1229 1300 scientia
1252 1268 1487 1299 confirmamus.
1574 1266 1663 1297 Nulli
1692 1276 1770 1308 ergo
1799 1266 1965 1298 hominum

316 1328 443 1358 omnino
459 1326 558 1357 liceat
572 1324 654 1355 hanc
670 1326 777 1354 nostre
794 1322 1017 1361 concessionis,
1034 1320 1225 1361 donationis,
1242 1319 1484 1361 approbationis
1500 1321 1534 1349 et
1549 1317 1799 1349 confirmationis
1813 1319 1966 1359 paginam

315 1378 490 1419 infringere
517 1376 569 1407 vel
599 1375 629 1406 ei
658 1375 690 1406 in
718 1374 826 1415 aliquo
857 1384 937 1405 ausu
959 1372 1133 1404 temerario
1161 1372 1329 1403 contraire.
1383 1369 1417 1402 Si
1445 1370 1515 1412 quis
1544 1372 1652 1401 autem
1682 1369 1744 1401 hoc
1772 1372 1967 1410 attemptare

316 1428 557 1471 presumpserit,
581 1437 614 1458 se
637 1426 896 1467 indignacionem
913 1425 1090 1456 maiestatis
1110 1425 1200 1465 regie
1219 1423 1362 1465 graviter
1376 1422 1502 1453 noverit
1517 1422 1726 1453 incursurum.
1825 1421 1863 1452 In
1879 1421 1968 1452 cuius

315 1485 425 1513 nostre
448 1479 678 1519 concessionis,
709 1477 904 1517 donationis,
937 1476 1179 1518 approbationis
1210 1478 1244 1507 et
1272 1474 1537 1507 confirmationis·
1554 1474 1772 1505 testimonium
1801 1476 1968 1514 presentes

318 1532 475 1565 conscribi
498 1534 531 1563 et
553 1533 661 1562 nostre
685 1529 864 1560 maiestatis
887 1527 992 1570 sigillo
1015 1527 1164 1559 iussimus
1188 1526 1374 1559 conmuniri.

423 1591 498 1623 Dat.
522 1591 554 1622 in
577 1589 746 1632 Ingolstat,
770 1589 880 1631 quinto
904 1588 982 1620 Idus
1001 1588 1152 1629 Ianuarii,
1177 1598 1259 1619 anno
1274 1586 1406 1619 Domini
1428 1585 1599 1617 millesimo
1616 1584 1842 1616 trecentesimo
1858 1588 1967 1616 sexto-

319 1645 456 1684 decimo,
479 1642 570 1684 regni
593 1652 669 1673 vero
692 1641 792 1672 nostri
815 1651 899 1671 anno
923 1639 1074 1671 secundo.

789 1798 874 1834 342.
916 1797 1088 1842 Scriptum
1115 1795 1270 1830 alterum.
1375 1793 1454 1828 Ian.
1473 1795 1506 1828 9.

436 1874 596 1916 Oriyinale
619 1874 732 1906 ibidem
754 1873 845 1904 KLS
867 1883 916 1904 nr.
934 1872 985 1902 87.
1046 1869 1244 1902 contulimus
1266 1878 1331 1900 noa.
1390 1867 1496 1908 Siyilli
1526 1867 1738 1908 fragmentum
1758 1867 1876 1907 pendet
1903 1866 1968 1899 loro

318 1928 559 1960 membranaceo.
583 1944 625 1949 —
648 1924 710 1956 Ed.
730 1923 902 1964 Herberyer
924 1922 944 1954 l.
961 1933 986 1953 c.
1006 1932 1039 1962 p.
1058 1921 1098 1952 14
1119 1931 1168 1952 nr.
1186 1922 1207 1951 '7
1229 1930 1268 1951 ex
1290 1929 1354 1959 cop.

434 1987 481 2027 Cf.
507 1986 643 2018 Biihmer
666 1984 685 2016 l.
702 1995 727 2016 c.

427 2080 619 2113 Ludowicus
635 2079 698 2110 Dei
721 2078 830 2120 gracia
845 2076 1064 2108 Romanorum
1089 2085 1148 2106 rex
1171 2085 1300 2116 semper
1316 2077 1468 2115 augustus
1526 2073 1736 2115 prudentibus
1756 2074 1832 2105 viris
1856 2099 1862 2105 .
1881 2098 1888 2105 .
1912 2074 1970 2105 ad-

320 2135 452 2173 vocato,
482 2130 664 2162 consulibus
687 2139 725 2160 ac
748 2128 948 2159 universitati
970 2127 1086 2158 civium
1108 2126 1140 2157 in
1163 2126 1328 2167 Augusta,
1359 2124 1509 2156 fidelibus
1537 2125 1601 2156 suis
1631 2125 1755 2157 dilectis
1827 2126 1969 2167 graciam

322 2195 412 2215 suam
436 2187 469 2215 et
492 2193 585 2215 omne
609 2182 738 2213 bonum.

431 2234 605 2276 Cupientes
620 2230 904 2274 indempnitatibus
920 2230 1034 2262 vestris
1050 2232 1183 2271 propter
1202 2232 1295 2271 grata
1315 2231 1348 2260 et
1361 2228 1561 2270 multiplicia,
1586 2239 1649 2270 que
1670 2228 1761 2260 nobis
1783 2231 1816 2260 et
1831 2229 1969 2270 imperio

322 2286 536 2327 impendistis,
561 2285 716 2326 obsequia
739 2286 892 2325 quantum
914 2291 1084 2323 possumus
1106 2291 1282 2322 precavere
1305 2291 1343 2312 ac
1365 2281 1448 2320 iura,
1477 2279 1643 2312 libertates
1668 2283 1700 2311 et
1723 2279 1970 2312 consuetudines

324 2338 461 2370 civitatis
483 2340 587 2369 vestre
615 2334 813 2377 temporibus
841 2334 957 2365 nostris
985 2343 1049 2364 non
1078 2333 1178 2364 minui
1205 2332 1263 2363 sed
1290 2332 1416 2373 augeri,
1449 2331 1536 2363 vobis
1558 2332 1788 2373 promittimus,
1818 2331 1905 2373 quod
1927 2331 1970 2363 ad

325 2389 482 2420 cautelam
516 2388 672 2419 maiorem
703 2391 736 2418 et
764 2386 949 2417 firmitatem
976 2383 1154 2426 pleniorem
1183 2383 1269 2425 apud
1300 2383 1440 2415 illustres
1469 2384 1629 2425 principes
1657 2387 1782 2415 nostros
1813 2384 1971 2415 electores

323 2440 450 2482 imperii
473 2439 540 2470 sine
564 2438 717 2480 capcione
738 2436 881 2478 qualibet
900 2435 1117 2467 laborabimus
1141 2438 1174 2467 et
1197 2435 1368 2477 diligencia
1392 2446 1456 2477 qua
1478 2445 1647 2476 possumus
1671 2434 1858 2476 efficiemus,
1883 2435 1971 2477 quod

324 2491 450 2533 graciis,
472 2489 683 2530 libertatibus,
707 2487 998 2530 approbacionibus
1021 2491 1054 2519 et
1074 2487 1372 2519 confir-macionibus
1387 2487 1478 2518 vobis
1502 2489 1534 2518 et
1557 2487 1678 2518 civitati
1697 2490 1802 2518 vestre
1825 2487 1970 2528 predicte

1982 1072 2007 1091 15

1987 1597 2012 1617 25

1987 1991 2013 2012 30

323 2552 383 2583 per
410 2552 469 2572 nos
497 2541 590 2572 factis
621 2543 654 2571 et
682 2539 807 2571 traditis
835 2549 1023 2570 consensum
1057 2549 1149 2570 suum
1180 2538 1358 2570 adhibeant
1384 2538 1598 2570 voluntarium
1631 2542 1664 2570 et
1693 2549 1880 2580 expressum
1911 2539 1970 2571 sub
1988 2549 2015 2568 ιο

327 2594 481 2634 scripture
505 2592 687 2624 testimonio
711 2591 886 2633 sigillorum
910 2601 1037 2622 suorum
1060 2590 1176 2622 robore
1200 2591 1405 2622 communito.

433 2652 553 2683 Datum
581 2652 613 2682 in
638 2651 824 2693 Ingoltstat,
860 2652 969 2692 quinto
997 2650 1074 2682 Idus
1100 2651 1257 2692 Ianuarii,
1290 2662 1373 2682 anno
1397 2651 1527 2683 Domini
1550 2651 1721 2683 millesimo
1744 2651 1972 2683 trecentesimo

327 2704 559 2743 sextodecimo,
583 2703 674 2744 regni
697 2713 772 2734 vero
796 2703 894 2733 nostri
918 2713 999 2733 anno
1023 2702 1171 2734 secundo.
