2190 3172
302 241 366 271 422
502 237 599 265 ACTA
617 236 731 264 REGNI
750 234 933 262 LUDEWICI
951 234 998 262 IV.
1016 233 1064 260 ΕΤ
1082 233 1269 261 FRIDERICI
1288 233 1336 260 111.
1374 232 1448 260 1319.
1485 231 1534 260 Nr.
1546 232 1606 260 527.
1624 231 1684 258 528.
1702 231 1760 259 529.

304 325 456 358 fratribus
479 325 544 356 suis
567 323 610 355 ad
632 326 742 365 partes
764 325 888 354 nostras
905 321 1014 354 venire
1035 321 1238 362 contingerit,
1259 320 1333 352 illos
1355 330 1428 352 cum
1451 322 1548 361 gente
1572 329 1631 350 sua
1653 318 1695 350 ad
1718 320 1824 350 castra
1845 320 1955 350 nostra

304 378 496 419 recipiemus
517 379 550 408 et
565 375 680 407 eadem
697 377 801 406 castra
816 374 878 405 illis
894 372 1101 414 apperiemus
1117 372 1160 404 ad
1174 373 1317 415 ipsorum
1332 372 1579 414 requisicionem
1595 374 1629 402 et
1643 370 1843 402 voluntatem
1858 369 1954 402 alias-

306 439 368 470 que
384 429 462 470 ipsis
478 437 549 459 cum
566 436 714 468 persona,
737 425 834 457 rebus
857 427 890 456 et
905 427 973 456 toto
989 427 1098 456 nostro
1114 434 1210 466 posse
1226 424 1347 456 auxilio
1365 427 1398 455 et
1414 423 1546 455 consilio
1563 422 1792 454 adherebimus
1805 421 1954 462 fideliter,

304 481 448 520 firmiter,
464 480 550 511 bona
564 478 637 510 fide.
715 477 752 508 In
775 477 863 508 cuius
882 476 930 508 rei
946 476 1165 508 testimonium
1181 475 1322 518 sigillum
1340 479 1485 507 nostrum
1501 473 1715 516 appendimus
1734 474 1808 505 huic
1824 473 1954 515 scripto.

412 531 487 563 Dat.
504 530 589 572 apud
607 529 759 561 Sanctum
775 524 988 568 salvatorem,
1013 538 1096 561 anno
1111 527 1243 559 Domini
1265 527 1436 559 millesimo
1461 527 1688 558 trecentesimo
1713 525 1837 557 decimo
1859 535 1954 566 nono,
1985 536 1998 555 ι

305 583 352 615 Id.
369 583 496 614 Ianuar.

672 660 757 695 528.
799 660 942 704 Leyatio
970 659 1116 696 civitatis
1143 660 1190 694 ad
1215 670 1335 704 regem.
1440 659 1518 694 Ian.
1538 660 1594 693 30.

416 734 513 774 Copia
537 733 592 775 (c.)
622 736 658 765 ut
685 743 786 772 supra
814 733 858 764 ad
883 743 932 764 nr.
950 732 1022 763 520.
1053 733 1094 756 —‘-
1129 732 1199 764 Ed:
1219 731 1310 764 Verci
1336 731 1356 764 l.
1373 730 1406 764 c(
1422 730 1524 771 VIII,
1551 732 1611 763 169
1641 732 1677 763 in
1705 743 1754 764 nr.
1772 732 1834 763 921
1862 742 1901 764 ex
1929 743 1956 764 c.

304 787 486 818 Editionem
508 785 686 826 repetimus.

417 846 465 885 Cf.
489 856 526 877 ea
548 855 629 886 quae
645 845 842 885 praecedunt
865 844 884 876 l.
901 855 925 877 c.
944 855 979 885 p.
997 846 1060 876 167
1081 855 1132 878 nr.
1149 844 1211 875 921
1234 845 1294 885 (ad
1315 844 1390 876 Ian.
1406 844 1583 886 26.—28.).
1977 854 2005 892 io

415 924 476 955 Die
501 923 612 955 Martis
635 922 813 964 penultimo
836 923 975 964 Ianuar„
999 924 1031 954 in
1055 922 1283 959 reformatione
1307 923 1395 954 curie
1417 923 1618 954 antianorum
1643 925 1705 955 etc.

413 976 532 1007 Forma
562 975 747 1006 ambaxate-
765 973 872 1005 fiende
902 974 1106 1005 serenissimo
1140 974 1277 1015 principi
1312 973 1441 1005 domino
1469 973 1635 1006 Friderico
1661 974 1725 1006 Dei
1757 974 1862 1016 gratia
1889 974 1958 1016 regi

306 1028 525 1060 Romanorum
549 1037 676 1068 semper
699 1029 835 1068 augusto
860 1036 902 1057 ex
924 1028 1016 1067 parte
1039 1025 1156 1058 nobilis
1179 1025 1289 1056 militis
1313 1025 1432 1056 domini
1455 1026 1591 1057 Armeni
1614 1025 1656 1057 de
1676 1025 1826 1068 Eugubio
1848 1026 1958 1058 vicarii

307 1091 365 1121 pro
389 1079 475 1111 dicto
499 1079 628 1110 domino
651 1088 728 1120 rege
752 1078 889 1109 civitatis
911 1077 1107 1118 Ter(visine)
1131 1080 1164 1110 et
1187 1077 1367 1118 districtus5
1391 1078 1608 1118 antianorum,
1637 1070 1803 1109 consulum
1827 1081 1860 1109 et
1881 1088 1958 1110 con-

308 1131 370 1162 silii
394 1134 427 1163 et
449 1131 592 1162 comunis
616 1130 754 1161 civitatis
777 1129 934 1168 eiusdem,
958 1139 1053 1170 quam
1078 1129 1164 1161 ferre
1189 1128 1310 1160 debent
1332 1128 1561 1160 ambaxatores
1583 1128 1736 1170 predicti:
1976 1141 2010 1162 ιε.

418 1186 443 1214 1.
470 1183 507 1214 In
519 1183 629 1224 primis
645 1191 785 1223 namque
802 1181 888 1222 ipsos
905 1181 1052 1212 dominos
1064 1181 1229 1220 vicarium⁷
1246 1180 1404 1219 antian0s‚
1420 1180 1578 1220 consules,
1594 1181 1760 1212 consilium
1778 1184 1811 1212 et
1823 1191 1958 1213 comune

308 1235 508 1267 Tervisinum
539 1237 571 1266 et
595 1234 771 1265 districtum
803 1233 864 1274 ipsi
888 1232 1017 1264 domino
1048 1233 1118 1274 regi
1153 1242 1225 1264 cum
1256 1242 1382 1263 summa
1417 1236 1450 1263 et
1475 1230 1577 1273 prona
1601 1231 1773 1264 devotione
1795 1232 1960 1264 humiliter

307 1286 545 1318 recomendent.

414 1340 443 1369 2.
469 1337 616 1370 Secundo
632 1338 753 1379 gratias
768 1335 911 1367 referant
926 1336 987 1377 ipsi
1004 1335 1133 1367 domino
1150 1345 1274 1367 summo
1290 1335 1361 1376 regi
1385 1334 1426 1366 de
1450 1345 1500 1372 eo,
1521 1335 1607 1377 quod
1627 1335 1716 1367 idem
1731 1335 1879 1367 dominus
1900 1346 1962 1368 rex

307 1390 456 1432 dignatus
490 1389 551 1421 fuit
584 1399 641 1421 eos
670 1391 736 1420 tam
765 1387 998 1419 honorabiliter
1024 1388 1153 1419 visitare
1187 1397 1246 1429 per
1280 1397 1355 1418 suos
1387 1389 1494 1418 tantos
1520 1387 1722 1419 venerabiles
1754 1391 1787 1419 et
1813 1390 1960 1419 strenuos
1978 1397 2015 1417 ιο.

308 1443 444 1483 legatos,
468 1452 565 1483 super
580 1441 783 1482 reaptatione
800 1449 856 1471 sue
874 1439 1022 1480 civitatis,
1045 1443 1223 1472 castrorum
1241 1442 1470 1480 occupatorum
1485 1438 1688 1471 restitutione
1711 1442 1746 1471 et
1759 1439 1960 1471 relaxatione

308 1494 507 1535 captivorum
532 1493 736 1524 detentorum
759 1491 903 1523 indebite
925 1502 985 1533 per
1000 1491 1140 1524 rebelles
1163 1494 1197 1524 et
1220 1491 1301 1532 aliis,
1326 1501 1389 1533 que
1412 1494 1597 1533 spectarent
1618 1491 1661 1523 ad
1683 1491 1838 1524 honorem
1859 1492 1961 1534 ipsius

309 1545 429 1577 domini
451 1546 538 1587 regis
561 1547 594 1576 et
616 1545 736 1576 bonum
759 1547 877 1575 statum
908 1545 973 1575 iam
1001 1543 1088 1575 dicte
1117 1555 1174 1576 sue
1197 1544 1397 1585 respicerent
1418 1543 1565 1575 civitatis.
1612 1543 1755 1580 Quorum
1778 1543 1960 1586 legatorum

307 1607 462 1639 personas
486 1596 527 1628 de
550 1607 668 1638 magna
691 1595 754 1628 fide
778 1598 811 1628 et
833 1595 990 1628 industria
1012 1596 1184 1637 plurimum
1209 1595 1454 1635 recomendent,
1482 1596 1682 1638 inopinatum
1706 1605 1815 1627 casum
1838 1595 1959 1627 domini

308 1649 448 1681 Oonradi
472 1649 569 1681 etiam
593 1652 794 1690 exponentes
823 1651 856 1680 et
886 1648 1025 1689 qualiter
1048 1658 1160 1679 omnes
1182 1647 1312 1679 fuerunt
1343 1657 1385 1679 ex
1411 1647 1472 1679 hoc
1501 1657 1603 1689 usque
1632 1647 1674 1678 ad
1703 1650 1841 1679 mortem
1869 1657 1958 1679 ama·
1977 1658 2012 1679 ns

308 1702 432 1732 tissime
457 1701 644 1732 contristati.
1268 1728 1269 1731 ,
1599 1738 1601 1741 ¹

417 1755 446 1784 3.
470 1752 579 1784 Tertio
604 1752 725 1792 dicant,
758 1751 845 1794 quod
868 1762 940 1783 cum
964 1752 1084 1783 inimici
1108 1755 1141 1783 et
1163 1751 1303 1785 rebelles
1326 1753 1425 1793 ipsius
1449 1751 1568 1783 domini
1592 1751 1709 1784 summi
1730 1751 1817 1793 regis
1840 1754 1874 1782 et
1895 1752 1959 1783 iam

310 1805 395 1836 dicte
419 1814 475 1835 sue
499 1804 637 1835 civitatis
659 1803 888 1835 monitionibus
912 1807 945 1835 et
967 1803 1131 1845 preceptis
1153 1804 1253 1846 ipsius
1276 1807 1309 1834 et
1331 1814 1462 1836 suorum
1478 1803 1660 1844 legatorum
1675 1803 1801 1838 nollent
1815 1802 1960 1844 obedire,

310 1856 395 1898 quod
420 1856 569 1897 dignetur
591 1855 632 1887 ad
655 1856 760 1897 ipsam
783 1866 873 1887 suam
897 1856 1062 1887 civitatem
1085 1859 1119 1887 et
1141 1858 1248 1887 castra
1271 1856 1379 1896 citius,
1411 1859 1445 1887 et
1471 1865 1606 1896 quorum
1629 1857 1759 1896 apertas
1781 1857 1890 1896 portas
1912 1855 1960 1886 in-

311 1909 440 1939 venient
463 1907 728 1949 quandocumque
763 1911 796 1939 et
830 1918 941 1940 omnes
974 1910 1106 1949 paratos
1139 1907 1204 1941 suis
1237 1907 1398 1939 mandatis
1425 1906 1623 1949 quibuslibet
1648 1916 1733 1938 nunc
1763 1910 1796 1938 et
1823 1917 1962 1949 semper,
1981 1917 2017 1938 st»s

312 1960 461 1991 festinato
485 1961 608 2001 potenti
631 1960 751 1991 auxilio
776 1960 883 1991 taliter
907 1959 1094 2002 providere,
1124 1959 1210 2002 quod
1234 1959 1276 1991 ad
1299 1959 1428 1991 laudem
1453 1958 1651 1991 celsitudinis
1674 1959 1763 2001 regie
1787 1962 1820 1990 et
1843 1962 1962 1991 statum

311 2013 410 2053 ipsius
433 2012 570 2043 civitatis
592 2011 730 2043 sufficiat
754 2015 787 2043 et
809 2011 982 2044 districtus.
1150 2050 1153 2053 Δ
1346 2048 1349 2053 ι

419 2066 448 2095 4.
471 2064 555 2095 Item
571 2064 654 2095 circa
670 2063 816 2105 predicta
832 2067 866 2096 et
880 2065 913 2096 in
929 2063 1082 2107 predictis
1096 2062 1246 2096 omnibus
1262 2066 1295 2094 et
1311 2062 1444 2105 singulis
1461 2065 1494 2094 et
1510 2062 1769 2104 dependentibus
1785 2065 1819 2094 et
1832 2072 1964 2104 prorsus

313 2116 473 2146 extraneis
498 2118 531 2146 et
553 2117 706 2146 connexis
730 2115 846 2156 dicant,
871 2119 1036 2158 exponant
1059 2119 1092 2147 et
1114 2114 1235 2148 faciant
1258 2115 1375 2155 omnia,
1399 2124 1462 2156 que
1486 2114 1599 2146 honori
1622 2114 1722 2156 ipsius
1737 2113 1858 2146 domini
1875 2114 1963 2156 regis

314 2167 502 2198 conveniant
525 2170 558 2198 et
581 2165 644 2209 [ad]
667 2171 786 2199 statum
809 2168 927 2199 bonum
951 2168 1134 2210 pertineant
1160 2168 1306 2199 civitatis.
1981 2176 2018 2197 ιι,

422 2218 491 2254 Que
520 2218 650 2259 quidem
678 2219 853 2251 ambaxata
880 2220 932 2251 die
955 2219 1068 2251 Martis
1090 2219 1236 2262 predicto
1264 2220 1295 2250 in
1322 2218 1553 2250 reformatione
1584 2218 1672 2250 curie
1701 2218 1903 2251 antianorum
1932 2221 1965 2249 et

315 2269 479 2301 consulum
503 2269 578 2300 dicti
601 2271 743 2301 comunis
766 2281 875 2302 coram
903 2271 989 2303 dicto
1018 2271 1148 2303 domino
1173 2271 1292 2302 vicario
1324 2269 1366 2302 ad
1397 2279 1510 2301 sonum
1538 2279 1695 2311 campane
1725 2272 1761 2300 ut
1787 2270 1885 2301 moris
1915 2271 1965 2301 est
2001 2274 2004 2276 ’

315 2321 501 2352 solemniter
516 2325 721 2363 congregate,
744 2323 850 2364 posito
865 2324 983 2364 partito
1006 2334 1066 2365 per
1079 2323 1186 2365 ipsum
1201 2322 1366 2354 dominum
1381 2321 1534 2353 vicarium
1559 2321 1601 2353 ad
1616 2321 1754 2353 buxolas
1777 2324 1811 2353 et
1825 2321 1964 2353 ballotas

315 2371 494 2414 approbata
518 2372 576 2404 fuit
599 2383 657 2414 per
678 2374 760 2405 XIX
784 2375 981 2406 consiliarios
1004 2374 1205 2406 concorditer
1227 2375 1355 2406 nemine
1379 2372 1593 2415 discrepante.
1622 2384 1626 2390 ·

499 2485 583 2521 529.
623 2485 777 2523 Litterae
804 2488 982 2524 Friderici
1009 2459 1057 2523 ad
1083 2488 1238 2524 comitem
1264 2487 1306 2522 de
1332 2486 1489 2522 Gollalto.
1596 2486 1700 2522 Febr.
1719 2488 1778 2522 18.
1981 2506 2020 2526 ω,

428 2558 587 2599 0)·ἰ9ἱηαῑε
599 2559 672 2602 (or.)
688 2561 724 2592 in
739 2562 896 2594 tabulario
907 2562 1068 2603 principis
1079 2562 1116 2594 de
1127 2561 1257 2594 Gollalto
1266 2562 1278 2581 ¹
1289 2562 1355 2593 iam
1363 2561 1522 2593 Brumae
1533 2563 1702 2593 asservato.
1728 2560 1967 2601 Decor-ipsimae

317 2621 383 2643 nos.
421 2610 593 2650 Inscriptio
615 2615 675 2643 est:
703 2613 813 2645 Nobili
835 2617 869 2646 et
890 2615 1015 2656 potenti
1037 2614 1106 2647 viro
1128 2613 1312 2646 Rambaldo
1336 2612 1379 2645 de
1401 2612 1529 2645 Golalto
1553 2614 1663 2645 comiti
1685 2612 1831 2654 Tervisii,
1854 2615 1965 2645 nostro

319 2665 353 2694 et
374 2662 500 2704 imperii
522 2662 611 2694 fideli
633 2663 759 2696 dilecto.
798 2665 954 2706 Siyillum,
977 2666 1062 2706 quod
1082 2666 1174 2697 dorso
1192 2666 1379 2706 impressum
1393 2668 1472 2703 erat,
1494 2665 1767 2697 desideratur.=--
1790 2664 1962 2696 Inedibum.

427 2717 574 2756 Bb'hmer,
598 2718 674 2759 Rey.
690 2719 802 2752 Ludw.
819 2732 855 2761 p.
872 2722 934 2753 385
957 2721 1126 2754 Friedrich
1148 2732 1198 2753 nr.
1214 2721 1278 2753 355
1300 2721 1426 2761 (Addit.
1446 2721 1530 2762 III).
1822 2764 1824 2766 Ι

431 2772 479 2810 Cf.
503 2782 602 2813 supra
623 2784 671 2805 nr.
690 2776 754 2805 467
775 2778 803 2806 et
826 2776 898 2814 480,
922 2777 1054 2819 itemque
1075 2776 1169 2819 infra
1190 2787 1240 2808 nr.
1258 2777 1330 2808 549.
1820 2817 1823 2820 η
1858 2814 1861 2818 ,
1982 2790 2021 2811 45,

426 2858 451 2891 1)
471 2857 512 2890 Cf.
532 2857 585 2884 loeo
602 2866 685 2891 supra
698 2866 761 2893 pay.
774 2862 823 2886 324
841 2864 895 2887 not.
910 2867 923 2888 1
941 2862 1024 2889 citato
1043 2862 1065 2894 1,
1083 2865 1132 2890 220
1149 2870 1191 2888 nr.
1205 2865 1242 2890 13.
