2190 3172
296 235 358 264 410
491 230 587 258 ACTA
606 231 722 259 REGNI
740 231 926 259 LUDEWICI
945 231 990 258 IV.
1010 231 1055 258 ET
1075 230 1259 259 FRIDERICI
1277 231 1325 259 111.
1361 231 1436 259 1318.
1473 231 1522 259 Nr.
1534 232 1593 260 507.
1612 232 1673 260 508.
1690 233 1750 261 509.

402 319 595 351 Ludowicus
620 318 682 350 Dei
704 319 809 360 gratia
831 319 1052 350 Romanorum
1075 328 1134 350 rex
1157 328 1285 361 semper
1307 322 1461 361 augustus
1540 319 1700 351 strennuis
1722 321 1756 351 et
1778 319 1946 361 prudenti·-

295 371 354 402 bus
377 371 452 402 viris
474 394 481 402 .
500 395 506 402 .
531 371 677 411 sculteto,
702 394 709 402 .
725 395 732 402 .
756 369 921 411 militibus,
946 394 953 401 .
972 394 978 401 .
1003 369 1205 401 oonsulibus·
1227 373 1260 402 et
1281 371 1481 403 universitati
1504 371 1620 402 civium
1643 370 1944 413 Boppardiensium,

295 422 444 454 fidelibus
467 422 531 453 suis
556 421 681 453 dilectis
766 421 905 464 gratiam
927 431 1018 452 suam
1042 423 1076 453 et
1102 431 1197 453 omne
1219 421 1349 454 bonum.

403 473 571 505 Fidelitati
593 476 699 504 vestre
722 473 916 514 iniungimus
940 475 973 504 et
992 472 1192 514 mandamus,
1215 474 1364 515 quatinus
1379 473 1555 506 venerabili
1570 473 1739 505 Baldwino
1755 474 1947 506 Treverensi

296 525 539 567 archiepiscopo
563 535 602 556 ac
624 534 683 566 per
705 525 812 565 ipsum
834 524 1071 556 successoribus
1094 525 1158 556 suis
1180 525 1214 556 in
1236 525 1529 568 archiepiscopatu,
1558 536 1634 568 ymo
1661 529 1695 557 et
1720 526 1783 567 ipsi
1809 525 1946 558 ecclesie
1977 537 1990 556 s

295 577 488 609 Treverensi
510 575 675 607 fidelitatis
698 575 886 618 homagium
908 575 1001 607 nobis
1025 586 1066 608 ex
1089 579 1181 618 parte
1205 577 1304 608 vestri
1332 580 1366 609 et
1393 578 1528 619 imperio
1553 577 1698 609 debitum
1720 576 1892 609 voluntarii
1914 581 1948 610 et

295 628 437 659 benivoli
460 627 586 658 faciatis
615 626 675 658 sub
705 637 744 658 eo
767 626 864 659 modo
889 627 993 659 forma
1020 630 1054 659 et
1075 627 1329 670 eomwetudine,
1364 629 1446 661 sicut
1478 629 1573 661 nobis
1602 632 1636 661 et
1663 628 1948 671 predecessoribus

294 680 412 711 nostris
434 679 466 710 in
489 678 625 720 imperio
649 677 757 710 facere
781 679 1012 719 conswevistis,
1042 682 1110 711 tam
1139 679 1193 711 diu
1222 680 1368 722 predicto
1391 680 1634 723 archiepiscopo
1665 691 1703 712 ac
1732 679 1868 713 ecclesie
1891 691 1948 713 sue

293 731 355 763 sub
378 730 544 762 fidelitatis
567 729 720 771 homagio
745 729 861 762 devote
885 734 919 762 et
941 730 1080 763 fideliter
1101 731 1321 772 intendentes,
1353 743 1519 775 quousque
1547 743 1566 764 a
1596 732 1763 774 sepedicto
1787 732 1948 774 archiepi-

292 793 394 824 scopo
423 792 480 813 seu
508 781 549 814 ab
574 782 711 814 ecclesia
737 792 796 813 sua
822 791 882 823 per
909 792 968 813 nos
990 782 1043 814 vel
1066 793 1267 815 successores
1294 786 1421 816 nostros
1448 784 1482 816 in
1509 784 1645 826 imperio
1673 783 1886 816 absolvamini
1915 787 1948 816 et
1966 792 1992 813 ιο

295 834 478 866 liberemini
500 844 558 875 pro
584 836 673 865 certa
696 832 821 865 summa
844 834 992 875 pecunie,
1015 844 1077 876 que
1099 835 1132 866 in
1151 834 1329 877 privilegiis
1343 836 1460 867 nostris
1482 845 1560 877 sepe
1584 838 1763 867 memorato
1786 835 1947 877 archiepi-

295 896 393 928 scopo
417 896 455 917 ac
471 885 607 918 ecclesie
630 895 686 917 sue
707 884 832 917 traditis
855 888 905 917 est
921 886 1104 927 expressa¹.
1142 886 1180 917 In
1203 887 1292 918 cuius
1315 887 1362 919 rei
1384 887 1600 920 testimonium
1621 890 1788 929 presentes
1804 887 1948 919 litterasb

292 937 445 970 dedimus
467 937 573 979 sigillo
597 937 776 969 maiestatis
799 940 906 969 nostre
931 938 1152 970 communitas.

403 989 478 1021 Dat.
498 990 531 1020 in
550 988 795 1030 Franchenfx‘irt‚
818 989 858 1021 V.
874 989 958 1021 Non.
976 989 1119 1029 Octobr„
1143 1000 1226 1021 anno
1243 989 1374 1022 Domini
1389 990 1560 1022 millesimo
1577 991 1802 1023 trecentesimo
1819 991 1947 1033 XVIII,

295 1042 386 1084 regni
409 1051 485 1073 vero
508 1041 609 1072 nostri
632 1051 715 1072 anno
740 1044 864 1083 quarto.
1966 1051 1991 1071 1⁵

511 1138 597 1174 508.
639 1138 814 1183 Scriptum
841 1139 887 1173 ad
914 1137 1205 1183 archiepiscopum
1237 1137 1486 1174 Trevirensem.
1592 1139 1662 1175 Oet.
1684 1140 1742 1175 14.

408 1203 568 1244 Oriyinale
591 1205 664 1245 (or.)
689 1203 812 1235 ibidem.
862 1203 1061 1236 Gontulimas
1082 1214 1149 1236 nos.
1195 1203 1302 1245 Siyilli
1327 1205 1540 1245 fraymentum
1564 1205 1682 1245 pendet
1709 1204 1774 1237 loro
1799 1205 1948 1237 membra-

292 1266 400 1288 naceo.
424 1275 466 1279 —
489 1255 552 1287 Ed.
577 1255 596 1287 l.
613 1265 637 1287 c.
661 1255 732 1294 III,
756 1257 818 1287 185
841 1266 890 1287 nr.
908 1256 949 1287 94
972 1266 1011 1288 ecc
1033 1266 1078 1288 or.

403 1311 550 1349 Bb'hmer,
573 1311 648 1352 Rey.
665 1311 778 1343 Ludw.
796 1322 832 1352 p.
849 1312 891 1343 19
912 1322 962 1344 nr.
978 1312 1052 1343 327.

403 1381 596 1413 Ludowicus
618 1380 839 1413 Romanorum
870 1391 930 1413 rex
952 1391 1082 1423 semper
1104 1383 1259 1423 augustus
1347 1380 1525 1413 venerabili
1547 1380 1734 1413 Baldewino
1758 1381 1950 1413 Treverensi
1967 1396 1994 1416 ,ο

294 1433 539 1475 archiepiscopo
563 1433 699 1474 principi
721 1443 779 1464 suo
802 1432 921 1465 dilecto
1009 1433 1148 1475 gratiam
1171 1443 1263 1465 suam
1285 1436 1318 1464 et
1340 1443 1434 1465 omne
1458 1432 1588 1465 bonum.

405 1485 488 1521 Quia
511 1485 593 1516 sicut
616 1484 785 1516 didicimus
809 1485 894 1517 cives
917 1485 1017 1516 nostri
1041 1484 1130 1526 opidi
1150 1483 1380 1526 Bopardiensis
1402 1484 1579 1516 secundum
1603 1485 1689 1527 quod
1711 1485 1789 1527 ipsis
1811 1485 1950 1517 auctori-

297 1540 364 1570 tate
380 1537 471 1578 regia
488 1536 638 1568 duximus
654 1536 885 1578 iniungendum
901 1536 961 1568 tibi
976 1539 1009 1568 et
1025 1536 1162 1568 ecclesie
1179 1540 1234 1568 tue
1250 1536 1436 1578 homagium
1451 1537 1560 1569 facere
1574 1540 1781 1577 rennuerunt,
1805 1537 1951 1569 volumus

297 1592 331 1621 et
353 1588 502 1620 fidelitati
525 1592 578 1620 tue
602 1589 818 1630 permittimus
840 1589 873 1620 in
894 1588 956 1620 hiis
979 1588 1122 1630 scriptis,
1153 1588 1240 1630 quod
1268 1589 1295 1619 si
1323 1591 1356 1620 et
1385 1588 1514 1630 quando
1541 1588 1599 1620 tibi
1620 1589 1674 1620 vel
1695 1589 1872 1620 successori
1894 1591 1950 1620 tuo

296 1640 469 1683 placuerit,
500 1640 603 1682 possis
625 1639 789 1681 predictos
812 1641 898 1672 cives
921 1640 1112 1672 auctoritate
1145 1643 1178 1671 et
1199 1640 1268 1672 vice
1297 1643 1406 1672 nostra
1433 1639 1595 1682 diffidam,
1625 1643 1658 1672 et
1683 1651 1741 1672 nos
1768 1651 1826 1682 pro
1853 1650 1950 1683 posse
1967 1654 1993 1675 2⁵

296 1692 356 1725 tibi
380 1691 626 1734 cooperabimur
649 1694 759 1723 contra
782 1692 878 1734 ipsos.
924 1691 994 1724 Nec
1024 1691 1067 1724 ad
1089 1692 1227 1734 gratiam
1250 1695 1392 1724 nostram
1418 1692 1505 1734 ipsos
1532 1691 1714 1734 aliqualiter
1739 1702 1949 1732 resumemus,

296 1745 358 1776 nisi
380 1747 415 1776 tu
439 1747 494 1776 aut
517 1754 683 1775 successor
709 1746 783 1775 tuus
813 1743 853 1776 de
878 1743 1025 1775 omnibus
1049 1744 1199 1785 expensis
1223 1746 1256 1775 et
1278 1743 1480 1775 contumeliis
1501 1743 1669 1775 fateamini
1690 1754 1749 1775 vos
1771 1747 1947 1776 contentos.

405 1796 479 1828 Dat.
498 1796 530 1826 in
555 1796 666 1827 castris
689 1799 764 1828 ante
781 1796 981 1836 Wisbadem,
1006 1796 1062 1827 110.
1080 1795 1157 1827 Idus
1174 1795 1316 1836 Octobr.,
1340 1805 1423 1827 anno
1444 1794 1573 1827 Domini
1589 1794 1835 1836 MCCCXVIII,
1858 1796 1961 1844 regni.

296 1858 374 1880 vero
398 1848 497 1879 nostri
522 1858 604 1879 anno
629 1851 752 1889 quarto.

468 1945 553 1981 509.
595 1944 768 1990 Scriptum
794 1956 899 1991 saper
928 1945 1141 1981 libertatibus
1169 1945 1316 1981 civitatis
1342 1945 1535 1980 servandis.
1642 1944 1713 1981 Oct.
1733 1945 1789 1980 15.
1968 1962 1994 1981 ao

412 2010 572 2051 Oriyiuale
596 2011 670 2053 (or.)
694 2011 816 2043 ibidem.
865 2011 1065 2044 Contulimus
1087 2021 1153 2043 ηοε.
1199 2010 1359 2052 Siyillum,
1388 2011 1472 2051 quod
1493 2011 1559 2043 loro
1581 2011 1816 2043 membranaceo
1831 2010 1951 2052 pende-

298 2063 362 2102 bat,
385 2063 477 2097 deest.
503 2082 542 2086 —
566 2063 628 2095 Ed.
651 2063 672 2094 l.
689 2074 714 2094 c.
739 2063 808 2102 III,
833 2064 896 2094 186
918 2073 968 2095 nr.
986 2063 1027 2094 95
1050 2073 1089 2095 ex
1111 2074 1157 2095 or.

411 2119 572 2160 Oriyimle
595 2118 730 2151 alterum
754 2119 911 2151 tabularii
933 2119 1074 2151 civ-itatis
1094 2119 1329 2159 Bepardiensis
1350 2129 1414 2151 mm
1435 2118 1640 2158 inspeximus,

407 2175 554 2213 Biihmer,
577 2175 652 2215 Rey.
669 2175 782 2207 Ludw.
801 2186 835 2215 p.
853 2175 894 2207 19
915 2186 965 2208 nr.
982 2175 1056 2207 328.

407 2244 474 2276 Nos
497 2244 690 2276 Ludowicus
712 2245 777 2277 Dei
800 2245 905 2287 gratia
927 2244 1146 2277 Romanorum
1175 2255 1234 2277 rex
1256 2255 1386 2287 semper
1407 2247 1562 2286 augustus
1585 2247 1695 2276 notum
1719 2244 1854 2275 facimus
1876 2253 1950 2285 pre·
1969 2258 1995 2278 ει

298 2296 437 2327 sentium
459 2296 694 2337 inspectoribus
709 2297 877 2337 universis,
901 2296 988 2338 quod
1010 2296 1088 2328 licet
1110 2307 1168 2328 nos
1184 2296 1315 2338 opidum
1330 2296 1552 2338 Bopardiense
1568 2295 1747 2328 venerabili
1761 2295 1950 2327 Baldewino

299 2346 507 2378 Trevirorum
523 2348 766 2390 archiepiscopo
784 2359 853 2389 suo,
877 2359 1097 2381 successorum
1113 2359 1241 2380 suorum
1265 2351 1299 2380 et
1315 2348 1451 2381 ecclesie
1471 2359 1528 2380 sue
1545 2348 1674 2380 nomine
1690 2347 1950 2390 obligavefimus,

300 2401 408 2430 nostre
433 2402 542 2431 tamen
558 2400 742 2431 intentionis
759 2401 869 2432 existit
892 2404 926 2432 et
941 2400 1098 2442 volumus,
1122 2403 1157 2432 ut
1179 2401 1249 2442 ipse
1274 2403 1307 2432 et
1322 2410 1525 2432 successores
1547 2400 1597 2431 sui
1618 2399 1755 2442 predicti
1770 2398 1952 2441 predictum

299 2450 433 2491 opidum
462 2454 495 2482 et
523 2451 679 2492 opidanos
707 2452 850 2493 gaudere
879 2453 1047 2494 permittat
1072 2452 1194 2484 iuribus
1222 2452 1360 2493 eisdem,
1390 2451 1687 2493 consuetudinibus,
1717 2450 1892 2483 honoribus
1919 2453 1952 2482 et

300 2501 504 2533 libertatibus
529 2513 649 2543 eorum,
674 2503 789 2545 quibus
812 2515 870 2536 nos
895 2507 928 2536 et
950 2504 1198 2546 predecessores
1221 2504 1319 2536 nostri
1335 2505 1548 2545 imperatores
1572 2507 1605 2535 et
1620 2513 1715 2546 reges
1730 2502 1951 2535 Romanorum
1969 2516 1995 2535 ιο

301 2563 357 2585 eos
386 2553 529 2595 gaudere
560 2555 747 2596 permittere
778 2555 979 2588 tenebamur.
1029 2556 1066 2587 In
1096 2556 1185 2587 cuius
1212 2556 1260 2587 rei
1287 2556 1505 2587 testimonium
1533 2558 1701 2597 presentes
1733 2554 1890 2587 conscribi
1919 2557 1952 2586 et

300 2607 408 2637 nostre
432 2606 609 2637 maiestatis
633 2607 738 2648 sigillo
762 2608 911 2640 iussimus
935 2608 1121 2640 conmuniri.

409 2657 484 2689 Dat.
507 2658 539 2689 in
562 2659 673 2690 castris
696 2659 783 2700 apud
800 2659 1006 2701 Wisbadem,
1037 2659 1114 2692 Idus
1138 2658 1288 2700 Octobr„
1319 2669 1403 2691 anno
1426 2658 1559 2692 Domini
1580 2658 1830 2699 MCCCXVHI,
1860 2658 1952 2700 regni

300 2719 377 2740 vero
401 2710 500 2740 nostri
523 2719 606 2741 anno
631 2714 754 2752 quarto.

405 2802 472 2830 507.
500 2804 523 2836 ⁸)
542 2824 548 2830 .
563 2823 569 2830 .
589 2805 651 2831 add.
671 2814 708 2831 or.
790 2806 815 2838 b)
834 2801 894 2832 litis
913 2816 950 2833 or.
1970 2809 1995 2829 ⁴⁵

406 2859 431 2892 1)
450 2858 543 2893 Supra
561 2868 604 2886 ur.
619 2864 663 2887 156
668 2867 678 2892 ,·
696 2861 732 2893 cf.
751 2869 793 2888 nr.
807 2865 864 2888 230.
884 2865 937 2888 231.
