2184 3126
338 193 399 223 706
571 185 668 212 ACTA
686 183 799 211 REGNI
819 181 1000 210 LUDEWICI
1019 181 1066 208 IV.
1084 180 1132 207 ΕΤ
1151 178 1337 207 FRIDERICI
1356 179 1403 206 111.
1440 178 1517 207 1324.
1552 177 1600 204 Nr.
1613 177 1674 205 890.
1692 177 1751 205 891.

445 280 474 309 7.
498 277 605 313 Quare
628 274 734 305 vestre
757 271 790 302 in
806 269 933 301 Christo
957 267 1144 309 paternitati
1160 265 1359 298 sanctissime
1377 263 1494 296 devote
1518 266 1552 296 et
1573 263 1738 296 humiliter
1760 263 1988 306 supplicamus,

339 332 497 372 quatenus
521 327 607 358 dicta
632 327 741 356 nostra
769 320 912 363 pericula
941 322 974 351 et
1002 318 1104 350 multo
1131 318 1281 359 graviora
1308 319 1341 348 et
1369 315 1618 357 periculosiora,
1652 325 1715 356 que
1744 314 1877 357 longum
1904 318 1990 348 esset

337 384 442 414 vestre
469 381 502 411 in
525 378 650 411 Christo
681 373 867 417 paternitati
895 371 1037 412 piissime
1070 379 1249 410 exponere,
1279 367 1372 399 nobis
1394 366 1599 398 inconbentia
1622 365 1664 398 ob
1687 365 1831 398 mandati
1855 365 1989 398 alieuius

336 431 586 475 publicationem
608 429 639 459 in
663 428 772 458 nostra
794 424 922 455 civitate
946 420 1128 452 faciendam
1152 422 1264 451 contra
1285 419 1464 460 principem
1485 417 1668 459 predictum
1688 420 1794 450 vestre
1810 418 1990 450 sanctitatis

338 484 479 516 animum
501 481 650 521 mitigent
693 480 727 509 et
748 475 912 515 inclinent,
937 473 961 504 si
986 473 1018 503 in
1040 471 1160 513 aliquo,
1185 470 1272 512 quod
1295 473 1404 502 tamen
1426 479 1491 501 non
1513 479 1692 511 speramus,
1714 471 1855 502 vestram
1871 470 1989 501 sancti-
2021 481 2035 501 5

338 537 437 566 tatem
470 532 647 574 piissimam
674 527 865 560 offendimus
899 524 958 556 ob⁰
988 523 1086 555 vestri
1120 522 1263 554 mandati
1291 521 1450 563 predicti?
1477 520 1734 562 publicacionem
1764 525 1852 553 nonq
1882 520 1991 563 aliqua

337 585 518 617 temeritate
546 582 598 614 vel
628 581 824 620 contemptu,
855 579 924 608 set‘l
947 578 1080 617 propter
1102 577 1228 606 nostras
1250 583 1365 615 preces
1388 575 1422 604 et
1445 582 1558 605 causas
1580 572 1744 615 predictas
1766 571 1990 614 retardatam¹‚

336 636 378 668 ad
401 634 596 677 parcendum
618 631 710 663 nobis
733 631 766 661 in
788 628 952 671 premissis
975 630 1008 659 et
1030 626 1072 658 ad
1095 629 1236 657 nostram
1260 624 1503 657 excusationem
1526 625 1717 666 premissam
1738 627 1875 666 paterno
1891 623 1991 656 susci-

336 686 487 729 piendam
511 685 622 716 favore
646 681 796 723 exemplo
819 680 915 722 illius,
945 679 1034 710 cuius
1055 679 1159 710 vicem
1182 677 1215 708 in
1238 676 1331 708 terris
1352 676 1478 718 geritis,
1505 676 1558 708 cui
1579 676 1745 718 proprium
1773 678 1823 708 est
1844 676 1991 708 misereri

337 741 370 770 et
392 746 536 779 parcere,
561 738 593 767 et
615 734 657 766 ad
672 731 906 776 providendum
922 730 1033 762 nobis¹¹
1049 732 1156 761 vestra
1171 728 1266 760 solita
1281 727 1453 760 sanctitate
1468 727 1613 769 piissima
1634 737 1725 759 more
1740 728 1842 770 patris
1856 727 1992 769 piissimi
2010 734 2036 755 ιο

338 788 380 820 ad
403 787 578 820 avertenda
601 797 621 818 a
643 785 735 817 nobis
757 783 902 826 pericula
924 782 1090 824 premissa,
1119 790 1160 812 ne
1183 781 1215 811 in
1238 779 1368 811 civitate
1391 781 1501 811 nostra
1522 779 1670 821 predicta
1691 778 1826 812 alicuius
1847 778 1992 812 mandati

336 839 511 882 publicatio
540 837 689 870 facienda
718 838 829 868 contra
856 834 1034 876 principem
1062 831 1243 874 predictum
1271 830 1367 862 alicui
1393 831 1525 863 inantea
1555 831 1782 864 committatur.
1838 830 1992 864 Vestram

335 891 538 925 sanctitatem
562 889 753 921 incolomem
777 887 951 928 letamque,
982 887 1075 927 pater
1098 883 1308 923 sanctissime,
1336 892 1396 914 evo
1426 885 1556 915 tueatur
1581 883 1769 926 longissimo
1796 883 1852 925 qui
1879 885 1929 916 est
1957 883 1991 914 in

336 942 517 975 seculorum
540 941 649 973 secula
671 938 870 971 benedictus.

404 1167 500 1212 891.
529 1166 627 1211 892.
670 1160 1019 1275 LUDEWICRI1
1025 1158 1457 1275 ΙΙΞΙῚἻΕΙξξΞΙίΛέΤΙΟ
1491 1150 1925 1206 MARC'HIONIS
2009 1177 2035 1198 a

1017 1314 1125 1351 1324.
1166 1314 1256 1359 Apr.
1278 1314 1312 1350 5.

750 1445 838 1481 891.
879 1444 1057 1490 Scriptum
1082 1443 1342 1488 infeudationis.
1447 1442 1538 1488 Apr.
1556 1442 1591 1478 5.

445 1524 605 1565 Oriyimle
628 1523 702 1565 (or.)
725 1523 761 1555 in
783 1522 942 1555 tabulario
961 1522 1101 1564 yenerali
1116 1522 1300 1554 Dresdensi.
1344 1521 1582 1562 Descripsimus
1602 1531 1668 1554 nos.
1713 1521 1834 1554 Pendet
1853 1521 1994 1564 siyillum

333 1577 404 1620 fere
427 1576 569 1608 illaesum
591 1575 656 1615 filis
676 1575 786 1607 sericis
807 1575 890 1607 rosei
911 1575 1084 1615 viridisque
1106 1574 1229 1607 coloris.
1254 1592 1293 1597 —
1317 1573 1490 1606 Ineditum.
1986 1620 1988 1623 Ι
2009 1584 2036 1605 so

440 1637 586 1675 Biihmer,
611 1635 686 1676 Req.
708 1635 821 1668 Ludw.
840 1645 874 1675 p.
891 1636 956 1666 318
976 1646 1027 1668 nr.
1043 1635 1129 1667 2954
1153 1635 1278 1675 (Addit.
1294 1635 1358 1671 ΙΙ).

446 1732 513 1763 Nos
535 1730 727 1762 Ludowicus
750 1729 812 1761 Dei
834 1730 944 1771 gracia
966 1729 1184 1761 Romanorum
1209 1739 1267 1761 rex
1290 1739 1419 1771 semper
1441 1733 1596 1772 augustus
1618 1732 1730 1762 notum
1753 1739 1825 1762 esse
1847 1729 1994 1769 volumus

340 1784 543 1825 presencium
566 1781 799 1824 inspectoribus
822 1781 989 1822 universis,
1019 1781 1104 1823 quod
1128 1792 1186 1813 nos
1213 1781 1358 1813 volentes
1384 1781 1542 1813 illustrem
1564 1780 1746 1813 Fridricum
1774 1776 1994 1813 marchionem

339 1833 597 1875 Missen(ensem)
614 1834 789 1875 principem
815 1836 847 1865 et
869 1843 1025 1874 generum
1042 1836 1186 1864 nostrum
1201 1833 1407 1865 karissimum
1422 1833 1542 1865 favoris
1557 1833 1649 1875 regii,
1673 1843 1770 1875 quem
1785 1833 1847 1865 sibi
1863 1835 1995 1875 propter

340 1897 396 1918 sue
425 1886 614 1917 sinceritatis
644 1885 728 1916 circa
756 1887 882 1916 nostros
911 1888 944 1916 et
976 1885 1103 1926 imperii
1131 1885 1271 1916 honores
1305 1887 1339 1916 et
1372 1885 1510 1917 comoda
1543 1885 1736 1917 intenttam⁸
1762 1895 1861 1927 quam
1888 1885 1994 1927 ipsum
2012 1894 2038 1915 ns

340 1937 460 1969 habere
483 1938 689 1979 cognovimus
713 1936 907 1968 fervenciam
930 1937 1083 1978 gerimus,
1112 1936 1370 1969 benivolenciam
1393 1937 1562 1979 percipere
1591 1939 1624 1968 et
1650 1937 1769 1968 sentire
1800 1940 1834 1968 et
1858 1935 1994 1968 nichilo-

342 1989 444 2020 minus
478 1999 606 2020 suorum
635 1988 876 2029 obsequiorum,
911 1998 974 2030 que
1007 1988 1099 2020 nobis
1131 1992 1164 2020 et
1191 1989 1326 2030 imperio
1356 1992 1451 2031 grata
1482 1991 1516 2021 et
1541 1988 1636 2020 utilia
1671 1988 1849 2031 inpendere
1877 1989 1998 2031 poterit

342 2041 521 2082 expositam
537 2039 822 2082 promptitudinem
846 2039 939 2071 nobis
962 2043 994 2071 et
1017 2041 1077 2082 ipsi
1101 2041 1237 2082 imperio
1253 2041 1462 2083 conparareb,
1489 2042 1628 2072 castrum
1647 2039 1898 2073 Schellenberch
1922 2051 1995 2073 cum

341 2093 405 2122 suis
427 2091 605 2122 redditibus
621 2094 654 2122 et
669 2092 873 2132 pertinenciis
888 2091 1044 2123 universis
1068 2102 1106 2123 ac
1122 2091 1186 2123 alia
1201 2091 1286 2123 bona
1302 2092 1457 2134 quelibet,
1474 2102 1537 2134 que
1552 2091 1752 2134 Heinrficus)
1769 2092 1810 2124 de
1827 2091 1996 2124 Schellen-

342 2142 438 2174 berch
463 2143 537 2173 olim
560 2142 601 2173 ab
625 2143 760 2184 imperio
784 2143 816 2173 in
839 2142 971 2174 feodum
995 2144 1098 2174 tenuit
1122 2146 1155 2175 et
1177 2143 1332 2186 possedit,
1362 2147 1471 2176 nostre
1494 2143 1664 2175 collacioni
1687 2154 1729 2175 ex
1750 2144 1998 2186 proscripcionis
2015 2150 2041 2171 ³⁰

344 2196 454 2224 contra
477 2193 613 2225 eundem
636 2193 852 2234 Heinr(ieum)
878 2197 1009 2236 propter
1032 2198 1138 2226 certos
1160 2206 1235 2227 suos
1259 2206 1412 2228 excessus
1435 2198 1468 2228 et
1491 2194 1650 2227 forefacta
1671 2195 1704 2226 in
1726 2194 1845 2227 iudicio
1869 2196 1997 2237 provin-

344 2244 417 2274 ciali
439 2245 471 2275 in
494 2244 698 2276 Aldenburch
723 2245 843 2277 dudum
866 2246 933 2277 lata
956 2247 1120 2278 sentencia
1141 2247 1294 2279 vacancia
1316 2247 1444 2289 prefato
1471 2246 1649 2279 marchioni
1679 2250 1713 2278 et
1735 2247 1800 2278 suis
1822 2247 1997 2280 heredibus

346 2295 549 2326 concedimus
571 2296 603 2326 in
626 2296 756 2328 feodum
780 2300 813 2328 et
835 2297 1039 2338 conferimus,
1063 2309 1122 2340 per
1145 2299 1250 2340 ipsum
1275 2302 1308 2330 et
1330 2309 1405 2331 suos
1427 2299 1567 2331 heredes
1589 2298 1731 2330 tenenda
1753 2301 1787 2330 et
1800 2298 1998 2341 possidenda

344 2345 376 2376 in
405 2349 593 2387 perpetuum
620 2357 639 2378 a
667 2347 757 2379 nobis
788 2353 821 2380 et
849 2349 985 2390 imperio
1015 2350 1085 2381 iure
1117 2354 1150 2382 et
1179 2350 1273 2382 titulo
1303 2350 1436 2383 feodali.
1495 2350 1728 2382 Investientes⁰
1750 2351 1856 2392 ipsum
1883 2354 1995 2383 tenore

346 2398 546 2437 presencium
569 2398 609 2429 de
633 2398 763 2430 eisdem.
866 2401 904 2431 In
934 2402 1023 2432 cuius
1052 2402 1100 2433 rei
1131 2402 1352 2434 testimonium
1380 2405 1549 2444 presentes
1577 2402 1736 2434 conscribi
1763 2405 1796 2435 et
1817 2402 1997 2435 maiestatis
2014 2410 2038 2430 ³⁵

345 2451 451 2479 nostre
475 2448 578 2489 sigillo
601 2450 747 2482 iussimus
770 2453 989 2484 communirid.

451 2507 525 2538 Dat.
548 2509 581 2538 in
604 2508 830 2552 Gailenhusen,
857 2512 967 2543 Nonas
990 2513 1103 2554 April„
1131 2524 1214 2546 anno
1238 2515 1369 2546 Domini
1396 2514 1568 2547 millesimo
1592 2514 1819 2547 trecentesimo
1843 2514 1996 2547 vicesimo

347 2562 471 2598 quarto,
495 2560 584 2600 regni
606 2570 682 2591 vero
705 2563 803 2593 nostri
826 2573 908 2595 anno
932 2564 1068 2596 decimo.

449 2672 514 2700 890·
543 2674 567 2706 ⁰)
586 2683 666 2707 supra
688 2677 780 2701 lineam
802 2686 877 2710 &uper
900 2685 1000 2713 propter
1023 2682 1097 2708 delet.
1115 2691 1136 2708 c.
1237 2682 1263 2714 P)
1281 2691 1363 2715 supra
1381 2683 1478 2709 limam
1495 2683 1559 2709 add.
1577 2691 1598 2709 c.
1703 2683 1729 2715 ι1)
1747 2691 1799 2709 non
1810 2687 1891 2709 —sct
1913 2691 1996 2716 supra

347 2716 441 2742 lineam
459 2717 521 2742 add.
539 2726 560 2742 c.
646 2718 668 2750 ¹²)
687 2727 753 2751 sequ.
772 2720 844 2746 delet.
862 2731 920 2754 que
938 2724 1017 2749 alias
1036 2728 1140 2751 tamen
1158 2730 1204 2751 est
1223 2726 1350 2752 notoria
1369 2734 1389 2752 c.
2012 2727 2039 2748 ⁴⁰

450 2791 516 2819 891.
543 2794 567 2825 ¹¹)
586 2794 620 2819 sic
638 2803 676 2820 or.
761 2794 785 2827 b)
800 2798 875 2829 prior
893 2808 909 2824 a
927 2808 993 2825 corr.
1007 2809 1037 2827 ex
1055 2810 1068 2828 e
1087 2811 1125 2828 or.
1213 2803 1237 2835 c)
1256 2805 1267 2829 I
1287 2812 1354 2829 corr.
1368 2812 1399 2830 ex
1417 2805 1425 2830 i
1443 2812 1482 2830 or.
1570 2803 1596 2836 ἆ)
1615 2804 1700 2830 altera
1718 2804 1726 2829 i
1745 2812 1814 2829 corr.
1825 2811 1857 2830 a
1873 2812 1888 2830 e
1906 2812 1946 2831 or.
