2184 3126
412 166 510 196 ACTA
527 165 640 195 Rmm
660 165 843 194 Lunsswwl
862 165 909 193 lv.
928 164 975 193 m·
994 163 1179 192 Fnlnssmcl
1198 163 1246 192 111.
1283 162 1358 191 1828.
1395 162 1444 190 Nr.
1456 162 1516 191 814.
1534 163 1595 192 815.
1770 165 1833 196 635

284 254 372 288 Nota
395 254 481 298 quod
505 253 652 287 dominus
679 263 739 286 rex
762 253 912 296 quittavit
941 252 1028 285 cives
1049 251 1222 285 Ulmenses
1249 261 1270 283 a
1296 250 1380 283 festo
1407 250 1495 284 beati
1524 249 1655 283 Martini
1684 250 1833 292 proxime
1848 258 1951 281 somn.

111 340 115 344 ,
176 309 313 340 venturo
336 306 378 339 de
401 309 539 349 quatuor
561 305 677 338 steuris
698 304 875 337 inmediate
898 302 1179 346 subseqnentibus.

285 358 361 391 Dat.
378 357 465 401 apud
478 357 668 399 Werdeam,
683 357 716 389 in
731 356 842 400 vigilia
855 356 1006 389 Omnium
1022 358 1216 396 sanctorum,
1233 364 1317 387 anno
1333 353 1464 387 Domini
1479 353 1726 395 MCCCXXIH,
1742 354 1833 396 regni

177 420 256 443 vero
277 410 380 443 nostri
401 419 486 442 anno
508 420 603 443 nono.

143 579 156 599 ⁸
267 577 343 614 815.
378 574 646 613 IOHANNIS
669 574 795 611 XXII.
820 574 995 612 PAPAE
1017 573 1338 611 MANDATUM
1361 573 1534 611 SUPER
1555 572 1744 611 FEUDIS

607 628 900 668 ECCLESIAE
929 628 1454 668 MAGDEBURGENSIS.

864 698 973 736 1323.
1007 697 1102 736 NOV.
1121 698 1158 735 6.

288 789 387 830 Copia
403 791 455 830 (c.)
478 789 515 822 in
529 788 732 830 Regestorum
747 789 903 822 tabularii
924 789 1074 823 Vaticani
1095 790 1166 822 tom.
1183 790 1226 821 76
1247 788 1302 828 fol.
1320 791 1361 820 61
1383 799 1434 821 nr.
1448 789 1520 821 147.
1546 808 1588 813 -—
1610 789 1674 823 Ed.
1689 800 1720 822 a.
1740 790 1833 822 1886.

179 840 220 875 Θ.
237 840 380 875 Schmidt
402 841 532 875 ‘destL
556 841 730 875 Urkunden
755 841 825 874 und
846 840 1007 883 Reqesten’
1030 842 1093 882 (=
1118 839 1426 881 Geschichtsquellen
1454 841 1510 873 der
1531 840 1670 874 vainz
1692 841 1835 874 Sachsen

134 895 160 917 ¹⁰
176 891 284 934 XXI)
307 903 344 934 p.
360 894 424 925 140
445 903 495 926 nr.
512 894 576 925 142
597 903 637 925 ex
658 903 686 925 c.
739 893 924 926 Editionem
945 893 1126 934 repetimus,
1156 892 1268 925 collato
1291 895 1434 925 extracto
1457 892 1542 934 quod
1557 893 1687 933 praebet
1709 892 1835 926 Rieeler

176 943 343 978 ‘Facilem
359 944 473 976 Akten’
490 955 526 985 p.
544 946 608 976 168
628 954 679 977 nr.
695 946 761 976 337
781 955 821 977 ex
843 955 870 977 e.

283 1004 359 1046 Rey.
384 1004 487 1036 Ifflaer
508 1004 572 1037 loco
596 1014 698 1045 supra
726 1004 771 1037 ad
797 1015 847 1037 nr.
863 1004 928 1036 289
949 1004 1046 1036 citato
1072 1014 1107 1045 p.
1123 1004 1188 1036 254
1209 1014 1260 1038 nr.
1277 1004 1359 1044 190,·
1394 1004 1702 1046 boyer-Reium
1717 1015 1753 1046 p.
1769 1007 1835 1039 267

175 1066 228 1089 nr.
245 1056 309 1088 163
316 1067 327 1095 ‚·
349 1055 465 1088 Monac
487 1056 551 1088 loco
573 1066 674 1097 supra
695 1056 741 1088 ad
760 1066 811 1089 nr.
828 1056 892 1088 795
914 1056 1012 1089 citato
1033 1066 1083 1088 m.
1100 1056 1223 1088 18444.

288 1116 339 1155 Of.
362 1117 454 1156 infra
475 1116 520 1148 ad
541 1126 571 1148 a.
589 1116 683 1149 1324.
707 1116 810 1148 Mart,
825 1117 857 1150 8.

134 1205 159 1226 1⁶
284 1198 534 1232 Venerabilibus
557 1198 708 1231 fratribus
732 1223 739 1230 .
757 1221 764 1230 .
788 1197 1011 1231 Hildesemen.
1028 1201 1062 1230 et
1085 1222 1092 1230 .
1109 1221 1117 1229 .
1140 1197 1364 1240 Razeburgen.
1381 1198 1542 1240 episcopis
1564 1208 1602 1230 ac
1625 1197 1744 1230 dilecto
1767 1199 1834 1231 filio

177 1273 185 1282 .
203 1275 210 1283 .
234 1249 345 1283 abbati
368 1250 554 1283 monasterii
577 1249 686 1283 Sancti
707 1249 798 1282 Petri
820 1249 990 1283 Erforden.
1014 1249 1203 1292 Magimtine
1226 1249 1308 1281 dioc.
1331 1249 1480 1282 salutem.

285 1301 355 1334 Etsi
366 1301 564 1345 quibuslibet
574 1302 720 1344 personis
732 1301 968 1343 ecclesiasticis,
981 1311 1021 1334 ne
1037 1301 1218 1334 afficiantur
1229 1301 1352 1333 iniuriis
1366 1303 1423 1333 aut
1437 1300 1594 1333 molestiis
1606 1301 1779 1344 agitentur,
1792 1313 1834 1335 ex

176 1355 317 1387 iniuncte
333 1353 426 1386 nobis
442 1354 604 1386 servitutis
619 1354 726 1386 officio
743 1353 938 1386 defensionis
954 1356 1112 1395 oportune
1127 1351 1278 1395 presidiis
1292 1353 1427 1385 asistere
1444 1355 1622 1393 teneamur,
1645 1352 1708 1385 illis
1724 1356 1833 1387 tamen

177 1405 360 1438 favoribus·
375 1405 491 1438 adesse
507 1416 565 1437 nos
580 1405 739 1447 convenit,
756 1405 812 1448 qui
826 1405 859 1437 in
874 1404 1099 1437 sollicitudinis
1114 1409 1241 1447 partem
1257 1405 1413 1446 assumpti
1428 1404 1564 1446 potioris
1579 1404 1745 1447 dignitatis
1761 1409 1835 1438 sunt

133 1461 160 1483 ²⁰
176 1457 271 1490 titulo
286 1457 438 1500 insigniti.
476 1456 561 1490 Sane
585 1467 644 1499 pro
663 1460 757 1500 parte
772 1456 966 1489 venerabilis
982 1456 1089 1488 fratris
1104 1456 1204 1488 nostri
1218 1454 1423 1499 Bo[r]chardi
1446 1455 1681 1499 archiepiscopi
1696 1456 1833 1500 Magdo-

177 1508 346 1552 burgensis
373 1509 434 1541 fuit
460 1510 644 1551 expositum
671 1519 780 1541 coram
808 1508 916 1549 nobis,
950 1507 1038 1551 quod
1066 1507 1229 1550 quondam
1253 1507 1485 1540 Woldemarus
1515 1507 1659 1540 marchio
1686 1508 1833 1541 Brande-

176 1560 361 1603 burgensis,
385 1561 440 1603 qui
462 1561 556 1603 plura
579 1561 713 1603 oppida,
736 1563 856 1600 castra,
879 1560 986 1602 villas,
1014 1563 1116 1592 terras
1139 1563 1172 1592 et
1195 1560 1415 1602 possessiones
1437 1559 1479 1591 ad
1503 1559 1674 1592 ecclesiam
1697 1560 1833 1603 Magde-

177 1612 371 1655 burgensem
394 1612 574 1655 spectantia
600 1612 643 1644 ab
666 1612 782 1644 eadem
806 1612 943 1644 ecclesia
970 1611 1104 1645 tenebat
1130 1612 1163 1643 in
1190 1611 1337 1652 feudum,
1371 1611 1495 1654 absque
1524 1611 1634 1643 liberis
1657 1611 1833 1645 dinoscitur

178 1664 369 1706 decessisse,
397 1667 531 1706 propter
553 1663 639 1706 quod
666 1663 848 1696 huiusmodi
877 1663 988 1706 opida,
1016 1667 1134 1703 castra,
1163 1663 1254 1703 ville,
1283 1668 1370 1695 terre
1398 1666 1432 1695 et
1458 1663 1679 1705 possessiones
1706 1663 1836 1696 fuerunt

134 1724 158 1744 ’ὁ
177 1727 236 1759 per
263 1715 487 1748 excedentiam
523 1715 566 1748 ad
593 1715 731 1748 eandem
765 1715 936 1748 ecclesiam
962 1715 1107 1758 legitime
1136 1714 1298 1747 devoluta.
1344 1714 1466 1746 Verum
1496 1713 1551 1747 dil.
1575 1714 1617 1746 fil.
1645 1714 1760 1747 nobilis
1787 1716 1836 1747 vir

177 1767 369 1800 Lodowiou's
397 1768 430 1799 in
456 1777 568 1810 regem
591 1767 810 1800 Romanorum
841 1766 979 1808 electus,
1014 1767 1069 1809 qui
1103 1777 1205 1808 nuper
1237 1766 1331 1798 unico
1364 1765 1430 1798 filio
1458 1776 1515 1797 suo
1543 1765 1584 1798 de
1612 1766 1835 1799 marchionatu

176 1819 461 1861 Brandeburgensi
495 1819 612 1852 dicitur
644 1819 839 1870 providisse,
873 1818 1012 1851 eundem
1045 1818 1323 1861 archiepiscopum
1358 1828 1431 1850 cum
1464 1818 1649 1860 importuna
1683 1819 1836 1851 instantia

177 1871 359 1915 requisivit,
391 1874 428 1903 ut
454 1870 495 1903 de
523 1872 698 1913 premissis.
715 1871 834 1913 opidis,
867 1871 994 1911 castris,
1017 1870 1114 1909 villis,
1145 1871 1238 1903 terris
1265 1873 1300 1902 et
1326 1870 1583 1912 possessionibus
1606 1870 1652 1902 sic
1675 1870 1836 1902 devolutis

178 1923 298 1956 dictum
324 1922 425 1955 filium
453 1921 644 1955 infeudaret.
690 1922 734 1955 Et
756 1923 832 1965 quia
854 1923 941 1955 idem
963 1922 1082 1954 nobilis
1105 1921 1358 1954 infeudationem
1380 1921 1564 1954 huiusmodi
1586 1921 1670 1954 adeo
1693 1922 1832 1964 precipi-

134 1981 160 2002 ⁸⁰
177 1977 283 2008 tanter
311 1974 381 2007 fieri
408 1974 522 2015 voluit,
553 1974 640 2017 quod
674 1975 735 2016 ipsi
764 1974 1006 2017 archiepiscopo
1039 1973 1116 2006 dare
1149 1973 1336 2005 dilationem
1366 1973 1510 2015 aliquam
1540 1983 1603 2005 non
1632 1973 1764 2005 volebat
1792 1973 1834 2005 ad

178 2025 424 2059 deliberandum
454 2029 488 2058 et
514 2025 716 2058 tractandum
746 2036 820 2058 cum
850 2025 904 2058 dil.
927 2025 970 2058 fil.
994 2025 1136 2068 capitulo
1165 2025 1310 2057 eiusdem
1341 2024 1479 2057 ecclesie
1510 2028 1543 2056 et
1573 2024 1644 2056 aliis
1674 2024 1834 2065 fidelibus,

179 2077 256 2121 quid
283 2080 394 2120 posset
422 2077 531 2110 facere
560 2078 593 2109 in
620 2077 680 2109 hac
710 2081 802 2120 parte
832 2077 975 2120 prefatus
1004 2071 1280 2119 archiepiscopus,
1310 2079 1346 2108 ut
1372 2077 1474 2108 vitare
1498 2076 1622 2108 valeret
1650 2075 1834 2108 huiusmodi

178 2129 453 2172 importunitatem
476 2128 532 2172 [et]
557 2128 796 2162 vehementiam
819 2129 936 2161 nobilis
959 2128 1148 2171 supradicti,
1179 2127 1220 2159 ad
1250 2131 1393 2159 nostram
1424 2127 1516 2159 duxit
1545 2137 1643 2169 super
1669 2127 1731 2159 hiis
1758 2138 1833 2169 pro-

178 2180 354 2213 videntiam
376 2180 615 2214 recurrendum.
656 2180 725 2213 Nos
747 2190 824 2213 vero
847 2180 993 2212 volentes
1015 2183 1050 2212 ut
1074 2179 1115 2212 de
1138 2179 1270 2222 negotio
1294 2179 1453 2211 dictorum
1476 2179 1644 2221 bonorum,
1667 2179 1694 2210 si
1717 2179 1835 2221 aliquis

136 2238 161 2259 π
179 2240 214 2263 se
236 2231 268 2263 in
291 2232 338 2264 eis
359 2232 409 2264 ius
430 2231 552 2264 habere
576 2231 759 2274 crediderit,
783 2232 815 2264 in
838 2235 947 2264 nostra
962 2231 1127 2274 presentia
1149 2233 1362 2273 cognoscatur
1386 2234 1420 2263 et
1443 2230 1566 2263 eisdem
1589 2230 1833 2273 archiepiscopo

181 2292 219 2314 ac
249 2282 398 2324 ecclesie,
428 2293 508 2326 quos
537 2284 569 2315 in
592 2283 768 2316 visceribus
795 2284 937 2326 gerimus
964 2283 1120 2318 caritatis.
1151 2282 1191 2314 de
1216 2282 1271 2314 illo
1298 2292 1396 2324 super
1417 2281 1479 2314 hoc
1502 2282 1647 2314 remedio
1670 2282 1834 2314 medianto

180 2334 301 2366 iustitia
322 2334 507 2376 providere,
534 2345 594 2377 per
617 2335 706 2377 quod
726 2336 773 2368 eis
796 2335 881 2368 bona
904 2334 1088 2367 huiusmodi
1111 2338 1280 2366 serventur
1302 2333 1408 2375 illesa,
1439 2333 1622 2366 discretioni
1646 2338 1752 2366 vestre
1776 2344 1835 2376 per

181 2386 359 2427 apostolica
380 2387 499 2428 scripta
520 2386 720 2428 mandamus,
744 2387 896 2430 quatinus
918 2397 976 2419 vos
998 2386 1049 2419 vel
1073 2386 1136 2418 duo
1160 2390 1216 2418 aut
1238 2396 1319 2417 unus
1335 2389 1478 2418 vestrum
1501 2395 1561 2428 per
1578 2396 1637 2418 vos
1659 2385 1711 2418 vel
1734 2385 1834 2417 alium

182 2446 239 2469 seu
268 2436 349 2469 alios
377 2436 486 2470 eidem
515 2438 759 2481 archiepiscopo
791 2449 887 2480 super
916 2438 1039 2470 eisdem
1070 2437 1163 2469 bonis
1193 2438 1238 2469 sic
1269 2437 1430 2469 devolutis
1461 2437 1603 2470 efficacis
1637 2436 1835 2470 defensionis

138 2496 164 2516 «o
182 2486 323 2530 presidio
350 2488 550 2530 assistentes,
584 2499 648 2521 non
673 2490 869 2532 permittatis
898 2500 971 2522 eum
1000 2499 1097 2531 super
1124 2488 1187 2520 illis
1213 2489 1255 2521 ab
1284 2489 1460 2531 aliquibus,
1496 2489 1623 2522 etiamsi
1651 2489 1753 2531 regali
1782 2489 1834 2520 vel

182 2548 372 2581 quacunque
401 2539 465 2572 alia
491 2540 698 2583 prefulgeant
723 2541 898 2584 dignitate,
928 2541 1071 2573 indebite
1100 2541 1274 2574 molestari.
1320 2541 1547 2574 Molestatores
1570 2541 1752 2573 huiusmodi
1777 2551 1835 2583 per

182 2600 349 2623 censuram
373 2590 624 2624 ecclesiasticam
646 2593 866 2635 appellatione
890 2593 1070 2635 postposita
1092 2592 1343 2635 compescendo,
1372 2593 1521 2625 invocato
1550 2592 1592 2624 ad
1619 2592 1681 2624 hoc
1704 2593 1730 2623 si
1754 2603 1835 2634 opus

182 2641 280 2674 fuerit
307 2641 428 2674 auxilio
455 2642 580 2675 brachii
608 2644 771 2676 secularis.
822 2644 896 2676 Non
926 2644 1075 2676 obstante
1108 2644 1135 2676 si
1165 2643 1325 2687 aliquibus
1354 2655 1374 2677 a
1401 2644 1480 2677 sede
1509 2644 1687 2686 apostolica
1717 2645 1757 2675 sit
1786 2644 1833 2675 in-

183 2693 322 2734 dultum,
346 2692 432 2736 quod
454 2694 612 2736 interdici,
635 2695 788 2738 suspendi
811 2695 863 2727 vel
887 2696 1157 2729 excommunicari
1180 2706 1243 2728 non
1267 2697 1390 2738 possint
1411 2707 1471 2738 per
1492 2695 1617 2728 litteras
1640 2695 1835 2738 apostolicas

139 2796 164 2816 ιθ
287 2787 355 2815 815.
382 2789 406 2820 ·)
425 2789 580 2823 specialibus
598 2789 746 2816 addendum
762 2799 815 2817 ease
832 2791 938 2817 videtur.

1593 2841 1643 2869 80*
