2184 3126
328 202 390 232 614
598 196 695 223 ACTA
714 195 827 223 REGNI
847 194 1030 222 LUDEWICI
1049 194 1096 221 IV.
1115 193 1161 220 ET
1181 192 1367 220 FRIDERICI
1387 193 1434 220 111.
1471 193 1546 220 1323.
1583 192 1633 219 Nr.
1646 192 1704 220 789.

584 310 669 346 789.
710 310 870 345 Litterae
898 309 1045 344 eiusdem
1073 308 1120 343 ad
1144 317 1254 352 reyem
1280 306 1494 352 Arayonum.
1602 306 1677 343 Oct.
1695 307 1732 342 4.

442 384 603 425 Oriyinale
619 386 691 425 (or.)
715 384 828 416 ibidem
847 382 940 415 ORD
961 382 1141 414 nr.12783.
1175 382 1256 414 Item
1277 381 1376 421 siqilli
1397 381 1527 422 vestigia
1548 383 1714 422 apparent.
1737 399 1780 404 —
1801 381 1864 414 Ed.
1879 381 1984 414 Finke

329 436 348 467 l.
365 446 391 468 c.
415 436 446 475 I,
469 436 533 467 393
554 446 604 468 nr.
618 435 682 467 262
704 445 743 467 ex
765 445 810 466 or.
855 434 1039 466 Editionem
1060 433 1238 474 repetimus.

437 512 534 544 Sacre
559 513 648 554 regie
671 512 854 554 magestati.

439 567 464 595 1.
491 564 622 595 Amicus
644 563 774 595 vester¹
797 562 898 594 multa
921 564 1028 593 vestre
1051 561 1142 603 regie
1165 561 1340 602 magestati
1362 561 1474 593 scribit
1496 562 1580 593 circa
1603 564 1759 593 tractatus
1781 561 1983 605 Pisanorum,
2013 579 2027 599 5

329 625 391 657 que
409 615 564 654 ommitto‚
588 618 697 646 tamen
720 614 781 645 hoc
804 615 885 645 sciat
907 614 998 655 regia
1014 616 1178 654 magestas
1202 623 1260 654 pro
1283 616 1383 653 certo,
1407 623 1537 645 omnem
1553 613 1698 651 favorem
1713 612 1835 645 habent
1857 624 1877 646 a
1898 624 1985 656 papa

328 670 360 697 et
383 676 402 696 a
425 675 501 706 rege
517 665 672 706 Roberto,
697 666 750 707 qui
771 665 907 697 multum
930 665 1088 696 libencius
1110 665 1241 705 vellent,
1266 664 1352 706 quod
1369 663 1478 696 Pisani
1501 665 1660 697 haberent
1682 664 1819 696 insulam
1836 664 1984 698 Sardinie

328 727 422 758 quam
446 727 513 758 VOS,
538 719 571 748 et
593 727 613 748 a
635 727 722 758 papa
745 719 881 758 operant
897 717 1087 758 peccuniam
1110 719 1222 748 mutuo
1239 716 1386 748 obtinere
1409 716 1450 748 ad
1467 720 1664 748 armaturam
1681 726 1773 748 suam
1792 715 1985 758 faciendam,

328 771 378 799 set
399 769 469 809 ipse
491 768 560 799 vult
583 769 676 800 nimis
700 769 747 800 eis
770 768 910 800 vendere
934 768 1051 800 salsam
1076 769 1108 799 in
1131 767 1429 799 assecuracionibus
1451 768 1613 810 petendis,
1641 779 1715 800 nam
1743 769 1826 810 petit
1848 769 1986 801 insulam

328 819 381 851 del
404 819 487 851 Elba
509 831 567 861 pro
591 821 774 852 securitate.
813 819 856 851 Et
879 819 940 851 hoc
964 819 1084 861 duplici
1107 819 1148 850 de
1165 830 1272 859 causa,
1295 822 1331 851 ut
1352 820 1455 861 possit
1476 819 1536 851 sibi
1558 820 1591 851 in
1606 823 1801 863 perpetuum
1816 830 1985 853 remanere
2005 833 2030 852 ιο

328 874 361 902 et
377 871 503 903 auferre
521 872 609 913 regie
625 872 808 914 magestati,
833 872 909 913 quia
933 871 1036 903 credit
1058 882 1115 903 vos
1131 871 1312 913 predictam
1327 871 1464 903 insulam
1488 872 1617 903 omnino
1641 881 1812 914 occupare,
1835 882 1875 904 eo
1898 871 1987 914 quod

326 922 436 954 Pisani
459 933 522 954 non
545 923 703 955 haberent
726 923 889 961 decenter,
913 923 969 955 ubi
992 923 1112 955 vellent
1128 922 1259 955 aliunde
1275 923 1366 966 regie
1381 924 1554 965 magestati
1575 923 1764 956 satisfacere
1783 923 1817 955 in
1837 923 1986 966 dampnis

329 977 362 1006 et
385 974 545 1016 expensis,
570 985 632 1016 que
656 976 746 1017 regie
769 976 942 1017 magestati
964 975 1140 1007 intulerunt
1162 976 1288 1007 iniuste.
1334 974 1393 1007 Set
1414 985 1528 1017 pamm
1551 975 1714 1008 confidunt
1735 975 1798 1018 ipsi
1812 975 1924 1008 Pisani
1944 975 1986 1008 de

329 1025 504 1057 stabilitate
520 1027 749 1067 promissorum
773 1030 839 1059 tam
863 1038 882 1058 a
905 1027 1058 1069 predictis
1074 1026 1201 1058 duobus
1217 1037 1315 1068 quam
1338 1037 1358 1058 a
1374 1026 1497 1058 Guelfis
1520 1027 1562 1059 de
1582 1027 1695 1059 Ianua.
1739 1027 1783 1059 Et
1805 1027 1920 1060 durum
1936 1030 1987 1060 est

329 1077 375 1108 eis
399 1087 470 1108 cum
493 1077 555 1108 illis
578 1088 612 1109 se
635 1078 779 1120 iungere.
825 1079 867 1110 Et
889 1083 1023 1121 propter
1045 1079 1107 1111 hoc
1125 1082 1296 1111 moventur
1318 1090 1338 1111 a
1360 1081 1500 1111 tractatu
1522 1090 1587 1111 non
1609 1083 1719 1111 tamen
1742 1079 1785 1111 ad
1808 1104 1816 1111 .
1834 1105 1841 1111 .
1859 1105 1866 1112 .
1884 1085 1907 1111 .·
1931 1081 1986 1123 qui
2003 1092 2029 1112 ιι

329 1138 388 1169 per
410 1129 533 1169 regiam
556 1133 770 1170 magestatem
794 1130 937 1162 debeant
959 1131 1134 1173 acceptari,
1158 1131 1241 1162 sicut
1263 1131 1384 1163 amicus
1407 1131 1513 1163 fidelis
1534 1131 1637 1163 lacius
1659 1130 1779 1163 scribit.
1817 1130 1853 1164 Si
1874 1134 1986 1164 tamen

327 1179 417 1221 regia
439 1183 601 1222 magestas
624 1181 762 1213 intendit
786 1185 897 1214 tenere
921 1186 1093 1215 tractatum
1117 1193 1190 1214 cum
1213 1183 1270 1222 eis,
1293 1183 1401 1215 mittat
1423 1184 1527 1215 virum
1549 1184 1731 1224 sapientem
1755 1186 1788 1214 et
1811 1183 1986 1216 discretum

328 1240 365 1261 ac
390 1232 488 1262 etiam
510 1231 658 1272 fidelem,
692 1232 732 1264 de
764 1244 827 1275 quo
858 1235 980 1266 amicus
1011 1234 1114 1276 possit
1141 1234 1225 1266 bene
1254 1234 1434 1275 confidere,
1465 1245 1530 1266 non
1553 1234 1746 1267 familiarem
1769 1245 1869 1277 pape,
1899 1235 1986 1277 regis

326 1282 488 1322 Ro(berti)
512 1293 571 1315 nec
595 1285 648 1325 qui
673 1284 751 1316 velit
773 1286 939 1328 negligere
963 1286 1050 1318 facta
1072 1287 1163 1328 regia
1187 1296 1224 1317 ac
1247 1286 1406 1318 beneficia
1429 1286 1585 1318 obtinere.

436 1336 464 1365 2.
489 1334 573 1366 Item
596 1336 703 1367 sciatis
727 1337 813 1378 quod
843 1338 928 1369 circa
956 1338 1077 1369 factum
1105 1338 1191 1380 regis
1214 1337 1418 1378 Alamannie,
1442 1337 1482 1370 de
1506 1348 1570 1380 quo
1595 1338 1698 1370 eciam
1721 1337 1872 1371 scribitur
1894 1338 1984 1380 regie
2003 1349 2030 1370 ω

327 1386 510 1426 magestati,
535 1389 656 1418 tantam
680 1388 879 1420 voluntatem
900 1389 1042 1421 ostendit
1057 1393 1090 1422 et
1113 1392 1237 1421 tantam
1252 1389 1452 1421 iracundiam
1469 1393 1581 1421 contra
1595 1390 1711 1432 ipsum,
1736 1389 1823 1432 quod
1838 1389 1987 1422 mirabile

329 1439 386 1468 est.
433 1436 490 1468 Set
513 1437 660 1470 dominus
683 1439 879 1482 N(eapoleo)
904 1441 1076 1474 cardinalis
1098 1442 1131 1473 in
1155 1442 1344 1474 consistorio
1368 1442 1477 1473 statim
1499 1442 1622 1484 incepit
1642 1442 1810 1483 resistere,
1840 1443 1922 1474 sicut
1944 1441 1987 1474 ad

327 1498 396 1519 rem
419 1489 580 1521 insolitam
604 1493 637 1521 et
659 1492 817 1533 nocivam,
841 1496 874 1524 et
898 1493 984 1535 quod
1007 1493 1127 1525 malam
1150 1494 1292 1535 speciem
1315 1493 1526 1536 pretenderet
1549 1493 1658 1526 dicere
1680 1493 1788 1534 modo,
1813 1493 1900 1536 quod
1922 1504 1988 1526 non

327 1539 426 1571 habet
448 1541 506 1581 ius,
531 1542 659 1583 quando
675 1543 972 1582 habuitkvictoriam
990 1545 1030 1577 de
1047 1545 1232 1578 adversario
1249 1556 1317 1577 suo.
1352 1545 1395 1577 Et
1411 1545 1497 1588 quod
1513 1556 1533 1577 a
1548 1545 1615 1578 VII
1630 1546 1722 1577 annis
1738 1545 1859 1577 dimisit
1875 1556 1987 1578 omnes

328 1601 383 1622 eos
399 1592 563 1624 debellare
579 1597 690 1626 mutuo
708 1598 742 1626 et
757 1598 858 1627 totam
874 1597 1102 1628 Alamanniam
1119 1597 1310 1639 perturbare
1333 1600 1367 1629 et
1388 1607 1552 1639 nunquam
1579 1597 1671 1638 dixit,
1694 1597 1782 1640 quod
1804 1608 1868 1630 non
1883 1597 1986 1630 habe·
2003 1610 2030 1630 ns

328 1646 399 1675 rent
420 1644 469 1675 ius
493 1648 526 1676 et
539 1645 625 1687 quod
642 1646 759 1679 frustra
782 1647 951 1690 bellarent,
974 1659 1034 1680 nec
1057 1659 1199 1691 unquam
1222 1660 1322 1681 unum
1344 1648 1480 1681 verbum
1496 1648 1668 1681 concordie
1683 1649 1792 1691 posuit
1813 1650 1898 1682 inter
1919 1640 1985 1682 eos.

327 1694 370 1726 Et
392 1696 493 1727 multa
516 1696 580 1727 alia
603 1697 645 1728 ad
667 1697 729 1730 hoc
754 1698 845 1740 dixit,
868 1703 904 1731 ut
926 1703 1037 1742 posset
1060 1711 1134 1732 eum
1158 1701 1324 1734 retrahere
1348 1712 1368 1733 a
1391 1700 1538 1743 predicto
1561 1702 1728 1743 proposito
1751 1702 1890 1734 ruinoso.

436 1748 464 1778 3.
488 1747 644 1780 Dominus
673 1751 771 1782 etiam
794 1751 911 1783 Petrus
942 1751 983 1783 de
1007 1752 1188 1794 Columpna
1218 1753 1314 1795 dixit,
1344 1753 1431 1795 quod
1455 1752 1588 1784 dubium
1617 1756 1703 1795 erat,
1734 1755 1842 1785 utrum
1876 1756 1987 1796 posset

328 1797 435 1830 facere
460 1810 522 1840 que
546 1800 689 1842 dicebat,
717 1803 792 1843 quia
816 1803 1064 1836 consuetudines
1087 1805 1275 1837 inconcusse
1299 1808 1332 1837 et
1354 1805 1511 1836 hactenus
1534 1804 1703 1837 observate
1726 1805 1759 1837 in
1781 1815 1883 1847 regno
1905 1805 1986 1837 Ala-

328 1850 456 1882 mannie
490 1853 683 1884 contrarium
718 1853 884 1887 habebant
917 1856 978 1887 hiis
1012 1867 1075 1898 que
1105 1856 1273 1898 dicebant,
1309 1857 1385 1899 quia
1413 1856 1536 1889 electus
1564 1859 1597 1888 et
1624 1859 1796 1889 coronatus
1817 1857 1850 1888 in
1873 1867 2031 1899 regemso

329 1900 520 1934 Alamannie
538 1904 569 1934 in
586 1903 655 1935 loco
672 1905 782 1937 debito
799 1910 832 1938 et
848 1918 920 1939 cum
938 1908 1199 1947 circumstanciis,
1224 1919 1296 1940 cum
1313 1908 1429 1950 quibus
1451 1909 1513 1940 iste
1529 1912 1701 1940 coronatus
1721 1908 1781 1940 fuit
1804 1911 1838 1940 et
1854 1908 1987 1949 electus,

330 1952 446 1991 dicunt,
469 1954 554 1995 quod
571 1957 771 1989 aministrare
788 1962 897 1999 potest
919 1960 989 1991 iura
1012 1961 1140 2002 impen'i
1164 1963 1197 1992 et
1220 1960 1307 2002 quod
1329 1971 1393 1993 non
1416 1960 1538 2002 petitur
1559 1960 1600 1992 ab
1617 1960 1756 1992 ecclesia
1771 1960 1987 2002 confirmacio,

330 2007 380 2035 set
402 2005 488 2046 quod
511 2006 632 2038 electus
656 2011 689 2039 et
711 2014 881 2042 coronatus
904 2011 1026 2043 habeat
1048 2011 1176 2044 favores
1199 2013 1336 2044 ecclesie
1360 2011 1472 2044 solitos
1496 2015 1530 2043 et
1551 2012 1674 2044 auxilia
1696 2014 1860 2044 consueta.

437 2059 466 2088 4.
491 2058 579 2090 Tunc
603 2060 770 2101 respondit
792 2072 894 2103 papa:
918 2059 1020 2094 ‘Male
1045 2063 1161 2104 dicitis,
1185 2064 1270 2095 male
1294 2063 1408 2095 dicitis.
1453 2062 1522 2095 Nos
1538 2064 1694 2095 faciemus
1710 2060 1932 2106 decretale[m]
1953 2063 1987 2095 in

331 2109 542 2141 contrarium‘.
588 2110 778 2153 Respondet
801 2113 948 2145 dominus
964 2114 1098 2146 Petrus:
1118 2111 1316 2147 ‘Decretalis
1338 2126 1397 2157 per
1418 2126 1476 2147 vos
1498 2115 1586 2147 facta
1608 2115 1730 2147 nullam
1752 2125 1870 2147 novam
1894 2114 1985 2146 vobis
2003 2128 2029 2147 ss

331 2158 450 2190 tribuet
473 2163 687 2201 potestatem'.
733 2164 891 2197 Dominus
914 2166 1052 2198 Iacobus
1075 2167 1264 2208 Gayatanus
1289 2167 1370 2198 dixit
1393 2167 1552 2198 similiter:
1579 2162 1695 2199 ‘Pater
1717 2170 1842 2206 sancte,
1870 2167 1986 2198 timen-

332 2208 407 2240 dum
438 2214 487 2241 est
516 2215 547 2242 et
577 2212 788 2247 dubitandum
818 2216 858 2248 de
888 2217 970 2250 furia
994 2218 1287 2250 Theotonicorum'.
1334 2219 1424 2251 Tunc
1452 2229 1538 2261 papa
1560 2218 1740 2260 respondit:
1763 2218 1841 2250 ‘Per
1862 2218 1984 2250 Deum!

332 2259 375 2291 Et
398 2260 512 2293 furiam
536 2264 697 2297 invenient
728 2271 761 2298 et
789 2268 907 2300 iterum
935 2269 1051 2301 furiam
1078 2270 1266 2302 invenient!³
1310 2271 1426 2302 Plures
1455 2269 1635 2302 cardinales
1658 2268 1822 2313 do[lent?]‚
1850 2273 1900 2302 set
1921 2280 1986 2301 non

333 2311 452 2343 audent
475 2315 633 2348 resistere.
679 2317 736 2349 Isti
760 2322 825 2350 tres
848 2320 1000 2352 resistunt
1024 2324 1057 2353 et
1079 2332 1242 2364 nunquam
1267 2323 1473 2354 consencient
1496 2325 1530 2354 et
1556 2322 1639 2354 forte
1669 2322 1768 2364 aliqui
1797 2322 1852 2353 alii
1881 2322 1985 2364 pauci.

441 2367 469 2395 5.
500 2365 636 2399 Multum
667 2372 878 2403 communiter
909 2372 961 2404 hic
993 2372 1124 2413 dicitur,
1160 2374 1247 2415 quod
1275 2375 1335 2406 iste
1367 2374 1516 2406 dominus
1542 2384 1607 2406 non
1636 2374 1743 2416 querit
1771 2373 1832 2405 nisi
1855 2373 2031 2407 turbarem

333 2413 485 2470 mundum
510 2419 542 2446 et
564 2418 646 2449 inter
668 2420 856 2453 christianos
880 2424 1041 2465 principes
1064 2424 1175 2455 muudi
1195 2424 1387 2456 discordiam
1405 2426 1575 2457 seminare.
1613 2425 1724 2457 Multis
1749 2425 1876 2458 videtur
1899 2425 1986 2467 quod

334 2474 360 2520 si
383 2475 467 2506 papa
491 2471 523 2498 et
543 2478 600 2499 rex
615 2469 806 2513 Ro(bertus)
830 2480 1003 2515 procurant
1026 2479 1137 2507 contra
1159 2479 1300 2507 vestram
1318 2480 1534 2518 magestatem
1556 2478 1681 2519 regiam
1703 2478 1794 2510 unire
1810 2477 1987 2510 Ianuenses

334 2516 521 2548 mtrinsecos
545 2529 615 2550 cum
631 2521 765 2564 Pisanis,
790 2525 877 2566 quod
900 2526 951 2557 hic
976 2530 1026 2558 est
1042 2528 1202 2559 notorium
1227 2531 1259 2559 et
1281 2531 1372 2569 patet
1387 2539 1447 2570 per
1470 2539 1579 2571 opera,
1604 2529 1692 2571 quod
1710 2532 1873 2572 magestas
1895 2530 1987 2572 regia

335 2566 471 2624 haberet
493 2579 527 2600 se
550 2572 639 2602 unire
663 2584 733 2604 cum
758 2576 914 2617 omnibus,
938 2588 1010 2609 cum
1034 2579 1149 2620 quibus
1165 2582 1273 2621 potest
1288 2580 1421 2611 istorum
1444 2580 1571 2613 malicie
1593 2580 1734 2612 obviare.
1779 2580 1822 2612 Et
1844 2581 1871 2612 si
1893 2583 1984 2613 tene-

335 2620 411 2649 rens
434 2618 572 2652 Saeuam
596 2633 667 2654 cum
691 2624 868 2658 Gebellinis
892 2630 1079 2662 extrinsecis
1104 2634 1136 2662 et
1158 2641 1217 2662 rex
1239 2630 1431 2663 Fredericus
1460 2632 1531 2663 unit
1553 2632 1774 2665 fortitudinem
1798 2643 1888 2665 suam
1912 2642 1984 2664 cum
2002 2643 2030 2663 45

336 2672 451 2710 vestra,
475 2682 587 2712 parum
611 2677 728 2715 poterit
750 2678 904 2718 prodesse
927 2680 1053 2712 Pisanis
1077 2681 1142 2724 liga
1166 2685 1198 2714 et
1221 2682 1416 2715 adiutorium
1440 2684 1668 2725 predictorum.

441 2746 502 2774 789.
531 2750 553 2781 ⁸)
573 2752 673 2777 verbum
692 2754 758 2779 deest
777 2765 830 2785 or.,·
847 2759 940 2789 forsan
958 2760 1099 2785 articulos?

441 2807 465 2839 1)
484 2807 543 2835 Scil.
557 2809 688 2843 Neapoleo
707 2812 737 2838 cle
760 2813 864 2841 Ursinis
882 2816 1037 2844 cardinalis.
