2184 3126
353 150 413 181 682
549 144 645 172 ACTA
665 142 778 170 REGNI
798 140 981 169 LUDE'WICI
1000 140 1047 167 IV.
1065 139 1112 166 ΕΤ
1131 138 1315 165 FRIDERICI
1333 138 1383 165 ΙΙΙ.
1419 137 1496 165 1324.
1532 137 1581 165 Nr.
1593 137 1653 166 865.
1671 136 1730 165 866.
1748 136 1809 165 867.

352 244 415 265 non
443 233 484 263 sit
513 231 645 262 dubium
668 229 710 260 ad
733 238 857 260 sacrum
880 226 1050 268 imperium
1073 225 1245 266 pertinere.
1291 224 1431 265 Propter
1453 223 1540 265 quod
1562 224 1650 265 ipsos
1672 224 1808 255 comites
1829 223 2006 256 Hollandie

352 288 385 316 et
408 294 519 316 eorum
542 281 677 313 heredes
701 280 902 311 declaramus
925 276 1095 309 comitibus
1117 275 1270 307 Flandrie
1293 275 1336 306 ad
1358 275 1544 316 homagium
1569 285 1633 306 non
1656 275 1768 307 teneri.
1803 274 1958 308 Similiter
1979 277 2006 308 si

351 336 485 368 comites
499 333 679 372 Hannonie‚
702 330 876 363 Hollandie
900 332 934 360 et
948 327 1122 360 Zeelandie
1145 326 1281 369 predicti
1305 326 1412 358 eidem
1435 326 1655 358 reformationi
1677 327 1767 368 pacis
1790 329 1824 359 et
1846 329 2006 360 contentis

351 388 383 418 in
406 386 519 417 litteris
543 394 638 426 super
660 393 698 414 eo
723 381 910 422 conscriptis
933 379 1010 426 quid
1033 379 1228 410 contrarium
1251 379 1493 419 attemptarent,
1520 377 1583 409 hoc
1605 377 1781 410 invalidum
1804 377 2006 412 decernimus

350 441 384 470 et
405 437 521 469 nullius
545 446 614 467 esse
638 434 761 466 roboris
784 433 834 464 vel
859 432 1024 463 momenti.
1113 430 1151 461 In
1175 430 1265 461 cuius
1288 429 1335 460 rei
1358 428 1579 460 testimonium
1601 432 1768 471 presentes
1791 430 1950 462 conscribi
1972 433 2006 462 et

350 488 454 530 sigillo
478 487 654 519 maiestatis
677 488 783 516 nostre
807 484 955 515 iussimus
978 481 1177 514 communiri.

456 540 577 571 Datum
600 538 631 569 in
655 537 799 577 Colonia,
824 536 862 567 V.
879 534 961 566 Non.
985 534 1104 574 Martii,
1132 543 1216 565 anno
1239 532 1371 564 Domini
1394 531 1661 573 MOOGXXIIII,
1691 533 1783 574 regni
1805 543 1882 565 vero
1904 534 2005 566 nostri

352 601 434 623 anno
457 590 498 621 X.

554 677 640 712 866.
682 674 907 720 Prolonyatio
934 674 1072 710 termini
1099 672 1300 718 receptionis
1326 673 1523 717 feudorum.
1632 672 1744 708 Mart.
1766 674 1799 709 3.

460 741 619 782 Oriyinale
641 741 677 772 in
692 739 872 772 bibliotheca
888 739 1067 771 Parisiensi
1090 738 1234 771 ‘Chartes
1249 737 1287 769 de
1305 735 1440 769 Oolbert’
1463 747 1513 768 nr.
1530 737 1602 770 531.
1648 737 1722 770 Iam
1743 737 1818 770 olim
1840 738 2005 779 descripsit

352 794 391 827 G.
414 794 528 827 Waite.
580 792 694 825 Denuo
721 791 854 824 contulit
877 791 918 822 R.
939 789 1097 824 Salomon.
1153 789 1272 821 Pendet
1298 787 1396 829 siyilli
1420 787 1638 830 fraqmentum
1666 789 1732 822 loro
1762 790 2003 823 membrwnaceo.

455 853 601 891 Bo'hmer,
625 852 700 892 Rey.
724 851 835 883 ΙΛιᾶιο.
853 861 890 891 p.
906 852 949 881 40
971 861 1021 882 nr,
1038 851 1102 881 697
1112 851 1134 880 ¹.

455 922 648 953 Ludowicus
663 920 726 952 Dei
742 921 847 962 gratia
862 919 1082 950 Romanorum
1099 928 1157 949 rex
1173 927 1301 959 semper
1316 919 1471 958 augustus
1558 916 1727 959 spectabili
1742 918 1811 950 viro
1826 917 2005 951 Wilhelmo

353 973 534 1013 Hannonie‚
558 971 731 1004 Hollandie
756 974 789 1002 et
812 970 962 1002 Selandie
986 970 1105 1009 comiti,
1134 979 1246 1001 socero
1277 970 1311 1000 et
1337 967 1425 999 fideli
1454 978 1512 1000 suo
1540 967 1658 1001 dilecto
1752 969 1890 1011 gratiam
1913 980 2005 1002 suam

350 1027 383 1056 et
406 1034 499 1056 omne
524 1024 651 1055 bonum.

458 1076 503 1107 Ut
534 1074 703 1116 spectabili
730 1073 935 1115 Lud(owico)
969 1073 1078 1104 comiti
1106 1072 1258 1104 Flandrie
1290 1072 1360 1103 vice
1391 1075 1502 1103 nostra
1538 1071 1579 1103 de
1612 1072 1804 1114 recepcione
1835 1072 2005 1104 feodorum

356 1137 485 1159 suorum
500 1126 668 1167 regalium,
693 1135 755 1167 que
779 1135 799 1156 a
820 1124 913 1156 nobis
937 1127 969 1156 et
989 1134 1080 1155 sacro
1098 1123 1198 1155 debet
1212 1123 1349 1165 imperio
1365 1123 1523 1165 obtinere,
1546 1123 1692 1155 inducias
1706 1123 1811 1165 possis
1826 1123 2004 1156 concedere

349 1178 391 1210 ad
425 1178 595 1209 terminum
624 1187 720 1218 quem
750 1176 930 1208 decreveris
957 1175 1107 1218 quodque
1137 1185 1209 1206 cum
1239 1174 1355 1206 eodem
1383 1175 1501 1207 comite
1529 1174 1570 1207 de
1597 1177 1690 1217 parte
1719 1178 1828 1207 nostra
1854 1177 2004 1217 tractare,

349 1229 492 1261 mediare
522 1231 555 1260 et
583 1238 763 1269 conponere
793 1231 826 1260 et
852 1227 990 1259 finaliter
1019 1227 1192 1259 terminare
1218 1227 1329 1258 valeas
1356 1226 1398 1258 de
1429 1226 1501 1268 hiis,
1539 1237 1603 1269 que
1633 1226 1719 1258 inter
1746 1237 1805 1258 nos
1832 1230 1865 1259 et
1899 1227 2005 1269 ipsum

349 1280 494 1321 fuerint⁸‚
519 1282 614 1321 prout
638 1279 756 1311 videris
780 1279 946 1320 expedire,
973 1279 1103 1321 plenam
1127 1278 1186 1310 tibi
1209 1278 1415 1310 concedimus
1437 1281 1550 1311 tenore
1573 1278 1777 1321 presencium
1798 1281 2006 1321 potestatem.

348 1331 468 1365 Ratum
491 1334 524 1363 et
546 1334 674 1372 gratum
694 1331 844 1372 habituri,
874 1330 1029 1373 quidquid
1056 1331 1089 1361 in
1112 1330 1276 1372 premissis
1298 1330 1351 1362 vel
1374 1331 1459 1362 circa
1481 1330 1639 1372 premissa
1662 1333 1696 1363 et
1719 1340 1831 1362 eorum
1859 1330 2006 1373 quolibet

2023 750 2048 771 io

2021 1035 2046 1056 15

349 1393 408 1424 per
442 1386 472 1414 te
506 1383 604 1414 fuerit
638 1382 827 1414 ordinatum.
935 1382 1059 1414 Dantes
1092 1382 1151 1413 tibi
1184 1385 1352 1423 presentes
1384 1381 1510 1414 litteras
1544 1382 1650 1424 sigillo
1683 1382 1863 1422 maiestatis
1896 1385 2004 1415 nostre
2027 1418 2030 1421 ,

350 1434 504 1476 sigillatas
526 1434 559 1465 in
582 1435 798 1467 testimonium
822 1445 918 1476 super
941 1444 990 1466 eo.

455 1486 574 1518 Actum
591 1489 623 1517 et
639 1486 703 1518 dat.
721 1486 807 1527 apud
824 1485 1002 1526 Coloniam,
1019 1486 1060 1517 V.
1075 1485 1186 1517 Nonas
1202 1485 1325 1523 Marcii,
1342 1495 1425 1517 anno
1440 1485 1572 1517 Domini
1587 1485 1759 1517 millesimo
1776 1485 2003 1518 trecentesimo

350 1537 500 1570 vicesimo
525 1541 649 1579 quarto,
673 1538 764 1579 regni
787 1548 863 1569 vero
887 1538 986 1569 nostri
1009 1548 1092 1569 anno
1117 1537 1252 1569 decimo.

513 1686 599 1722 867.
641 1686 853 1722 Mandatum
879 1687 918 1721 in
943 1687 1100 1731 favorem
1127 1686 1277 1722 civitatis
1309 1685 1572 1723 Tremoniensis.
1678 1685 1792 1722 Mart.
1811 1686 1848 1720 4.

461 1751 621 1791 Oriyinale
645 1753 716 1792 (or.)
739 1752 775 1783 in
797 1751 956 1784 tabulario
978 1753 1118 1784 civitatis
1139 1752 1379 1784 Tremoniensis.
1418 1752 1524 1793 Siqilli
1544 1752 1721 1784 maiestatis
1743 1751 1835 1784 dorso
1856 1751 2004 1792 impreaei

350 1803 480 1843 vestiyia
501 1803 627 1835 adsunt.
661 1823 702 1826 ———
735 1804 796 1835 Ed.
821 1803 1003 1836 Ho'hlbaum
1025 1803 1230 1836 ‘Hausisches
1259 1803 1530 1837 Urkundenbuch'
1559 1804 1614 1843 II,
1644 1805 1708 1836 176
1729 1814 1779 1836 nr.
1795 1803 1860 1835 415
1889 1813 1928 1835 ex
1957 1813 2003 1836 or.
2052 1829 2059 1834 .

351 1854 533 1886 Editionem
554 1855 732 1894 repetimus.

458 1922 649 1955 Ludowicus
678 1923 740 1955 Dei
767 1926 878 1966 gracia
901 1925 1119 1964 Romanorum
1150 1935 1207 1957 rex
1238 1935 1366 1966 semper
1393 1928 1548 1967 augustus
1646 1923 1823 1956 venerabili
1850 1924 2003 1966 episcopo

350 1974 595 2006 Monasteriensi
625 1978 657 2006 et
686 1976 897 2017 prudentibus
926 1977 1002 2008 viris
1032 1976 1215 2008 consulibus
1244 1979 1277 2008 et
1305 1977 1463 2008 universis
1490 1976 1614 2008 civibus
1635 1975 1880 2018 Lubycensibus
1913 1978 1946 2007 et
1971 1975 2005 2006 in

351 2026 514 2066 Deventir,
538 2027 602 2057 suis
626 2030 657 2058 et
680 2028 806 2068 imperii
829 2027 978 2059 fidelibus
1002 2028 1127 2060 dilectis
1217 2028 1360 2070 graciam
1383 2038 1475 2060 suam
1499 2031 1532 2060 et
1555 2038 1650 2060 omne
1673 2027 1803 2059 bonum.

460 2078 610 2114 Quamvis
633 2078 807 2119 prudentes
836 2080 893 2110 viri
921 2080 1007 2111 cives
1030 2079 1278 2111 Tremonienses
1305 2079 1463 2121 speciales
1489 2079 1589 2111 nostri
1619 2078 1729 2111 dilecti
1751 2089 1771 2110 a
1800 2078 1948 2121 pedagiis
1971 2082 2006 2111 et

352 2128 509 2160 theloneis
536 2129 575 2161 de
602 2131 761 2171 personis,
792 2130 887 2162 rebus
916 2141 954 2162 ac
981 2131 1141 2163 mercibus
1172 2132 1238 2162 suis
1261 2131 1504 2173 quibuscunque
1526 2130 1648 2172 ubique
1670 2130 1816 2162 locorum
1838 2129 1894 2162 ubi
1917 2133 2004 2163 tran-

353 2180 462 2211 sierint
484 2181 700 2221 persolvendis
723 2181 943 2214 Romanorum
966 2183 1196 2225 imperatorum
1221 2186 1253 2214 et
1276 2193 1389 2225 regum
1413 2181 1671 2215 concessionibus
1694 2185 1727 2214 et
1746 2181 1922 2224 privilegiis
1942 2182 2006 2214 sint

354 2232 506 2272 exempti,
529 2242 585 2263 vos
604 2235 722 2273 tamen,
745 2236 780 2264 ut
801 2244 912 2265 eorum
933 2235 1162 2276 conquestione
1178 2234 1397 2276 cognovimus,
1421 2234 1462 2266 ab
1483 2234 1540 2275 eis,
1563 2233 1661 2266 rebus
1681 2237 1715 2266 et
1734 2233 1895 2266 mercibus
1917 2233 2005 2276 ipso-

354 2291 424 2312 rum
452 2285 560 2313 contra
590 2283 710 2315 indulta
741 2285 982 2327 privilegiorum
1009 2286 1193 2317 huiusmodi
1219 2285 1366 2327 predicta
1392 2286 1545 2318 thelonea
1573 2286 1774 2328 extorquetis
1795 2296 1860 2318 non
1883 2285 2004 2327 absque

354 2342 464 2363 eorum
495 2334 608 2365 iniuria
640 2338 671 2365 et
694 2339 802 2367 nostra
825 2336 947 2368 offensa
970 2341 1142 2380 vestreque
1170 2338 1297 2379 salutis,
1328 2337 1382 2379 qui
1409 2337 1551 2369 alienum
1579 2339 1613 2369 et
1641 2336 1822 2369 indebitum
1851 2336 2005 2379 recipitis,

355 2382 555 2416 detrimento.
591 2384 670 2416 Cum
690 2397 765 2418 vero
788 2388 1061 2429 quemadmodum
1081 2400 1138 2421 vos
1158 2389 1254 2421 vultis
1273 2392 1382 2421 vestra
1401 2390 1531 2429 servari,
1552 2389 1598 2420 sic
1618 2388 1721 2420 eciam
1742 2388 1919 2420 teneamini
1934 2388 2006 2420 aliis

355 2445 413 2466 sua
435 2436 601 2477 privilegia
631 2447 834 2480 conservare,
862 2450 918 2471 vos
948 2442 1160 2473 communiter
1191 2444 1225 2473 et
1252 2442 1377 2474 divisim
1404 2445 1528 2475 attente
1555 2443 1748 2484 requirimus
1775 2444 1809 2474 et
1837 2451 2006 2474 monemus

355 2485 446 2517 vobis
461 2488 583 2527 precise
606 2488 826 2521 nichilominus
850 2491 1034 2534 inhibendo,
1058 2503 1098 2524 ne
1123 2493 1163 2525 de
1187 2496 1296 2526 cetero
1320 2505 1340 2526 a
1355 2494 1510 2536 predictis
1533 2493 1656 2526 civibus
1671 2494 1830 2535 premissa
1851 2493 2006 2525 thelonea

355 2538 494 2579 exigatis
510 2538 559 2569 vel
581 2539 666 2580 exigi
682 2540 816 2580 faciatis,
837 2543 901 2573 suis
918 2554 972 2574 eos
987 2545 1034 2575 uti
1051 2547 1083 2575 et
1097 2544 1239 2586 gaudere
1256 2546 1432 2587 privilegiis
1447 2546 1681 2588 permittente&
1715 2545 1872 2587 Alioquin
1885 2545 1913 2576 si
1929 2555 2005 2577 con-

356 2588 487 2620 trarium
507 2590 767 2631 intellexerimus,
788 2593 864 2633 ipsis
886 2595 917 2625 in
937 2595 1062 2627 iusticia
1082 2607 1145 2627 non
1167 2596 1330 2629 deerimus
1350 2607 1409 2639 per
1430 2598 1508 2629 iuris
1530 2600 1564 2629 et
1579 2597 1655 2629 facti
1675 2596 1820 2629 remedia
1836 2599 2004 2638 oportuna.

463 2639 582 2671 Datum
605 2641 636 2672 in
661 2641 802 2683 Colonia,
826 2644 905 2677 IIII.
928 2646 1037 2678 Nonas
1060 2647 1181 2688 Marcii,
1205 2649 1295 2690 regni
1321 2649 1421 2680 nostri
1444 2659 1528 2680 anno
1552 2648 1688 2680 decimo.

459 2715 525 2743 866.
553 2703 576 2749 ὲ)
595 2718 630 2743 εἰσ
648 2727 685 2743 or.

461 2767 489 2800 1)
508 2766 581 2800 Quae
599 2771 731 2795 notantur
748 2770 764 2796 l.
776 2778 796 2797 c.
812 2779 839 2804 2²-
854 2777 885 2798 41
904 2780 946 2799 nr.
960 2777 1020 2806 699,
1038 2781 1148 2802 erronea
1167 2783 1219 2803 esse
1235 2776 1368 2804 ridentur.

2023 1549 2050 1570 25

2023 2197 2048 2217 ³5

2023 2457 2050 2475 ⁴0

2023 2730 2050 2751 ⁴⁶
