2184 3126
482 205 578 233 ACTA
597 204 710 232 amm
730 202 911 231 LUDEWICl
932 202 978 230 1v.
998 202 1044 229 ΕΤ
1063 201 1247 229 FRIDERICI
1267 202 1316 229 111.
1353 201 1428 229 1324.
1465 202 1513 229 Nr.
1526 201 1585 230 909.
1796 204 1859 233 743

201 302 366 324 enormem
390 295 423 325 et
446 293 602 324 iacturam
630 291 696 334 pati
720 290 880 331 videmus,
911 289 1151 331 compacientes
1179 288 1238 320 sibi
1262 288 1304 320 ab
1328 289 1463 329 intimis,
1493 292 1526 319 ct
1555 291 1689 330 propter
1714 292 1858 320 sanctam

200 343 297 376 fidem
329 343 536 384 catholicam,
566 354 628 385 que
655 342 774 386 proch‘
795 341 888 374 dolor
915 341 1114 383 languescitss
1137 339 1290 372 omninoh
1318 338 1378 371 sub
1405 340 1492 381 ipso,
1523 343 1557 371 et
1580 343 1713 381 propter
1736 339 1858 371 releva-

200 397 325 428 cionem
349 396 431 427 sacri
454 394 581 437 imperii
604 398 637 426 et
659 394 839 436 principum
862 402 993 424 suorum
1017 395 1050 424 et
1072 390 1279 423 vasallorum*
1302 394 1335 423 et
1359 390 1550 423 devotorum
1574 391 1687 432 ipsius,
1716 390 1802 432 quod
1828 395 1859 422 et

201 457 281 490 quos
305 446 481 479 defendere
505 449 539 478 et
561 446 643 478 tueri
667 456 709 478 cx
732 445 911 477 iuramento
928 448 1083 483 tenemur,
1107 442 1149 475 ad
1173 453 1309 485 quorum
1333 442 1558 475 exterminium
1584 442 1653 484 ipse
1670 441 1803 481 tenditk,
1828 447 1860 472 et

169 508 181 527 ο
200 502 341 531 nostram
378 502 411 531 et
438 501 619 530 nostrorum
649 497 807 529 iusticiam
831 495 1090 536 confovendam1,
1118 505 1215 538 quam
1239 494 1422 537 opprimere
1446 495 1562 526 iniuste
1585 494 1707 535 incepit
1738 497 1770 525 et
1802 504 1859 535 pro

200 561 295 593 posse
318 549 469 590 intendit,
499 549 583 582 sed¹¹¹
607 549 758 591 propter¹
784 548 854 588 illa,
883 557 945 590 que
969 547 1010 579 de
1033 547 1104 589 ipso
1128 550 1162 578 et
1185 547 1278 579 factis
1300 546 1400 588 ipsius
1423 545 1604 577 audivimus
1626 548 1661 577 et
1682 545 1859 577 sensimunn

201 604 235 634 et
257 612 299 634 ex
322 600 547 633 verisimilibus
571 601 762 632 coniecturis
785 604 818 632 et
840 598 1062 643 probabilibus
1085 603 1118 631 et
1148 609 1188 630 ex
1219 598 1376 630 factorum
1408 598 1507 639 ipsius
1537 597 1704 629 evideneia
1735 596 1860 629 claret⁰

200 656 336 695 aperte!²
369 656 402 685 et
430 658 495 684 exq
519 652 590 684 aliis
617 662 713 694 quam
743 652 908 693 plurimis*
931 651 1074 683 articulis
1107 660 1165 682 suo
1192 650 1263 682 loco
1292 653 1325 682 et
1354 653 1501 691 tempore
1529 648 1758 680 declarandis·.
1805 648 1859 680 Et*

202 704 244 737 ad
267 707 377 736 sancta
392 703 454 736 Dei
471 703 671 745 ewangelia¹¹
687 707 772 735 tacto
796 702 879 735 libro
902 703 1109 742 iuravimus'‚
1133 703 1242 734 omnia
1258 704 1291 733 et
1305 701 1431 743 singula
1447 699 1633 743 supradicta
1653 711 1710 732 nos
1725 699 1859 732 credere

158 763 184 783 ιο
202 765 278 787 vera
301 765 386 794 esse,
409 758 442 788 et
465 754 578 796 quod*
602 754 642 786 de
666 754 821 796 predictis
850 753 929 786 talia
958 753 1089 796 probari
1112 755 1264 795 poterunt
1294 756 1405 784 contra
1433 762 1522 792 eum,
1551 751 1660 794 quod*
1683 750 1860 783 secundum

201 807 322 838 statuta
360 808 543 838 sanctorum
578 809 704 848 patrum
744 805 942 838 sufficienter
979 804 1140 837 sufficient
1175 803 1218 836 ad
1253 803 1393 836 eundem
1430 803 1608 835 hereticum
1643 802 1860 835 iudicandum.

201 856 370 889 Iul-amusy
394 858 512 897 eciam,
548 867 606 889 nos
634 868 692 899 pro
717 856 836 889 viribus
863 859 974 889 contra
1003 855 1161 888 eundem·
1189 858 1454 897 prosecuturum·
1482 854 1629 896 predicta
1663 855 1694 886 in
1724 854 1859 886 concilio

206 908 349 951 generali
374 908 623 951 congregandob
646 909 677 940 in
702 899 772 940 lodo
796 911 864 940 tuto
888 911 986 950 atque
1008 917 1121 939 securo
1145 906 1187 939 ad
1210 906 1364 938 honorem
1381 906 1443 938 Dei
1468 910 1500 938 et
1524 906 1761 938 exaltacionem
1784 905 1860 938 fidei

204 959 376 992 christiane
401 963 434 992 et
456 963 566 991 sancte
582 959 645 991 Dei
661 959 798 992 ecclesie
815 963 847 992 et
863 960 944 991 sacri
960 959 1087 1001 imperii
1111 962 1144 991 et
1160 958 1337 1000 principum
1362 961 1396 990 et
1410 957 1599 989 devotorum
1616 961 1650 989 et
1667 957 1860 989 vasallorum

159 1019 184 1040 u·
203 1012 304 1053 ipsius
327 1012 608 1043 conservacionem
632 1014 665 1043 et
687 1014 896 1053 augmentum
918 1010 1058 1043 Domino
1082 1009 1290 1042 concedente.
1339 1009 1378 1041 In
1401 1019 1464 1051 quo
1488 1019 1545 1040 nos
1569 1008 1697 1041 favente
1720 1009 1860 1040 Domino

202 1062 398 1095 intendimus
427 1063 642 1105 personaliter
670 1063 843 1103 interesse,
877 1065 1113 1104 supponentes⁰
1136 1071 1261 1094 sacrum
1291 1061 1462 1103 imperium
1486 1060 1539 1092 et‘¹
1563 1061 1739 1102 principes,
1775 1066 1860 1098 nos‘·.v

202 1113 348 1147 subditos
371 1118 404 1146 et
420 1114 559 1146 vasallos
583 1118 616 1146 et
639 1114 774 1146 devotos
796 1118 921 1146 nostros
945 1118 978 1146 et
999 1113 1193 1146 adherentes
1215 1112 1308 1145 nobis
1331 1116 1363 1145 et
1386 1111 1545 1144 adherere
1561 1111 1707 1143 volentes
1730 1122 1811 1143 nunc
1829 1116 1862 1143 et

203 1167 235 1198 in
258 1165 410 1206 futurum,
432 1166 518 1198 bona
541 1167 621 1198 sacri
645 1166 771 1208 imperii
795 1169 828 1198 et
850 1165 1011 1208 ipsorum*
1026 1168 1058 1197 et
1082 1168 1190 1197 nostra
1213 1167 1246 1196 et
1262 1163 1436 1207 dignitates
1459 1167 1494 1196 et
1507 1166 1611 1195 status
1625 1164 1708 1195 sacri
1723 1163 1861 1205 imperii,

203 1221 313 1250 nostra
336 1221 370 1250 et
392 1218 557 1260 ipsorum«
579 1217 637 1250 sub
661 1218 862 1259 protectione
886 1217 994 1249 divina
1017 1220 1049 1248 et
1072 1216 1240 1249 beatorum
1263 1215 1355 1248 Petri
1377 1219 1411 1247 et
1432 1215 1526 1247 Pauli
1549 1215 1770 1257 apostolorum
1793 1215 1861 1246 eius

159 1275 186 1295 ¹⁰
209 1273 242 1301 et
265 1268 342 1301 dicti
365 1269 447 1301 sacri
470 1269 689 1311 congregandi
713 1269 839 1301 concilii
862 1272 896 1301 et
918 1268 1051 1300 sancte'¹
1075 1267 1212 1300 ecclesie
1242 1270 1275 1299 et
1301 1267 1478 1309 apostolice
1502 1266 1588 1298 sedis
1611 1270 1645 1298 et
1667 1265 1860 1308 apostolici‘,

203 1320 353 1353 catholici
376 1323 409 1353 et
431 1320 568 1362 legitimi
591 1320 688 1352 futuri
711 1321 827 1352 summi
850 1320 1017 1362 pontificis.

313 1374 363 1405 33.
397 1371 412 1391 ¹¹
428 1371 544 1404 Licet²
568 1372 653 1404 enim
682 1371 834 1414 pudenda.
862 1372 962 1413 patris
985 1371 1114 1413 proprio
1138 1370 1276 1402 libenter
1299 1369 1397 1412 pallio
1422 1373 1622 1412 tegeremus,
1651 1368 1693 1400 ob
1717 1368 1861 1400 favorem

203 1426 312 1455 tamen
336 1422 494 1455 catholice
523 1422 599 1455 fidei
627 1426 661 1455 et
690 1422 915 1463 devocionem,
948 1432 1045 1464 quam
1071 1421 1113 1454 ad
1140 1425 1285 1454 sanctam
1312 1421 1482 1453 ecclesiam
1505 1419 1700 1452 Romanam¹
1723 1424 1860 1452 matrem

305 1508 375 1536 9⁰9·
402 1509 420 1542 f)
439 1510 503 1543 proh
521 1508 547 1536 8.
559 1508 584 1535 4.
598 1509 622 1536 5.
719 1508 746 1542 8)
764 1509 859 1543 langw.
878 1508 904 1534 3.
1003 1507 1029 1540 ¹¹)
1046 1509 1116 1534 deest
1132 1507 1158 1534 4.
1170 1508 1195 1534 5.
1300 1507 1318 1540 ¹)
1337 1516 1443 1534 suorum
1462 1507 1526 1534 add.
1543 1506 1568 1533 4.
1581 1506 1606 1533 5.
1707 1506 1733 1537 ¹¹)
1752 1507 1862 1532 intendit

159 1555 184 1575 ²⁸
204 1552 228 1578 2.
242 1551 259 1578 4
277 1552 315 1585 (in
333 1561 414 1587 supra
434 1553 529 1579 lineam
547 1552 611 1579 add.
629 1551 665 1585 2).
753 1551 772 1584 ¹)
791 1552 927 1578 fovendam
945 1552 970 1578 5.
1062 1551 1094 1583 ¹¹²)
1113 1556 1139 1578 et
1156 1551 1219 1577 add.
1237 1551 1262 1577 5.
1358 1551 1384 1582 ιι)
1403 1550 1528 1576 sentimus
1546 1550 1571 1576 5.
1668 1549 1693 1582 ⁰)
1711 1550 1780 1575 clare
1797 1549 1822 1575 4.
1835 1549 1860 1575 5.

205 1595 230 1628 Ρ)
249 1599 322 1629 patet
338 1595 362 1622 4.
375 1596 400 1622 5.
488 1594 515 1628 a)
532 1596 600 1622 deest
618 1595 642 1620 5.
723 1595 746 1627 ι·)
763 1595 882 1629 pluribus
899 1593 924 1621 4.
937 1595 963 1621 5.
1045 1595 1067 1626 ·)
1085 1594 1268 1620 declarandum
1287 1593 1312 1620 2.
1394 1592 1414 1626 α)
1433 1594 1517 1619 Etiam
1535 1592 1560 1619 5.
1642 1592 1667 1625 ¹¹)
1685 1600 1780 1626 evang.
1797 1591 1822 1618 2.
1836 1591 1861 1617 4.

205 1638 230 1670 V)
250 1639 367 1665 iuramus
384 1638 409 1664 4.
485 1637 517 1672 w)
535 1638 605 1664 deest
621 1637 646 1664 2.
661 1637 684 1664 3.
755 1637 780 1671 ¹)
797 1646 849 1671 que
867 1637 892 1664 4.
971 1637 995 1670 5)
1014 1637 1160 1663 Iuravimus
1178 1636 1202 1662 5.
1282 1637 1304 1669 ¹)
1323 1640 1411 1663 contra
1428 1637 1505 1663 eund.
1524 1645 1569 1670 pro
1587 1637 1634 1662 vir.
1653 1635 1678 1661 5.
1765 1635 1789 1667 ⁸)
1807 1644 1862 1669 per-

203 1685 353 1708 secuturum
367 1681 389 1707 1.
399 1680 425 1708 2.
436 1680 465 1711 3;
480 1685 658 1715 persecuturos
670 1680 694 1707 4.
705 1681 729 1707 5.
799 1680 824 1714 ¹³)
837 1675 994 1714 congregato
1005 1680 1031 1707 4.
1102 1681 1127 1712 ⁰)
1140 1681 1206 1706 idem
1218 1679 1282 1706 aad.
1293 1679 1318 1706 2.
1328 1679 1353 1706 4.
1362 1679 1387 1706 5.
1458 1678 1484 1711 ἅ)
1497 1679 1566 1705 deest
1576 1679 1600 1706 5.
1671 1679 1694 1711 ο)
1707 1679 1781 1705 nobis
1793 1687 1861 1708 corr.

203 1732 235 1750 ex
247 1733 294 1750 nos
305 1723 334 1754 3;
348 1728 448 1750 nostros
461 1728 486 1751 et
500 1723 526 1751 4.
535 1725 560 1751 5.
616 1723 636 1756 f)
650 1728 795 1750 nostrorum
808 1723 833 1750 4.
843 1724 868 1750 5.
927 1724 953 1756 Β)
965 1728 991 1750 et
1003 1724 1116 1757 ipsorum
1129 1723 1180 1749 dee.
1195 1723 1221 1755 l,
1235 1723 1345 1749 lamnae
1355 1723 1439 1756 spatio
1450 1722 1576 1754 ιἠἀίοαως
1589 1726 1714 1756 ponentes
1726 1722 1789 1747 add.
1801 1720 1826 1747 4.
1836 1722 1861 1747 5.

165 1769 190 1789 ³⁰
210 1766 238 1800 ιΙ)
256 1768 346 1793 matris
364 1767 427 1793 add.
446 1766 471 1794 4.
481 1767 506 1794 5.
576 1766 595 1798 Ι)
613 1770 640 1793 et
657 1766 720 1792 add.
738 1767 763 1793 4.
833 1765 859 1798 k)
877 1774 944 1792 nova
963 1766 1033 1792 linea
1052 1766 1075 1791 1.
1088 1765 1119 1798 2;
1138 1766 1239 1798 siquam
1252 1765 1422 1799 par-nymphi
1439 1765 1464 1792 3.
1535 1763 1554 1795 ¹)
1572 1766 1645 1791 Rom.
1662 1765 1726 1791 eccl.
1744 1764 1769 1790 5.

207 1833 326 1869 deprimi
347 1842 380 1861 ac
399 1833 634 1862 deformationem
653 1841 791 1861 enormem
809 1839 839 1862 et
857 1833 994 1861 iacturam
1014 1833 1075 1868 pati
1094 1833 1234 1864 dicebant,
1254 1833 1460 1868 compatientes
1477 1833 1514 1860 ab
1533 1832 1641 1860 intimis
1658 1841 1691 1860 ac
1709 1832 1864 1859 christiane

210 1876 284 1910 fidei,
303 1876 332 1904 in
351 1885 407 1911 qua
425 1877 501 1904 salus
519 1875 676 1904 animarum
695 1876 826 1904 consistit
843 1878 872 1904 et
889 1885 944 1911 que
961 1876 1019 1904 suis
1037 1876 1211 1911 temporibus
1229 1876 1299 1910 proh
1320 1876 1399 1903 dolor
1417 1875 1615 1903 miserabiliter
1636 1874 1810 1903 contabescit
1834 1878 1862 1902 et

207 1919 326 1955 deperit,
344 1921 377 1947 ut
394 1919 537 1952 dicebant,
556 1919 680 1954 periculo
699 1919 885 1947 condolentes.

311 1972 336 2005 1)
358 1970 400 2004 Cf.
415 1979 445 2005 p.
459 1974 507 1998 742
524 1973 579 1998 not.
593 1975 620 2004 1,
639 1971 750 2004 itemque
768 1971 784 1998 l.
802 1979 825 1998 c.
843 1979 869 2005 p.
882 1974 943 1998 102.-
971 1971 1095 1998 iurantes
1113 1970 1148 1998 ad
1166 1972 1265 1998 sancta
1283 1970 1334 1998 Dei
1353 1970 1502 2006 euangelia
1519 1969 1597 1998 facta
1615 1969 1810 2004 corporaliter,
1834 1978 1863 1995 se

161 2025 187 2046 η
206 2013 341 2050 premissa
359 2014 453 2041 omnia
471 2016 500 2042 et
519 2013 632 2050 singula
650 2014 763 2041 credere
781 2023 840 2042 esse
860 2022 926 2042 vera
944 2017 973 2042 et
991 2022 1072 2049 posse
1092 2013 1213 2049 probari.

308 2056 336 2091 2)
358 2056 398 2091 Cf.
411 2057 634 2091 protestationem
649 2056 772 2091 Philipps*
790 2057 860 2092 regis
873 2057 1018 2090 Franciae,
1036 2065 1104 2091 quae
1122 2057 1327 2091 appdlationem
1348 2055 1483 2083 Guilklmn·
1500 2056 1610 2083 αἐαωηι
1627 2056 1718 2082 statim
1733 2055 1862 2089 sequitur,

207 2099 224 2127 1.
237 2107 259 2126 c.
269 2108 299 2134 p.
313 2103 361 2127 107
371 2107 421 2134 sq.:
492 2100 550 2126 Nos
569 2099 719 2134 Philippus
740 2099 788 2127 Dei
806 2099 901 2135 gratia
914 2100 1030 2128 Francis
1048 2108 1103 2132 rex,
1123 2099 1228 2127 auditis
1247 2101 1276 2127 et
1294 2098 1447 2127 intellectis
1463 2098 1616 2133 propositis
1633 2101 1662 2126 et
1675 2097 1795 2126 obiectis
1813 2106 1864 2133 per

207 2150 256 2170 vos
275 2162 568 2170 ............
588 2143 687 2176 contra
705 2142 880 2170 Bonifacium
903 2152 975 2170 nunc
995 2142 1119 2170 Romane
1137 2142 1256 2170 ecclesie
1273 2141 1404 2177 regimini
1422 2141 1621 2176 presidentem,
1647 2140 1716 2168 licet
1733 2140 1864 2176 pudenda

206 2185 297 2220 patris
315 2185 466 2213 cuiuslibet
485 2185 601 2220 proprio
620 2185 741 2213 libenter
760 2185 848 2220 pallio
867 2188 1036 2221 tegeremus,
1060 2186 1096 2214 ob
1115 2186 1249 2214 fervorem
1269 2188 1363 2213 tamen
1387 2184 1526 2212 catholice
1551 2183 1615 2212 fidei
1634 2192 1667 2211 ac
1685 2183 1862 2212 devotionem

161 2236 190 2258 so
206 2226 346 2261 eximiam.
364 2237 450 2263 quam
471 2228 507 2255 ad
525 2230 733 2256 sacrosanctam
747 2228 900 2256 Romanam
920 2231 949 2257 st
967 2229 1152 2256 universalem
1171 2227 1318 2261 ecclesiam
1335 2229 1452 2256 matrem
1471 2229 1595 2255 nostram
1613 2230 1644 2255 et
1656 2224 1779 2255 omnium
1797 2225 1862 2253 fide-

209 2269 288 2304 lium,
307 2279 437 2306 sponsam
451 2270 565 2303 Christi,
585 2271 795 2306 progenitorum
812 2274 969 2299 nostrorum
988 2271 1139 2299 inherendo
1158 2271 1286 2306 vestigiis
1303 2271 1434 2306 gerimus,
1453 2271 1502 2306 qui
1514 2279 1564 2306 pro
1577 2270 1749 2298 exaltatione
1767 2277 1800 2296 ac
1819 2268 1863 2296 de-

210 2312 336 2341 fensione
354 2313 544 2342 ecclesiastice
565 2313 708 2348 libertatis
727 2316 756 2342 et
773 2314 838 2342 fidei
852 2314 996 2350 proprium
1015 2314 1179 2351 sanguinem
1197 2314 1313 2342 fundere
1331 2313 1444 2342 minime
1463 2313 1678 2346 dubitaverunt,
1697 2312 1761 2340 fidei
1780 2320 1863 2347 nego-

212 2354 254 2384 tio
273 2357 302 2384 et
319 2355 436 2385 ecclesie
454 2356 543 2385 statui
562 2357 670 2385 consuli
688 2357 842 2392 cupientes,
861 2366 912 2392 pro
930 2358 1046 2385 vitando
1065 2358 1212 2393 dispendio
1231 2357 1358 2385 scandali
1375 2356 1516 2392 generalis
1534 2356 1668 2392 premissa
1690 2357 1863 2390 nequeuntes

210 2397 327 2426 ulterius
345 2400 461 2435 urgente
479 2399 653 2428 conscientia
670 2400 722 2428 sub
745 2400 926 2428 conniventia
945 2401 989 2428 vel
1009 2400 1233 2428 dissimulatione
1253 2400 1383 2432 transire,
1410 2408 1471 2427 eum
1496 2408 1580 2435 super
1595 2399 1641 2427 his
1659 2407 1693 2427 ex
1711 2397 1862 2433 freqiienti-

164 2451 191 2470 ιι
209 2439 262 2468 bus
285 2442 324 2477 etv
337 2441 456 2469 assiduis
480 2442 650 2470 elamoribus
672 2451 722 2478 per
744 2442 899 2479 fidedignos
921 2445 951 2471 et
973 2452 1075 2478 magne
1098 2443 1262 2471 autoritatis
1284 2442 1358 2470 viros
1379 2451 1446 2478 sepe
1464 2444 1494 2471 et
1515 2442 1610 2478 sepius
1632 2441 1781 2470 inculcatis
1803 2441 1863 2468 eius

212 2482 308 2518 opinio
333 2483 513 2512 vehementer
537 2486 568 2512 st
588 2485 756 2513 notabiliter
779 2486 819 2514 sit
841 2488 962 2522 gravata
980 2506 1194 2514 .........
1214 2494 1317 2521 vosque
1334 2506 1548 2515 .........
1568 2487 1700 2514 evocatos
1725 2485 1864 2512 instanter

208 2525 375 2560 requirimus
399 2528 429 2555 et
450 2526 626 2555 obsecramus
643 2536 695 2563 per
717 2528 824 2556 viscera
845 2529 1034 2557 misericordie
1054 2529 1114 2557 lesu
1134 2528 1251 2563 Christi,
1274 2531 1413 2564 quatenus
1435 2528 1594 2557 huiusmodi
1616 2527 1815 2556 convoeacioni
1834 2529 1863 2553 et

211 2569 422 2604 congregationi
441 2569 560 2603 concilii,
578 2569 607 2598 in
626 2579 682 2606 quo
700 2572 886 2606 personaliter
903 2572 1075 2599 intendimus
1094 2571 1236 2604 interesse,
1254 2571 1324 2600 totis
1342 2573 1374 2599 ut
1392 2571 1526 2600 condecet
1543 2571 1644 2600 studiis
1662 2570 1817 2599 intendatis
1830 2579 1863 2597 ac

210 2610 264 2638 viis
281 2613 311 2639 et
322 2611 412 2640 modis
425 2612 556 2648 congruis
575 2613 727 2642 efficaciter
738 2614 880 2642 laboretis.
911 2614 954 2642 Ne
972 2616 1067 2642 autem
1080 2615 1173 2643 dictus
1183 2614 1353 2649 Bonifacius,
1371 2614 1420 2650 qui
1438 2614 1563 2643 animose
1579 2616 1609 2643 et
1620 2614 1753 2642 iniuriose
1766 2615 1862 2640 contra

163 2663 190 2683 so
207 2662 258 2681 nos
275 2653 380 2689 pluries
397 2654 454 2683 fuit
471 2655 621 2690 procedere
639 2656 831 2689 comminatus,
850 2657 987 2692 impedire
1006 2660 1147 2693 satagens,
1165 2667 1199 2686 ne
1218 2666 1270 2686 sua
1287 2658 1311 2685 si
1330 2666 1387 2693 qua
1405 2658 1464 2686 sint
1484 2657 1514 2685 in
1532 2658 1624 2686 lucem
1644 2657 1760 2685 veniant
1779 2665 1863 2691 opera

207 2697 398 2731 tenebrarum,
423 2697 584 2726 huiusmodi
603 2699 797 2727 convocationi
817 2701 846 2728 et
864 2700 1077 2736 congregationi
1096 2701 1209 2729 concilii
1227 2701 1334 2729 directe
1352 2701 1397 2729 vel
1419 2701 1555 2729 indirecte
1578 2699 1781 2736 impedimenta
1804 2708 1863 2734 pre-

207 2739 308 2767 stando
326 2740 371 2768 vsl
389 2740 475 2769 aliter
492 2741 592 2776 quovis
614 2741 698 2774 modi,
716 2742 804 2777 [quin]
823 2745 916 2771 status
934 2745 1026 2771 vester
1043 2743 1073 2771 in
1091 2753 1124 2772 eo
1143 2743 1253 2780 integer
1270 2744 1388 2776 existat,
1410 2746 1507 2772 contra
1525 2752 1588 2775 nos.
1606 2745 1712 2770 statum
1731 2745 1863 2773 nostrum,

207 2782 354 2816 ecclesias,
378 2783 515 2818 prelatos,
539 2784 659 2812 barones
682 2787 711 2813 st
729 2785 801 2813 alios
818 2786 923 2820 fideles,
950 2787 1072 2815 vasallos
1090 2789 1120 2815 et
1143 2787 1273 2816 subditos
1291 2789 1411 2819 nostros,
1434 2789 1523 2815 terras
1541 2788 1650 2814 nostras
1670 2786 1713 2813 vel
1733 2785 1863 2820 ipsorum.

210 2834 327 2861 regnum
344 2827 470 2854 nostrum
488 2829 517 2854 et
537 2827 625 2862 ipsius
643 2828 722 2864 regni
740 2830 847 2856 statum
866 2829 894 2856 in
913 2829 1008 2864 aliquo
1027 2830 1171 2865 spirituali
1189 2830 1285 2866 gladio
1302 2830 1445 2859 abutendo
1462 2830 1497 2858 de
1515 2831 1591 2858 tacto
1611 2829 1743 2864 procedat
1757 2837 1864 2856 excom-
