2190 3172
312 136 374 167 220
511 132 608 159 ACTA
627 131 738 159 REGNI
757 129 940 158 LUDEWICI
960 129 1006 156 IV.
1025 129 1073 156 ET
1089 127 1276 156 FRIDERICI
1294 128 1343 155 111.
1381 128 1455 156 1315.
1491 128 1540 155 Nr.
1552 128 1613 156 257.
1630 127 1689 156 258.
1707 127 1767 155 259.

649 255 734 290 257.
776 253 966 298 Responsio
993 252 1089 288 Petri
1115 252 1156 287 de
1184 252 1362 288 Columna.
1466 251 1556 298 Apr.
1575 253 1638 288 12.

423 329 585 370 Oriyinale
614 328 752 360 eiusdem
777 326 846 368 fere
872 326 989 358 tenoris
1017 326 1131 358 ibidem
1157 325 1250 358 ORD
1273 326 1336 366 Ap.
1352 326 1405 359 39.
1435 344 1477 349 -
1506 325 1699 358 Extractum
1721 325 1795 356 item
1825 323 1845 355 l.
1861 333 1888 357 c.
1909 323 1968 355 sub

311 391 361 413 nr.
376 381 449 420 241,
470 388 495 412 3.
542 380 733 420 Repetimus.

424 436 473 475 Of.
498 437 590 475 infra
611 446 660 467 nr.
676 435 750 466 289.
774 434 849 466 290.

423 537 454 546 ..
473 538 479 545 .
498 538 505 544 .
531 513 731 554 Cuperemus
754 514 864 543 tamen
887 510 928 542 ob
952 509 1218 552 amplitudinem·
1241 509 1371 541 honoris
1394 508 1485 540 ducis
1508 507 1669 549 eiusdem,
1691 510 1727 539 ut
1749 507 1969 540 Romanorum
1999 519 2011 539 ε.

311 567 398 608 regis
433 565 548 596 electio
585 564 698 595 fuisset
732 562 774 594 ad
810 562 908 594 divini
942 561 1074 593 laudem
1106 562 1244 593 nominis
1273 561 1364 592 iuxta
1393 560 1648 602 competenciam
1675 562 1710 591 et
1738 561 1858 591 statum
1887 558 1969 591 tanti

311 617 434 659 negotii
458 617 489 647 in
513 616 629 647 maiori
651 614 824 647 concordia
847 613 1011 646 celebrata
1036 638 1042 644 .
1060 637 1068 645 .
1086 637 1093 645 .
1111 638 1118 645 .

598 746 684 781 258.
727 746 920 791 Responsio
946 745 1178 791 Neapoleonis
1204 745 1246 780 de
1277 744 1426 780 Ursinis.
1531 743 1622 788 Apr.
1641 743 1698 778 13.

422 820 584 861 Oriyinale
613 819 689 861 (or.)
724 820 837 852 ibidem
874 819 966 852 GRD
990 821 1106 851 11213.
1140 837 1184 843 —
1217 818 1279 850 Ed.
1303 818 1408 850 Finke
1441 817 1460 850 l.
1485 827 1509 850 c.
1541 817 1599 850 sub
1629 827 1679 849 nr.
1699 816 1779 855 241,
1803 823 1817 846 1
1851 826 1891 848 ex
1923 826 1970 848 or.

311 874 494 906 Editionem
517 871 697 911 repetimus.
1990 879 2015 899 ιο

422 948 606 981 Excellenti
630 950 664 979 et
686 947 858 989 magnifico
881 947 1016 989 principi
1040 946 1170 979 domino
1194 946 1315 978 Iacobo
1338 946 1402 978 Dei
1425 947 1531 988 gratia
1553 946 1623 988 regi
1643 945 1759 977 illustri
1773 946 1972 987 Aragonum,

312 1002 483 1041 valencie,
520 999 667 1032 Sardinie
704 1002 738 1030 et
774 999 906 1031 Corsice
941 999 1115 1040 comitique
1147 998 1402 1030 Barchinonensi
1436 1008 1473 1029 ac
1507 1001 1619 1029 sancte
1652 997 1800 1029 Romane
1835 996 1972 1028 ecclesie

310 1053 510 1092 vexillifero,
542 1051 713 1083 ammirato
742 1053 776 1082 et
808 1051 978 1092 capitaneo
1001 1050 1166 1091 generali,
1189 1050 1293 1081 amico
1317 1052 1426 1081 nostro
1450 1049 1615 1080 carissimo
1703 1047 1851 1090 Napoleo
1874 1048 1972 1079 mise-

312 1106 441 1137 racione
466 1103 575 1134 divina
599 1101 709 1133 Sancti
733 1102 867 1134 Adriani
892 1101 1045 1133 diaconus
1068 1101 1240 1133 cardinalis
1328 1110 1399 1133 cum
1424 1101 1549 1133 sincera
1579 1100 1751 1132 dilectione
1779 1099 1916 1131 salutem
1939 1102 1974 1131 et

315 1156 456 1188 felicium
480 1164 686 1186 successuum
711 1154 920 1185 incrementa.
1992 1164 2016 1184 ιε,

421 1206 613 1238 Serenitatis
646 1207 753 1236 vestre
782 1205 908 1237 litteras
937 1214 1000 1246 qua
1032 1203 1141 1235 decuit
1168 1203 1346 1235 affeccione
1378 1205 1560 1246 recepimus
1589 1207 1623 1236 et
1655 1205 1798 1246 ipsarum
1827 1205 1974 1235 tenorem

312 1258 532 1291 intelleximus
557 1257 740 1299 diligenter.
785 1256 839 1288 Ad
864 1266 943 1298 quas
965 1255 1181 1297 magnitudini
1204 1259 1310 1287 vestre
1335 1255 1486 1287 duximus
1508 1255 1783 1298 respondendum,
1807 1254 1894 1297 quod
1916 1265 1976 1287 nos

314 1315 348 1342 et
370 1311 518 1342 homines
542 1309 657 1340 domus
680 1311 788 1340 nostre
812 1308 1018 1340 serenissimo
1042 1307 1180 1349 principi
1203 1307 1332 1339 domino
1349 1307 1524 1339 Frederico
1547 1307 1612 1339 Dei
1634 1307 1745 1349 gracia
1766 1307 1838 1348 regi
1852 1306 1974 1339 Roma-

312 1373 427 1394 norum
461 1361 577 1392 illustri
614 1361 748 1402 eiusque
783 1360 893 1391 domui
928 1359 968 1391 ab
1000 1360 1132 1401 antiquo
1167 1359 1284 1390 fuimus
1318 1362 1351 1390 et
1379 1370 1462 1391 nunc
1492 1370 1601 1391 sumus
1628 1359 1661 1391 in
1691 1358 1912 1390 benivolentia
1942 1361 1976 1390 et

312 1414 475 1445 amicitia·
498 1412 688 1454 specialiter
711 1411 872 1443 coniuncti
895 1421 1052 1453 suamque
1083 1414 1116 1442 et
1144 1410 1258 1442 domus
1288 1421 1344 1442 sue
1368 1410 1590 1442 affectavimus
1614 1413 1648 1442 et
1670 1410 1859 1442 affectamus
1882 1409 1974 1442 exal·
1992 1421 2019 1441 ω

313 1466 474 1496 taoionem
509 1467 542 1496 et
575 1464 787 1505 promotionis
821 1466 995 1505 augmenta
1030 1465 1063 1493 et
1101 1462 1142 1494 ad
1174 1461 1449 1494 manutenendum
1489 1465 1523 1494 et
1562 1461 1817 1504 promovendum
1855 1465 1975 1494 statum

312 1516 414 1557 ipsius
445 1515 641 1547 intendimus
670 1525 728 1556 pro
757 1525 852 1556 posse
880 1513 1071 1555 impendere
1099 1513 1254 1545 auxilium
1282 1516 1315 1545 et
1343 1514 1503 1546 iuvamen.
1549 1513 1672 1545 Verum
1696 1513 1771 1556 quia
1794 1524 1892 1556 super
1913 1513 1975 1545 hoc

313 1568 405 1609 regia
428 1567 521 1598 nobis
544 1567 731 1608 precamina
757 1566 957 1608 porrexistis,
980 1576 1039 1597 nos
1063 1576 1102 1597 eo
1125 1565 1278 1597 libentius
1301 1568 1335 1596 et
1357 1565 1520 1597 efficacius
1537 1566 1718 1597 animamur
1741 1568 1774 1597 et
1796 1565 1976 1597 inducimur

313 1618 355 1650 ad
386 1619 561 1660 premissa,
593 1628 656 1659 quo
686 1618 777 1648 vobis
806 1620 960 1659 tanquam
988 1617 1223 1658 specialissimo
1251 1617 1354 1648 amico
1389 1620 1498 1648 nostro
1529 1616 1751 1648 desideramus
1783 1620 1816 1648 et
1845 1626 1987 1658 semper.

313 1670 570 1702 desideravimus
601 1669 813 1711 complacere.
871 1669 994 1700 Noscat
1028 1669 1127 1711 igitur
1160 1668 1317 1700 serenitas
1351 1671 1474 1709 vestra,
1508 1679 1566 1700 nos
1599 1679 1658 1711 pro
1687 1668 1814 1710 prefato
1845 1668 1974 1701 domino
1993 1677 2019 1697 2⁵

314 1722 536 1754 Romanorum
560 1731 638 1763 rege
661 1722 693 1752 in
718 1722 786 1752 eius
810 1721 1011 1763 exequendis
1036 1720 1183 1752 comodis
1206 1723 1374 1762 promptos
1398 1721 1550 1761 existere,
1573 1721 1619 1752 ita
1635 1719 1722 1762 quod
1738 1723 1846 1752 nostre
1862 1720 1975 1752 volun-

315 1774 391 1806 tatis
415 1774 550 1805 affectus
574 1772 616 1804 ad
639 1772 796 1804 honorem
820 1783 911 1804 suum
936 1776 970 1804 et
992 1775 1134 1804 vestrum
1159 1772 1231 1804 loco
1256 1775 1289 1804 et
1313 1776 1460 1814 tempore
1484 1783 1543 1814 per
1566 1772 1717 1804 effectum
1742 1771 1887 1804 debitum
1904 1771 1976 1804 Deo

315 1825 413 1857 dante
438 1825 591 1866 operibus
614 1823 796 1866 apparebit.

423 1877 498 1908 Dat.
515 1876 677 1917 Valentis,
703 1876 755 1908 die
779 1876 873 1907 XIII.
889 1875 1021 1917 Aprilis.

537 2000 622 2035 259.
669 1999 854 2044 Responsio
883 1998 1071 2034 cardinalis
1097 1998 1250 2044 episcopi
1277 1998 1484 2034 Penestrim‘.
1590 1998 1678 2044 Apr.
1697 1999 1756 2033 18.
1993 2012 2020 2031 ω

428 2074 590 2114 Oriyinale
612 2073 728 2105 ibidem
754 2072 848 2105 CRD
870 2072 935 2113 Ap.
951 2074 1004 2104 37.
1038 2091 1080 2095 —-
1114 2072 1306 2104 Exime-tum
1334 2073 1408 2104 item
1430 2072 1477 2104 ed.
1501 2072 1607 2104 Finke
1628 2071 1648 2104 l.
1664 2082 1689 2104 c.
1712 2071 1770 2103 sub
1792 2081 1843 2103 nr.
1858 2069 1933 2109 241,
1951 2078 1976 2101 4.

318 2125 501 2157 Editionem
523 2126 694 2165 repetimus
703 2125 724 2157 ¹.

425 2203 565 2234 Domino
597 2202 717 2234 Iacobo
829 2202 899 2243 regi
928 2202 1117 2244 Aragonum
1206 2201 1403 2233 Guillermus
1432 2201 1639 2232 miseratione
1669 2199 1776 2231 divina
1807 2199 1978 2240 episcopus

318 2254 526 2286 Penestrinus
552 2281 557 2286 .
583 2278 590 2285 .
613 2279 621 2286 .

427 2306 531 2347 Super
558 2306 690 2348 negotio
714 2305 877 2347 magnifici
899 2305 1053 2347 principis
1077 2304 1198 2336 domini
1224 2304 1391 2336 Frederici
1417 2305 1450 2336 in
1477 2314 1588 2346 regem
1618 2302 1838 2335 Romanorum
1870 2301 1976 2342 electi,
1995 2313 2020 2332 ss

320 2368 378 2399 pro
410 2368 472 2398 quo
501 2357 592 2388 nobis
625 2360 732 2388 vestra
756 2357 950 2388 excellentia
977 2366 1052 2387 suas
1082 2356 1322 2398 deprecatorias
1352 2356 1478 2388 litteras
1510 2355 1697 2396 destinavit,
1726 2353 1832 2396 parati
1859 2353 1978 2385 erimus

319 2410 418 2440 vestri
441 2409 570 2440 honoris
594 2409 709 2440 intuitu
733 2409 899 2450 oportunis
921 2409 992 2440 loco
1017 2411 1050 2440 et
1072 2411 1219 2450 tempore
1243 2408 1410 2449 favorem,
1433 2418 1530 2450 quem
1560 2417 1632 2438 cum
1655 2405 1727 2438 Deo
1751 2408 1784 2437 et
1805 2405 1976 2436 honestate

423 2493 489 2520 257·
517 2495 540 2526 ὃ)
560 2495 762 2527 amplidudinem
780 2495 819 2520 ed.

424 2552 489 2579 258.
517 2554 540 2586 ¹³)
559 2555 671 2579 amicitie
690 2563 727 2579 or.

426 2621 452 2654 1)
471 2621 594 2647 Aliorum
613 2620 796 2647 cardinalium
813 2622 996 2655 responsiones
1013 2621 1128 2648 adnotat
1146 2621 1236 2649 Finke
1254 2622 1270 2648 1.
1284 2630 1306 2648 c.
1323 2622 1357 2648 in
1374 2624 1453 2655 nota,
1477 2621 1494 2648 ι’,
1509 2629 1530 2648 e.
1549 2619 1709 2654 Berenqan‘i
1725 2619 1800 2646 eard.
1820 2626 1859 2653 ep.
1879 2618 1978 2645 stm-
1995 2628 2022 2648 ω

320 2663 380 2689 lani
397 2663 478 2696 (Apr.
491 2665 532 2696 6),
562 2663 656 2689 Vitalis
673 2664 746 2690 card.
762 2665 847 2698 presb.
868 2664 893 2692 S.
907 2664 1028 2691 Martini
1053 2665 1085 2691 in
1105 2665 1246 2692 Montibus
1271 2665 1350 2699 (Apr.
1364 2669 1380 2691 6
1386 2672 1397 2698 ;
1421 2665 1456 2697 cf.
1475 2665 1551 2697 infra
1576 2672 1618 2690 nr.
1632 2667 1682 2690 260
1699 2671 1756 2696 cap.
1769 2663 1813 2696 4),
1842 2661 1979 2688 Guiuelmi

322 2705 394 2732 card.
409 2706 496 2739 presb.
515 2707 541 2732 S.
559 2706 688 2732 Caeciliae
707 2707 787 2740 (Apr.
800 2708 850 2741 17),
872 2707 1029 2742 Raymundi
1047 2708 1122 2736 card.
1137 2709 1223 2742 presb.
1243 2708 1269 2735 S.
1283 2708 1462 2735 ,Potentianae
1474 2707 1555 2741 (Apr.
1569 2708 1622 2741 18),
1643 2705 1782 2733 Bemardi
1799 2703 1875 2732 card.
1889 2704 1977 2738 proeb.

322 2748 348 2777 S.
364 2749 486 2783 Aqatlme
504 2748 543 2782 (in
563 2749 651 2777 Ponte
670 2748 767 2783 Sorgie
787 2750 853 2783 Apr.
868 2751 919 2784 18),
939 2751 1087 2778 Francisei
1105 2751 1180 2779 card.
1193 2751 1261 2778 diac.
1283 2751 1311 2778 S.
1325 2751 1435 2777 Mariae
1451 2751 1483 2777 in
1503 2749 1643 2777 Goanaedin
1660 2750 1741 2783 (Apr.
1755 2749 1804 2783 11).
