2184 3126
485 164 585 192 ACTA·
599 163 712 191 REGNI
731 162 914 190 LUDEWICI
934 162 980 190 1v.
1001 162 1046 189 m·
1066 160 1249 190 FRIDERICI
1269 161 1318 188 111.
1356 161 1430 189 1320.
1468 161 1516 189 Nr.
1529 162 1588 189 577.
1607 162 1666 189 578.
1838 165 1901 195 463

245 251 380 283 liberam
403 251 580 283 litterarum
610 260 739 282 suarum
767 251 958 282 auctoritate
987 249 1183 290 concedens,
1214 252 1250 280 ut
1277 248 1398 281 dictum
1424 249 1596 280 vicariatus
1619 249 1761 280 officium
1785 260 1843 291 per
1866 260 1900 281 se

245 302 298 335 vel
321 313 380 345 per
403 303 500 334 alium
524 312 581 334 seu
603 302 700 343 alios,
725 311 821 343 quem
844 302 896 333 vel
920 312 1000 344 quos
1022 301 1166 343 ydoneos
1188 303 1367 343 reputaret,
1398 299 1485 332 dicto
1508 303 1618 342 posset
1642 299 1777 332 durante
1803 301 1901 333 bene-

245 355 366 397 placito
388 354 574 387 exercerel.
613 352 693 385 Cum
717 354 827 395 itaque
852 364 909 385 rex
934 353 1077 395 prefatus
1100 352 1234 384 diversis
1256 353 1382 394 magnis
1398 354 1431 383 et
1446 351 1555 383 arduis
1571 357 1747 394 occupatus
1762 353 1901 394 negotiis

244 406 330 437 circa
352 405 611 448 prosecutionem
639 404 713 436 dicti
737 405 908 436 vicariatus
938 404 1036 436 officii
1065 403 1279 446 personaliter
1300 414 1416 435 vacare
1444 414 1508 435 non
1536 404 1637 445 possit
1666 407 1700 434 ct
1727 408 1901 445 propterea

212 467 226 488 ι
246 457 356 489 dilecti
378 457 435 489 filii
456 456 573 490 nobilis
595 456 654 488 viri
677 456 820 498 Philippi
843 457 969 488 comitis
992 455 1244 488 Cenomanensis
1265 455 1307 487 ad
1331 455 1391 487 hoc
1414 465 1518 496 nuper
1544 454 1668 496 eligens
1696 454 1901 496 prudentiam

245 512 280 542 et
307 509 459 541 virtutem
490 518 587 550 super
619 508 711 539 huius
739 508 912 539 vicariatus
939 507 1046 539 officio
1075 506 1181 539 eidem
1211 507 1408 539 commiserit
1436 507 1469 538 in
1497 506 1662 548 provincia
1694 509 1727 538 et
1756 506 1901 548 partibus

244 559 441 592 Lombardie
472 559 616 602 plenarie
647 560 735 591 vices
767 570 841 591 suas
873 558 1024 601 idemque
1051 558 1222 601 Philippus
1253 558 1295 590 ad
1326 568 1459 600 presens
1488 560 1622 600 propter
1651 557 1712 590 hoc
1743 558 1785 590 ad
1815 558 1901 590 dicte

244 611 440 644 Lombardie
462 614 572 654 partes
594 611 738 651 accedat,
761 611 1002 642 universitatem
1026 613 1165 642 vestram
1188 620 1348 652 rogamus,
1372 619 1541 642 monemus
1564 613 1599 641 et
1613 610 1780 642 hortamur
1795 613 1901 642 atten-

243 664 307 695 tius
330 666 364 695 et
384 673 443 705 per
465 663 644 705 apostolica
659 662 750 694 vobis
773 662 892 704 scripta
914 661 1115 703 mandamus,
1139 662 1288 704 quatinus
1310 661 1491 703 predictum
1507 661 1695 704 Philippum
1718 672 1783 704 qna
1806 661 1901 694 decet

200 725 226 744 ιο
244 714 444 756 benignitate
467 715 613 756 recipere
637 717 670 746 et
692 714 754 745 sibi
775 713 1052 746 honorificentiam
1074 713 1254 746 ministrum
1270 714 1350 745 tanti
1365 713 1518 755 principis
1534 716 1764 755 congruentem
1780 712 1902 745 salubri

243 765 359 800 directi
381 766 513 798 consilio
538 766 715 798 liberaliter
738 765 892 797 exhibere
915 775 953 797 ac
976 766 1007 797 ei
1030 768 1063 797 et
1085 765 1276 797 officialibus
1300 769 1334 797 et
1355 765 1479 797 nunciis
1502 765 1567 796 suis
1589 765 1621 796 in
1645 764 1807 806 omnibus,
1837 772 1901 807 que

243 818 287 850 ad
310 818 451 850 officium
474 817 534 849 sibi
557 818 762 849 commissum
786 819 934 859 spectare
957 820 1147 858 noscuntur,
1170 817 1266 859 plene
1290 816 1457 848 intendere
1481 819 1514 848 et
1538 815 1726 857 efficaciter,
1750 820 1786 848 ut
1807 818 1899 849 tene-

243 870 338 910 mini,
367 869 500 901 obedire
528 870 658 910 curetis,
687 872 722 900 ut
749 878 808 911 per
836 868 896 900 hoc
924 867 1012 900 idem
1034 867 1205 910 Philippus
1228 868 1335 900 valeat
1362 869 1393 900 in
1422 868 1521 910 ipsius
1548 867 1645 899 officii
1674 869 1899 909 prosecutione

243 921 369 954 facilius
392 921 576 963 prosperari
592 923 626 952 et
647 919 765 952 exinde
782 919 959 961 reipublice
975 919 1215 961 tranquillitatis
1230 922 1352 961 optate,
1375 922 1471 961 prout
1486 919 1719 959 desideramus,
1742 921 1900 953 serenitas

200 982 224 1002 ns
243 972 410 1005 illucescat
432 975 465 1004 et
488 972 628 1014 partium
653 971 829 1003 earundem
852 972 1006 1002 securitas
1029 974 1159 1013 sperata
1181 975 1337 1013 resurgat.

351 1024 426 1056 Dat.
450 1023 610 1064 Avinion.‚
634 1023 744 1055 XIIII.
769 1022 841 1055 Kal.
866 1022 959 1063 Iunii,
983 1032 1066 1054 anno
1090 1025 1214 1064 quarto.

350 1105 392 1136 In
416 1104 611 1147 e(undem)
634 1103 816 1146 m(odum)
841 1103 967 1136 dilectis
982 1103 1055 1135 filiis
1070 1104 1227 1136 universis
1242 1103 1492 1145 marchionibus,
1513 1103 1693 1141 comitibus,
1714 1103 1898 1144 baronibus,

241 1157 448 1199 magnatibus
471 1159 504 1188 et
526 1156 687 1188 nobilibus
710 1166 769 1198 per
791 1156 990 1198 provinciam
1015 1155 1212 1188 Lombardie
1235 1156 1416 1187 constitutis
1440 1159 1502 1188 etc.

350 1208 538 1250 Apostolice
562 1208 723 1240 servitutis
746 1210 786 1239 et
807 1210 938 1239 cetera
960 1210 1000 1239 ut
1022 1218 1137 1249 supra
1159 1217 1279 1250 usque
1302 1207 1483 1250 predictum
1506 1206 1694 1249 Philippum
1717 1218 1781 1249 qua
1803 1206 1900 1239 decet

197 1264 225 1284 ⁹⁰
243 1258 416 1291 devotione
445 1260 590 1301 recipere
622 1262 655 1290 et
683 1258 744 1290 sibi
773 1262 811 1290 et
843 1262 975 1291 cetera
1008 1269 1130 1301 usque
1166 1259 1261 1301 plene
1296 1259 1463 1291 intendere
1498 1261 1532 1291 et
1562 1258 1726 1291 humiliter
1765 1257 1898 1290 obedire

243 1306 371 1350 curetis,
395 1314 431 1343 ut
452 1321 512 1353 per
534 1310 596 1343 hcc
620 1313 657 1342 et
680 1313 812 1343 cetera
834 1321 902 1352 per
924 1313 1053 1343 totum.

351 1362 426 1394 Dat.
450 1365 486 1394 ut
508 1373 614 1405 supra.

350 1422 392 1454 In
409 1422 603 1464 e(undem)
619 1421 804 1464 m(odum)
821 1421 973 1464 dil(ectis)
988 1421 1089 1463 fil(iis)
1105 1422 1260 1454 universis
1276 1421 1501 1464 potestatibus,
1517 1421 1704 1464 capitaneis,
1720 1420 1898 1453 rectoribus

242 1477 277 1506 et
299 1474 448 1515 consiliis,
471 1473 733 1506 universitatibus
756 1484 885 1516 quoqne
908 1484 947 1505 ac
970 1473 1096 1516 populis
1112 1473 1289 1514 civitatum,
1312 1477 1481 1514 terrarum,
1505 1477 1683 1506 castrorum
1706 1476 1740 1504 et
1761 1472 1899 1505 aliorum

196 1538 224 1559 ss
243 1536 506 1569 quorumcunque
530 1525 674 1558 locorum
697 1537 755 1568 per
778 1525 975 1568 provinciam
997 1524 1194 1558 Lombardie
1218 1525 1405 1557 constitutis.

351 1578 539 1620 Apostolice
563 1581 601 1610 et
623 1580 754 1610 cetera
776 1580 816 1609 ut
838 1587 952 1619 supra
974 1587 1093 1619 usque
1116 1576 1297 1618 predictum
1313 1576 1501 1619 Philippum
1524 1587 1588 1619 qua
1611 1576 1706 1609 decet
1722 1576 1896 1608 devotione

241 1630 387 1671 recipere
408 1633 441 1661 et
464 1629 524 1661 sibi
547 1629 824 1661 honorificentiam
852 1631 889 1661 et
912 1631 1046 1660 cetera
1066 1638 1189 1670 usque
1210 1628 1306 1670 plene
1329 1627 1498 1660 intendere
1522 1631 1555 1660 et
1577 1628 1740 1661 humiliter
1763 1627 1897 1660 obedire

241 1682 371 1722 curetis,
393 1683 430 1712 ut
449 1691 508 1722 per
530 1680 591 1712 hoc
615 1683 655 1712 et
678 1684 818 1713 cetera
841 1682 881 1712 ut
903 1681 940 1711 in
963 1679 1095 1712 eadem
1118 1690 1186 1722 per
1210 1682 1341 1712 totum.

349 1731 425 1764 Dat.
448 1734 484 1764 ut
505 1742 612 1774 supra.

197 1923 225 1944 ⁸⁰
414 1923 422 1932 ·
523 1915 598 1951 578.
632 1912 915 1952 LUDEWICI
940 1914 1211 1951 LITTERAE
1239 1913 1412 1951 SUPER
1438 1913 1612 1950 STURA

704 1968 1006 2007 CIVITATUM
1029 1969 1430 2007 WETTERAVIAE.

913 2036 1022 2073 1320.
1062 2036 1145 2073 Mai.
1168 2037 1228 2073 30.

352 2129 532 2170 Oriqimlia
560 2130 639 2169 tria,
668 2138 803 2170 quorum
834 2131 847 2160 1
873 2127 1032 2168 exemplar
1054 2127 1455 2168 Moenofrancofurtanum
1484 2128 1522 2159 in
1549 2127 1710 2160 tabulario
1738 2128 1898 2167 civitati&

236 2181 352 2222 pendet
373 2181 512 2223 sigillum
533 2181 676 2214 illaesum
698 2179 764 2220 filis
785 2179 895 2211 sericis
916 2180 1001 2212 varii
1019 2179 1146 2218 coloris;
1226 2181 1246 2211 2
1268 2179 1428 2220 exemplar
1442 2179 1670 2220 Fridberym
1683 2179 1721 2212 in
1734 2179 1896 2213 tabulario

197 2244 224 2266 u
241 2231 516 2273 Rammium,-
545 2232 660 2273 pendet
685 2232 759 2263 item
784 2230 924 2271 siyilbum
945 2231 1011 2270 fere
1034 2230 1193 2270 illaesum
1281 2233 1300 2263 3
1323 2230 1483 2271 ezemplar
1501 2230 1724 2264 Wetslariense
1745 2232 1782 2264 in
1804 2232 1895 2264 tabu-

241 2282 324 2316 lario
351 2284 506 2324 civitati&
532 2284 650 2325 pendet
681 2282 831 2324 siyillum.
886 2282 1091 2322 Exemplaris
1122 2282 1323 2315 Gelnhusani
1355 2283 1478 2323 copiam
1510 2283 1548 2315 in
1575 2282 1727 2323 Copiario
1760 2283 1818 2324 qui
1850 2287 1896 2316 est

241 2333 411 2375 Badium
431 2338 587 2368 servatam
607 2334 809 2376 neylwimus.
832 2352 874 2358 —
897 2333 960 2366 Ed.
976 2333 1202 2366 Bb'hmer-Lau
1223 2334 1340 2367 ‘Coela
1361 2333 1595 2374 diplmnaticus'
1616 2334 1665 2374 11,
1682 2335 1746 2366 114
1767 2345 1818 2368 nr.
1831 2335 1897 2367 139

241 2395 282 2418 a
306 2387 405 2425 1-3;
427 2386 554 2419 Reimer
575 2385 767 2418 ‘Hessisckes
788 2384 1054 2418 Urkundenbuch’
1077 2385 1160 2424 II,2
1177 2395 1210 2426 p.
1224 2385 1287 2417 196
1309 2395 1359 2418 nr.
1375 2386 1441 2418 210
1462 2396 1502 2419 a·
1527 2389 1554 2419 1.
1598 2385 1783 2419 Editiomn
1806 2386 1896 2419 inam

241 2436 419 2477 repetimus.

200 2510 227 2530 oo
354 2495 500 2536 Βόἢηισν,
523 2496 599 2538 Rey.
622 2497 735 2531 Ludw.
754 2507 788 2537 p.
804 2498 848 2529 30
868 2507 919 2529 nr.
936 2497 1009 2528 399.

354 2555 403 2595 01.
426 2556 518 2596 int'ra
539 2566 590 2590 m,
606 2557 678 2589 615.

350 2631 418 2664 Nos
439 2632 632 2666 Ludowicus
646 2633 711 2666 Dei
732 2634 842 2676 gracia
856 2633 1077 2667 Romanorum
1100 2645 1159 2666 rex
1181 2645 1310 2677 semper
1332 2638 1487 2678 augustus
1509 2636 1551 2668 ad
1574 2637 1726 2668 noticiam
1750 2637 1893 2668 omnium

242 2685 277 2715 et
299 2683 496 2725 singulorum
523 2686 590 2716 tam
616 2685 806 2727 principum,
834 2686 998 2727 comitum,
1026 2686 1196 2728 baronum,
1225 2686 1404 2728 civitatum,
1434 2687 1604 2729 opidorum
1632 2699 1729 2730 quam
1757 2688 1894 2720 aliorum

349 2768 375 2802 1)
393 2767 484 2802 Supra
501 2768 624 2796 tom.1V
635 2776 678 2796 nr.
691 2772 762 2797 110⁴.
