2190 3172
344 177 407 208 242
577 175 675 203 ACTA
694 176 808 203 REGNI
826 175 1010 203 LUDEWICI
1029 175 1076 203 IV.
1095 175 1140 202 ET
1159 175 1343 203 FRIDERICI
1362 175 1411 203 111.
1448 175 1523 202 1315.
1559 175 1607 204 Nr.
1620 176 1680 203 281.
1699 176 1757 204 282.

345 262 554 294 cardinalium
578 263 724 304 epistolis
746 263 838 294 nobis
861 264 978 304 patuit,
1006 262 1192 294 reverendis
1219 263 1251 294 in
1273 262 1400 294 Christo
1430 261 1575 303 patribus
1605 261 1740 294 dominis
1764 264 1990 306 cardinalibus,

344 317 438 356 prout
461 317 534 345 tunc
557 314 647 345 vobis
670 314 839 346 videbatur
862 314 1019 355 sufficere,
1042 325 1100 346 nos
1124 318 1156 346 et
1178 317 1287 347 nostra
1308 314 1560 347 recomendastis
1582 316 1718 357 negocia
1742 319 1775 348 et
1797 327 1894 359 super
1915 329 1990 360 pro-

343 366 490 398 mocione
506 369 615 397 nostra
638 367 715 407 ipsis
738 369 873 408 paterna
894 366 1125 398 benevolencia
1140 367 1308 408 institistis,
1331 367 1423 398 vobis
1445 367 1625 408 graciarum
1649 368 1797 399 acciones
1812 369 1991 402 uberrimas

344 417 511 450 referimus
535 421 567 449 et
590 419 677 449 omni
701 429 764 459 qua
787 428 955 459 possumus
978 419 1134 450 instancia
1156 419 1391 460 supplicamus,
1422 421 1578 460 quatenus
1601 419 1709 450 statim
1732 430 1795 451 non
1819 425 1991 462 expectata

344 470 511 501 creacione
543 480 627 510 pape
653 470 777 510 aliquos
802 469 842 500 de
867 473 939 501 cetu
963 469 1187 511 cardinalium,
1217 470 1271 512 qui
1299 470 1432 502 firmiter
1460 473 1568 502 nostre
1591 471 1791 512 promocioni
1812 471 1990 513 intendant,
2020 482 2033 500 ⁵

343 520 434 552 vobis
458 524 491 552 et
512 521 605 552 nobis
629 521 792 552 attrahere
817 524 850 552 et
874 521 1050 553 eorundem
1071 521 1162 553 nobis
1177 522 1357 563 significare
1374 523 1502 553 nomina
1518 521 1710 564 studea[ti]s.
1747 522 1815 554 Nos
1838 524 1936 555 etiam
1958 524 1992 556 id

343 573 446 614 ipsum
471 575 616 613 tempore
640 570 749 602 medio
773 571 942 613 faciemus,
972 573 1016 603 sic
1045 571 1131 614 quod
1159 575 1267 603 creato
1291 583 1377 614 papa
1400 573 1519 605 amicos
1552 576 1585 605 et
1606 576 1809 615 promotores
1833 578 1937 606 certos
1959 578 1992 607 et

342 623 562 655 indeficientes
590 623 826 663 comperiamus
853 623 886 654 in
915 626 989 655 cetu
1017 623 1227 655 cardinalium
1253 628 1434 665 prenotato.
1479 625 1522 657 Et
1550 628 1586 657 ut
1607 626 1698 657 favor
1721 626 1897 658 eorundem
1921 637 1990 659 car-

343 675 497 706 dinalium
530 675 768 716 promotoribus
801 675 952 707 fulciatur
986 676 1156 707 autenticis
1189 686 1227 707 ac
1260 686 1469 717 personarum
1496 677 1721 718 sollempnium
1747 679 1915 719 presencia
1948 679 1991 711 ad

342 728 483 758 votivum
507 726 641 758 ducatur
664 726 829 768 effectum,
862 737 904 758 ex
930 727 1131 769 benignitate
1154 731 1290 769 paterna
1320 731 1353 759 et
1376 732 1528 760 consueta
1550 729 1642 760 nobis
1665 740 1723 770 per
1745 740 1802 761 vos
1824 730 1989 772 hucusque
2009 741 2034 760 ιο

342 778 489 810 exhibita
512 778 680 810 audaciam
698 778 831 820 petendi
854 779 1008 810 sumimus
1030 789 1152 821 vosque
1175 779 1207 810 in
1224 782 1377 821 quantum
1392 780 1469 812 licet
1490 780 1548 812 sub
1565 780 1764 812 confidencia
1786 792 1849 812 non
1864 781 1991 814 modica

342 830 567 870 exhortamur,
600 833 759 871 quatenus
782 841 839 872 pro
863 830 1065 862 relevacione
1093 831 1265 862 multorum
1289 833 1472 873 sumptuum
1497 835 1529 863 et
1551 832 1698 864 laborum
1720 833 1760 864 ad
1785 833 1883 865 futuri
1905 844 1990 876 pape

341 883 542 924 presenciam
570 882 795 923 personaliter,
823 882 849 913 si
876 881 1102 924 quoquomodo
1132 882 1202 914 fore
1224 883 1357 924 poterit,
1385 883 1535 924 veniatis,
1565 883 1784 916 indubitanter
1811 885 1989 926 credentes,

341 933 429 975 quod
457 945 498 965 ex
524 944 660 975 persone
688 936 794 964 vestre
822 933 1006 965 desiderata
1033 935 1201 975 presencia
1234 944 1271 965 ac
1307 935 1409 966 eciam
1440 945 1481 966 ex
1508 935 1705 977 prefatorum
1735 937 1990 969 ambassatorum

341 989 521 1017 nostrorum
544 985 666 1016 ibidem
682 985 847 1016 vobiscum
864 987 1102 1017 contraencium
1118 985 1285 1027 legalitate
1309 987 1480 1028 conspicua
1502 988 1673 1028 negocium
1689 988 1860 1020 eleccionis
1882 991 1990 1020 nostre
2011 1000 2033 1018 ιι

341 1036 482 1069 breviter
497 1036 695 1078 approbetur
711 1040 744 1068 et
760 1037 815 1067 fini
831 1047 971 1079 congruo
989 1038 1199 1079 mancipetur.
1282 1037 1328 1079 (3)
1351 1037 1404 1069 Sic
1428 1038 1515 1080 quod
1537 1040 1646 1070 statim
1669 1039 1822 1081 expedito
1847 1040 1990 1072 eiusdem

340 1088 588 1130 approbacionis
603 1089 749 1130 negocio,
774 1088 815 1119 ad
832 1088 933 1119 ardua
957 1092 990 1120 et
1012 1089 1135 1120 maiora
1161 1089 1288 1131 imperii
1303 1090 1439 1131 negocia
1462 1090 1494 1121 in
1509 1090 1654 1131 partibus
1669 1091 1778 1123 Ytalie
1795 1092 1862 1123 sine
1879 1092 1991 1133 quovis

340 1140 507 1172 obstaculo
531 1151 588 1171 nos
611 1151 778 1181 ponamus,
802 1139 1000 1171 confidentes
1024 1140 1064 1172 de
1088 1141 1247 1172 adiutorio
1270 1140 1438 1180 Altissimi,
1466 1141 1554 1183 quod
1575 1142 1682 1174 medio
1706 1145 1852 1184 tempore
1876 1142 1991 1175 adver-

340 1193 441 1223 sarios
464 1195 588 1223 nostros
611 1193 644 1223 in
663 1192 778 1223 finibus
793 1191 995 1231 Alemannie‚
1019 1203 1098 1233 quos
1122 1193 1207 1223 omni
1229 1195 1338 1224 nostra
1360 1194 1511 1234 potencia
1534 1196 1567 1225 et
1589 1195 1734 1226 exercitu
1756 1194 1873 1236 valido,
1894 1205 1988 1237 quem

339 1243 383 1274 ad
406 1253 538 1285 presens
561 1244 790 1284 instauramus,
813 1243 974 1275 hostiliter
995 1243 1201 1284 invademus,
1225 1243 1308 1276 adeo
1331 1244 1581 1286 humiliabimus,
1610 1245 1696 1287 quod
1718 1246 1839 1278 nullam
1862 1250 1989 1279 contro-
2008 1254 2035 1274 ²⁰

341 1296 479 1326 versiam
503 1295 656 1336 deinceps
678 1295 844 1336 paciemur
865 1295 897 1326 in
920 1295 1036 1327 finibus
1058 1295 1250 1327 Alemannis
1275 1299 1308 1327 et
1330 1296 1496 1328 audaciter
1518 1297 1733 1329 conscendere
1749 1298 1926 1339 poterimus
1948 1298 1991 1330 ad

340 1347 472 1378 maiora.
505 1346 630 1378 Statum
647 1349 797 1388 vestrum,
819 1357 915 1388 quem
932 1347 1060 1379 felicem
1077 1351 1242 1389 tamquam
1258 1351 1401 1379 nostrum
1417 1347 1487 1380 fore
1504 1348 1734 1390 desideramus,
1750 1349 1843 1381 nobis
1858 1349 1991 1382 rescribi

339 1408 414 1429 cum
441 1398 531 1429 novis
561 1399 647 1430 curie
671 1401 777 1430 vestre
806 1402 838 1430 et
865 1399 892 1429 si
923 1409 986 1440 qua
1013 1409 1072 1440 pro
1095 1399 1187 1431 vobis
1215 1399 1323 1432 facere
1352 1399 1547 1440 debeamus,
1577 1400 1731 1432 mandare
1755 1402 1894 1443 petimus
1917 1412 1989 1434 cum

338 1449 467 1481 affectu.

448 1501 568 1533 Datum
591 1501 731 1542 Basilee,
755 1502 795 1533 X.
813 1501 979 1534 Kalendas
1002 1502 1095 1543 Iunii,
1120 1503 1210 1544 regni
1233 1503 1333 1534 nostri
1356 1513 1439 1534 anno
1463 1503 1576 1544 primo.
2007 1516 2032 1536 π

397 1727 496 1774 282.
524 1728 622 1773 283.
665 1727 1063 1774 PRIVILEGIA
1090 1728 1424 1775 LUDEWICI
1457 1729 1586 1776 PRO
1616 1729 1927 1776 CIVITATE

900 1791 1429 1840 RATISPONENSI.
1985 1804 1990 1810 ·

950 1874 1058 1910 1315.
1099 1873 1183 1910 Mai.
1208 1874 1385 1910 16.-292.

451 1971 504 2014 Cf.
522 1972 725 2013 privileyfflm
746 1973 888 2015 yenerale
911 1973 1038 2014 aliaque
1065 1975 1184 2014 scripta
1206 1974 1353 2012 Bo'hmer,
1378 1974 1453 2016 Req.
1470 1975 1582 2007 Ludw.
1599 1986 1635 2016 p.
1652 1978 1722 2017 7sq.
1747 1987 1796 2008 nr.
1815 1977 1887 2009 101.
1913 1977 1985 2010 103.

340 2024 411 2056 104.
436 2024 509 2055 112.
2006 2040 2032 2059 ³⁰

663 2121 749 2158 282.
789 2123 1011 2168 Privileyium-
1037 2124 1164 2160 noviter
1191 2136 1394 2161 concessum.
1500 2126 1591 2162 Mai.
1611 2127 1666 2162 16.

451 2196 630 2237 Oriqinalia
654 2197 717 2229 duo
737 2201 748 2228 1
769 2200 798 2229 et
814 2199 833 2229 2
856 2199 892 2230 in
915 2198 1072 2230 tabulario
1089 2198 1229 2239 ymerali
1250 2201 1339 2240 regni
1353 2200 1520 2232 Bawarici
1535 2200 1626 2233 KLS
1645 2211 1696 2234 nr.
1712 2202 1763 2232 50.
1809 2200 1988 2241 Descripsi-

339 2258 410 2280 mus
432 2248 479 2280 vel
500 2249 691 2281 contulimus
712 2260 778 2281 nos.
823 2249 944 2282 Pendet
965 2251 1177 2291 sraymentum
1205 2251 1302 2292 siqilli
1324 2253 1514 2293 autoyraphi
1537 2255 1568 2290 1,
1598 2252 1737 2292 siyillum
1758 2253 1949 2293 autographi
1968 2255 1987 2285 2

338 2300 404 2340 fere
432 2300 576 2332 illaesum
605 2300 670 2340 filis
700 2302 810 2333 sericis
838 2302 928 2334 rubei
953 2302 1089 2343 flavique
1117 2303 1236 2336 coloris.
1290 2303 1333 2336 In
1359 2315 1446 2336 verso
1473 2304 1665 2345 autoyraphi
1687 2306 1706 2335 2
1736 2303 1848 2345 leyitur
1870 2305 1912 2343 R„
1945 2324 1988 2329 -—

342 2351 510 2383 Ineditum.
2005 2373 2030 2392 ³⁵

447 2407 595 2446 Biihmer,
618 2408 693 2450 Ray.
711 2410 823 2442 Ludw.
845 2420 878 2450 p.
897 2413 918 2442 7
939 2421 988 2442 nr.
1007 2411 1078 2442 102.

446 2502 688 2545 {Ludowicusffi
720 2504 783 2536 Dei
814 2506 918 2547 gratia
947 2504 1168 2537 Romanorum
1203 2517 1262 2538 rex
1300 2516 1428 2548 semper
1461 2510 1616 2549 augustus
1717 2508 1872 2539 universis
1905 2507 1988 2539 sacri

339 2553 478 2586 Romani
501 2555 630 2596 imperii
652 2556 801 2588 fidelibus
817 2561 988 2599 presentes
1007 2558 1132 2589 litteras
1154 2559 1343 2600 inspecturis
1366 2559 1418 2591 vel
1441 2559 1596 2592 audituris
1682 2560 1819 2602 gratiam
1842 2569 1932 2591 suam
1954 2563 1987 2591 et

340 2616 435 2637 omne
458 2605 587 2638 bonum.

452 2660 478 2689 1.
501 2658 659 2700 Principis
683 2658 836 2692 dextera*
859 2661 979 2692 tociens
1002 2660 1133 2702 leditur,
1158 2661 1311 2703 quociens
1334 2672 1353 2693 a
1376 2661 1460 2693 dono
1483 2663 1655 2694 retrahitur
1676 2662 1813 2694 liberali.
1859 2661 1986 2698 Quanto
2005 2673 2031 2692 ιο

340 2709 426 2740 enim
449 2709 638 2751 profundius
667 2712 769 2752 gratie
793 2711 950 2754 largitatis
972 2713 1175 2754 inmergitur,
1203 2716 1291 2744 tanto
1315 2714 1490 2755 graciosius
1523 2714 1685 2746 exaltatur
1718 2717 1751 2746 et
1780 2715 1807 2746 si
1835 2724 1855 2746 a
1878 2717 1986 2746 nostra

444 2804 510 2832 282.
539 2806 562 2837 a)
581 2807 670 2832 dextra
688 2805 712 2832 2.
