2184 3126
303 225 365 255 566
502 221 599 249 ACTA
617 219 731 248 REGNI
748 218 934 247 LUDEWICI
953 218 1000 245 IV.
1018 217 1065 244 ΕΤ
1083 216 1270 245 FRIDERICI
1289 217 1338 244 111.
1375 216 1451 244 1323.
1487 216 1536 243 Nr.
1549 216 1608 243 725.
1628 216 1686 244 726.
1706 216 1764 244 727.

302 308 427 341 sweher
449 307 607 340 zwischen
621 307 654 338 in
669 306 787 338 beiden
803 305 928 347 heyzet.
1009 303 1084 335 Und
1098 303 1180 335 iiber
1196 303 1248 335 ein
1262 302 1412 335 firkfinde
1429 302 1515 335 diser
1528 302 1822 345 vorgeschribenen
1836 302 1958 346 glfibde

301 360 367 392 und
390 359 468 392 rede
491 359 556 391 han
578 359 635 390 wir
658 357 786 399 gegebn
810 356 902 388 disen
924 355 1010 387 brief
1029 355 1088 386 mit
1109 363 1239 386 unserm
1262 353 1379 395 insigel
1400 353 1587 395 bestetiget.

410 419 479 451 Daz
507 420 548 450 ist
574 417 738 460 geschehn
763 427 803 448 zu
825 415 1012 455 Mfiuichen,
1039 414 1122 446 nach
1147 413 1267 446 Gristes
1294 413 1455 455 geburthe
1483 414 1786 447 dreuzehnhundert
1811 415 1865 456 jar
1891 414 1959 447 und

303 472 361 503 dar
384 470 468 502 nach
491 470 523 501 in
548 469 622 501 dem
646 467 1006 508 dreuundzwenzigsten
1026 466 1110 507 jare,
1133 476 1174 497 an
1197 475 1310 497 unsrer
1332 465 1469 498 Frawen
1491 469 1569 509 tage
1591 467 1817 509 lyechtmesse.

478 622 498 656 7
503 621 564 657 26.
605 621 830 665 Confirmatio
858 619 1088 655 concessionis
1113 619 1246 654 iuriam
1267 619 1480 665 principum.
1584 619 1699 656 Mart.
1718 622 1781 656 12.
1988 637 2001 657 ⁵

411 703 571 743 originale
600 703 672 743 (or.)
707 703 741 734 in
775 701 934 734 tabulario
960 700 1187 741 Meininyensi.
1242 700 1422 741 Descripsit
1451 701 1492 735 E.
1514 701 1614 735 Koch.
1668 702 1791 736 Pendet
1818 702 1958 744 siyillum

294 766 415 796 parum
437 755 557 786 laesum
578 754 643 794 filis
664 754 774 786 sericis
795 753 885 784 rubei
906 753 1081 792 viridisque
1102 752 1224 785 coloris.
1271 752 1314 784 In
1335 763 1424 785 verso
1446 753 1580 795 leyitur:
1609 757 1647 787 ut
1673 754 1822 787 dominus
1853 758 1886 788 et
1908 756 1958 788 sni

300 806 438 839 heredes
460 806 602 838 habeant
623 816 682 847 per
705 805 812 837 omnia
834 805 904 836 iura
926 804 1106 846 principum
1122 804 1231 836 littera
1253 804 1331 836 data
1354 815 1374 836 a
1397 805 1528 838 domino
1543 805 1720 839 Ludowico
1736 806 1957 840 Romanorum

300 869 387 901 rege.
411 877 453 882 —
475 857 571 890 Extr.
595 856 797 897 ‘Henncbery.
820 856 1086 889 Urkundenbiwh’
1108 856 1138 895 I,
1162 856 1203 887 91
1226 866 1277 888 nr.
1294 856 1359 888 158
1380 867 1420 889 ex
1443 868 1488 890 or.

406 917 553 956 Bo'hmer,
576 916 651 958 Rey.
668 917 781 949 Dudw.
792 927 827 957 p.
843 918 909 949 273
931 927 982 949 nr.
999 917 1086 948 2660
1109 917 1235 958 (Addit.
1253 917 1296 958 1).
1976 930 2003 950 ιο

410 978 459 1017 Of.
475 977 614 1010 Bo'hmer
636 977 656 1011 l.
672 988 696 1010 c.
719 988 768 1010 nr.
787 977 872 1009 2661
896 980 925 1009 et
946 977 1042 1016 2662,
1064 978 1201 1018 itemque
1217 988 1253 1018 p.
1271 977 1314 1009 32
1335 988 1385 1010 nr.
1403 977 1467 1010 549
1489 981 1519 1011 et
1541 979 1614 1014 550.

405 1073 598 1105 Ludowicus
613 1073 677 1104 Dei
700 1073 809 1114 gracia
824 1072 1045 1104 Romanorum
1068 1083 1126 1104 rex
1152 1082 1282 1114 semper
1303 1076 1459 1115 augustus
1541 1075 1698 1107 universis
1721 1076 1803 1107 sacri
1818 1075 1959 1109 Romani

299 1125 427 1166 imperii
448 1124 596 1156 fidelibus
619 1128 787 1166 presentes
809 1124 935 1156 litteras
957 1125 1149 1166 inspecturis
1236 1125 1380 1166 graciam
1403 1135 1494 1157 suam
1518 1129 1551 1158 et
1574 1137 1670 1159 omne
1693 1127 1822 1160 bonum.

407 1175 575 1208 Accedens
598 1175 639 1207 ad
663 1179 804 1208 nostram
828 1177 1031 1218 presenciam
1054 1176 1240 1218 spectabilis
1262 1177 1312 1208 vir
1333 1177 1508 1209 Bertoldus
1531 1188 1641 1210 comes
1663 1178 1705 1211 de
1720 1178 1957 1223 Hennemberg

299 1227 403 1261 fidelis
435 1230 544 1259 noster
578 1227 714 1259 dilectus
747 1227 840 1259 nobis
873 1227 1039 1259 humiliter
1072 1227 1279 1269 supplicavit,
1313 1230 1350 1259 ut
1376 1228 1582 1270 privilegium
1612 1229 1686 1262 dive
1719 1230 1959 1263 recordacionis
1977 1240 2002 1260 ιι

298 1279 431 1311 Henrici
457 1279 676 1311 Romanorum
710 1280 796 1321 regis
831 1279 1073 1321 predecessoris
1106 1280 1207 1311 nostri
1242 1279 1304 1311 sibi
1332 1279 1374 1311 de
1404 1279 1606 1322 benignitate
1635 1281 1728 1324 regia
1764 1281 1959 1324 approbare,

298 1332 450 1363 innovare
475 1334 508 1362 et
530 1331 719 1363 confirmare
744 1331 960 1372 dignaremur.
1007 1331 1105 1363 Cuius
1127 1331 1290 1373 privilegii
1312 1334 1407 1363 tenor
1429 1334 1480 1363 est
1502 1332 1590 1364 talis:

401 1392 588 1428 ‘Heinricus
610 1395 673 1427 Dei
696 1397 806 1438 gracia
828 1415 869 1419 —
893 1396 993 1427 nostri
1016 1406 1100 1428 anno
1123 1395 1290 1428 secundo.²
1311 1406 1414 1436 supra
1436 1399 1507 1429 tom.
1524 1397 1586 1436 IV,
1610 1398 1630 1429 1
1652 1408 1703 1431 nr.
1718 1398 1792 1430 404.

404 1459 472 1491 Nos
500 1470 576 1492 vero
607 1460 743 1502 predicti
772 1460 919 1492 Bertoldi
949 1461 1075 1493 comitis
1098 1461 1313 1503 peticionibus
1340 1463 1486 1504 graciose
1515 1466 1548 1495 et
1570 1462 1794 1495 favorabiliter
1815 1463 1959 1497 inclinati

297 1510 477 1552 predictum
514 1512 717 1554 privilegium
757 1513 845 1555 quod
879 1513 1018 1545 vidimus
1056 1523 1129 1545 cum
1167 1513 1324 1545 universis
1361 1514 1426 1546 suis
1460 1514 1604 1546 articulis
1636 1516 1831 1548 auctoritate
1865 1517 1958 1559 regia
1975 1523 2003 1543 ὀ

299 1572 340 1593 ex
363 1565 450 1595 certa
472 1564 612 1595 sciencia
635 1564 868 1606 approbamus,
898 1566 1104 1606 innovamus,
1135 1565 1362 1600 confirmamus
1392 1569 1425 1598 et
1452 1567 1611 1608 presentis
1637 1567 1757 1609 pagine
1779 1568 1958 1600 munimine

298 1614 496 1646 roboramus.
547 1613 636 1647 Nulli
672 1627 750 1658 ergo
783 1617 912 1649 omnino
941 1617 1108 1648 hominum
1141 1616 1240 1648 liceat
1272 1616 1356 1650 hanc
1388 1621 1498 1651 nostre
1525 1618 1788 1661 approbacioniS,
1822 1619 1957 1652 innova-

298 1666 397 1697 cionis
420 1670 453 1698 et
475 1667 729 1699 confirmacionis
752 1669 903 1710 paginam
927 1668 1103 1711 infringere
1126 1668 1179 1700 vel
1206 1669 1237 1700 ei
1265 1679 1346 1701 ausu
1368 1670 1543 1702 temerario
1567 1671 1736 1703 contraire.
1783 1670 1879 1708 Quod
1902 1672 1958 1713 qui

298 1717 405 1749 facere
436 1720 680 1760 presumpserit,
715 1730 848 1762 gravem
881 1723 991 1752 nostre
1020 1720 1200 1751 maiestatis
1228 1720 1386 1752 offensam
1415 1731 1450 1753 se
1484 1721 1611 1753 noverit
1639 1722 1820 1754 incurrisse.
1919 1722 1958 1754 In

299 1770 387 1800 cuius
418 1770 466 1801 rei
498 1771 717 1803 testimonium
744 1775 912 1814 presentes
935 1773 1060 1804 litteras
1089 1771 1248 1804 conscribi
1274 1775 1308 1804 et
1334 1775 1443 1805 nostre
1470 1773 1650 1805 maiestatis
1678 1772 1784 1815 sigillo
1806 1773 1957 1805 iussimus
1976 1782 2001 1802 ἐκ

300 1822 497 1853 communiri.

404 1877 524 1908 Datum
548 1878 635 1919 apud
657 1878 875 1922 Nuremberg‚
902 1879 982 1911 1111.
1006 1879 1084 1911 Idus
1106 1879 1234 1919 Marcii,
1263 1890 1346 1912 anno
1369 1880 1502 1912 Domini
1531 1881 1704 1913 millesimo
1727 1881 1956 1914 trecentesimo

298 1928 450 1960 vicesimo
475 1930 584 1971 tercio,
610 1931 702 1972 regni
724 1941 801 1962 vero
825 1931 927 1963 nostri
949 1941 1033 1963 anno
1055 1942 1149 1963 nono.

453 2180 527 2216 727.
563 2181 692 2218 UNIO
715 2181 908 2220 DUCUM
930 2183 1197 2222 AUSTRIAE
1222 2183 1335 2222 CUM
1357 2184 1496 2222 REGE
1520 2185 1809 2223 UNGARIAE.

960 2257 1069 2294 1323.
1109 2257 1218 2295 Febr.
1240 2257 1301 2295 20.
1974 2272 2001 2293 ⁸⁰

414 2338 574 2396 Oriyindlc
602 2358 676 2400 (or.)
707 2360 742 2391 in
773 2359 932 2392 tabulario
958 2371 1104 2394 caesareo
1132 2361 1373 2396 Vindobonensi.
1432 2363 1573 2396 Contulit
1602 2364 1646 2397 K.
1671 2364 1786 2398 Honel.
1838 2364 1959 2398 Pendet

301 2405 438 2489 εἰρέἐιὲηι
468 2407 542 2490 seg}
561 2408 704 2442 illaesum
731 2411 795 2443 loro
824 2412 1068 2446 membranaceo.
1103 2431 1148 2437 —
1179 2413 1244 2447 Ed.
1264 2414 1358 2447 Kurz
1389 2414 1453 2447 loco
1485 2426 1586 2456 supra
1618 2416 1662 2448 ad
1691 2427 1741 2449 nr.
1765 2418 1831 2449 468
1862 2417 1958 2450 citato

296 2467 331 2496 p.
434 2468 483 2490 nr.
566 2470 603 2491 eac
626 2471 669 2493 or.

409 2517 556 2557 Bo'hmeiu
579 2520 653 2561 Rey.
671 2522 782 2555 Ludw.
797 2533 833 2563 p.
849 2524 913 2555 255
937 2525 1170 2558 Reichssachen
1192 2536 1241 2559 nr.
1258 2526 1334 2560 204.

414 2577 463 2616 Of.
486 2578 554 2610 alia
576 2580 760 2615 documenta
781 2595 810 2615 a.
827 2585 922 2617 1323.
945 2587 1026 2626 Apr.
1044 2588 1075 2619 8.
1098 2587 1177 2619 data
1203 2588 1294 2628 apud
1321 2588 1416 2621 Κατ-,ε
1442 2588 1463 2620 Ζ.
1480 2599 1505 2621 c.
1526 2600 1563 2630 p.
1578 2591 1644 2622 476
1655 2600 1701 2631 sq.
1731 2600 1782 2623 nr.
1797 2590 1840 2622 21
1863 2592 1893 2622 et
1913 2590 1958 2622 22
1975 2597 2001 2618 ³⁶

302 2628 358 2668 (=
375 2627 521 2668 Bo'hmer,
545 2630 565 2663 l.
581 2641 608 2664 c.
624 2643 658 2672 p.
675 2633 739 2665 256
760 2635 991 2669 Reickssachcn
1012 2648 1063 2670 nr.
1079 2638 1143 2670 205
1166 2642 1196 2671 et
1216 2650 1247 2679 p.
1263 2639 1327 2671 315
1351 2639 1584 2673 Reichssachen
1605 2652 1656 2674 nr.
1672 2642 1738 2674 398
1758 2641 1885 2674 (Addit.
1899 2641 1956 2683 Ι)).

413 2722 440 2751 1.
463 2720 531 2752 Nos
555 2721 693 2754 Karolus
708 2724 770 2756 Dei
793 2728 901 2767 gracia
916 2727 1083 2770 Hungarie
1097 2728 1172 2761 Rex
1186 2730 1343 2762 universis
1359 2730 1620 2764 christifidelibus
1642 2735 1810 2775 presentes
1832 2733 1958 2766 litteras

301 2769 492 2811 inspecturis
508 2772 654 2805 volumus
674 2785 743 2806 esse
761 2780 880 2819 notum,
905 2779 991 2820 quod
1007 2780 1213 2813 attendentes
1228 2782 1372 2814 innatam
1387 2784 1567 2816 amiciciam
1590 2787 1623 2817 et
1639 2784 1861 2826 dileccionem‚
1886 2786 1957 2827 qui·

302 2820 361 2852 bus
390 2823 567 2864 magnificis
601 2826 796 2868 principibus
826 2832 858 2860 et
890 2829 1025 2862 dominis
1055 2832 1185 2864 domino
1213 2832 1378 2866 Friderico
1405 2834 1627 2868 Romanorum
1654 2837 1741 2879 regi,
1775 2836 1956 2879 Leopoldo,
