2184 3126
456 211 554 239 ACTA
571 209 685 238 amm
704 209 888 238 LUDEWICI
908 209 955 237 lv.
974 208 1020 237 ΕΤ
1039 208 1223 237 FRIDERICI
1242 207 1291 236 111.
1329 209 1403 236 1324.
1439 207 1488 235 Νι.
1501 207 1561 236 952.
1773 210 1835 241 793

178 299 243 332 dux
271 298 463 331 Fredericus
492 301 525 331 et
551 297 606 330 alii
638 297 752 330 fratres
779 298 878 329 nostri
907 297 1032 329 ratione
1062 296 1229 328 electionis
1257 295 1298 328 de
1327 295 1398 338 ipso
1421 294 1596 327 Frederico
1620 295 1651 327 in
1675 294 1837 327 discordia

177 351 261 383 facte
290 350 341 383 vel
370 350 460 390 al(ia)
490 350 613 382 ratione
645 359 848 392 quacumque
878 360 940 381 non
970 347 1226 381 adversabuntur
1248 357 1307 389 per
1333 357 1368 379 se
1387 347 1439 379 vel
1462 357 1522 389 per
1543 346 1625 379 alios
1652 346 1738 379 dicto
1766 347 1835 389 regi

176 402 340 444 Franefie)
374 401 540 444 quibusvis
572 401 630 433 viis
659 401 711 433 vel
746 399 851 433 modis
883 401 915 432 in
953 399 1084 442 negotio
1116 399 1284 432 electionis
1314 409 1371 431 seu
1400 398 1590 441 provisionis
1618 397 1766 431 faciende
1794 398 1836 431 de

178 454 249 496 ipso
271 463 350 495 rege
374 453 425 486 vel
447 463 520 485 cum
544 452 629 485 facta
652 452 759 493 fuerit,
782 451 841 484 sed
863 455 956 485 erunt
978 451 1039 483 sibi
1062 451 1226 484 adiutores
1249 454 1283 483 et
1304 450 1448 483 fautores
1471 461 1528 493 pro
1552 461 1646 492 posse
1669 460 1728 482 sno
1751 450 1837 482 bona

148 512 160 531 ὓ
178 505 252 538 fide.
299 504 393 542 Quod
422 505 448 536 si
478 505 671 536 contrarium
700 504 845 536 facerent
871 503 930 546 ipsi
960 502 1074 535 fratres
1102 503 1153 534 vel
1181 513 1293 535 eorum
1321 502 1453 545 aliquis,
1483 512 1541 534 nos
1572 502 1759 534 resistemus
1789 502 1837 533 eis

176 566 237 599 per
263 565 413 599 guerram
441 558 475 588 et
502 555 560 587 viis
584 558 617 587 et
640 554 744 587 modis
767 554 882 598 quibus
908 555 1085 597 poterimus
1109 554 1194 586 bona
1221 553 1294 586 fide.
1342 553 1452 586 Dictas
1475 557 1585 586 autem
1606 553 1836 586 ratificationes

177 611 211 640 et
225 607 453 650 promissiones
468 606 625 639 dictorum
642 606 775 639 fratrum
791 606 949 638 iuniorum
969 606 1184 648 promittimus
1207 615 1265 637 nos
1288 609 1455 637 curaturos
1471 609 1504 638 et
1519 609 1746 647 procuraturos
1765 605 1835 637 fieri

178 658 285 691 facere
308 661 342 690 et
364 658 488 690 litteras
510 667 568 690 seu
591 658 802 691 instrumenta
824 657 1015 690 sufficientia
1041 667 1139 700 super
1161 657 1222 689 hoc
1246 657 1393 689 confecta
1416 656 1503 689 dicto
1526 657 1595 699 regi
1618 656 1835 689 transmittere

177 710 261 743 infra
282 710 404 742 instans
425 708 542 741 festum
565 709 748 752 epyphanie
771 709 912 751 Domini,
936 708 1181 741 ratificationem
1202 712 1310 741 autem
1335 712 1368 740 et
1390 708 1635 751 promissionem
1651 707 1728 740 dicti
1744 707 1835 740 ducis
1849 701 1926 747 ,3,ῗῖ

135 768 160 788 ¹⁰
177 761 351 802 Frederici‚
374 760 430 803 qui
452 759 494 792 ad
518 770 652 803 presens
675 760 837 793 detinetur
858 761 890 793 in
913 770 1054 801 carcere,
1077 770 1173 802 quam
1197 760 1290 792 citius
1313 761 1490 802 poterimus
1513 759 1599 792 bona
1620 759 1695 792 fide.

285 815 314 845 5.
348 811 503 844 Predicta
525 816 633 845 autem
657 813 764 845 omnia
779 811 983 855 promisimus
1005 811 1091 844 bona
1113 811 1177 844 fide
1200 814 1323 852 tenere,
1348 811 1521 844 observare
1538 815 1572 843 et
1594 811 1775 853 adimplere
1797 821 1836 843 ac

176 863 328 907 prosequi
351 866 462 896 contra
485 874 597 896 omnes
619 863 717 896 modo
740 867 774 896 et
796 864 900 896 forma
921 862 1088 906 predictis,
1117 867 1257 905 excepta
1280 863 1383 895 solum
1407 863 1494 895 sedis
1517 863 1693 905 apostolice
1717 862 1836 895 sancti-

176 918 244 948 tate
267 918 301 948 et
322 915 526 956 auctoritate,
550 918 583 948 et
598 915 684 958 quod
707 925 779 948 cum
796 914 941 958 predicto
957 915 1039 948 duce
1055 915 1248 956 Lud(ovico)
1273 914 1394 947 nullam
1419 924 1533 957 pacem
1557 914 1608 946 vei
1631 914 1835 947 concordiam

177 966 334 999 faciemus
357 967 426 999 sine
449 977 527 1009 rege
551 966 687 1009 prefato.

134 1051 158 1071 ¹⁵
307 1046 369 1089 (II)
410 1047 503 1079 Idem
537 1050 645 1079 autem
676 1057 734 1080 rex
770 1048 802 1079 in
836 1048 1170 1090 recompensationem
1204 1047 1433 1090 premissorum
1467 1047 1560 1080 nobis
1593 1047 1740 1090 promisit
1773 1058 1836 1089 que

176 1101 341 1131 secuntur:

285 1156 315 1187 6.
350 1153 461 1187 Primo
485 1153 572 1197 quod
595 1154 626 1186 in
650 1154 844 1187 adiutorium
868 1165 995 1197 guerre,
1024 1165 1121 1197 quam
1144 1154 1187 1187 ad
1210 1165 1343 1197 presens
1365 1154 1525 1187 habemus
1548 1165 1621 1187 cum
1644 1154 1836 1195 Lud(ovico)

177 1205 258 1238 duce
281 1206 435 1247 Bavarie‚
463 1209 497 1238 et
518 1216 576 1248 pro
601 1207 844 1248 recuperatione
868 1206 975 1238 fratris
996 1207 1097 1238 nostri
1120 1206 1210 1238 ducis
1232 1206 1398 1239 Frederici
1423 1207 1464 1239 ad
1488 1216 1622 1248 presens
1651 1207 1682 1238 in
1706 1217 1837 1239 carcere

177 1256 253 1290 dicti
276 1256 462 1300 Lud(ovici)
485 1256 609 1290 detenti
631 1258 700 1299 ipse
723 1267 781 1290 rex
804 1257 1000 1290 Francorum
1029 1257 1120 1290 dabit
1151 1262 1185 1290 et
1211 1258 1316 1290 solvet
1344 1258 1437 1290 nobis
1464 1267 1522 1290 seu
1549 1261 1658 1290 nostro
1681 1258 1836 1290 mandato

133 1316 161 1335 ²⁰-
176 1319 235 1351 pro
258 1308 350 1341 nobis
372 1318 455 1341 anno
479 1308 638 1351 quolibet,
667 1319 835 1351 quousque
859 1308 980 1341 dictum
1004 1309 1137 1341 fratrem
1165 1312 1306 1341 nostrum
1331 1309 1577 1342 liberaverimus
1606 1313 1639 1341 et
1665 1319 1837 1352 recupera-

176 1360 316 1392 verimus
331 1359 372 1392 de
388 1359 473 1392 dicto
490 1370 629 1401 carcere,
647 1360 782 1392 durante
799 1360 885 1392 dicta
901 1360 1163 1393 confederatione
1179 1365 1252 1393 octo
1268 1361 1358 1393 milia
1374 1361 1555 1404 libr(arum)
1574 1361 1835 1402 Tur(onensinm)

177 1421 349 1454 parvorum
365 1411 592 1444 solvendorum
608 1411 700 1444 nobis
722 1411 774 1444 vel
790 1411 953 1454 deputatis
975 1422 995 1444 a
1018 1412 1111 1444 nobis
1133 1413 1165 1444 in
1181 1416 1378 1455 pagamento
1400 1412 1612 1445 nundinarum
1628 1412 1722 1445 Barri
1738 1423 1836 1455 super

176 1462 296 1494 Albam
321 1465 355 1494 et
376 1462 408 1494 in
431 1462 502 1505 ipsa
524 1462 602 1495 villa
623 1462 726 1496 Barri.
771 1462 814 1495 Et
841 1463 974 1506 incipiet
996 1463 1100 1506 prima
1127 1464 1245 1496 solutio
1273 1474 1330 1496 seu
1359 1465 1463 1507 prime
1486 1463 1655 1496 solutionis
1677 1475 1779 1496 annus
1802 1465 1833 1496 in

177 1515 287 1556 primis
298 1513 543 1546 nundinisBarri
557 1517 629 1556 post
641 1514 737 1547 istum
750 1517 921 1547 tractatum
935 1515 1186 1557 occurrentibus,
1196 1524 1259 1558 que
1272 1518 1366 1547 erunt
1374 1525 1459 1548 anno
1470 1515 1600 1548 Domini
1609 1515 1833 1548 MCCCXXV.
1849 1510 1931 1562 ἐξὲξ,

134 1573 158 1593 2⁵
177 1565 211 1597 id
236 1569 286 1598 est
307 1565 340 1597 in
363 1564 445 1597 festo
469 1565 606 1598 Pasche.

287 1618 315 1648 7.
351 1616 435 1649 Item
459 1627 517 1659 pro
541 1617 670 1648 servitio
694 1620 727 1648 et
750 1616 860 1649 labore
883 1627 922 1649 ac
945 1618 1110 1660 expensis,
1139 1628 1219 1660 quas
1242 1618 1350 1650 facere
1373 1621 1407 1650 et
1429 1623 1620 1660 supportare
1645 1618 1836 1651 habebimus

177 1669 208 1700 in
232 1667 417 1700 auxiliando
446 1671 480 1700 et
510 1668 648 1700 iuvando
677 1678 788 1711 regem
816 1679 874 1711 per
900 1679 958 1701 nos
985 1673 1018 1701 et
1045 1680 1103 1711 per
1129 1670 1250 1701 amicos
1278 1673 1418 1710 nostros,
1448 1671 1591 1702 maxime
1615 1679 1673 1712 per
1700 1681 1757 1703 eos
1780 1671 1834 1713 qui

177 1730 289 1752 vocem
312 1719 435 1752 habent
461 1720 491 1751 in
521 1720 694 1759 electione,
725 1721 757 1752 in
785 1721 917 1764 negotio
946 1721 1052 1754 future
1083 1721 1251 1754 electionis
1278 1732 1335 1754 seu
1365 1722 1556 1764 provisionis
1584 1722 1625 1754 de
1654 1724 1724 1765 ipso
1755 1733 1833 1765 rege

175 1770 336 1812 Franc(ie)
360 1771 392 1803 in
419 1781 531 1814 regem
553 1771 773 1804 Romanorum
797 1771 936 1804 Domino
964 1777 1139 1814 annuente,
1167 1774 1326 1815 promittit
1355 1773 1441 1806 idem
1471 1784 1529 1806 rex
1551 1773 1714 1815 Franc(ie)
1741 1774 1835 1806 nobis

132 1830 158 1850 ιο
175 1823 227 1855 vel
250 1822 424 1855 heredibus
446 1823 563 1854 nostris
584 1833 643 1856 seu
664 1823 818 1856 mandato
842 1827 950 1856 nostro
973 1824 1051 1857 dare
1075 1828 1108 1857 et
1130 1824 1254 1857 solvere
1278 1826 1390 1867 viginti
1414 1825 1503 1858 mille
1525 1825 1674 1858 marchas
1696 1826 1834 1868 argenti,

175 1875 201 1906 si
225 1878 259 1907 et
281 1884 354 1906 cum
377 1873 463 1906 dicta
487 1874 604 1907 electio
627 1885 685 1907 seu
701 1875 840 1917 provisio
864 1875 950 1908 facta
966 1875 1063 1908 fuerit
1078 1875 1160 1908 infra
1177 1877 1347 1908 triennium
1366 1887 1386 1909 a
1402 1880 1548 1919 tempore
1564 1876 1650 1909 dicte
1665 1877 1834 1909 electionis

174 1936 232 1958 seu
246 1926 438 1968 provisionis
453 1925 616 1959 celebrate
640 1927 901 1968 computandum.
939 1926 1101 1960 Videlicet
1117 1927 1261 1970 quolibet
1284 1938 1368 1960 anno
1384 1928 1542 1961 dictorum
1566 1929 1661 1960 trium
1677 1939 1833 1961 annorum

175 1977 307 2011 terciam
329 1981 455 2020 partem
478 1977 591 2019 viginti
614 1977 736 2010 milium
760 1979 963 2011 marcharum
985 1978 1212 2011 solvendarum
1235 1979 1297 2011 hoc
1318 1979 1426 2017 modo,
1449 1979 1602 2012 videlicet
1623 1980 1726 2022 primo
1749 1990 1833 2012 anno

175 2029 332 2062 dictorum
356 2030 451 2062 trium
474 2032 600 2062 sextam
625 2033 750 2071 partem
773 2030 856 2062 infra
878 2035 1016 2073 quatuor
1038 2041 1167 2063 menses
1189 2031 1289 2075 ipsius
1312 2032 1405 2073 primi
1432 2032 1507 2063 anni
1531 2035 1564 2063 et
1586 2031 1684 2063 aliam
1707 2036 1833 2064 sextam

132 2086 155 2108 ⁸⁵
174 2084 300 2124 partem
323 2081 356 2113 in
378 2081 441 2114 fine
465 2084 537 2113 octo
560 2081 718 2114 mensium
741 2081 819 2114 dicti
842 2082 936 2124 primi
959 2083 1044 2123 anni,
1068 2086 1101 2114 et
1123 2083 1168 2114 sic
1186 2082 1228 2115 de
1244 2082 1370 2115 duobus
1385 2083 1476 2114 annis
1498 2082 1709 2125 sequentibus
1730 2093 1834 2125 usque

175 2131 216 2164 ad
239 2132 434 2175 completam
457 2132 651 2164 solutionem
675 2132 863 2175 predictam.
901 2133 944 2166 Et
966 2134 1127 2166 tenebitur
1149 2145 1207 2166 rex
1227 2134 1390 2175 Franc(ie)
1415 2134 1518 2166 dictas
1540 2144 1643 2177 pagas
1665 2145 1724 2167 seu
1746 2135 1833 2167 solu-

175 2184 280 2216 tiones
306 2183 377 2217 fieri
404 2183 512 2217 facere
540 2185 571 2215 in
599 2184 675 2216 villa
697 2184 790 2217 Barri
813 2195 910 2228 super
931 2185 1051 2218 Albam
1074 2196 1132 2218 seu
1160 2187 1190 2218 in
1214 2186 1290 2218 villa
1312 2186 1475 2226 Trecensi‚
1506 2189 1601 2228 prout
1630 2186 1737 2218 eidem
1763 2187 1833 2228 regi

175 2235 279 2277 magis
294 2235 455 2268 videbitur
470 2235 636 2277 expedire.
672 2235 753 2268 Cum
777 2240 886 2268 autem
903 2247 962 2279 per
977 2237 1191 2279 provisionem
1209 2237 1313 2269 dietus
1336 2247 1395 2269 rex
1410 2237 1574 2279 Franc(ie)
1597 2237 1639 2270 ad
1662 2238 1833 2280 imperium

175 2285 392 2327 preficeretur,
415 2287 490 2329 quia
513 2290 587 2319 tunc
610 2287 714 2319 maior
735 2287 908 2320 difficultas
931 2289 962 2320 in
985 2288 1041 2320 lite
1065 2293 1213 2331 surgeret
1235 2288 1341 2330 nobis,
1370 2300 1466 2331 quam
1496 2290 1522 2321 si
1553 2299 1612 2331 per
1640 2289 1833 2321 electionem

132 2343 158 2363 ⁴⁰
176 2336 320 2375 intraret,
349 2337 452 2370 dictus
483 2349 541 2371 rex
573 2338 672 2371 debet
696 2339 756 2371 hoc
779 2340 938 2381 inspicere
971 2343 1004 2372 et
1035 2350 1267 2382 recognoscere
1297 2340 1484 2383 diligenter,
1515 2344 1611 2383 prout
1638 2342 1834 2373 neccessitas

178 2388 320 2430 requirit.

263 2440 292 2471 8.
327 2439 409 2472 Item
439 2442 514 2484 quia
544 2452 602 2474 nos
630 2442 802 2474 asserimus
832 2453 889 2474 nos
919 2446 952 2474 et
980 2443 1095 2475 fratres
1122 2446 1248 2475 nostros
1277 2443 1378 2476 multa
1408 2444 1596 2476 sustinuisse
1627 2443 1768 2486 dampna
1800 2447 1834 2476 et

177 2500 337 2532 expensas
360 2491 475 2525 fecisse
497 2493 529 2524 in
552 2494 776 2535 prosecutione
800 2494 916 2526 iurium
940 2495 1030 2536 regni
1053 2494 1272 2527 Romanorum
1296 2495 1450 2528 adversus
1464 2494 1693 2537 Lud(ovicum)
1717 2495 1832 2527 ducem

175 2540 314 2575 Bavarie
344 2545 377 2575 et
398 2543 430 2575 in
453 2553 571 2586 guerra
593 2547 726 2587 propter
748 2545 809 2578 hoc
839 2546 923 2578 inter
952 2546 1039 2588 ipsos
1068 2549 1157 2579 mota
1184 2550 1218 2579 et
1245 2547 1352 2580 adhuc
1374 2546 1526 2588 durante,
1556 2550 1591 2579 et
1617 2549 1750 2589 propter
1772 2546 1833 2578 hoc

131 2600 157 2620 «ὅ
175 2592 320 2635 pluribus
342 2594 507 2635 militibus,
529 2595 728 2628 adiutoribus
755 2600 788 2629 et
804 2597 992 2629 valitoribus
1015 2598 1130 2629 nostris
1153 2598 1252 2630 simus
1274 2599 1306 2631 in
1324 2599 1451 2641 magnis
1472 2599 1681 2641 pecuniarum
1705 2599 1832 2641 quanti-

177 2644 295 2676 tatibus
318 2644 467 2688 obligati,
495 2646 640 2689 prefatus
666 2658 724 2680 rex
747 2647 908 2689 Franc(ie)
932 2659 990 2691 pro
1017 2650 1261 2692 supportatione
1288 2650 1388 2693 partis
1411 2650 1569 2683 dictorum
1597 2660 1730 2682 onerum
1758 2661 1831 2691 pro-

176 2695 274 2727 mittit
296 2696 388 2729 nobis
410 2697 542 2740 triginta
564 2697 652 2730 mille
675 2698 824 2731 marchas
847 2700 973 2742 argenti
1001 2700 1034 2732 in
1061 2704 1211 2733 eventum
1239 2704 1272 2734 et
1294 2703 1326 2734 in
1350 2712 1460 2734 casum
1485 2701 1654 2734 electionis
1677 2712 1734 2734 seu
1757 2713 1831 2743 pro-

176 2746 305 2779 visionis
320 2746 362 2780 de
377 2758 413 2780 se
430 2748 525 2790 facte,
542 2749 587 2782 ita
602 2749 753 2783 videlicet
768 2750 854 2793 quod
872 2762 930 2794 pro
946 2752 1032 2784 dicta
1049 2762 1174 2785 summa
1190 2753 1404 2795 marcharum,
1422 2764 1588 2796 quousque
1605 2753 1715 2785 nobis·
1731 2753 1831 2785 semel

278 2823 345 2851 952.
372 2824 396 2859 ⁸)
414 2825 442 2851 in
459 2826 514 2852 Ioco
533 2835 595 2852 meo
614 2835 652 2853 or.

280 2883 319 2903 u..
332 2883 560 2903 cessurum-rosas
572 2885 597 2904 v.
1576 2882 1624 2909 100
