2184 3126
332 222 393 252 7438
604 216 700 243 ACTA
719 215 833 243 REGNI
852 213 1036 241 LUDEWICI
1055 213 1103 240 1v.
1121 213 1168 240 ET
1186 211 1373 239 FRIDERICI
1393 212 1441 239 111.
1479 211 1553 239 1324.
1590 211 1638 238 Nr.
1652 211 1712 240 928.

331 304 532 346 pontificatus
560 304 607 334 sui
635 312 718 334 anno
747 304 861 333 octavo
893 303 1004 332 contra
1035 299 1198 331 dominum
1226 298 1426 330 Ludovicum
1459 298 1574 330 ducem
1601 298 1749 330 Bawarie
1777 298 1916 331 electum
1951 301 1985 333 in

329 357 547 388 Romanorum
563 364 673 396 regem
697 363 756 385 nec
778 363 840 383 non
863 352 1104 393 responsionem
1128 349 1273 382 eiusdem
1296 349 1418 381 domini
1439 349 1540 381 nostri
1562 348 1682 381 factam
1704 349 1747 381 ad
1769 349 1987 384 ambassatam

330 418 387 440 seu
403 407 609 448 legationem,
633 414 729 447 quam
746 403 852 436 eidem
870 402 999 434 domino
1022 405 1131 433 nostro
1155 411 1280 432 summo
1295 400 1439 443 pontifici
1462 400 1608 442 prefatus
1630 400 1779 433 dominus
1794 401 1988 435 Ludowicus

330 459 395 490 dux
417 458 554 489 Bavarie
581 457 658 488 fecit
686 466 744 497 per
770 455 902 486 fratrem
925 453 1094 485 Albertum
1123 453 1163 484 de
1187 452 1411 484 Swartzburch
1436 462 1589 494 magnum
1616 455 1843 494 preceptorem
1865 453 1985 486 ordinis

329 509 508 551 Hospitalis
536 508 636 539 sancti
666 506 817 538 Iohannis
839 504 1097 546 Ierosolymitani
1123 514 1182 545 per
1210 503 1416 535 Alemaniam
1443 513 1569 535 necnon
1595 504 1783 546 magistrum
1811 503 1983 537 Ernestum
2015 515 2028 534 s

330 561 370 592 de
399 560 523 592 Sebech
547 558 815 599 archidyaconum
845 555 1144 598 Herbipolen(sem)
1176 558 1209 587 et
1236 555 1424 597 magistrum
1449 554 1639 587 Heinrieum
1668 554 1710 587 de
1732 555 1863 588 Thr-ono
1887 566 1984 589 cano-

329 612 433 643 nicum
449 611 656 652 Pragenscm.
691 608 862 650 Completa
878 618 1006 649 quoque
1022 607 1162 639 lectione
1185 616 1260 638 mea
1275 607 1383 638 statim
1399 606 1557 638 discretus
1578 607 1627 638 vir
1649 606 1798 639 dominus
1813 607 1985 640 Heinricus

331 662 490 704 quondam
514 661 659 693 Heinrici
682 660 759 691 dicti
774 659 891 701 Empel
914 658 1082 702 presbyter
1105 658 1241 690 vicarius
1265 657 1384 699 prefati
1407 657 1538 699 plebani
1560 658 1698 691 civitatis
1713 657 1986 702 Salzburgen(sis)

327 713 498 754 assumpsit
531 712 661 743 easdem
690 711 814 742 litteras
844 714 877 742 et
903 714 990 742 stans
1017 711 1049 741 in
1081 709 1219 741 ambone
1250 708 1406 751 expandit
1435 719 1492 741 eos
1519 709 1561 741 ad
1590 710 1747 753 populum
1775 713 1809 742 et
1837 713 1985 743 tenorem

327 765 452 796 illarum
482 765 514 795 in
541 763 664 804 vulgari
687 762 888 794 Theotunico
915 762 1145 804 interpretatus
1171 760 1232 792 fuit
1261 764 1294 792 et
1321 761 1472 803 exposuit
1494 761 1624 803 publice
1647 772 1757 794 coram
1779 761 1984 795 multitudine
2002 775 2031 796 ιο

327 816 447 848 ibidem
464 819 588 847 astante
605 818 637 846 et
652 813 816 845 mandavit
838 816 905 845 tam
921 823 962 845 ex
978 815 1070 855 parte
1086 811 1205 854 prefati
1229 811 1350 843 domini
1374 813 1474 843 nostri
1498 823 1583 855 pape
1606 824 1703 855 quam
1727 824 1769 846 ex
1791 817 1885 856 parte
1908 814 1986 846 dicti

327 867 559 909 archiepiscopi
582 868 732 898 contenta
754 865 786 896 in
809 865 972 907 premissis
994 865 1109 895 litteris
1132 863 1267 895 firmiter
1289 862 1463 895 observari.

434 919 577 950 Tenores
599 920 707 949 autem
731 915 948 958 predictarum
971 916 1149 947 litterarum
1174 915 1257 947 tales
1279 914 1422 947 fuerunt:

432 979 604 1010 ‘Iohannes
627 977 796 1019 episcopus
819 987 929 1008 servus
943 995 977 1000 -
994 977 1093 1008 nostri
1117 986 1200 1008 anno
1225 974 1364 1007 octavo-³
1397 985 1498 1015 supra
1520 986 1570 1008 nr.
1587 977 1650 1008 795
1672 976 1730 1008 sub
1745 978 1775 1008 2.

434 1039 531 1070 Item:
1983 1033 1985 1035 ¹
2002 1051 2030 1072 ιι

433 1097 606 1129 ‘Iohannes
621 1097 790 1138 episcopus
813 1106 923 1128 servus
935 1115 976 1119 -
988 1096 1088 1128 nostri
1112 1107 1194 1128 anno
1218 1096 1356 1128 octavo.²
1388 1107 1490 1136 supra
1506 1107 1555 1130 nr.
1569 1098 1650 1136 840;
1666 1098 1707 1136 cs.
1718 1107 1755 1139 p.
1771 1098 1835 1129 663
1850 1096 1870 1130 l.
1883 1097 1925 1129 30
1939 1108 1986 1139 sq.

206 1185 255 1207 lun.
267 1187 299 1206 18.
435 1175 481 1216 (6)
504 1173 629 1205 Eodem
658 1184 741 1205 anno
769 1173 821 1205 die
844 1173 970 1205 XVIII.
994 1173 1077 1205 Iunii
1107 1173 1313 1216 Salzburg(e)
1348 1174 1380 1206 in
1414 1175 1577 1216 presentia
1603 1174 1705 1207 Ulriei
1733 1174 1811 1207 dicti
1836 1175 1987 1208 Rentwin

328 1227 368 1258 de
401 1224 604 1266 Salzburg(a)
633 1228 666 1256 et
688 1225 844 1257 Friderici
875 1225 1037 1267 quondam
1060 1225 1225 1257 Chunradi
1254 1225 1295 1257 de
1324 1225 1447 1257 Merica
1474 1226 1684 1268 Ratisponen.
1708 1226 1800 1268 dyoc.
1829 1227 1985 1259 laicorum

327 1278 456 1309 testium
473 1276 514 1308 ad
530 1277 591 1308 hoc
608 1280 794 1308 vocatorum
818 1276 966 1308 dominus
982 1276 1174 1308 Ludowicus
1197 1276 1302 1308 dictus
1318 1277 1506 1319 Ghatzpech
1522 1277 1710 1319 capellanus
1733 1282 1767 1310 et
1789 1279 1986 1311 camerarius

326 1328 500 1370 supradicti
523 1328 643 1359 domini
666 1329 900 1370 archiepiscopi
916 1328 1159 1370 Salzburgensis
1182 1329 1214 1360 in
1237 1339 1367 1361 camera
1389 1339 1457 1370 sua,
1481 1339 1543 1371 que
1567 1332 1617 1361 est
1639 1329 1672 1361 in
1694 1329 1816 1371 palatio
1840 1329 1985 1362 eiusdem
2003 1342 2031 1364 so

328 1381 569 1423 archiepiscopi,
593 1381 720 1412 nomine
737 1384 770 1413 et
785 1381 855 1412 vice
871 1381 970 1422 ipsius
986 1381 1220 1423 archiepiscopi
1243 1381 1420 1423 assignavit
1434 1381 1590 1414 Zacharie
1613 1381 1655 1414 de
1672 1381 1850 1424 Salzburga
1865 1382 1987 1414 curson‘

328 1436 360 1464 et
387 1433 496 1464 nuntio
525 1433 628 1464 iurato
657 1433 721 1463 iam
750 1432 827 1464 dicti
853 1433 1088 1474 archiepiscopi
1120 1433 1199 1464 duas
1229 1433 1355 1465 littera-s
1383 1436 1533 1475 patentes
1555 1434 1655 1475 ipsius
1685 1433 1754 1465 eius
1775 1443 1854 1466 vero
1881 1433 1987 1476 sigillo

327 1484 487 1525 pendente
522 1484 660 1515 munitas
694 1484 837 1515 eiusdem
865 1485 996 1516 tenoris.
1050 1484 1192 1521 Quarum
1225 1495 1288 1516 una
1322 1484 1523 1526 dirigebatur
1551 1484 1698 1517 discretis
1726 1485 1804 1517 viris
1830 1485 1987 1528 magistro

327 1535 467 1567 Rudolfo
491 1535 530 1566 de
553 1534 643 1567 Dorn
667 1535 806 1577 plebano
828 1536 859 1566 in
884 1535 1021 1577 Vogano
1050 1536 1210 1568 inferioris
1241 1540 1274 1568 et
1296 1536 1432 1568 Nicolao
1456 1536 1596 1578 plebano
1624 1536 1666 1569 de
1689 1536 1808 1569 Sancto
1830 1536 1987 1579 Dyonisio

327 1587 499 1627 superioris
523 1586 666 1618 Marchie
690 1586 936 1627 archidiaconis,
968 1587 1071 1619 altera
1099 1598 1175 1619 vero
1200 1587 1332 1629 Symoni
1361 1588 1527 1630 preposito
1551 1587 1782 1630 Gumoeenffl)
1811 1589 1987 1630 superioris
2005 1600 2031 1621 ss

328 1640 360 1669 ct
385 1638 502 1669 Iacobo
532 1638 670 1679 plebano
698 1638 728 1669 in
753 1637 845 1669 Hous
875 1639 1035 1670 inferioris
1059 1639 1227 1671 Karinthie
1257 1639 1507 1681 archidiaconis,
1535 1641 1736 1672 continentes
1759 1639 1801 1672 de
1823 1639 1922 1672 verbo
1946 1641 1988 1673 ad

326 1689 459 1721 verbum
475 1690 610 1721 insertos
634 1693 761 1722 tenores
777 1689 955 1722 litterarum
972 1691 1222 1732 apostolicarum
1245 1694 1312 1722 tam
1335 1701 1506 1733 processus
1528 1691 1630 1723 habiti
1652 1701 1712 1733 per
1734 1692 1988 1734 suprascriptum

234 1732 308 1778 ὂξὲῗὲ,
328 1740 489 1772 dominum
506 1744 648 1772 nostrum
673 1752 831 1773 summum
854 1742 1039 1784 pontificem
1055 1742 1147 1774 VIII.
1166 1742 1243 1774 Idus
1261 1742 1394 1774 Octobr.
1412 1744 1561 1785 proxime
1578 1742 1725 1785 preteriti
1748 1746 1860 1775 contra
1882 1743 1986 1778 domi—

235 1791 309 1837 Issffi
327 1803 401 1823 num
417 1792 624 1824 Ludowicum
641 1792 756 1824 ducem
771 1793 918 1825 Bawarie
941 1794 1123 1836 predictum
1146 1805 1242 1836 quam
1267 1795 1486 1837 responsionis
1509 1795 1594 1827 facte
1617 1805 1677 1837 per
1698 1794 1837 1827 eundem
1852 1794 1893 1827 V.
1910 1795 1988 1827 Idus

328 1843 468 1875 Ianuarii
495 1843 535 1874 ad
566 1843 796 1884 ambassatam,
827 1855 922 1886 quam
954 1845 1040 1877 idem
1069 1845 1217 1877 dominus
1240 1846 1432 1878 Ludowicus
1463 1856 1523 1888 per
1549 1846 1750 1888 supradictos
1779 1856 1855 1878 suos
1881 1849 1987 1879 certos
2005 1856 2032 1877 ³0

327 1895 452 1926 nuntios
468 1894 526 1925 sibi
544 1895 628 1926 fecit.
663 1895 815 1937 Precepit
831 1897 930 1928 etiam
947 1897 1052 1928 eidem
1069 1898 1180 1929 nuntio
1197 1898 1264 1929 sive
1285 1899 1405 1929 cursori
1429 1897 1489 1930 sub
1512 1898 1693 1930 iuramento
1717 1908 1781 1940 quo
1804 1898 1987 1940 tenebatur,

328 1946 411 1987 quod
436 1945 616 1978 huiusmodi
639 1946 761 1979 litteras
783 1951 985 1989 presentaret
1007 1948 1146 1980 fideliter
1170 1953 1202 1981 et
1225 1949 1371 1981 referret.

434 2022 480 2064 (S.
492 2022 522 2054 N
526 2023 553 2064 .),
571 2022 613 2054 Et
634 2034 694 2065 ego
712 2024 901 2057 Chomadus
918 2026 1097 2067 quondam‘
1111 2027 1222 2058 Iacobi
1239 2026 1279 2058 de
1297 2026 1489 2059 Schennano
1505 2027 1682 2059 Tridentin.
1700 2027 1792 2068 dyoc.
1809 2027 1987 2069 apostolica

328 2077 360 2104 ct
382 2074 540 2115 imperiali
563 2076 754 2108 auctoritate
778 2076 926 2117 publicus
949 2078 1092 2109 notarius
1115 2078 1342 2120 commissioni,
1373 2079 1470 2120 dicto,
1498 2081 1663 2121 precepto,
1691 2078 1856 2119 mandato,
1879 2078 1986 2120 publi-

329 2126 458 2166 cationi,
494 2127 748 2168 interpretationi
776 2138 832 2160 seu
867 2130 1077 2171 expositioni,
1108 2130 1318 2172 assignationi
1356 2141 1394 2162 ac
1422 2130 1571 2162 omnibus
1598 2133 1631 2162 et
1660 2129 1794 2172 singulis
1821 2130 1987 2172 premissis
2005 2143 2032 2164 ⁸⁵

328 2186 391 2207 una
407 2187 478 2208 cum
502 2177 630 2209 domino
646 2178 791 2210 Ruberto
815 2181 940 2212 notario
964 2181 1144 2224 subscripto
1169 2181 1210 2213 de
1233 2181 1387 2213 mandato
1411 2181 1585 2224 supradicti
1609 2181 1730 2213 domini
1753 2181 1989 2225 archiepiscopi

330 2227 597 2270 Salzburgen(sis)
621 2230 750 2262 interfui
774 2241 878 2273 eaque
902 2233 1014 2275 scripsi
1038 2236 1071 2265 et
1093 2234 1124 2264 in
1148 2233 1231 2265 hanc
1254 2233 1418 2275 publicam
1441 2233 1578 2265 formam
1601 2233 1714 2274 redegi
1736 2243 1876 2274 meoque
1895 2233 2000 2275 signo.

330 2282 480 2310 consueto
505 2280 635 2321 signavi.

436 2330 497 2362 Etss
529 2341 589 2372 ego
617 2332 801 2364 Rudbertus
835 2335 996 2376 quondam
1024 2335 1183 2368 Rudberti
1213 2336 1254 2368 de
1282 2336 1413 2368 Frisaco
1437 2335 1645 2378 Salzburgen.
1670 2335 1762 2377 dyoc.
1793 2336 1986 2368 auctoritate

331 2382 507 2422 apostolica
529 2382 675 2424 publicus
698 2386 840 2416 notarius
864 2387 1094 2429 commissioni,
1123 2387 1223 2428 dicto,
1253 2391 1423 2430 preceptO,
1453 2386 1617 2428 mandato,
1640 2386 1863 2429 publicationi,
1886 2388 1985 2420 inter·
2004 2401 2034 2421 ω

331 2433 501 2473 pretationi
518 2443 574 2464 seu
591 2436 791 2477 expositioni,
814 2438 1022 2479 assignationi
1045 2449 1083 2471 ac
1107 2439 1255 2471 omnibus
1279 2442 1312 2471 et
1335 2438 1468 2481 singulis
1491 2439 1656 2481 premissis
1678 2449 1743 2470 una
1766 2449 1839 2471 cum
1855 2439 1986 2471 domino

332 2482 503 2514 Chunrado
520 2486 642 2517 nota1io
659 2488 873 2530 suprascripto
890 2500 931 2521 ex
946 2490 1099 2522 mandato
1116 2491 1291 2533 supradicti
1315 2490 1437 2523 domini
1459 2490 1694 2532 archiepiscopi
1711 2489 1986 2533 Salzburgen(sis)

332 2534 474 2575 interfui,
503 2545 542 2566 ea
572 2537 680 2579 scripsi
711 2541 743 2569 et
771 2539 844 2570 huie
874 2541 1001 2582 publice
1033 2541 1135 2575 forme
1166 2553 1219 2574 me
1247 2542 1421 2585 subscripsi
1451 2552 1588 2584 eamque
1619 2552 1693 2574 meo
1716 2543 1808 2584 signo
1832 2545 1986 2575 consueto

332 2585 462 2626 signavi.
509 2585 554 2625 (S.
566 2586 621 2628 N.)

435 2712 501 2740 928.
530 2713 550 2746 s)
569 2723 602 2747 qn
622 2724 687 2741 corr.
707 2726 736 2742 ea:
755 2718 784 2743 de
804 2727 841 2744 or.
930 2722 953 2751 8)
972 2721 1028 2745 alia
1046 2730 1138 2747 πιαιιιιε
1157 2731 1195 2747 or.
2004 2725 2032 2745 ⁴³
