2184 3126
327 188 387 217 736
601 181 697 208 ACTA
716 179 829 207 REGNI
848 178 1030 205 LUDEWICI
1050 177 1096 204 IV.
1115 176 1163 203 ET
1181 176 1367 203 FRIDERICI
1387 176 1435 202 111.
1473 175 1547 203 1324.
1583 175 1632 203 Nr.
1645 174 1704 202 909.

324 272 431 311 potest
458 278 528 300 esse
556 266 730 308 professio,
762 275 824 307 que
854 275 873 295 a
905 274 939 295 se
966 273 1059 294 usum
1090 262 1273 294 necessarie
1301 261 1590 293 substentacionis²¹
1621 260 1801 293 excludat¹.
1852 261 1975 293 Verum

325 320 503 352 condecens
525 319 585 350 fuit
608 319 653 350 ei*³
676 316 874 359 professioni,
903 325 964 357 que
988 316 1102 356 sponte
1126 313 1256 345 devovit
1278 313 1439 345 Christum
1463 322 1641 354 pauperem
1669 312 1703 344 in
1725 314 1815 344 tanta
1837 323 1976 355 pauper-

325 375 391 403 tate
415 371 555 410 sectari‘,
580 370 718 401 omnium
743 367 894 399 abdicare
918 366 1092 397 dominium
1117 367 1150 397 et
1172 374 1279 396 rerum
1296 364 1356 395 sibi
1372 374 1596 395 concessarum
1618 365 1800 396 necessario
1823 374 1884 396 usu
1906 363 1976 396 fore

326 421 551 454 contentam¹.'
595 421 633 451 In
657 420 771 461 quibus
794 418 920 450 verbis¹¹
943 418 1045 449 claret
1067 420 1208 458 apex-ter,
1233 415 1320 457 quod
1343 415 1506 457 predictus
1529 426 1621 447 sacer
1642 414 1791 458 pontifex
1812 416 1977 458 Nycolaus

327 477 360 505 et
381 473 517 514 predicti
540 472 594 503 alii
617 470 783 512 pontifices
804 470 908 510 ipsum
933 467 1145 510 precedentes
1167 468 1198 498 in
1222 467 1287 498 suis
1309 466 1556 498 diffinicionibus
1579 470 1613 499 et
1627 467 1734 499 verbis
1749 467 1904 510 predictis
1918 477 1977 509 per
2007 479 2020 498 s

325 526 448 556 clavem
471 523 607 555 sciencie
632 525 782 562 tanquam
799 521 866 552 veri
886 521 1027 551 summiw
1043 519 1211 560 pontifices
1226 521 1338 559 aperte
1356 522 1390 549 et
1405 529 1558 560 expresse
1575 518 1736 551 diffiniunt
1750 522 1977 561 paupertatem

326 575 441 606 Christi
460 578 491 606 et
507 573 725 615 apostolorum
742 571 885 613 perfecte
901 571 1075 602 consistere
1091 571 1123 602 in
1144 570 1410 612 expropriacione
1426 570 1598 602 cuiuslibet
1613 570 1747 602 dominii
1758 571 1977 612 temporalis²‚

326 627 424 657 civilis
448 628 544 666 atque
567 624 719 655 mundani
746 633 852 654 rerum
877 623 1017 654 omnium
1041 622 1134 653 huius
1157 621 1282 662 mundi,
1312 624 1345 653 et
1374 621 1668 655 substentacionem
1690 623 1755 655 vite
1779 623 1922 664 ipsorum
1944 622 1978 653 in

325 678 392 708 solo
416 679 467 708 ety
490 675 575 706 nudo
599 676 772 706 consistere
795 684 855 705 usu
878 674 965 714 facti,
989 684 1052 715 quo
1075 673 1154 713 solo,
1178 676 1214 704 ut
1236 676 1383 704 asserunt
1406 676 1439 704 et
1460 674 1613 716 precipue
1636 673 1800 716 Nycolaus
1822 673 1977 716 prefatus,

325 727 446 769 indiget
468 728 533 758 vita
549 726 741 766 mortalium,
765 725 840 757 licet
863 726 931 757 iure
955 725 1067 757 utendi
1090 728 1123 756 et
1146 724 1310 756 usufructu
1333 727 1367 756 et
1389 725 1588 766 proprietate
1611 729 1650 758 et‘
1667 726 1809 758 dominio
1833 725 1978 768 quolibet
1995 736 2023 756 m

325 780 425 820 possit
456 789 566 810 carere
594 778 758 810 meritorie
789 780 822 809 et
850 777 1008 818 perfecte,
1037 780 1070 808 et
1104 779 1192 808 tanto
1220 775 1395 817 perfectius
1419 780 1469 808 et¹
1493 776 1620 808 Christo
1653 777 1834 819 decentius,
1859 780 1978 819 quanto

324 831 426 872 magis
450 841 508 871 per
530 830 633 861 solum
658 833 690 862 et
713 829 833 861 nudum
857 829 1034 870 simplicem
1058 829 1134 860 facti
1157 838 1251 859 usum
1274 827 1499 859 observatores
1522 829 1722 870 paupertatis
1737 829 1921 861 huiusmodi
1936 829 1978 861 ab

325 883 410 913 omni
434 882 501 913 iure
525 882 751 923 temporalium
780 881 1034 912 abstrahuntur&
1084 879 1212 911 Decens
1239 882 1348 911 autem
1377 879 1439 911 fuit
1461 878 1626 911 dominum
1649 879 1780 912 Ihesum
1805 879 1978 921 Christum,

325 934 379 974 qui
403 933 538 964 celestes
562 932 693 964 divicias
717 936 750 964 et
772 943 882 964 verum
907 932 1015 963 mundi
1039 934 1260 972 contemptum
1283 934 1418 963 venerat
1439 931 1619 973 predicare,
1641 931 1786 973 perfecte
1809 932 1843 964 in
1857 942 1892 964 se
1908 932 1980 974 ipso

325 985 507 1026 relinquere
535 984 644 1015 mundi
675 984 820 1023 divicias,
852 983 906 1015 utb
929 983 1091 1024 perfectos
1121 983 1300 1014 imitatores
1327 993 1401 1014 suos
1429 982 1581 1015 doceret⁰
1609 984 1673 1014 suis
1701 983 1841 1016 consiliis
1870 983 1979 1016 taliter
1997 992 2022 1012 1³

326 1035 562 1077 relinquendas,
587 1035 672 1077 quod
696 1036 764 1066 solo
789 1046 848 1066 usu
871 1035 1052 1066 necessario
1076 1035 1141 1066 vite
1165 1034 1293 1066 mortali
1317 1044 1429 1066 eorum
1453 1044 1579 1066 summa
1601 1035 1764 1077 perfeccio
1794 1038 1880 1068 esset
1902 1046 1979 1068 con-

327 1092 424 1119 tenta.
471 1087 562 1119 dNec
593 1087 743 1128 predictis
772 1086 891 1126 obstat,
923 1086 1010 1128 quod
1033 1086 1084 1117 hic
1107 1086 1250 1117 veritatis
1282 1085 1452 1118 subversor
1475 1085 1566 1127 dicit,
1593 1087 1626 1117 in
1655 1087 1724 1119 sola
1747 1087 1881 1125 caritate
1904 1098 1979 1130 per-

326 1139 516 1170 fectionem⁰
538 1139 724 1178 consistere,
756 1138 830 1179 quia
853 1137 928 1169 nosf
950 1137 990 1168 de
1018 1138 1072 1169 illa
1099 1140 1292 1179 paupertate
1316 1137 1491 1179 loquimur,
1520 1148 1583 1180 que
1606 1149 1648 1170 ex
1671 1138 1840 1180 seraphico
1863 1139 1979 1172 ardore

326 1190 423 1220 divini
446 1190 563 1221 amoris
587 1192 620 1220 et
647 1199 771 1220 summa
794 1189 1038 1230 appreciacione
1062 1189 1285 1220 celestiume·¹¹
1308 1188 1412 1221 calcat
1434 1193 1568 1231 propter
1589 1189 1697 1222 Deum
1721 1190 1829 1222 omnia
1850 1194 1978 1234 tempo—

326 1242 404 1272 ralia
428 1242 518 1282 quasi
542 1241 653 1272 lutum.
698 1241 739 1272 Et
762 1241 822 1272 hoc
846 1251 1006 1272 summum
1028 1241 1165 1282 gradum
1188 1241 1331 1272 caritatis
1354 1242 1386 1272 in
1415 1245 1523 1273 mente
1551 1242 1703 1283 supponit
1730 1245 1764 1274 et
1790 1243 1823 1274 in
1845 1253 1978 1275 conver·
1996 1254 2024 1275 so

326 1292 473 1324 sacioneh
497 1293 678 1323 extrinseca
706 1292 800 1323 huius
828 1293 945 1323 amoris
973 1292 1114 1324 ostendit
1141 1292 1323 1324 incendium
1350 1303 1410 1334 per
1432 1296 1654 1335 contemptum
1677 1294 1819 1326 omnium
1842 1295 1977 1327 munda-

325 1354 447 1375 norum.
492 1344 576 1375 Huic
600 1345 783 1385 paupertati
806 1344 960 1375 altissime
985 1347 1017 1375 et
1040 1344 1184 1386 perfecte
1208 1344 1259 1375 hic
1282 1344 1444 1376 hereticus
1456 1345 1655 1377 'manifestus
1677 1347 1838 1387 perversis
1852 1347 1980 1379 statutis

327 1399 359 1426 et
381 1395 558 1436 nephandis
583 1395 732 1436 operibus
759 1398 791 1427 ct
817 1395 1020 1436 processibus
1050 1406 1084 1427 se
1109 1396 1251 1437 opponit.
1307 1395 1351 1427 Et
1377 1396 1469 1428 nobis
1500 1400 1550 1428 est
1577 1396 1814 1439 fidedignorum
1837 1396 1980 1430 veridica

325 1447 484 1478 relacione
509 1447 654 1487 relatum,
678 1446 764 1488 quod
787 1447 839 1478 hic
862 1447 893 1478 in
917 1451 1002 1478 statu
1026 1447 1143 1479 Christi
1167 1451 1200 1479 et
1223 1448 1444 1489 apostolorum
1467 1449 1651 1490 inpingens,
1675 1449 1731 1491 qui
1752 1453 1980 1491 paupertatem

326 1499 555 1540 ewangelicam
590 1498 850 1539 suprascriptami
888 1499 919 1529 in
957 1499 1089 1530 fratrum
1120 1499 1280 1531 Minorum
1314 1499 1450 1541 regulak
1483 1504 1718 1542 propagarunt,
1753 1501 1836 1532 dixit
1869 1511 1978 1533 coram
1996 1512 2023 1533 ιι

326 1549 480 1590 pluribusl
496 1550 620 1590 magnis
643 1550 743 1580 viris¹¹¹
760 1549 1019 1591 fidedignissimis
1043 1550 1083 1582 de
1101 1551 1212 1582 ordine
1236 1551 1442 1592 supradict0¹¹
1463 1551 1549 1593 quod
1572 1552 1637 1584 iam
1660 1563 1680 1583 a
1702 1553 1828 1595 magnis
1850 1556 1978 1595 tempo-

326 1600 411 1632 ribus
434 1601 515 1632 forte
540 1611 558 1632 a
574 1601 634 1632 XL
657 1602 747 1632 annis
764 1602 814 1632 vel
838 1602 922 1633 circa
938 1606 1141 1644 conceperat,
1163 1603 1309 1645 regulam
1326 1602 1414 1635 beati
1428 1602 1591 1635 Francisci
1607 1607 1760 1646 tanquam
1777 1603 1978 1636 fantasticam

327 1656 359 1683 et
381 1652 599 1694 inpossibilem
623 1653 664 1684 ad
687 1653 895 1694 servandum,
921 1654 946 1684 si
969 1654 1058 1685 Deus
1082 1655 1175 1686 daret
1198 1655 1258 1686 sibi
1281 1658 1490 1697 potestatem,
1520 1655 1687 1688 destruere
1710 1661 1766 1687 ac⁰
1788 1656 1904 1688 tollere
1928 1658 1980 1688 etp

326 1703 482 1735 Minorum
507 1704 607 1734 ordini
632 1698 727 1735 aliam
751 1705 896 1746 regulam
905 1710 945 1728 ‘U
969 1705 1059 1746 dare,
1085 1711 1164 1747 qua*³
1187 1710 1318 1748 possent
1340 1706 1426 1738 bona
1448 1708 1481 1738 in
1504 1708 1666 1739 communi
1688 1708 1870 1749 possidere,
1898 1708 1981 1740 sicut

326 1755 388 1786 alie
412 1755 584 1796 religiones
605 1755 746 1787 faeiuntt.
786 1755 925 1787 Prelatis
949 1758 1051 1788 eciam
1075 1757 1249 1789 maioribus
1273 1757 1350 1789 dicti
1367 1758 1486 1790 ordinis
1509 1760 1609 1791 suasit
1624 1763 1719 1791 acute
1743 1763 1777 1791 et
1793 1759 1979 1801 efficaciter,
1997 1771 2025 1791 ω

327 1806 407 1837 sicut
430 1806 556 1848 probari
580 1808 697 1848 poterit
724 1818 780 1839 suo
806 1808 899 1839 loco¹²
923 1811 956 1839 et
980 1813 1126 1850 tempore
1151 1810 1339 1850 manifeste,
1365 1810 1452 1852 quod
1475 1810 1623 1852 regulam
1645 1821 1762 1843 novam
1786 1812 1979 1853 reciperent,

326 1858 358 1888 in
382 1868 444 1899 qua
467 1857 610 1889 haberev
630 1862 761 1899 possent
783 1859 892 1901 aliqua
915 1860 946 1890 in
970 1862 1131 1891 communi
1155 1864 1188 1892 et
1211 1872 1301 1892 suam
1325 1862 1494 1903 reicerent,
1518 1865 1672 1904 tanquam
1695 1863 1738 1895 ad
1761 1863 1980 1895 servandum'

326 1909 545 1950 inpossibilem
569 1913 600 1941 et
624 1910 755 1951 fatuam,
781 1921 841 1952 que
867 1914 975 1943 tamen
991 1912 1224 1953 perfectionem
1250 1913 1503 1955 ewangelicam¹
1520 1915 1663 1946 continet
1685 1915 1862 1947 evidenter.
1908 1914 1980 1947 ‘Ex

327 1971 389 2002 quo
412 1964 512 2002 patet,
537 1961 622 2002 quod
645 1963 726 1992 sicut
748 1963 944 1994 inveteratus
967 1963 1128 1996 hereticus
1153 1968 1185 1995 et
1208 1965 1352 2006 precisus
1375 1965 1416 1996 ab
1440 1966 1577 1998 ecclesie
1601 1976 1736 2008 corpore
1760 1969 1793 1998 et
1815 1976 1892 2000 vera
1914 1966 1979 1998 fide

326 2023 386 2043 non
411 2012 534 2053 potuity
558 2012 599 2043 ad
622 2013 841 2053 pontificatum
866 2016 994 2046 assumi.
1040 2015 1082 2046 Et
1109 2020 1280 2058 postquam
1303 2017 1403 2058 ipsius
1426 2017 1598 2051 manifesta
1626 2021 1676 2049 est
1698 2018 1821 2050 heresis
1848 2019 1880 2049 in
1903 2029 1979 2050 con·
1998 2028 2024 2048 ει

327 2063 545 2094 stitucionibus
579 2065 790 2106 promulgatis
823 2066 935 2097 incidit
967 2067 999 2097 in
1035 2067 1155 2099 factum
1195 2068 1404 2110 dampnatum
1441 2069 1583 2101 heresis²
1618 2072 1651 2101 et
1687 2081 1744 2102 suo
1782 2070 1912 2111 proprio
1947 2073 1981 2102 et

327 2115 472 2145 notori02
495 2115 639 2147 scelereb
655 2116 795 2148 heresisc
812 2120 860 2148 est
883 2117 924 2149 ab
948 2119 1033 2149 omni
1051 2121 1135 2150 statu
1153 2118 1307 2151 deiectus.
1397 2120 1410 2139 ‘¹
1425 2120 1623 2152 Constitucio
1647 2122 1771 2153 eciam‘
1793 2121 1866 2153 illat
1885 2120 1980 2153 ‘Cum

328 2166 409 2196 inter
424 2167 601 2198 nonnullos³
617 2167 732 2198 diffinit
754 2168 932 2200 hereticum
949 2170 1016 2201 fore
1035 2169 1152 2210 dicere,
1176 2171 1273 2203 nichil
1291 2171 1450 2204 Christum
1469 2175 1502 2204 et
1521 2173 1686 2214 apostolos
1703 2173 1791 2204 eiusc
1806 2173 1980 2205 habuisse¹¹

431 2283 496 2309 902).
525 2286 549 2317 (1)
562 2288 730 2312 suslencionis
740 2288 764 2312 B
774 2288 784 2312 1
795 2297 801 2319 ;
814 2293 921 2315 sustent.
931 2290 1047 2316 similiter
1056 2300 1155 2324 semper
1168 2293 1191 2317 A
1199 2292 1224 2318 4.
1234 2292 1258 2318 5.
1323 2293 1346 2324 ¹‘)
1363 2293 1478 2319 excludit
1489 2294 1514 2318 A
1524 2293 1549 2319 2.
1557 2293 1580 2319 5.
1646 2293 1667 2326 Β)
1680 2302 1737 2320 eam
1750 2294 1775 2319 A
1787 2294 1808 2320 l.
1875 2295 1895 2328 t)
1907 2303 1979 2322 seeu-

329 2326 375 2350 lari
388 2326 412 2350 B
424 2326 446 2352 1.
521 2328 546 2359 ¹²)
565 2329 633 2354 deest
645 2330 668 2353 A
679 2330 703 2355 5.
774 2331 798 2362 v)
816 2337 901 2364 aperte
914 2333 974 2359 clar.
988 2333 1011 2358 A
1022 2333 1046 2360 4.
1117 2334 1147 2368 w)
1167 2335 1236 2361 deest
1253 2336 1278 2360 B
1287 2334 1312 2361 2.
1388 2335 1414 2367 ¹)
1433 2340 1510 2370 temp.
1521 2341 1581 2362 tom.
1594 2337 1619 2362 A
1632 2336 1719 2363 1.4.5.
1790 2338 1815 2370 y)
1833 2339 1902 2364 deest
1913 2338 1939 2363 B
1949 2337 1978 2370 2;
1996 2343 2025 2363 40

330 2369 355 2392 in
375 2369 436 2394 add.
456 2369 480 2393 A
495 2370 516 2394 1.
604 2372 625 2402 z)
644 2381 688 2404 pro
707 2374 768 2399 add.
788 2375 811 2398 A
827 2375 849 2400 1.
931 2376 954 2407 ⁸)
973 2377 1176 2410 abstranguntur
1195 2379 1218 2402 A
1235 2378 1257 2404 1.
1270 2377 1287 2404 2
1299 2378 1338 2410 (in
1350 2379 1452 2412 mar-9).
1470 2379 1494 2405 3.
1571 2378 1598 2412 b)
1617 2384 1642 2405 et
1660 2379 1685 2405 B
1699 2379 1721 2405 12
1735 2379 1763 2411 2;
1788 2386 1814 2406 et
1831 2385 1861 2407 ut
1879 2381 1904 2406 A
1916 2381 1941 2407 4.
1954 2380 1980 2408 5.

330 2410 353 2442 C)
372 2412 476 2437 deberet
494 2412 518 2436 A
531 2412 555 2438 2.
629 2413 654 2446 d)
672 2416 770 2447 siynum
785 2419 951 2450 paraqraplci
970 2419 996 2444 in
1014 2419 1073 2445 ΒΞ.
1153 2421 1176 2454 θ)
1195 2425 1220 2446 et
1238 2423 1394 2454 perfectione
1412 2422 1438 2447 B
1449 2421 1474 2448 2.
1546 2421 1566 2455 f)
1584 2431 1636 2448 non
1654 2423 1679 2448 A
1691 2423 1714 2449 1.
1790 2423 1815 2456 Β)
1834 2424 1903 2450 deest
1919 2423 1979 2451 ΒΞ.

330 2452 355 2484 h)
374 2454 504 2479 celestium
517 2469 546 2472 —
559 2459 754 2484 conversacione
772 2461 918 2486 eaeciderunt
937 2462 995 2488 Al.
1083 2463 1102 2495 i)
1121 2473 1200 2497 supra
1218 2465 1372 2498 descriptam
1391 2465 1416 2490 B
1429 2465 1453 2491 1.
1540 2465 1567 2497 ¹¹)
1586 2467 1704 2499 regulam
1722 2466 1748 2491 B
1762 2467 1784 2492 l.
1873 2466 1892 2499 l)
1911 2468 1980 2493 deest

331 2496 353 2519 Α
371 2496 392 2521 l.
407 2495 432 2520 4.
536 2498 568 2528 m)
587 2499 640 2524 loco
663 2502 763 2532 magnis
782 2503 843 2528 viris
862 2504 885 2527 A
901 2504 931 2529 4:
956 2506 1076 2531 omnibus
1094 2508 1231 2540 magistris.
1346 2508 1372 2540 1¹)
1391 2509 1564 2542 suprascripto
1583 2509 1608 2534 A
1620 2508 1644 2535 2.
1661 2509 1685 2535 3.
1791 2509 1816 2540 ⁰)
1834 2514 1860 2536 et
1878 2510 1903 2535 A
1915 2509 1941 2536 4.
1953 2511 1978 2537 5.

330 2539 354 2570 p)
372 2547 401 2563 ac
420 2539 443 2563 A
456 2538 481 2564 4.
561 2541 585 2572 ⁴1)
604 2550 656 2574 reg.
674 2544 706 2568 al.
726 2544 749 2567 A
764 2544 786 2569 1.
797 2545 820 2570 2.
832 2544 856 2571 3.
866 2547 889 2572 4.
970 2548 992 2579 ¹⁹)
1011 2550 1078 2574 deest
1096 2549 1121 2574 A
1132 2549 1156 2575 5.
1236 2552 1256 2582 ⁸)
1276 2560 1323 2584 per
1340 2559 1419 2584 quam
1438 2551 1497 2578 A3.
1576 2551 1595 2584 ²)
1615 2553 1665 2578 sac.
1682 2553 1728 2578 rol·
1746 2552 1771 2577 B
1783 2551 1807 2579 2.
1887 2552 1913 2582 ¹¹)
1931 2562 1979 2580 suo
1997 2558 2025 2578 45

330 2581 386 2605 loco
404 2581 455 2606 cles.
475 2581 532 2607 ΒΞ.
646 2585 669 2615 v)
687 2586 776 2611 haberi
794 2587 818 2611 A
831 2588 852 2613 l.
965 2591 995 2623 W)
1014 2593 1046 2617 ad
1064 2601 1129 2618 serv.
1149 2597 1274 2626 tanquam
1292 2594 1317 2619 B
1327 2593 1351 2620 2.
1467 2595 1493 2626 ¹)
1513 2596 1649 2628 ewangelii
1667 2599 1720 2621 tam
1739 2596 1764 2620 A
1779 2595 1807 2627 1;
1830 2596 1899 2622 decet
1916 2596 1942 2621 B
1953 2596 1979 2623 2.

331 2624 355 2654 y)
373 2624 403 2649 de
422 2625 477 2649 iure
496 2625 557 2650 add.
576 2626 600 2650 B
612 2625 636 2652 2.
714 2628 736 2660 z)
755 2630 821 2655 deest
840 2631 864 2655 B
875 2631 899 2657 2.
982 2634 1005 2664 ὃ)
1023 2637 1121 2661 notorie
1139 2636 1164 2661 B
1178 2636 1200 2663 1.
1214 2636 1239 2663 2.
1319 2637 1343 2669 b)
1362 2639 1444 2664 zelere
1463 2639 1488 2663 B
1502 2638 1523 2664 1.
1537 2637 1562 2664 2.
1642 2637 1665 2672 ⁰)
1683 2647 1730 2672 per
1748 2639 1816 2671 quod
1834 2639 1897 2665 add.
1916 2639 1942 2664 B
1954 2638 1979 2665 2.

331 2665 355 2696 11>
373 2667 471 2699 siquam
494 2669 655 2700 paragraphi
678 2671 704 2695 in
723 2671 747 2695 B
759 2671 782 2697 2.
895 2675 917 2706 θ)
937 2676 1005 2701 deest
1027 2679 1110 2710 spatio
1132 2688 1212 2705 vacuo
1235 2680 1324 2706 relicto
1347 2681 1373 2706 ἰη
1392 2682 1448 2714 fine
1468 2682 1552 2707 lineae
1569 2681 1595 2706 B
1608 2681 1637 2712 1;
1661 2686 1700 2707 est
1719 2682 1744 2707 B
1754 2681 1779 2707 2.
1894 2680 1913 2714 f)
1932 2682 1979 2708 illa

331 2709 397 2734 deest
416 2709 440 2733 A
454 2709 481 2739 4;
503 2710 552 2735 ista
571 2711 595 2734 A
608 2711 632 2736 5.
720 2714 744 2744 8)
762 2715 817 2740 eius
835 2725 874 2748 ap.
894 2718 918 2742 A
930 2717 954 2743 4.
1042 2720 1068 2752 1¹)
1088 2730 1169 2754 supra
1187 2723 1233 2748 lin.
1253 2723 1275 2747 A
1289 2723 1313 2749 3.

435 2785 460 2818 1)
478 2793 497 2812 e.
511 2789 526 2812 3
543 2786 574 2811 in
592 2786 636 2812 V1.
655 2787 684 2813 de
703 2789 766 2815 verb.
779 2791 871 2825 siquis.
891 2793 937 2826 (V,
950 2796 998 2827 12).
1997 2802 2027 2821 ⁵⁰
