2184 3126
392 203 489 231 ACTA
506 188 620 230 REGNI
639 200 822 230 LUDEWICI
841 201 887 229 IV.
906 200 952 228 ET
971 199 1158 228 FRIDERICI
1175 199 1225 227 111.
1262 199 1337 227 1824.
1374 199 1512 228 Nr.1005.
1533 199 1608 227 1006.
1765 201 1828 233 835

173 292 208 322 et
229 290 402 332 repereris,
431 289 524 322 nobis
546 290 677 322 studeas
698 298 759 331 per
780 291 852 321 tuas
878 288 1003 320 litteras
1025 287 1076 320 vel
1104 286 1351 319 instrumentum
1378 285 1540 328 publicum
1569 285 1683 318 harum
1710 286 1828 318 seriem

173 341 339 374 continens
360 341 501 374 fideliter
521 342 681 374 intimare.

281 392 403 426 Datum
426 391 623 436 [Avinione],
646 391 704 425 VI.
720 391 887 424 Kalendas
909 390 1112 432 Novembris,
1135 399 1219 422 anno
1242 400 1336 422 nono.

254 558 378 603 1006.
409 557 533 604 1007.
575 555 972 604 AMBASIATA
1000 555 1330 604 NOBILIUM
1363 555 1631 602 ITALIAE
1658 556 1752 602 AD

144 641 156 661 ε
657 625 1065 672 LUDEWICUM
1096 624 1350 671 REGEM.

790 697 899 734 1324.
937 696 1017 735 Oct.
1042 697 1220 735 19.—21.

641 801 749 838 1006.
791 801 984 847 Responsio
1011 802 1112 847 reqis.
1219 800 1292 837 Oct.
1312 802 1367 836 19.

286 870 446 912 Orv'yinale
470 871 544 914 (cr.)
574 872 609 903 in
637 870 808 903 tabulario·
823 871 906 912 reyio
928 871 1119 903 Mutinensi.
1170 870 1318 912 Siyillum
1345 870 1567 909 desideratur,
1598 869 1659 902 lori
1680 870 1832 902 membra—

174 924 267 957 nacei
287 923 474 964 fragmentis
495 923 623 955 relictis.
659 941 700 946 -—
733 922 808 955 Iam
834 922 992 955 edidimus
1021 922 1136 955 ‘Neues
1157 922 1293 955 Archiv‘
1327 922 1466 956 XXIX.
1499 922 1563 954 598
1591 932 1641 954 nr.
1658 923 1702 953 20
1724 932 1762 954 ex
1785 933 1831 954 or.

133 986 159 1007 ιο
177 976 360 1009 Editionem
382 977 523 1007 nostram
546 975 598 1007 hic
619 975 798 1015 repetimus.

284 1032 468 1064 Exaratum
490 1033 536 1063 est
558 1031 665 1063 eadem
687 1041 800 1070 manu,
829 1040 911 1071 quae
938 1030 1092 1071 oriqinale
1114 1030 1265 1063 Foederis
1291 1031 1375 1062 inter
1396 1040 1482 1070 reyes
1503 1040 1534 1062 a.
1557 1030 1650 1061 1325.
1674 1028 1777 1061 Mart.
1791 1030 1833 1060 13

176 1084 232 1118 icti
253 1084 398 1124 πνέῃ-«κίε
419 1084 459 1122 cf.
483 1085 592 1115 notam
613 1085 755 1115 nostram
777 1082 798 1115 l.
814 1092 838 1115 c.
863 1082 1028 1114 adiectam.

284 1139 429 1178 Bemmar,
453 1139 528 1180 περ.
545 1137 658 1171 Luae.
678 1149 710 1179 p.
727 1138 792 1170 319
814 1149 863 1170 m.
879 1138 966 1170 2957
988 1138 1114 1180 (Addit.
1131 1137 1195 1179 11).

285 1214 515 1248 Serenissimus
538 1213 685 1246 dominus
699 1212 892 1245 Ludowicus
906 1211 1125 1244 Romanorum
1147 1221 1206 1243 rex
1228 1220 1357 1252 semper
1379 1213 1534 1252 augustus
1549 1210 1834 1242 ambassiatoribus

133 1277 158 1311 ιφ
174 1267 331 1301 nobilium
353 1267 495 1298 virorum
521 1265 741 1297 marchionum
769 1263 981 1305 Esten(sium)
1008 1266 1041 1294 et
1069 1263 1204 1294 aliorum
1231 1262 1386 1294 nobilium
1409 1261 1606 1294 Lombardie
1634 1265 1668 1294 et
1689 1261 1834 1294 Marchie

176 1320 219 1353 ad
241 1322 392 1352 contenta
414 1319 447 1350 in
470 1317 666 1350 ambassiata
690 1327 748 1348 sua
770 1315 937 1358 respondit
958 1318 994 1347 ut
1017 1315 1161 1357 sequitur
1182 1315 1215 1346 in
1238 1314 1322 1346 hunc
1344 1313 1511 1346 modum·:

287 1374 314 1404 1.
344 1369 439 1407 Quod
466 1379 525 1401 rex
551 1369 620 1411 ipse
644 1368 814 1410 dignanter
835 1368 959 1409 recepit
986 1370 1019 1399 et
1045 1365 1237 1398 auscultavit
1263 1365 1494 1398 ambassiatam
1523 1366 1666 1408 ipsorum
1689 1368 1723 1398 et
1745 1376 1833 1398 com-

175 1423 308 1456 mendat
331 1432 388 1454 eos
411 1421 451 1453 de
475 1420 539 1452 fide
563 1420 758 1459 devocionis,
781 1429 879 1462 quam
901 1422 1017 1461 gerunt
1039 1418 1081 1450 ad
1104 1428 1231 1450 sacrum
1253 1418 1425 1460 imperium
1449 1421 1483 1450 et
1505 1417 1547 1449 ad
1562 1418 1678 1459 ipsum.

284 1476 314 1507 2.
345 1474 429 1506 Item
445 1472 531 1515 quod
554 1482 612 1504 rex
634 1471 703 1513 ipse
719 1471 916 1503 deliberatus
939 1473 989 1503 est
1011 1480 1084 1502 cum
1099 1469 1297 1512 principibus
1312 1469 1507 1502 electoribus
1530 1472 1563 1502 et
1588 1469 1659 1501 aliis
1680 1470 1834 1512 principi-

132 1534 158 1556 ω
175 1526 236 1559 bus
264 1525 392 1568 imperii
423 1528 457 1556 et
487 1522 668 1556 secretariis
700 1525 734 1554 et
760 1523 871 1554 amicis
901 1522 980 1563 suis,
1008 1521 1275 1554 concordantibus
1309 1522 1356 1566 eis
1390 1521 1537 1553 omnibus
1568 1522 1600 1552 in
1628 1531 1727 1553 unum
1761 1525 1836 1563 post

175 1581 332 1613 tractatus
346 1577 453 1609 varios
476 1578 509 1608 et
523 1578 676 1614 maturos,
699 1573 786 1616 quod
809 1574 841 1605 in
863 1584 992 1606 omnem
1008 1576 1159 1606 eventum
1182 1583 1265 1605 anno
1288 1583 1372 1604 nunc
1387 1576 1521 1605 venturo
1537 1576 1688 1614 potenter
1702 1573 1836 1605 intrabit

175 1629 304 1662 Italiam
332 1639 405 1661 cum
432 1627 584 1660 comitiva
612 1627 771 1658 maiorum
798 1626 993 1668 principum,
1023 1626 1190 1666 comitum,
1219 1625 1391 1666 baronum,
1422 1624 1578 1656 nobilium
1607 1627 1640 1657 et
1666 1628 1834 1667 potentum

175 1681 346 1714 Alemanie
370 1680 412 1712 ad
433 1689 601 1711 numerum
618 1678 755 1710 duorum
770 1678 893 1709 milium
915 1677 1052 1709 militum
1068 1679 1292 1709 strennuorum
1314 1687 1373 1718 pro
1396 1676 1590 1719 recipiendis
1610 1676 1708 1708 sacris
1730 1677 1835 1718 impe-

175 1733 308 1766 rialibus
330 1732 437 1764 infulis
459 1731 501 1763 ad
523 1730 588 1762 Dei
615 1729 842 1772 omnipotentis
868 1729 1012 1770 laudem,
1041 1731 1150 1761 sancte
1173 1728 1321 1760 Romane
1345 1727 1482 1761 ecclesie
1504 1728 1677 1769 honorem,
1707 1729 1835 1770 imperii

131 1793 157 1814 ιι
175 1778 444 1817 reformacionem
467 1785 500 1815 et
524 1791 653 1814 suorum
668 1780 813 1813 fidelium
829 1781 1087 1812 consolacionem
1110 1790 1235 1812 necnon
1257 1780 1447 1812 universalis
1469 1782 1571 1812 status
1586 1781 1729 1812 omnium
1745 1780 1836 1822 pacis

177 1835 383 1868 commodum
407 1837 440 1866 et
462 1833 608 1866 salutem.

284 1889 313 1920 3.
343 1887 428 1919 Item
457 1885 544 1928 quod
571 1885 647 1927 quia
673 1894 731 1926 pro
759 1883 920 1926 stipendio
944 1883 1103 1915 dictorum
1129 1883 1266 1915 militum
1296 1894 1378 1926 opus
1405 1886 1454 1916 est
1476 1884 1662 1925 pecuniario
1691 1884 1835 1917 subsidio

176 1938 370 1972 conferendo
400 1948 460 1980 per
489 1936 592 1968 dictos
617 1935 743 1968 nobiles
772 1938 806 1967 et
832 1935 913 1967 alios
939 1934 1053 1967 fideles
1081 1935 1209 1967 illarum
1243 1936 1388 1977 parcium
1418 1938 1451 1967 et
1477 1945 1536 1977 pro
1566 1935 1775 1977 disponendis
1801 1940 1835 1968 et

175 1990 360 2024 ordinandis
382 1989 516 2032 singulis
538 1988 580 2020 ad
602 1987 784 2020 huiusmodi
807 1988 893 2030 regis
918 1987 1084 2019 introitum
1111 1997 1244 2019 necesse
1268 1990 1318 2019 est
1340 1987 1522 2023 consilium,
1552 1986 1662 2029 dirigit
1683 1988 1753 2029 ipse
1777 1998 1835 2020 rex

133 2056 158 2077 so
175 2053 250 2076 suos
272 2042 405 2074 nuncios
431 2041 604 2083 speciales,
635 2042 671 2071 ut
697 2049 769 2071 cum
792 2039 978 2081 prescriptis
999 2038 1163 2071 nobilibus
1185 2041 1385 2081 pertractent
1406 2039 1439 2070 in
1461 2039 1625 2080 premissis
1652 2043 1685 2070 et
1707 2038 1778 2071 aliis
1802 2043 1835 2071 et

177 2095 324 2128 ordinent
347 2104 385 2126 ac
408 2093 528 2125 faciant
550 2092 677 2124 abintra
700 2101 839 2134 queque,
862 2091 944 2123 sicut
966 2091 1064 2123 fuerit
1086 2094 1289 2133 oportunum.

284 2149 312 2178 4.
343 2145 428 2177 Item
456 2155 496 2176 ne
524 2145 596 2186 quis
619 2143 753 2175 alicuius
780 2142 870 2175 dubii
892 2143 1078 2185 scrupulum
1101 2142 1220 2175 habeat
1247 2142 1288 2174 de
1317 2142 1405 2184 regis
1427 2142 1559 2174 introitu
1582 2145 1615 2174 et
1638 2141 1834 2174 conferendo

176 2197 352 2230 subsidium
375 2207 434 2239 pro
457 2195 616 2238 stipendio
639 2195 778 2227 militum
801 2195 930 2227 estimet
953 2205 987 2227 se
1011 2194 1167 2235 fraudan‘,
1198 2205 1255 2227 rex
1282 2195 1352 2236 ipse
1381 2193 1476 2226 offert
1498 2203 1625 2225 omnem
1648 2194 1835 2226 caucionem

177 2249 377 2282 certitudinis
406 2248 548 2280 dandam
574 2258 634 2290 per
662 2257 697 2279 se
727 2251 760 2279 et
793 2257 867 2278 cum
893 2247 971 2288 ipsis
1001 2246 1198 2288 principibus
1234 2256 1345 2278 secum
1378 2245 1587 2285 inu-antibus,
1622 2245 1709 2287 quod
1743 2256 1835 2277 suum

134 2311 159 2332 υ
177 2301 341 2333 introitum
364 2299 571 2340 ordinabunt,
595 2300 715 2331 facient
738 2301 771 2330 et
794 2298 966 2340 disponent
992 2299 1079 2330 omni
1106 2298 1219 2338 modo,
1247 2298 1329 2330 sicut
1354 2298 1439 2329 intus
1468 2297 1565 2329 fuerit
1593 2299 1835 2339 pertractatum.

285 2354 316 2384 5.
339 2352 423 2384 Item
439 2351 526 2394 quod
541 2353 611 2394 ipse
631 2361 690 2383 rex
712 2351 754 2382 ad
769 2350 1011 2382 instaurandum
1028 2349 1211 2382 huiusmodi
1227 2360 1318 2381 suum
1335 2349 1498 2381 salubrem
1514 2349 1677 2381 introitum
1695 2350 1838 2391 requiret

179 2413 291 2435 omnes
318 2404 440 2436 amicos
471 2414 546 2435 suos
573 2403 693 2443 Rome,
728 2403 888 2434 Avinione
918 2405 951 2434 et
978 2401 1097 2444 ubique
1124 2405 1297 2443 terrarum,
1331 2411 1440 2443 reges,
1475 2400 1589 2441 duces,
1621 2400 1835 2441 marchiones,

179 2454 313 2487 comites
335 2458 369 2487 et
389 2454 514 2487 nobiles
537 2465 575 2487 ac
597 2454 843 2486 communitates
866 2454 1041 2486 civitatum.

287 2507 317 2538 6.
343 2505 428 2538 Item
450 2506 589 2538 fimavit
610 2509 684 2548 post
706 2509 834 2548 tergum
855 2506 1075 2546 Afflmaniam,
1103 2505 1190 2548 quod
1218 2504 1292 2537 inde
1319 2504 1498 2547 periculum
1520 2514 1584 2536 non
1608 2503 1749 2543 timebit,
1777 2503 1836 2535 sed

135 2568 162 2588 ιο
179 2557 337 2589 veraciter
359 2558 433 2598 scit,
463 2557 549 2600 quod
578 2567 637 2600 per
663 2568 755 2589 suum
784 2558 964 2599 ingressum
987 2560 1021 2589 et
1043 2559 1118 2589 ante
1142 2560 1175 2588 et
1202 2560 1276 2599 post
1304 2567 1378 2589 cum
1406 2557 1510 2588 maior
1537 2566 1603 2598 pax
1630 2558 1665 2588 et
1693 2556 1835 2587 omnium

179 2608 300 2640 firmior
321 2611 423 2641 status
445 2609 515 2641 erit.

288 2657 422 2692 [Item
446 2670 510 2691 non
533 2659 674 2701 dubitat,
702 2660 779 2701 quin
801 2670 873 2691 cum
897 2659 1031 2692 ducibus
1053 2660 1183 2692 Austris
1206 2660 1336 2703 plenam
1359 2659 1497 2692 haberet
1519 2658 1738 2697 concordiam,
1763 2668 1836 2689 eum

178 2711 333 2752 placeret,
356 2713 406 2743 set
429 2721 501 2743 eam
523 2711 593 2743 vult
616 2713 650 2743 et
672 2714 834 2753 expectat,
858 2721 955 2753 quam
978 2722 1036 2753 pro
1052 2711 1215 2744 soliditate
1238 2715 1340 2744 status
1362 2711 1490 2753 imperii
1513 2714 1547 2743 et
1568 2711 1699 2742 honoris
1714 2710 1836 2752 proprii

179 2762 308 2794 estimat
329 2762 503 2804 pociorem.

136 2838 162 2858 4⁸
285 2829 371 2858 100⁶.
399 2830 423 2863 ὓ)
441 2831 496 2856 eine
514 2831 601 2858 alinea
619 2840 657 2858 or.

1561 2883 1628 2909 105*
