2124 3132
146 901 206 923 1⁰.

145 1201 170 1223 15

608 193 826 222 TRACTATUS
846 194 892 222 DE
911 194 1124 224 ELECTIONE.
1161 197 1236 224 1314.
1274 197 1320 224 Nr.
1334 198 1375 225 28.
1394 199 1435 225 29.
1802 206 1843 235 33

191 279 235 312 Et
267 290 325 313 nos
354 280 517 312 Iohannes
546 279 609 312 Dei
639 281 749 322 gracia
779 282 949 324 episcopus
980 283 1266 325 Argenssinensis),
1302 273 1444 325 fisticus,
1479 284 1556 316 Otto
1588 291 1620 317 ct
1656 286 1842 329 autmarus)

191 332 326 364 comites
359 341 397 364 ac
431 331 509 363 Otto
542 331 584 363 de
618 331 813 364 Ohsenstein
847 332 983 374 predicti
1017 335 1275 375 recognoscimus
1308 336 1464 376 premissa
1499 346 1573 367 vera
1608 341 1641 367 et
1675 338 1719 368 sic
1755 339 1845 370 nobis

191 382 409 416 mediantibus
432 386 506 415 acta
529 393 616 424 esse,
639 383 744 426 sigilla
767 387 875 416 nostra
898 384 940 416 ad
961 395 1075 427 preces
1097 385 1228 417 illustris
1252 387 1404 428 principis
1427 387 1578 429 Liupoldi
1602 388 1691 420 ducis
1717 391 1844 422 Austris

191 434 329 477 predicti
352 433 502 467 duximus
524 435 556 467 in
579 431 769 476 ampliorem
794 435 908 468 horum
932 435 1132 469 evidenciam
1157 437 1217 468 hiis
1241 437 1356 470 litteris
1379 438 1604 480 appendenda.

297 486 416 518 Actum
440 490 474 519 et
496 486 606 518 datum
630 487 662 518 in
684 486 885 525 Bacheraco,
916 487 998 519 feria
1021 489 1133 531 quinta
1157 493 1229 531 post
1252 490 1474 521 invencionem
1498 496 1607 522 sancte
1632 491 1757 532 Crucis,
1782 503 1845 534 quc

191 540 261 570 erat
275 537 351 570 VII.
368 537 446 570 Idus
468 538 556 579 Maii,
581 548 664 569 anno
688 537 818 569 Domini
842 538 1013 570 millesimo
1038 540 1264 571 trecentesimo
1290 540 1542 582 quartodecimo.

580 676 631 707 29.
657 676 707 707 30.
742 674 1069 708 PROMISSIONES
1092 675 1453 710 ARCHIEPISCOPI.

892 733 982 764 13¹4.
1018 732 1093 764 Mai.
1111 735 1140 764 9.

688 828 747 865 29.
789 828 963 875 Scriptum
986 831 1100 874 prius.
1206 830 1298 866 Mai.
1317 832 1349 866 9.

302 892 463 934 Oriyimale
491 893 566 936 (or.)
595 893 630 926 in
659 893 818 927 tabulario
847 904 992 927 caesareo
1022 894 1261 928 Vindobonensi.
1314 896 1512 929 Contulimus
1543 908 1608 929 nos.
1665 897 1847 930 Pemlebant

188 943 265 978 loris
279 945 523 985 membranaceis
537 944 642 978 decem
664 945 778 987 siyilhz,
801 956 935 987 quorum
958 949 1024 980 octo
1049 948 1112 979 iam
1134 950 1303 979 servantur
1322 947 1398 988 plus
1420 949 1560 980 minusve
1583 948 1676 980 laesa.

244 1019 250 1022 ⁴
297 999 442 1043 Biihbher,
465 1005 541 1048 Rey.
565 1006 679 1039 Ludw.
695 1017 732 1048 p.
749 1007 813 1038 235
837 1007 1068 1040 Reichssachen
1090 1018 1140 1039 nr.
1158 1009 1187 1039 9.

294 1091 458 1123 Universis
481 1095 648 1134 presentes
671 1093 796 1125 litteras
819 1094 1008 1135 inspecturis
1031 1104 1089 1124 nos
1105 1093 1276 1125 Heinricus
1296 1093 1359 1125 Dei
1381 1095 1486 1136 gratia
1510 1098 1618 1126 sancte
1645 1094 1846 1127 Coloniensi„

188 1142 325 1175 ecclesie
347 1143 609 1186 archiepiscopus
632 1145 715 1176 sacri
737 1145 864 1186 imperii
887 1155 945 1186 per
967 1144 1095 1176 Italiam
1119 1145 1420 1177 archicancellarius
1444 1152 1554 1177 notum
1578 1147 1728 1186 facimus,
1758 1146 1845 1189 quod

189 1203 261 1226 cum
290 1194 406 1227 illustri
432 1196 578 1237 principe
599 1195 750 1238 Lupoldo
778 1196 860 1228 duce
883 1197 1013 1228 Austrie
1041 1199 1074 1228 et
1096 1196 1202 1238 Styrie
1226 1196 1267 1228 de
1290 1201 1471 1228 nostrorum
1496 1197 1644 1229 hincinde
1668 1198 1844 1230 amicorum

189 1245 322 1278 consilio
349 1256 408 1288 pro
435 1246 550 1278 illustri
577 1247 721 1290 principe
744 1247 910 1280 Friderico
939 1247 1020 1279 duce
1044 1248 1174 1280 Austrie
1203 1247 1301 1279 fratre
1331 1258 1388 1279 suo
1419 1248 1682 1280 concordavimus
1706 1250 1735 1280 in
1762 1249 1843 1281 hunc

187 1296 332 1329 modum:
363 1297 516 1330 videlicet
543 1297 629 1340 quod
656 1299 688 1330 in
711 1298 772 1330 hac
796 1300 969 1331 vacacione
993 1296 1212 1331 Romanorum
1237 1300 1327 1341 regni
1351 1310 1409 1341 per
1431 1303 1566 1331 mortem
1592 1300 1664 1332 dive
1689 1302 1845 1333 memorie

188 1347 311 1381 domini
331 1348 478 1382 Heinrici
500 1349 721 1383 Romanorum
751 1351 971 1393 imperatoris,
1001 1362 1072 1383 cum
1101 1351 1264 1383 incumbat
1290 1351 1405 1383 electio
1430 1350 1471 1382 de
1495 1351 1600 1382 futuro
1625 1351 1843 1384 Romanorum

187 1410 266 1442 rege
292 1400 503 1443 celebranda,
532 1400 643 1433 habita
671 1402 932 1434 consideracione
961 1406 1062 1434 status
1092 1406 1125 1434 et
1152 1403 1467 1434 circumstanciurum
1490 1413 1627 1444 persone
1652 1414 1725 1442 sue,
1758 1403 1844 1444 quod

187 1454 320 1484 auctore
342 1451 483 1485 Domino
505 1452 726 1485 Romanorum
755 1464 855 1496 regno
883 1454 1038 1486 industria
1067 1458 1100 1486 et
1126 1455 1276 1496 potencia
1304 1465 1360 1486 sua
1388 1458 1552 1496 tamquam
1577 1454 1711 1486 devotus
1734 1460 1843 1487 sancte

186 1502 334 1536 Romane
358 1504 495 1537 ecclesie
516 1504 601 1536 filius
622 1505 746 1538 utiliter
767 1516 898 1548 preesse
922 1506 1042 1538 debeat
1064 1509 1097 1538 et
1119 1506 1284 1548 prodesse,
1308 1507 1377 1537 iura
1401 1510 1433 1538 et
1455 1506 1540 1538 bona
1563 1507 1687 1548 imperii
1704 1517 1741 1537 ac
1758 1517 1842 1538 rem-

157 1552 159 1554 ’
185 1555 348 1598 publicam
371 1555 511 1588 feliciter
525 1566 640 1598 regere
657 1561 691 1589 et
705 1557 897 1599 gubernare,
921 1558 1125 1599 promisimus
1142 1562 1175 1590 et
1190 1558 1405 1599 promittimus
1422 1557 1559 1589 eundem
1576 1558 1606 1588 in
1623 1557 1843 1590 Romanorum

138 2779 164 2799 4⁵

185 1617 297 1650 regem
328 1607 460 1650 eligere.
506 1609 732 1651 Astringentes
759 1620 817 1640 nos
845 1609 887 1641 ad
914 1609 975 1641 hoc
1003 1609 1066 1641 fide
1095 1620 1152 1651 per
1179 1619 1308 1641 manum
1335 1613 1477 1640 nostram
1500 1608 1542 1639 ad
1567 1613 1678 1650 pectus
1701 1614 1842 1641 nostrum

184 1653 323 1702 positam
346 1669 443 1702 super
463 1659 526 1692 hoc
547 1660 619 1692 vice
642 1663 675 1693 et
697 1661 827 1692 nomine
850 1661 1021 1692 iuramenti
1045 1661 1179 1703 prestita
1202 1660 1371 1703 corporali,
1395 1660 1470 1691 dum
1495 1663 1603 1691 tamen
1626 1670 1676 1700 ea,
1699 1670 1761 1702 que
1786 1671 1842 1703 pro

184 1710 279 1743 nobis
312 1711 515 1756 etbecclesia
548 1714 657 1744 nostra
691 1712 798 1744 facere
832 1715 908 1744 ante
942 1713 1133 1745 electionem
1169 1711 1396 1744 celebrandam
1430 1712 1627 1753 repromisit,
1665 1711 1844 1754 adimpleat

186 1762 364 1795 secundum
387 1762 465 1795 dicti
486 1762 639 1806 Liupoldi
661 1763 842 1796 litterarum
866 1765 1100 1796 continenciam
1128 1774 1225 1806 super
1247 1763 1308 1795 hoc
1332 1762 1550 1795 confectarum
1574 1766 1607 1794 et
1630 1763 1720 1794 nobis
1743 1764 1843 1795 tradi—

186 1816 291 1846 turum
320 1813 362 1846 ab
393 1814 541 1847 eodem².
586 1814 660 1847 Hoc
686 1814 815 1847 adiecto
846 1815 932 1858 quod
960 1816 985 1846 si
1014 1815 1118 1847 dictus
1141 1814 1351 1856 Frid(ericus)
1376 1818 1451 1846 ante
1479 1814 1674 1846 eleccionem
1705 1814 1843 1846 eandem

184 1865 272 1909 quod
302 1865 386 1899 absit
414 1865 591 1899 decederet
612 1866 666 1898 vel
693 1866 774 1899 alias
804 1867 880 1910 eligi
907 1868 939 1899 in
966 1877 1079 1909 regem
1107 1866 1209 1898 nollet
1236 1877 1292 1898 seu
1321 1877 1362 1898 ex
1390 1876 1582 1908 quocunque
1610 1865 1844 1908 impedimento

184 1910 351 1960 eligi'non
378 1921 503 1960 posset,
534 1918 620 1961 quod
649 1918 746 1950 simili
775 1917 871 1951 modo
896 1918 1016 1951 dictum
1039 1918 1223 1961 Lupoldum
1247 1918 1378 1959 ducem,
1407 1919 1489 1950 sicut
1511 1919 1615 1960 ipsum
1641 1918 1842 1950 Fridericum

186 1969 317 2012 eligisse
339 1967 578 2011 debuissemus,
607 1970 765 2012 eligamus
787 1971 819 2002 in
843 1980 954 2013 regem
978 1970 1213 2011 Romanorum,
1243 1980 1316 2002 cum
1339 1972 1488 2013 speretur
1510 1970 1644 2001 firmiter
1666 1969 1843 2001 secundum

183 2022 303 2053 statum
325 2021 477 2064 potencie
499 2024 533 2054 et
555 2021 711 2054 industrie
734 2032 791 2054 sue
816 2022 885 2054 eius
907 2032 1046 2064 persona
1068 2021 1289 2053 Romanorum
1312 2031 1412 2063 regno
1437 2020 1601 2062 expedire.

291 2072 329 2104 In
351 2072 466 2105 horum
491 2073 709 2105 testimonium
732 2077 900 2116 presentes
923 2073 1046 2105 litteras
1069 2076 1177 2104 nostro
1201 2077 1234 2104 et
1252 2072 1446 2104 venerabilis
1470 2073 1569 2114 patris
1592 2072 1712 2104 domini
1734 2071 1841 2104 Adolfi

182 2123 374 2156 L00diensis
397 2125 550 2166 episcopi,
574 2124 719 2157 Heinrici
741 2126 896 2168 prepositi
919 2124 1128 2166 Bunncnsis·‚
1151 2124 1378 2167 archidyaconi
1402 2123 1602 2156 Coloniensis
1626 2134 1663 2156 ac
1687 2123 1842 2155 Hartradi

181 2175 339 2218 prepositi
354 2175 589 2208 Wetflariensis
610 2186 735 2208 necnon
757 2176 913 2209 nobilium
936 2176 1076 2209 virorum
1092 2176 1280 2219 Engelberti
1304 2175 1345 2208 de
1360 2175 1486 2214 marka,
1509 2175 1657 2217 Symonis
1679 2175 1719 2206 de
1737 2175 1843 2217 Span-

156 2225 163 2231 '
182 2226 285 2268 heim,
315 2226 451 2270 Raperti
475 2227 517 2261 de
531 2227 717 2271 Virenburg
740 2228 907 2269 comitum,
938 2227 1099 2269 Reynoldi
1122 2227 1162 2259 de
1179 2227 1406 2269 Valkenbmg,
1438 2226 1578 2259 Cfinradi
1602 2227 1643 2258 de
1667 2225 1786 2268 Sleyda
1810 2231 1843 2258 et

183 2277 325 2312 cunradi
341 2278 382 2311 de
397 2279 573 2322 Toneburg·
593 2279 805 2319 dominorum,
829 2280 883 2321 qui
903 2280 1066 2321 premissis
1086 2278 1310 2320 interfuerunt,
1333 2278 1446 2320 sigillis
1466 2278 1618 2320 appensis
1639 2277 1842 2319 presentibus

184 2329 318 2363 fecimus
351 2331 549 2363 communiri.
595 2330 638 2362 Et
668 2341 726 2362 nos
755 2330 893 2362 Adolfus
923 2330 985 2362 Dei
1020 2331 1125 2372 gratia
1158 2331 1329 2372 episcopus
1363 2329 1567 2369 Leodiensis,
1603 2329 1774 2361 Heinricus
1809 2333 1841 2360 et

182 2382 365 2415 Hartradus
400 2383 516 2427 eadem
550 2384 655 2427 gratia
684 2383 885 2415 Bunnensis·
915 2387 949 2415 et
971 2382 1206 2415 Wetflariensis
1240 2382 1410 2424 prepositi,
1445 2381 1675 2423 Engelbertus,
1710 2380 1841 2422 Symon,

182 2434 346 2480 Repertus
375 2435 525 2476 comites,
554 2434 754 2477 Reynoldus,
783 2433 951 2467 cunradus
978 2438 1012 2467 et
1034 2434 1202 2467 cunradus
1230 2434 1368 2476 predicti
1396 2433 1654 2475 recognoscimus
1684 2433 1840 2473 premissa

183 2487 291 2519 omnia
311 2496 390 2518 vera
419 2489 452 2518 et
478 2487 524 2518 sic
551 2486 644 2518 nobis
671 2485 887 2518 mediantibus
916 2489 949 2518 et
975 2485 1178 2528 presentibus
1201 2489 1274 2517 acta
1297 2495 1382 2525 esse,
1411 2484 1516 2526 sigilla
1541 2488 1647 2515 nostra
1672 2485 1702 2514 in
1725 2482 1838 2514 horum

182 2537 385 2571 evidenciam
412 2538 454 2570 ad
481 2548 595 2580 preces
622 2537 698 2569 dicti
727 2537 846 2569 domini
870 2537 1045 2578 Heinr(ici)
1073 2536 1307 2578 archiepiscopi
1335 2535 1535 2568 Coloniensis
1562 2533 1755 2577 [duximusp’
1778 2534 1839 2564 hiis

181 2587 299 2621 litteris
321 2588 524 2631 apponenda.

289 2631 407 2672 Actum
432 2643 466 2672 et
489 2640 600 2672 datum
624 2641 655 2671 in
678 2639 880 2677 Bacheraco,
910 2639 1020 2682 quinta
1044 2639 1124 2671 feria
1148 2643 1221 2681 post
1243 2639 1463 2670 invencionem
1488 2642 1597 2668 sancte
1621 2637 1745 2675 Crucis,
1775 2646 1837 2677 quc

182 2695 253 2724 erat
267 2691 342 2724 VII.
359 2691 437 2724 Idus
459 2691 547 2732 Maii,
572 2702 654 2724 anno
677 2691 808 2723 Domini
831 2691 1002 2723 millesimo
1027 2692 1252 2722 trecentesimo
1276 2689 1527 2732 quartodecimo.

287 2760 335 2788 25).
363 2761 387 2793 ¹)
405 2762 508 2787 Bunieii
527 2771 564 2787 or.
653 2760 677 2793 ¹‘)
696 2762 789 2787 excidit
807 2771 844 2787 or.

291 2821 316 2854 1)
335 2820 428 2855 Supra
445 2829 488 2848 nr.
501 2824 606 2848 26-27.

287 2880 324 2899 U·-
335 2880 553 2904 ,couswm'nouss
564 2880 588 2899 V.
