2184 3126
466 156 563 186 AO'rA
582 156 696 185 amm
714 155 898 184 LUDEWICI
918 156 965 183 lv.
985 156 1029 183 ΕΤ
1049 155 1234 183 FRIDERICI
1253 155 1302 183 111.
1340 156 1416 184 1820.
1452 155 1500 183 Nr.
1513 157 1571 183 575.
1590 157 1651 184 576.
1826 160 1885 190 461

234 306 310 343 575.
347 303 618 344 LUDEWICI
649 304 930 343 SCRIPTUM
957 304 1061 343 PRO
1085 303 1525 343 ARCHIEPISCOPO
1548 305 1891 344 TREVIRENSI.

909 373 1018 411 1320.
1060 373 1144 411 Mai.
1169 374 1226 410 11.

345 464 508 505 Oriqinale
519 463 595 506 (or.)
607 464 643 496 in
657 463 820 497 tabulario
830 465 914 505 reyio
925 464 1154 504 Confluentino.
1181 465 1381 499 Contulimus
1391 476 1458 498 nos.
1482 465 1629 507 Sigillum
1637 477 1756 507 parum
1770 466 1891 498 hesum

231 515 350 556 pendet
371 515 436 549 loro
457 515 699 548 membranaceo.
723 534 765 539 -
796 515 859 548 Ed.
879 516 1024 549 Giinther
1048 516 1165 550 ‘Codex
1187 517 1422 557 diplomaticus’
1445 517 1516 557 III,
1541 518 1604 549 196
1627 528 1678 551 m.
1697 519 1759 550 104
1781 528 1821 550 επ
1843 529 1887 551 or.

201 590 214 610 5
341 571 489 611 Bfflmaer,
512 571 588 613 Req.
606 571 719 604 Ludw.
736 582 772 612 p.
788 571 831 603 23
853 582 902 604 nr.
919 573 993 604 393.

340 656 408 689 Nos
431 657 625 690 Ludowicus
649 657 711 690 Dei
741 658 846 700 gratia
872 657 1094 691 Romanorum
1121 669 1179 690 rex
1205 668 1335 701 semper
1362 663 1516 702 augustus
1545 661 1692 693 omnibus
1722 666 1891 703 presentes

230 708 355 745 litteras
375 709 568 751 inspecturis
591 710 737 751 cupimus
760 719 831 742 esse
855 712 976 750 notum,
1000 710 1086 752 quod
1110 709 1303 742 venerabilis
1324 710 1532 743 Baldewinus
1555 712 1763 745 Treverensis
1785 713 1890 746 archi·

231 760 404 802 episcopus
426 761 576 803 princeps
591 764 702 793 noster
717 761 899 793 carissimus
914 772 972 793 suo
988 764 1022 793 et
1041 761 1176 794 ecclesie
1193 772 1250 794 sue
1265 762 1395 794 nomine
1411 763 1622 796 medietatem
1639 765 1735 796 castri
1751 764 1890 796 Stertin-

231 810 314 854 berg
336 814 369 844 et
392 813 632 845 attinentiarum
656 813 877 845 universarum
903 813 1002 855 ipsius
1029 813 1214 845 medietatis
1241 817 1331 846 tenet
1353 817 1387 846 et
1408 815 1474 847 iam
1497 815 1552 847 diu
1574 817 1678 847 tenuit
1700 827 1720 848 a
1743 816 1835 848 nobis
1857 821 1891 850 et

188 881 213 901 1⁰
230 863 366 906 imperio
390 875 448 906 pro
473 864 715 906 quadringentis
738 865 864 906 marcis,
888 864 988 896 tribus
1002 864 1211 897 Hallensibus
1227 876 1285 907 pro
1301 865 1444 907 denario,
1468 869 1502 898 et
1521 868 1754 910 quinquaginta
1773 868 1892 900 marcis

230 915 356 957 argenti
378 916 451 958 puri
474 915 619 957 legitime
644 916 737 948 titulo
760 917 904 958 pignoris
927 916 1071 958 obligata
1082 917 1103 947 ¹.
1155 915 1198 948 Et
1224 920 1260 949 ut
1283 916 1370 949 idem
1393 918 1654 960 archiepiscopus
1684 930 1780 961 super
1807 919 1889 951 obli-

229 967 376 1009 gacione‚
400 978 464 1010 qua
477 967 686 1010 Bopardiam,
709 967 889 1000 Wesaliam
913 971 946 1000 et
961 967 1194 1010 Galgenscheit
1209 978 1282 1000 cum
1298 979 1411 1000 eorum
1426 970 1602 1002 attinentiis
1618 971 1774 1003 universis
1791 974 1890 1011 tenet,

230 1017 384 1051 reddatur
404 1019 546 1051 securior
568 1020 600 1051 in
617 1019 769 1060 futurum,
793 1019 924 1051 consilio
948 1022 981 1051 et
1003 1018 1241 1051 deliberacione
1263 1023 1389 1052 mature
1413 1020 1600 1062 probabitis,
1624 1022 1768 1063 pensatis
1790 1023 1889 1054 etiam

234 1071 360 1112 magnis
383 1070 511 1112 imperii
534 1071 724 1103 utilitatibus
747 1075 780 1103 et
803 1071 954 1113 gravibus
976 1071 1113 1103 servitiis
1135 1070 1227 1102 nobis
1249 1075 1282 1103 et
1304 1072 1441 1114 imperio
1464 1083 1547 1104 nunc
1571 1076 1604 1104 et
1627 1072 1707 1104 alias
1730 1083 1808 1115 sepe
1832 1085 1892 1116 per

186 1140 211 1160 u
232 1120 354 1154 dictum
378 1122 657 1164 archiepiscopum
680 1123 848 1164 impensis,
880 1133 922 1155 ex
951 1125 1040 1154 certa
1070 1123 1204 1155 scientia
1234 1126 1267 1154 et
1298 1133 1394 1155 cause
1425 1124 1614 1164 cognicione
1645 1123 1764 1156 dictam
1793 1125 1891 1158 castri

231 1172 442 1206 medietatem
466 1184 530 1206 una
553 1184 624 1206 cum
648 1174 817 1206 advocatia
841 1173 881 1206 de
905 1173 1096 1206 Hirzenawe
1120 1177 1154 1206 et
1176 1184 1288 1206 eorum
1311 1175 1488 1206 attinentiis
1511 1176 1670 1208 universis
1698 1176 1784 1208 dicte
1808 1177 1890 1209 obli-

229 1225 358 1266 gacioni
381 1224 422 1256 de
445 1225 624 1267 Bopardia,
647 1225 795 1257 Wesalia
818 1228 851 1257 et
874 1224 1105 1267 Galgenscheit
1126 1225 1184 1257 sub
1208 1226 1331 1258 eisdem
1354 1226 1570 1267 libertatibus,
1593 1227 1699 1260 modis
1722 1231 1756 1260 et
1778 1229 1889 1260 condi-

231 1275 374 1307 cionibus
399 1276 506 1308 eidem
530 1276 723 1319 obligacioni
746 1277 903 1319 appositis
926 1287 1078 1319 expresse
1101 1277 1306 1319 adiungimus
1334 1281 1367 1310 et
1387 1279 1515 1311 unimus
1538 1279 1631 1311 titulo
1661 1280 1804 1322 pignoris
1831 1291 1888 1313 seu

234 1328 364 1360 nomine
381 1328 551 1370 ypothece‚
575 1328 716 1360 tenenda
739 1332 773 1360 et
794 1328 989 1371 possidenda
1011 1338 1069 1371 per
1092 1327 1212 1360 dictum
1236 1329 1524 1372 archiepiscopum,
1548 1331 1617 1363 eius
1633 1342 1835 1364 successores
1851 1343 1890 1364 ac

185 1395 211 1416 ,ο
230 1378 399 1411 ecclesiam
423 1379 656 1412 Treverensem
680 1383 846 1422 tamquam
868 1391 966 1412 unum
994 1379 1098 1412 solum
1130 1381 1247 1422 pignus
1268 1381 1455 1423 indivisum,
1482 1382 1529 1414 ita
1555 1382 1642 1425 quod
1668 1383 1815 1425 predicta
1837 1383 1890 1415 vel

230 1430 362 1473 aliquod
385 1430 603 1472 predictorum
627 1430 753 1463 divisim
782 1431 823 1463 ob
852 1441 1089 1474 quamcumque
1117 1442 1246 1464 causam
1275 1443 1338 1464 non
1361 1433 1492 1465 valeant
1513 1434 1579 1466 ullo
1602 1438 1750 1477 tempore
1774 1435 1889 1467 redimi

228 1481 280 1514 vel
304 1481 436 1515 absolvi.
482 1482 764 1525 Recognoscentes
792 1483 922 1526 insuper
951 1483 1087 1515 alteram
1114 1483 1326 1516 medietatem
1355 1484 1432 1516 dicti
1460 1486 1555 1517 castri
1583 1485 1788 1529 Sterrinberg
1817 1498 1889 1519 cum

229 1533 374 1566 eiusdem
402 1533 587 1566 medietatis
614 1535 790 1567 attinentiis
817 1534 859 1566 ad
889 1534 1028 1567 eundem
1058 1535 1337 1578 archiepiscopum
1365 1540 1398 1568 et
1426 1537 1546 1568 dictam
1574 1537 1744 1570 ecclesiam
1768 1539 1888 1571 Treve-

228 1595 356 1618 rensem
379 1588 454 1618 ante
471 1586 711 1618 confeccionem
727 1587 926 1628 presentium
942 1586 1063 1618 dudum
1087 1587 1279 1628 pertinuisse
1303 1590 1336 1619 et
1351 1587 1457 1620 adhuc
1474 1590 1583 1630 quiete
1607 1592 1640 1620 et
1661 1590 1795 1631 pacifice
1811 1601 1884 1622 cum

181 1654 207 1674 η
227 1637 306 1669 iuris
327 1638 538 1680 possessionis
561 1640 594 1669 et
616 1638 822 1680 proprietatis
844 1637 1044 1680 plenitudine
1066 1637 1168 1670 libere
1191 1640 1364 1680 pertinere.

333 1693 408 1725 Dat.
426 1694 456 1724 in
474 1694 586 1725 castris
602 1693 689 1735 apud
705 1693 938 1734 Orfitzennach,
960 1693 1000 1725 V.
1018 1692 1096 1725 Idus
1111 1693 1199 1734 Maii,
1223 1705 1306 1726 anuo
1322 1694 1454 1727 Domini
1469 1695 1640 1728 millesimo
1657 1698 1883 1730 trecentesimo

225 1745 390 1786 vicesimo,
414 1744 506 1786 regni
527 1754 605 1777 vero
628 1746 729 1776 nostri
751 1755 835 1777 anno
858 1748 960 1777 sexto.

391 1962 465 1998 576.
502 1961 650 1999 PROM
657 1960 708 1998 IS
715 1961 741 1998 S
748 1961 800 1999 [Ο
824 1960 1039 1998 SIMONIS
1063 1960 1176 1999 COM
1182 1961 1255 1999 ITI
1263 1961 1289 1998 S
1312 1962 1383 1999 DE
1407 1962 1545 2000 SPAN
1553 1964 1591 2000 H
1597 1964 1629 2000 E
1636 1963 1715 2001 IM.

900 2029 1008 2065 1320.
1046 2029 1130 2066 Mai.
1155 2029 1212 2066 14.

180 2141 206 2162 ,ο
339 2120 501 2162 Οήρὶηαῑε
523 2121 728 2161 deperditum.
770 2120 869 2161 Copia
891 2120 946 2163 (c.)
969 2129 1080 2152 coaeva
1100 2120 1138 2152 in
1163 2120 1311 2160 Gopiaffo
1326 2120 1489 2153 Balduini
1510 2122 1738 2163 archiepiscopi
1758 2124 1815 2164 qui
1837 2127 1883 2156 est

225 2172 374 2206 comitum
397 2171 435 2204 de
457 2171 654 2204 Kesselstadt
672 2182 706 2212 p.
723 2172 818 2204 800².
867 2170 1048 2204 cancellata
1070 2173 1124 2203 est.
1169 2170 1349 2213 Descripsit
1374 2172 1414 2205 G.
1431 2173 1618 2206 Kentem'ch.
1642 2194 1684 2198 —
1707 2174 1880 2207 Ineditum.

335 2232 385 2272 Os.
409 2232 495 2265 alias
517 2231 640 2264 litteras
662 2232 785 2264 comitis
811 2232 916 2264 eodem
944 2232 995 2264 die
1023 2231 1130 2270 datas,
1161 2242 1300 2272 quarum
1322 2232 1475 2274 originale
1502 2233 1634 2267 habetur
1655 2234 1692 2267 in
1721 2234 1882 2267 tabulario

221 2283 365 2326 generali
387 2284 476 2325 reyni
498 2283 667 2317 Bawamici
689 2283 975 2316 ‘Familiensachen
993 2282 1076 2325 fasc.
1093 2284 1144 2323 δ’,
1173 2294 1255 2324 quas
1280 2284 1332 2316 hic
1354 2294 1418 2317 non
1437 2285 1603 2325 penitusue,
1632 2286 1767 2327 demque
1788 2286 1882 2329 infra

222 2347 272 2370 nr.
289 2337 353 2368 586
374 2338 404 2368 et
427 2336 499 2370 587.
1159 2363 1162 2366 .

180 2441 204 2461 ⁸⁵
331 2421 405 2455 Wir
426 2431 526 2465 greve
549 2421 670 2464 Symon
693 2431 755 2453 von
783 2419 967 2463 Spanheym
991 2420 1146 2461 verjehen
1169 2420 1255 2453 allen
1283 2420 1346 2453 den
1374 2431 1480 2464 genen
1507 2421 1548 2455 de
1577 2423 1676 2456 desen
1706 2423 1773 2456 bru·
1797 2425 1880 2457 sient

224 2484 283 2507 ove
306 2473 423 2507 horent
444 2473 546 2515 lesen,
570 2473 627 2506 dat
648 2474 706 2505 wir
729 2472 860 2515 gelovet
881 2472 946 2504 han
969 2473 1028 2504 mit
1050 2472 1149 2504 desen
1172 2472 1271 2504 breve
1293 2472 1326 2504 bi
1348 2472 1458 2515 guden
1480 2477 1617 2516 tmwen,
1641 2474 1682 2507 de
1697 2476 1756 2507 wir
1777 2486 1880 2509 unsen

223 2525 353 2558 heirren
368 2525 470 2558 heren
483 2524 662 2558 Ludewich
678 2524 772 2557 deme
788 2524 984 2556 Romischcn
1000 2524 1142 2566 kuninga
1165 2523 1230 2556 und
1246 2524 1346 2557 heren
1361 2524 1559 2568 Baldewyne
1575 2525 1670 2559 deme
1687 2527 1884 2560 ertzbisehos

222 2587 285 2610 van
300 2576 413 2609 Triere
437 2577 496 2609 dar
518 2576 616 2609 umbe
632 2587 739 2619 geven
761 2576 826 2608 und
849 2585 952 2618 geven
979 2575 1064 2615 hain,
1089 2575 1145 2607 dat
1160 2575 1218 2607 wir
1231 2575 1315 2608 noch
1331 2577 1438 2619 ingein
1454 2588 1533 2610 unse
1549 2577 1650 2611 dener
1664 2579 1747 2611 noch
1763 2579 1878 2621 beliot,

224 2628 282 2661 der
298 2628 356 2661 wir
368 2628 550 2671 'gewoldich
565 2628 614 2660 sin
629 2638 689 2660 ove
706 2627 846 2668 werden,
867 2627 968 2659 wider
983 2637 1060 2658 onse
1077 2629 1317 2669 vorgenantsne
1333 2627 1449 2661 herren
1465 2628 1528 2662 den
1543 2629 1740 2662 Romischen
1755 2631 1879 2673 kuning

179 2736 205 2755 ω
328 2723 357 2757 1)
377 2721 462 2750 Οιιόασ
473 2722 515 2749 rei
525 2721 686 2750 documenta
699 2723 802 2749 semaia
814 2728 870 2748 non
881 2723 960 2753 amn
978 2720 1012 2753 cf.
1031 2723 1120 2747 amem
1138 2728 1223 2755 supra
1239 2728 1283 2749 nr.
1297 2724 1359 2749 360.
1451 2723 1479 2758 Β)
1501 2723 1543 2757 Of.
1553 2724 1716 2752 Domina-m
1728 2724 1879 2752 ‘Balaam

222 2773 274 2793 oon
285 2765 462 2800 malms
475 2773 504 2799 p.
518 2769 566 2792 177
580 2768 635 2793 not.
645 2768 670 2793 3.

325 2826 365 2846 u..
378 2825 605 2845 οοπεπωτιοπιε
617 2826 643 2844 v.
1611 2818 1669 2845 581,
