2184 3126
353 233 415 264 548
547 229 644 257 ACTA
663 229 776 256 REGNI
796 227 980 256 LUDEWICI
1000 227 1045 254 IV.
1064 226 1110 253 ΕΤ
1130 224 1314 252 FRIDERICI
1333 225 1380 251 ΙΙΙ.
1418 224 1493 251 1322.
1530 223 1580 250 Nr.
1593 223 1652 251 693.
1670 223 1730 251 694.
1749 223 1809 251 695.

446 388 544 432 693.
573 388 670 432 694.
713 383 1044 431 LUDEWICI
1072 382 1358 429 SCRIPTA
1385 379 1515 426 PRO
1544 380 1590 426 N
1593 379 1911 427 OBILIBUS

902 448 990 492 DE
1017 443 1448 491 HOHENLOCH.

1015 522 1122 558 1322.
1163 521 1257 557 Nov.
1279 521 1339 557 27.

819 639 907 676 693.
947 638 1121 683 Scriptum
1141 637 1254 684 prius.
1359 637 1402 672 N
1399 649 1448 673 ov.
1463 638 1526 674 27.

461 714 621 754 Originale
648 714 719 754 (or.)
747 713 785 745 in
813 712 972 744 tabulario
1000 711 1140 753 qenerala'
1168 711 1257 752 requi
1285 711 1454 743 Bawarici
1479 711 1570 743 KLS
1598 721 1649 743 nr.
1671 712 1746 743 228.
1803 710 2003 744 Oontulimus
2031 721 2046 741 ι

350 776 415 798 nos.
468 765 572 806 Siyilzi
594 765 770 797 maiestatis
792 764 884 796 dorso
905 764 1052 805 impressi
1073 763 1204 804 vestiqia
1226 765 1407 802 supersunt.
1431 781 1473 786 —-
1494 762 1556 794 Ed.
1588 762 1702 795 Weller
1728 761 2002 795 ‘Hohenlohisches

355 816 615 850 Urkundenbueh’
637 816 688 854 H,
711 816 775 847 165
796 826 846 847 nr.
862 816 927 847 187
948 826 987 847 ex
1010 826 1055 847 or.

457 876 608 914 Bo'hmer,
637 876 712 916 Rey.
736 876 851 907 Ludw.
869 886 905 915 p.
920 875 985 906 354
1012 885 1062 906 nr.
1078 874 1164 905 3199
1191 874 1318 914 (Addit.
1335 874 1401 906 III
1406 884 1416 912 ;
1451 874 1496 905 ad
1522 873 1598 914 Rey.
1622 874 1726 906 Boica
1755 873 1815 912 VI,
1839 873 1915 912 117,
1948 873 2004 906 ubi

350 928 460 960 datum
482 927 562 960 male
583 928 762 959 indicatum
784 928 854 964 est).

457 1013 650 1045 Ludowicus
672 1013 735 1044 Dei
763 1013 872 1054 gracia
894 1012 1114 1043 Romanorum
1145 1021 1203 1042 rex
1231 1021 1360 1052 semper
1389 1013 1544 1052 augustus
1637 1011 1849 1052 prudentibus
1871 1011 1947 1043 viris
1969 1034 1978 1043 .
1995 1034 2002 1042 .
2023 1026 2048 1046 ιο

350 1064 552 1097 oonsulibus⁸
568 1067 602 1095 et
623 1065 778 1095 universis
801 1063 923 1095 civibus
945 1064 976 1094 in
993 1062 1194 1104 Rotenbmg,
1217 1062 1366 1094 fidelibus
1389 1063 1454 1093 suis
1477 1062 1603 1094 dilectis
1690 1064 1834 1104 graciam
1856 1072 1946 1094 suam
1971 1064 2005 1093 et

351 1126 444 1148 omne
468 1116 596 1147 bonum.

457 1167 558 1199 Prout
581 1168 645 1198 iam
668 1166 793 1208 pridem
816 1177 872 1198 vos
896 1170 930 1198 et
952 1165 1106 1207 oppidum
1130 1168 1271 1197 vestrum
1294 1165 1456 1197 nobilibus
1478 1166 1553 1197 viris
1569 1164 1753 1206 Chfiurado,
1775 1165 1952 1197 Ludowico
1971 1168 2006 1197 et

351 1218 499 1250 Gotfrido
530 1218 571 1249 de
599 1218 809 1259 Hohenlooh,
845 1217 995 1249 fidelibus
1023 1218 1139 1248 nostris
1168 1217 1294 1248 dilectis
1322 1218 1585 1248 commiseramus
1613 1217 1743 1249 nomine
1770 1217 1861 1259 regio
1891 1216 2005 1249 defen-

350 1269 500 1310 sandum,
540 1270 585 1301 sio
622 1272 655 1300 et
691 1279 815 1300 exnunc
850 1269 1078 1300 committimus
1106 1268 1229 1300 vicibus
1258 1268 1414 1310 repetitis.
1471 1268 1630 1300 Volentes
1660 1272 1697 1300 ut
1731 1267 2005 1311 quemadmodum
2024 1281 2050 1301 u.

350 1320 472 1352 eisdem
495 1321 623 1352 nomine
647 1323 755 1352 nostro
779 1323 812 1352 et
833 1321 959 1362 imperii
981 1320 1172 1360 intendistis,
1196 1320 1241 1351 sic
1264 1323 1297 1351 et
1319 1320 1450 1352 inantea
1473 1312 1515 1352 ex
1537 1323 1693 1362 precepto
1717 1321 1898 1352 serenitatis
1914 1319 2004 1362 regie

350 1372 408 1403 sub
431 1371 596 1404 fidelitatis
620 1372 748 1413 omagio
772 1374 805 1403 et
827 1371 1030 1403 subieccione
1055 1371 1166 1403 debita
1188 1371 1371 1403 intendatis.

456 1432 530 1463 Dat.
555 1431 712 1473 Auguste,
737 1431 881 1464 Sabbato
905 1435 979 1474 post
1000 1431 1190 1472 Katherine‚
1213 1432 1306 1473 regni
1327 1432 1428 1463 nostri
1450 1442 1532 1463 anno
1556 1442 1649 1464 nono.

797 1562 883 1598 694.
928 1562 1105 1607 Scriptum
1132 1563 1288 1598 alterum.
1390 1563 1481 1599 Nov.
1501 1565 1564 1599 27.

457 1636 650 1669 Extractum
666 1639 792 1669 tantum
806 1637 843 1668 in
858 1636 957 1668 Libro
972 1636 1180 1668 cancellariae
1191 1637 1355 1669 Ludewici
1379 1637 1470 1677 reyis,
1492 1637 1529 1668 de
1550 1647 1612 1677 quo
1633 1647 1660 1669 υ.
1677 1647 1779 1679 supra
1793 1638 1846 1670 ad.
1862 1648 1912 1670 nr.
1926 1639 1999 1677 679,
2018 1656 2045 1676 20

345 1687 404 1728 fol.
429 1688 470 1718 99
479 1692 497 1720 ¹.
549 1688 767 1720 Adhibuimus
802 1688 970 1728 imaginem
995 1688 1292 1728 photographicam,
1328 1699 1425 1728 quam
1450 1689 1582 1728 praebet
1613 1687 1750 1720 Chroust
1783 1689 2004 1724 ‘Monumenta

342 1738 626 1778 palaeoqraphica’
648 1740 728 1777 fasc.
745 1739 770 1771 I
786 1739 849 1770 tab.
865 1740 895 1770 8.
920 1758 961 1762 —
985 1739 1046 1770 Ed.
1064 1739 1176 1772 Weller
1199 1740 1218 1771 l.
1236 1750 1262 1773 c.
1287 1739 1338 1778 II,
1364 1739 1426 1771 164
1448 1750 1498 1772 nr.
1517 1740 1589 1771 186.

458 1798 604 1837 Bo'hmer,
628 1799 703 1839 Rey.
722 1799 835 1830 Ludw.
855 1809 887 1838 p.
900 1799 943 1830 29
965 1809 1015 1830 nr.
1031 1800 1105 1831 492.

459 1882 483 1915 G
511 1884 595 1915 Item
618 1886 694 1914 nota
717 1884 803 1925 quod
826 1893 885 1915 rex
909 1883 1076 1925 deputavit
1097 1884 1259 1916 nobilibus
1288 1885 1362 1916 viris
1382 1885 1595 1926 Ohfinr(ado)‚
1623 1885 1771 1918 thfrido
1796 1890 1829 1917 et
1851 1886 2006 1918 Ludwioo

352 1933 392 1965 de
408 1933 601 1966 Hohenloch
625 1935 664 1966 de
687 1936 790 1976 prima
807 1938 915 1966 steura
937 1935 970 1966 in
982 1935 1203 1967 Rbtemburch
1228 1940 1260 1968 et
1283 1937 1399 1968 civium
1421 1940 1453 1968 et
1470 1936 1646 1968 Iudeorum
1662 1937 1750 1969 mille
1767 1940 1800 1969 et
1816 1938 2008 1979 quingentas
2026 1946 2052 1968 25

352 1985 449 2016 libras
472 1985 686 2027 Hallensium,
710 1997 789 2028 quas
811 1988 873 2028 ipsi
895 1990 1046 2019 tenentur
1067 1989 1101 2019 in
1124 1987 1241 2020 debitis
1263 1989 1361 2031 regiis
1384 1988 1557 2021 defalcare.

459 2045 534 2076 Dat.
547 2045 706 2087 Auguste,
728 2045 869 2078 Sabbato
885 2050 959 2088 post
975 2047 1060 2079 diem
1077 2047 1174 2080 beate
1190 2048 1357 2089 Kateriue,
1380 2059 1463 2080 anno
1479 2049 1608 2080 Domini
1625 2049 1796 2081 millesimo
1813 2049 2007 2091 cooxxn,

353 2097 443 2138 regni
467 2098 565 2128 nostri
589 2107 672 2128 anno
696 2108 789 2129 nono.

536 2280 787 2325 695—699.
830 2280 1127 2327 EIUSDEM
1159 2281 1406 2329 PRECES
1438 2283 1825 2330 PRIMARIAE.

859 2357 967 2394 1322.
1002 2357 1098 2395 Nov.
1120 2358 1180 2395 28.
1288 2359 1374 2396 Sine
1403 2360 1502 2396 dato.

711 2475 796 2510 695.
838 2476 963 2512 Preces
984 2489 1052 2522 pro
1080 2478 1226 2523 Huyone
1253 2479 1368 2515 Fulle.
1474 2480 1562 2515 Nov.
1582 2482 1645 2516 28.

465 2545 625 2587 Oriqinale
653 2548 856 2587 deperditum.
885 2569 926 2573 —-
953 2550 1016 2582 Ed.
1042 2551 1237 2584 Wiirdtwein
1267 2553 1437 2585 ‘Subsidia
1459 2554 1676 2593 diplomatica'
1699 2555 1782 2594 XII,
1804 2555 1869 2587 112
1889 2566 1940 2588 m.
1956 2556 2008 2588 19.

354 2596 537 2629 Editionem
559 2598 608 2630 hic
629 2598 695 2630 illic
716 2603 885 2632 correctam
907 2603 1085 2641 repetimus.

464 2657 610 2696 Bb'hmer,
634 2658 708 2699 Rey.
726 2659 838 2692 Ludw.
858 2671 891 2700 p.
907 2661 950 2692 29
972 2673 1022 2694 nr.
1039 2663 1112 2696 495.

470 2716 521 2758 Cf.
545 2717 564 2748 l.
581 2728 606 2749 c.
630 2729 679 2750 nr.
697 2720 769 2751 482.
2027 2735 2052 2755 ³⁶

462 2819 528 2847 (198.
556 2821 579 2853 ι)
598 2822 711 2854 sequitur
731 2841 756 2848 ..
776 2832 814 2848 or.
