2184 3126
333 173 393 204 778
526 168 623 196 ACTA
641 166 754 194 REGNI
773 165 959 193 LUDEWICI
978 164 1025 192 IV.
1043 163 1090 190 ET
1109 163 1288 191 FRIDERICI
1309 164 1356 191 111.
1393 163 1469 191 1324.
1505 162 1554 191 Nr.
1567 163 1628 191 941.
1647 162 1708 190 942.
1727 162 1787 191 943.

331 255 479 299 gegeben
502 254 608 286 haben
631 255 705 284 nutz
728 261 823 283 unser
847 249 955 282 Juden
981 249 1020 281 zfi
1043 249 1197 291 Vylinge,
1225 248 1278 280 die
1306 249 1412 280 ietzon
1441 248 1484 279 do
1506 251 1636 280 wonent
1661 248 1727 280 und
1753 249 1896 281 hernach
1924 249 1983 281 dar

331 309 496 346 choment,
528 306 575 337 als
603 305 697 346 lange
726 313 788 334 von
818 302 850 333 in
879 311 915 332 ze
943 301 1051 333 haben
1084 300 1150 332 und
1183 301 1216 332 in
1248 310 1284 332 ze
1312 310 1428 331 nemen
1462 310 1524 331 von
1553 309 1650 331 unser
1677 310 1805 342 wegen,
1839 299 1890 332 biz
1924 300 1983 332 daz

330 360 387 390 wir
410 358 468 390 daz
491 355 704 389 widerrfiffen.
751 354 839 385 Waer
867 352 947 384 aber
974 352 1033 383 daz
1059 353 1117 383 wir
1144 351 1197 383 bei
1226 361 1344 383 unseru
1372 351 1476 383 zeiten
1506 350 1565 382 daz
1596 350 1918 393 nihtcwiderrfiften,
1947 362 1984 384 so

331 409 475 441 schullen
502 408 553 440 die
576 409 795 448 vorgenanten
819 403 932 446 grafen
955 403 1013 435 der
1035 403 1146 435 selben
1170 402 1278 434 Juden
1300 405 1375 434 nutz
1398 402 1472 434 inne
1500 401 1608 434 haben
1633 402 1700 434 und
1722 403 1762 434 uf
1783 402 1905 444 beben,
1935 403 1984 435 als

331 462 425 503 lange
449 460 497 491 bis
521 459 580 491 daz
602 468 697 490 unser
720 456 899 488 nachomen
926 465 967 486 an
992 455 1066 486 dem
1094 454 1182 486 riche
1213 455 1245 485 in
1275 453 1427 485 fumfzich
1454 453 1565 485 march
1593 453 1707 486 silbers
1732 454 1843 496 gelten
1869 454 1935 486 und
1957 455 1984 486 si
2015 465 2028 484 ε

331 513 388 544 der
410 511 543 551 richten,
567 509 618 541 fiir
640 509 692 540 die
715 509 772 539 wir
794 507 922 546 wellen,
947 506 1006 538 daz
1029 506 1134 538 danne
1158 505 1216 538 der
1238 508 1312 537 nutz
1334 505 1362 536 ir
1383 505 1475 546 pfant
1497 505 1554 537 sei.
1641 505 1716 537 Und
1742 505 1848 547 geben
1870 505 1903 537 in
1926 505 1985 537 dar

329 563 409 595 iiber
430 562 470 594 zii
492 560 655 593 urchunde
679 559 768 591 disen
791 558 879 590 brief
897 558 1090 600 versigelten
1113 558 1172 589 mit
1193 567 1322 588 unserm
1345 557 1470 598 insigel.

437 613 505 645 Der
526 611 631 654 geben
655 612 696 642 ist
719 609 758 642 21⁰1
774 609 1018 650 Franchenfurt,
1042 608 1100 640 des
1116 608 1252 640 Mitihen
1274 607 1357 639 nach
1381 610 1453 639 sant
1467 607 1609 640 Iohanne
1623 612 1679 650 tag
1701 607 1741 640 zfi
1755 607 1984 648 sunnwenden,

329 665 371 697 do
398 675 471 696 man
500 664 563 695 zalt
591 673 653 694 von
678 661 822 694 Ohristes
852 660 997 703 geburde
1026 659 1362 692 dreutzehenhundert
1388 659 1441 700 jar
1471 659 1531 691 dar
1557 659 1638 691 nach
1668 660 1701 691 in
1729 659 1804 691 dem
1832 659 1983 692 viemnd·

328 717 585 757 zweintzgestem
605 714 670 754 jar,
693 714 725 744 in
749 712 824 744 dem
847 711 1013 745 zehenden
1032 712 1086 751 jar
1108 721 1220 742 unsers
1243 710 1358 742 riches.
2002 716 2028 736 ιο

393 934 491 978 942.
519 931 618 976 943.
659 927 1002 976 IOHANNIS
1032 928 1189 974 XXII.
1210 927 1428 973 PAPAE
1456 928 1797 974 LITTERAE
1825 928 1919 974 AD

838 995 1182 1043 DIVERSOS
1209 995 1473 1043 MISSAE.

975 1073 1084 1109 1324.
1125 1073 1193 1109 lul.
1215 1073 1300 1109 3.—
1310 1073 1344 1109 7.

388 1186 474 1222 942.
514 1186 664 1222 Litterae
689 1187 760 1231 φερέ
786 1185 971 1221 Boliemiae
997 1188 1029 1220 et
1055 1185 1310 1230 archiepiscopo
1342 1184 1539 1220 Trevirensi
1565 1185 1701 1220 missae.
1807 1183 1877 1220 Iul.
1896 1184 1932 1220 3.

441 1259 539 1300 Copia
555 1261 608 1300 (c.)
624 1260 659 1291 in
675 1259 879 1300 Reyestorum
901 1259 1128 1291 Vaticanorum
1151 1258 1306 1291 tabularii
1328 1257 1479 1291 Vaticani
1500 1261 1571 1291 tom.
1589 1259 1653 1290 112
1660 1259 1697 1284 ΙΙ
1712 1257 1770 1299 fol.
1787 1258 1830 1290 72
1843 1267 1893 1290 nr.
1910 1258 1984 1290 886.
2003 1265 2029 1285 1⁵

333 1310 532 1343 Contulimus
553 1321 620 1343 nos.
650 1318 691 1334 -—·
721 1310 784 1343 Ed.
808 1309 1096 1351 ‘Oberbayerisches
1122 1309 1254 1341 Archiv’
1274 1310 1304 1348 I,
1335 1309 1376 1342 75
1405 1320 1457 1343 nr.
1479 1311 1522 1341 49
1548 1320 1587 1343 ex
1616 1320 1663 1349 c.,·
1699 1309 1881 1342 Sauerhznd
1911 1308 1986 1342 ‘Ur-

330 1362 456 1394 kunden
478 1362 545 1394 und
568 1362 731 1402 Reyesten’
754 1362 783 1400 I,
808 1362 872 1393 319
894 1372 945 1394 nr.
962 1363 1026 1393 678
1046 1371 1086 1393 eae
1108 1371 1133 1392 c.

437 1421 583 1460 nomer,
607 1421 681 1462 Ray.
706 1422 818 1454 ww.
837 1432 874 1461 p.
888 1423 953 1453 306
975 1420 1091 1453 Pabste
1112 1431 1163 1454 nr.
1178 1422 1243 1453 220
1266 1421 1393 1462 (Adae.
1409 1421 1462 1460 I),·
1490 1420 1603 1453 υκαι-ιο
1624 1404 1701 1453 ‘It'er
1722 1420 1919 1453 Romanum’
1934 1420 1985 1460 II,

331 1474 373 1504 92
394 1484 443 1505 nr.
461 1475 511 1505 72.

437 1550 609 1582 Carissimo
633 1551 664 1582 in
688 1550 815 1582 Christo
838 1550 904 1582 filio
929 1551 1063 1582 Iohanni
1087 1551 1157 1592 regi
1179 1550 1315 1582 Boemie
1338 1550 1461 1582 illustri.
2002 1560 2028 1580 an

437 1602 550 1643 Nuper
578 1604 733 1644 tanquam
761 1603 841 1634 certi
871 1602 911 1634 de
939 1602 1041 1644 regali
1070 1601 1243 1644 prudentia
1274 1605 1307 1634 et
1337 1602 1428 1634 filiali
1458 1602 1638 1634 constantia
1670 1601 1870 1634 confidentes
1898 1601 1987 1633 fideli

331 1656 490 1685 atestante
515 1653 618 1685 relatu
641 1654 825 1686 exultanter
848 1654 1040 1695 audivimus,
1063 1653 1150 1696 quod
1172 1656 1217 1694 tu,
1240 1653 1286 1685 fili
1301 1655 1476 1695 carissime,
1498 1653 1542 1686 fili
1559 1653 1793 1686 benedictionis
1816 1656 1849 1685 et
1871 1653 1987 1696 gratie,

331 1705 511 1736 stimulatus
539 1715 559 1736 a
583 1704 774 1746 quibusdam
798 1706 914 1738 emulis
936 1716 974 1737 ac
998 1705 1175 1737 rebellibus
1202 1705 1319 1737 nostris
1346 1708 1380 1738 et
1402 1708 1512 1737 sancte
1534 1704 1683 1737 Romane
1711 1705 1848 1738 ecclesie
1875 1705 1987 1737 mattis

332 1759 386 1788 tue
410 1767 507 1798 super
530 1757 640 1796 certis,
669 1767 731 1798 que
762 1757 851 1798 regio
883 1756 1042 1799 derogare
1066 1756 1257 1789 videbantur
1279 1757 1394 1789 honori
1418 1760 1452 1789 et
1479 1757 1618 1789 solidum
1646 1766 1724 1799 erga
1745 1767 1804 1788 nos
1826 1759 1861 1788 et
1882 1756 1986 1798 ipsam

332 1808 502 1839 ecclesiam
525 1808 630 1839 filialis
654 1807 834 1840 devotionis
857 1808 1011 1841 affectum
1034 1807 1249 1851 abs[c]indere
1272 1808 1524 1850 pretendebant,
1553 1808 1660 1840 divina
1682 1808 1788 1850 gratia
1809 1807 1904 1840 labiis
1925 1809 1988 1840 tuis
2005 1817 2030 1837 2⁵

332 1858 436 1890 infusa
459 1859 650 1901 respondisti
673 1860 719 1891 eis
742 1860 898 1900 consulte,
923 1862 1016 1892 caute
1041 1863 1076 1891 ut
1099 1860 1217 1902 decuit,
1240 1861 1403 1903 sapienter
1418 1864 1452 1892 et
1466 1860 1651 1902 prudenter.
1697 1859 1748 1892 De
1771 1870 1836 1902 quo
1855 1860 1987 1892 sinceri-

332 1913 431 1942 tatem
462 1910 658 1942 celsitudinis
685 1911 774 1952 regie
803 1922 876 1943 cum
906 1912 1082 1953 gratiarum
1110 1912 1240 1943 actione
1266 1912 1435 1954 multiplici
1465 1912 1590 1944 sonoris
1615 1912 1648 1943 in
1670 1911 1811 1943 Domino
1839 1910 1989 1943 laudibus

332 1962 609 2002 commendantes,
640 1962 726 2003 apud
748 1962 856 1994 Deum
880 1963 1044 2005 supplices
1067 1973 1181 2005 preces
1210 1963 1419 2004 effundimus,
1447 1963 1534 2006 quod
1561 1964 1644 1995 sicut
1671 1963 1757 1995 circa
1779 1963 1840 1996 hec
1869 1966 1902 1996 et
1924 1963 1988 1996 alia

333 2012 391 2043 sibi
425 2015 517 2054 grata
552 2023 608 2045 sue
643 2014 768 2045 virtutis
806 2014 890 2046 dono
930 2014 1080 2046 continue
1115 2015 1258 2056 proficis,
1291 2016 1337 2047 sic
1370 2016 1477 2047 votivo
1512 2025 1570 2047 sue
1602 2014 1822 2047 retributionis
1855 2025 1988 2047 munere

333 2065 537 2106 prospereris.
1324 2102 1327 2104 v
2004 2073 2031 2093 ³⁰

439 2123 483 2155 In
505 2124 668 2156 eundem
691 2124 841 2157 modum
863 2126 1033 2157 mutatis
1055 2124 1279 2169 muta[n]dis
1302 2126 1546 2169 archiepiscopo
1570 2125 1770 2159 Treverensi.

439 2183 559 2216 Datum
581 2185 780 2227 Avinion(e),
805 2186 844 2217 V.
861 2186 943 2218 Non.
969 2186 1052 2226 Iulii,
1076 2196 1159 2219 anno
1184 2189 1308 2219 octavo.

616 2299 702 2335 943.
743 2299 900 2336 Litterae
926 2301 1061 2336 civitati
1089 2301 1285 2336 Coloniensi
1311 2301 1472 2337 directae.
1578 2300 1648 2336 Iul.
1669 2301 1704 2336 7.

448 2371 544 2411 Copia
568 2371 621 2413 (c.)
644 2372 758 2404 ibidem
779 2372 832 2412 fol.
847 2373 888 2405 75
909 2384 960 2406 nr.
976 2375 1050 2407 887.
1099 2374 1241 2406 Contulit
1255 2373 1300 2406 K.
1317 2373 1361 2407 H.
1377 2373 1520 2414 Schc'tfer.
1546 2394 1586 2397 —
1608 2373 1671 2406 Ed.
1687 2374 1708 2407 l.
1723 2385 1748 2406 c.
1771 2375 1800 2412 I,
1816 2375 1858 2406 75
1880 2383 1930 2407 nr.
1946 2374 1989 2405 50

336 2431 375 2452 ex
397 2431 441 2459 c.‚·
463 2421 644 2454 Sauerland
668 2423 686 2455 l.
704 2434 729 2457 c.
753 2424 782 2461 I,
805 2424 869 2456 320
890 2435 940 2459 nr.
957 2426 1020 2457 679
1042 2436 1082 2458 ex
1104 2436 1131 2458 c.

446 2481 591 2520 Bo'hmer,
616 2482 689 2523 Rey.
713 2483 826 2516 Imdw.
845 2495 880 2525 p.
898 2485 961 2517 306
983 2485 1098 2518 deste
1119 2496 1170 2518 nr.
1185 2485 1249 2516 221
1272 2485 1400 2526 (Addit.
1415 2485 1460 2526 Ι).

443 2556 577 2589 Dilectis
599 2558 671 2590 filiis
693 2560 863 2603 iudicibus,
887 2563 1035 2604 scabinis,
1060 2562 1252 2604 consulibus,
1276 2562 1529 2605 proconsulibus,
1552 2563 1713 2605 magistris
1731 2562 1848 2595 civium
1863 2562 1987 2604 totique

338 2607 539 2648 magistratui
566 2610 701 2642 civitatis
724 2612 932 2645 Coloniensis.

447 2658 635 2691 Devotionis
656 2665 767 2695 -vestre
796 2664 922 2696 litteras
948 2676 1051 2707 nuper
1085 2666 1282 2708 apostolatui
1311 2668 1420 2698 nostro
1451 2669 1655 2708 presentatas
1685 2676 1725 2698 eo
1754 2665 1862 2698 letiori
1892 2675 1990 2697 manu

338 2710 518 2750 recepimus
541 2714 574 2742 et
596 2715 746 2745 contenta
768 2715 801 2745 in
824 2716 870 2747 eis
894 2717 1029 2757 pleniori
1053 2717 1243 2759 collegimus
1266 2717 1442 2759 intellectu,
1467 2728 1531 2760 quo
1547 2721 1687 2750 vestram
1710 2720 1744 2750 et
1765 2717 1898 2760 insignis
1912 2716 1990 2748 civi·
2007 2726 2035 2747 ιο

338 2760 414 2791 tatis
430 2760 629 2794 Coloniensis
642 2764 798 2796 sinceram
817 2766 1020 2801 devotionem
1037 2772 1070 2801 et
1085 2769 1193 2809 fidem,
1217 2768 1333 2811 quibus
1349 2779 1427 2811 erga
1442 2769 1550 2802 Deum
1573 2773 1606 2802 et
1622 2769 1803 2802 Romanam
1819 2768 1990 2801 ecclesiam
