2158 3138
210 319 260 341 Oct.
270 321 302 341 20.

319 227 380 257 100

319 311 470 353 episcopo
499 319 600 351 usque
628 309 660 340 in
692 308 777 340 diem
805 309 994 348 sequentem
1023 304 1116 335 duxi-

316 374 386 394 mus
409 360 669 394 continuandum.
711 359 816 395 Quam
839 357 1117 390 continuacionem

316 413 471 446 dominisb
507 437 514 444 .
531 411 563 455 [.]
591 410 833 452 archiepiscopo
866 408 1051 441 Coloniensi
1085 410 1118 438 et

315 464 490 506 Rudolpho
515 463 624 495 comiti
654 462 797 504 palatino
826 471 864 492 ac
887 460 958 491 aliis
982 469 1117 501 quorum

316 518 474 549 interesse
492 518 621 556 poterat
636 524 695 544 nos
707 512 970 554 archiepiscopus
981 511 1116 552 Magun-

317 569 401 606 tinus
426 566 609 598 antedictus
632 575 691 605 per
713 566 839 595 nostros
861 563 994 594 nuncios
1012 563 1118 604 speci-

316 620 384 651 ales
416 618 458 650 ad
487 617 520 648 id
549 616 722 657 deputatos
745 615 988 654 insinuavimus,
1012 613 1117 645 notifi-

317 671 459 702 cavimus
484 671 516 700 et
539 667 581 698 ad
605 677 715 698 eorum
740 666 892 697 noticiam
916 665 1118 706 deduximus,

316 723 404 763 ipsos
422 719 551 751 citando
564 719 635 750 vice
652 721 685 749 et
697 718 826 749 nomine
840 717 981 749 omnium
994 721 1119 749 nostro-

316 783 386 804 rum
413 771 627 814 presencium,
650 773 686 800 ut
708 769 835 810 prefata
859 769 912 801 die
936 769 1120 800 continuata

320 825 352 856 in
376 823 462 855 dicto
487 823 559 853 loco
584 821 625 852 ad
650 820 835 862 eligendum
859 821 1076 852 convenirent.

384 877 413 906 3.
451 875 522 911 Qua
552 873 604 904 die
634 873 819 904 continuata
852 873 931 914 ipsis
961 872 1120 914 archiepi-

321 937 419 968 scopo
452 924 652 963 Coloniensi,
686 926 719 955 et
752 924 870 955 comite
903 923 1053 956 Palatino
1088 927 1122 956 et

319 978 392 1013 aliis
424 987 559 1019 quorum
590 976 746 1007 interesse
776 979 906 1017 poterat
932 976 976 1007 sic
1000 976 1120 1007 vocatis

320 1033 352 1063 et
376 1029 575 1061 sufficienter
598 1028 795 1069 expectatis,
826 1028 902 1069 quia
929 1037 993 1059 non
1021 1037 1119 1059 vene-

318 1084 392 1114 runt
419 1091 479 1112 nec
508 1091 565 1122 pro
597 1090 631 1110 se
661 1079 818 1110 miserunt
847 1089 907 1111 nec
931 1080 1017 1110 vices
1047 1089 1121 1110 suas

319 1133 417 1165 alicui
433 1142 491 1163 seu
507 1131 669 1173 aliquibus
686 1131 923 1171 commiserunt,
939 1131 971 1162 in
987 1131 1120 1162 electio-

318 1185 366 1216 nis
390 1184 527 1226 negocio
550 1185 743 1222 memorato,
767 1182 878 1214 audita
900 1183 997 1214 missa
1020 1183 1122 1214 sancti

267 1256 273 1262 ·
299 1254 304 1260 ·
320 1236 467 1278 spiritua,
479 1240 556 1266 nos*
569 1238 799 1274 archiepiscopus
811 1234 1018 1276 Maguntinus
1030 1240 1120 1266 ante-

211 1292 259 1314 Oet.
274 1295 307 1315 20.

322 1293 414 1320 dictus
442 1288 512 1329 ipsa
541 1286 592 1317 die
624 1286 876 1318 continuacionis
905 1296 968 1327 que
991 1285 1052 1317 fuit
1073 1286 1120 1317 vi-

323 1340 445 1371 cesima
468 1338 587 1370 mensis
610 1337 749 1379 predicti
772 1337 852 1369 hora
868 1337 977 1369 debita
997 1340 1031 1369 et
1046 1347 1122 1369 con-

320 1394 411 1422 sueta
436 1389 614 1432 procedere
639 1389 823 1431 cupientes,
846 1393 876 1420 in
898 1393 1011 1429 scriptis
1033 1393 1122 1421 moni-

320 1447 430 1475 cionem
448 1446 583 1481 legimus
605 1447 634 1473 et
649 1445 889 1480 protestacionem
904 1445 1045 1480 quandam
1062 1445 1122 1472 vice

319 1500 441 1526 nostra
464 1507 501 1525 ac
525 1498 651 1525 omnium
672 1493 791 1524 ibidem
809 1494 1010 1534 presencium
1026 1497 1070 1524 ius
1092 1497 1122 1524 in

323 1551 386 1586 ipsa
422 1550 560 1577 electione
591 1546 676 1586 regis
705 1544 925 1576 Romanorum
954 1549 1123 1576 habencium

320 1598 376 1629 illa
407 1598 492 1638 vice,
528 1601 668 1628 monendo
703 1609 799 1628 omnes
833 1596 984 1637 infames,
1014 1609 1121 1627 excom-

320 1654 496 1687 municatos,
522 1661 672 1688 suspensos
699 1661 733 1680 ac
760 1653 850 1680 eciam
870 1652 1037 1680 interdictos
1059 1661 1123 1680 nec-

324 1716 381 1734 non
398 1714 582 1740 quoscunque
597 1705 677 1738 alios,
695 1705 719 1731 si
735 1705 784 1738 qui
803 1705 898 1732 forent
913 1704 1034 1731 forsitan
1048 1704 1124 1731 inter

323 1767 380 1791 eos,
404 1757 453 1792 qui
475 1757 511 1784 de
534 1757 595 1784 iure
619 1757 684 1783 vel*
708 1756 912 1783 consuetudine
934 1756 1071 1783 iuteresse
1094 1756 1124 1783 in

323 1810 413 1844 ipsius
437 1809 584 1836 electionis
607 1808 725 1844 negocio
748 1817 806 1836 non
828 1808 979 1841 deberent,
1010 1807 1086 1842 quod
1108 1816 1125 1834 a

323 1861 493 1889 tractatibus
526 1861 673 1888 electionis
709 1859 881 1888 celebrande
910 1855 1007 1886 futuri
1039 1855 1125 1896 regis

323 1909 544 1940 Romanorum
568 1914 598 1939 et
625 1912 661 1939 ab
683 1912 781 1939 eadem
797 1912 935 1940 electione
952 1911 1124 1944 recederent,

323 1962 410 2002 ipsos
434 1961 632 1992 coelectores
655 1962 791 2001 nostros,
814 1972 875 1991 nos
898 1964 928 1990 et
949 1963 1021 1990 alios
1045 1969 1125 2000 quo-

325 2024 395 2044 rum
423 2014 615 2044 interesset*
647 2016 751 2050 eligere
778 2015 985 2050 permittentes.
1029 2015 1124 2042 Prote-

325 2070 438 2096 stando
466 2069 541 2103 quod
563 2077 620 2095 non
648 2070 723 2095 esset
750 2069 872 2095 nostra
896 2067 940 2094 vel
964 2061 1125 2094 coelecto-

324 2127 394 2148 rum
418 2120 599 2148 nostrorum
620 2120 745 2147 intencio
772 2119 845 2146 tales
876 2118 1027 2146 admittere
1054 2120 1125 2146 tam-

325 2182 408 2207 quam
432 2173 477 2200 ius
500 2173 529 2199 in
553 2168 607 2199 illa
630 2172 769 2199 electione
796 2171 934 2198 habentes
957 2172 1008 2197 aut
1030 2179 1124 2205 proce-

861 2224 949 2250 Immo
972 2222 1126 2249 voluimus

327 2276 360 2304 et
382 2272 574 2304 intencionis
597 2273 704 2302 nostre
729 2271 798 2311 fuit,
822 2275 898 2309 quod
914 2284 996 2302 voces
1016 2274 1126 2307 talium,

325 2329 350 2355 si
373 2329 422 2362 qui
445 2328 636 2362 reperirentur
658 2327 838 2361 postmodum
860 2327 1031 2359 interfuisse,
1054 2326 1126 2353 nulli

326 2225 392 2252 dere
416 2225 462 2252 vel
485 2225 589 2259 eligere
613 2233 675 2251 cum
703 2224 816 2251 eisdem.

325 2381 501 2414 prestarent
523 2379 687 2414 suffragium
702 2388 753 2406 nec
776 2379 925 2406 afferrent
941 2378 1027 2406 alicui
1041 2387 1125 2406 nocu-

326 2433 452 2459 mentum
480 2433 509 2458 et
536 2440 650 2465 prorsus
678 2439 729 2465 pro
758 2440 815 2458 non
845 2431 967 2465 receptis
995 2430 1054 2457 sive
1077 2439 1128 2465 pro

326 2492 383 2510 non
406 2483 511 2510 habitis
534 2483 730 2510 haberentur.
824 2482 914 2515 Quam
944 2482 1128 2518 protestacio-

326 2543 391 2562 nem
421 2543 471 2561 nos
501 2543 596 2562 omnes
631 2530 806 2572 supradicti
838 2541 903 2561 una
935 2541 1007 2562 cum
1036 2540 1129 2561 reve-

328 2581 428 2613 rendo
460 2585 553 2623 patre
584 2582 714 2613 domino
742 2581 942 2623 Bald(uyno)
970 2581 1130 2623 archiepi-

327 2644 427 2675 scopo
451 2633 644 2665 Treverensi
668 2634 867 2665 coelectores
894 2636 968 2665 tunc
996 2644 1130 2675 presen-

328 2688 378 2716 tes
400 2691 493 2716 ratam
516 2691 545 2717 et
567 2691 678 2724 gratam
702 2690 863 2717 habentes*
887 2690 1079 2717 consensimus
1100 2689 1131 2716 in

328 2741 454 2768 eandem.

432 2839 498 2866 102.
525 2840 548 2872 b)
567 2849 633 2866 corr.
652 2849 683 2866 ex
701 2841 774 2866 dictis
789 2841 821 2866 A.

552 222 649 250 ACTA
668 221 781 249 REGNI
799 219 984 247 LUDEWICI
1003 219 1049 246 IV.
1069 218 1115 245 ΕΤ
1134 215 1320 244 FRIDERICI
1338 216 1388 244 111.
1424 215 1500 244 1314.
1536 217 1585 244 Νι.
1599 216 1656 244 102.
1676 216 1734 244 103.

1170 303 1257 335 diem
1294 306 1483 345 sequentem
1521 303 1671 336 duximus
1708 301 1968 335 continuandum.

1171 356 1276 392 Quam
1309 355 1587 387 continuacionem
1622 354 1716 386 dictis
1745 378 1753 387 .
1771 379 1779 386 .
1806 353 1967 395 archiepi-

1170 417 1268 448 scopo
1286 405 1470 438 Coloniensi
1494 409 1526 437 et
1549 405 1723 448 Rudolpho
1747 406 1857 438 comiti
1875 404 1966 447 pala-

1169 459 1236 490 tino
1260 467 1298 490 ac
1321 457 1393 491 aliis
1416 468 1552 500 quorum
1575 458 1731 489 interesse
1758 460 1888 500 poterat
1909 467 1968 488 nos

1170 510 1377 542 Treverensis
1409 509 1670 551 archiepiscopus
1699 508 1881 540 antedictus
1909 519 1969 550 per

1170 564 1296 593 nostros
1322 561 1455 593 nuncios
1482 561 1640 602 speciales
1669 560 1711 592 ad
1738 560 1772 592 id
1795 560 1970 602 deputatos

1170 613 1413 653 insinuavimus,
1447 612 1680 644 notificavimus
1711 615 1745 644 et
1777 612 1820 644 ad
1857 622 1969 644 eorum

1170 665 1323 696 noticiam
1346 664 1553 705 deduximus,
1582 665 1670 706 ipsos
1692 663 1820 695 citando
1844 664 1913 695 vice
1937 665 1972 695 et

1171 717 1300 748 nomine
1324 716 1465 748 omnium
1488 719 1670 748 nostrorum
1693 715 1911 757 presencium,
1934 717 1971 746 ut

1171 768 1299 810 prefata
1333 767 1385 800 die
1413 768 1599 800 continuata
1633 768 1666 798 in
1699 767 1785 798 dicto
1821 765 1892 798 loco
1926 766 1970 798 ad

1173 819 1360 862 eligendum
1383 820 1600 852 convenirent.

1237 874 1265 904 3.
1302 871 1374 908 Qua
1404 871 1456 903 die
1487 871 1672 903 continuata
1705 870 1782 912 ipsis
1809 869 1969 912 archiepi-

1172 933 1270 965 scopo
1305 923 1488 955 Coloniensi
1526 926 1559 954 et
1592 923 1709 954 comite
1743 922 1894 954 Palatino
1932 932 1971 954 ac

1173 975 1244 1007 aliis
1273 985 1408 1017 quorum
1440 975 1596 1006 interesse
1623 977 1753 1016 poterat
1781 974 1826 1005 sic
1848 974 1972 1005 vocatis

1173 1030 1207 1059 et
1236 1027 1433 1059 sufficienter
1460 1026 1657 1068 expectatis,
1688 1026 1764 1068 quia
1786 1035 1851 1057 non
1872 1034 1971 1056 vene-

1173 1082 1248 1111 runt
1273 1089 1334 1111 nec
1361 1089 1420 1120 pro
1449 1088 1484 1110 se
1515 1078 1672 1109 miserunt
1698 1087 1759 1108 nec
1781 1077 1868 1108 vices
1897 1086 1971 1109 suas

1174 1131 1270 1164 alicui
1285 1141 1344 1162 seu
1359 1129 1522 1172 aliquibus
1536 1130 1774 1170 commiserunt,
1789 1129 1823 1160 in
1839 1127 1970 1160 electio-

1174 1183 1223 1214 nis
1245 1183 1382 1224 negocio
1406 1183 1598 1221 memorato,
1621 1180 1733 1212 audita
1755 1180 1852 1212 missa
1869 1179 1972 1211 sancti

1175 1234 1322 1276 SpiritUS‚
1331 1247 1371 1266 no
1378 1239 1406 1265 s*
1423 1236 1650 1271 archiepiscopus
1657 1231 1865 1264 'treverensis
1879 1237 1972 1263 ante·

1175 1289 1268 1316 dictus
1289 1286 1360 1327 ipsa
1384 1285 1437 1317 die
1465 1284 1716 1317 continuacionis
1746 1293 1809 1326 que
1837 1282 1898 1314 fuit
1924 1283 1971 1314 vi-

1176 1337 1296 1369 cesima
1313 1337 1431 1369 mensis
1447 1336 1597 1368 Octobris
1613 1335 1751 1378 predicti
1765 1335 1846 1367 hora
1862 1334 1975 1366 debita

1176 1392 1209 1421 et
1236 1392 1390 1420 consueta
1416 1388 1593 1431 procedere
1623 1388 1790 1429 cupientes
1811 1390 1841 1417 in
1859 1389 1974 1425 scriptis

1175 1444 1359 1471 monicionem
1378 1445 1512 1480 legimus
1531 1445 1560 1471 et
1578 1442 1815 1478 protestacionem
1833 1441 1974 1476 quandam

1177 1496 1238 1524 vice
1262 1499 1383 1525 nostra
1409 1505 1447 1524 ac
1474 1495 1597 1522 omnium
1622 1491 1744 1523 ibidem
1770 1490 1972 1532 presencium

1175 1548 1219 1575 ius
1244 1548 1273 1575 in
1301 1548 1364 1583 ipsa
1391 1547 1527 1575 electione
1554 1544 1640 1585 regis
1665 1543 1888 1575 Romanorum
1915 1541 1972 1574 illa

1175 1597 1244 1628 vice
1267 1599 1448 1632 habencium,
1472 1599 1608 1626 monendo
1630 1607 1724 1626 omues
1750 1594 1901 1635 infamem,
1929 1605 1974 1624 ex-

1176 1652 1403 1684 communicatos,
1416 1659 1562 1685 suspensos
1579 1653 1615 1680 et
1633 1650 1722 1678 eciam
1734 1649 1900 1678 interdictos
1912 1657 1975 1676 nec-

1175 1713 1230 1731 non
1248 1712 1427 1739 quoscunque
1447 1703 1529 1734 alios,
1548 1703 1572 1730 si
1589 1702 1638 1737 qui
1656 1703 1747 1730 forent
1764 1701 1882 1729 forsitan
1900 1700 1975 1728 inter

1177 1766 1236 1786 eos.
1261 1757 1309 1791 qui
1332 1757 1366 1784 de
1395 1756 1454 1783 iure
1479 1756 1543 1782 vel*
1566 1755 1765 1782 consuetudine
1788 1754 1922 1780 interesse
1945 1753 1975 1781 in

1177 1809 1265 1843 ipsius
1293 1808 1439 1836 electionis
1466 1807 1582 1843 negocio
1609 1815 1665 1834 non
1689 1806 1834 1835 deberent.
1861 1805 1936 1839 quod
1951 1791 1977 1832 'a

1177 1861 1348 1888 tractatibus
1361 1860 1508 1888 electionis
1521 1859 1685 1887 celebrande
1698 1855 1796 1886 futuri
1810 1853 1896 1895 regis
1907 1852 1976 1885 Ro-

1177 1920 1345 1942 manorum
1378 1914 1407 1940 et
1439 1912 1476 1939 ab
1508 1911 1605 1939 eadem
1637 1909 1774 1938 electione
1807 1908 1976 1939 recederent.

1177 1963 1264 2004 ipsos
1287 1961 1486 1993 coelectores
1508 1963 1648 1999 nostros,
1670 1972 1733 1991 nos
1755 1964 1784 1989 et
1801 1961 1872 1988 alios
1895 1967 1975 1999 quo·

1177 2025 1247 2046 rum
1277 2015 1469 2046 interesset*
1493 2016 1597 2050 eligere
1621 2014 1826 2049 permittentes.
1869 2013 1976 2039 Protes-

1177 2071 1272 2098 tando
1294 2069 1368 2104 quod
1386 2077 1440 2095 non
1459 2070 1533 2095 esset
1553 2069 1673 2095 nostra
1693 2067 1738 2094 vel
1760 2061 1978 2094 coelectorum

1177 2122 1358 2151 nostrorum
1381 2119 1506 2148 intencio
1524 2120 1597 2146 tales
1608 2118 1758 2145 admittere
1770 2120 1914 2151 tamquam
1933 2116 1977 2143 ius

1178 2176 1208 2203 in
1232 2171 1302 2212 ipsa
1325 2172 1462 2200 electione
1480 2171 1617 2198 habentes
1635 2171 1686 2197 aut
1704 2168 1852 2204 procedere
1865 2167 1910 2195 vel
1928 2167 1977 2195 eli-

1179 2235 1244 2262 gere
1264 2235 1324 2253 cum
1345 2225 1457 2252 eisdem.
1493 2223 1580 2250 Immo
1600 2221 1750 2250 voluimus
1767 2220 1801 2248 et
1820 2216 1977 2248 intencio-

1178 2276 1227 2307 nis
1250 2278 1358 2306 nostre
1381 2273 1456 2313 fuit,
1480 2275 1554 2309 quod
1578 2282 1659 2301 voces
1680 2272 1789 2304 talium,
1814 2271 1838 2299 si
1865 2270 1914 2305 qui
1936 2279 1978 2298 re-

1178 2330 1335 2365 perirentur
1347 2328 1523 2364 postmodum
1536 2325 1702 2357 interfuisse,
1721 2325 1792 2352 nulli
1804 2326 1979 2360 prestarent

1178 2381 1342 2416 suffragium
1364 2389 1415 2408 nec
1444 2380 1593 2408 afferrent
1615 2377 1702 2405 alicui
1728 2377 1926 2404 nocumentum
1948 2376 1979 2402 et

1182 2442 1292 2469 prorsus
1318 2441 1369 2467 pro
1395 2440 1450 2459 non
1476 2430 1597 2465 receptis
1623 2429 1682 2456 sive
1708 2437 1759 2464 pro
1788 2436 1843 2455 non
1872 2427 1980 2455 habitis

1183 2486 1373 2514 haberentur.
1457 2483 1547 2514 Quam
1564 2480 1800 2517 protestacionem
1818 2488 1868 2507 nos
1885 2487 1979 2507 omnes

1183 2533 1359 2575 supradicti
1391 2543 1456 2564 una
1488 2542 1561 2563 cum
1592 2529 1771 2562 reverendo
1798 2531 1891 2570 patre
1921 2527 1978 2559 do-

1182 2586 1269 2617 mino
1307 2585 1434 2627 P(etro)
1477 2581 1692 2625 Maguntfino)
1735 2579 1978 2621 archiepiscopo

1184 2637 1382 2669 coelectores
1406 2640 1480 2668 tune
1507 2636 1675 2676 presentes
1701 2638 1793 2664 ratam
1817 2637 1847 2664 et
1867 2637 1980 2671 gratam

1183 2692 1335 2720 habentes*
1354 2691 1544 2719 consensimus
1561 2689 1590 2716 in
1609 2688 1732 2716 eandem.

1988 777 2014 797 1ss

1990 1035 2016 1056 15

1996 2071 2021 2091 ³⁵

1996 2331 2024 2350 4⁰

1997 2590 2025 2609 ⁴⁵
