2158 3138
327 217 385 247 112
559 214 655 242 ACTA
675 214 788 241 REGNI
807 214 991 241 LUDEWICI
1011 214 1057 240 IV.
1078 213 1124 240 ΕΤ
1142 213 1331 242 FRIDERICI
1349 213 1398 240 111.
1435 214 1510 240 1314.
1549 213 1668 240 Nr.116.
1690 214 1748 241 117.

325 304 358 334 et
380 301 585 333 concedimus
609 301 738 342 plenam
762 304 795 331 et
816 300 951 332 liberam
973 303 1180 341 potestatem,
1204 302 1313 332 nostro
1330 299 1460 331 nomine
1482 304 1649 342 tamquam
1665 311 1743 332 vero
1766 303 1800 332 et
1821 300 1981 342 legittimo

325 354 524 395 procuratori
550 353 795 384 coronacionem
819 351 957 383 eandem
981 351 1128 393 petendi,
1152 351 1370 393 proponendi,
1395 351 1548 392 faciendi,
1574 351 1702 383 dicendi
1725 361 1851 383 necnon
1874 352 1982 384 omnia

325 405 476 444 faciendi,
508 415 570 446 que
599 404 811 445 personaliter
842 403 950 434 facere
977 413 1158 444 possemus,
1191 403 1216 434 si
1246 406 1415 444 presentes
1445 413 1588 434 essemus
1617 406 1650 434 et
1677 413 1880 444 quecumque
1903 413 1982 435 vero

325 457 522 497 procuratori
551 466 570 486 a
598 456 672 495 lege
697 455 747 486 vel
771 465 894 486 canone
924 457 998 485 sunt
1021 464 1190 494 concessa,
1221 464 1284 496 que
1308 453 1394 485 dicto
1423 455 1558 496 negocio
1590 454 1631 486 de
1662 454 1748 486 facto
1771 455 1824 486 vel
1847 454 1888 486 de
1911 455 1981 487 iure

323 508 440 540 viderit
463 507 628 548 expedire,
654 507 750 537 ctiam
775 516 837 547 que
861 505 1048 536 mandatum
1073 509 1366 547 quantumcumque
1391 506 1527 547 exigunt
1550 506 1703 547 speciale.
1749 505 1982 539 Promittentes
2003 515 2024 534 ’ὓ

325 562 450 600 gratum
487 561 519 590 et
553 562 657 590 ratum
691 568 749 588 nos
776 557 957 597 habituros,
989 557 1141 598 quicquid
1170 568 1229 599 per
1258 558 1362 599 ipsum
1397 556 1518 589 factum
1542 557 1594 588 vel
1616 557 1800 588 ordinatum
1823 558 1920 589 fuerit
1948 559 1981 590 in

324 611 488 652 premissis
517 620 574 640 seu
604 609 749 650 quolibet
774 609 1013 650 premissorum.
1102 608 1140 640 In
1168 619 1304 650 quorum
1336 609 1478 640 omnium
1502 608 1704 640 evidenciam
1729 611 1898 650 presentes
1920 609 1982 641 sibi

325 662 472 693 dedimus
496 661 591 703 sigilli
615 660 715 692 nostri
738 660 913 691 munimine
937 660 1096 702 legittime
1120 660 1298 692 roboratas.

430 713 551 744 Datum
584 713 614 743 in
646 711 883 751 Heidelberch,
914 722 996 742 anno
1027 711 1157 743 Domini
1187 711 1359 744 millesimo
1387 712 1468 744 CCC
1493 711 1755 754 quartodecimo,
1784 712 1866 744 feria
1888 700 1982 744 sexta

324 768 397 806 post
420 764 505 795 diem
530 764 617 795 beati
640 763 779 794 Martini.
1999 772 2026 792 u>

422 896 502 930 117.
544 895 794 931 Promissiones
820 895 996 930 Friderici
1015 907 1083 941 pro
1109 895 1280 931 Reinaldo
1307 897 1425 931 comite
1453 895 1623 931 Gelrensi.
1728 895 1815 931 Nov.
1835 897 1891 931 16.

438 968 599 1008 Oriyinale
623 968 697 1011 (or.)
720 969 756 999 in
779 969 940 1001 tabulario
962 972 1077 1001 secreto
1100 970 1212 1001 domus
1233 970 1336 1010 reyiae
1356 969 1558 1002 Bawaricae.
1603 969 1638 1000 Ε
1657 970 1770 1010 viginti
1790 980 1846 1002 sex
1867 969 1982 1010 siyillis

318 1021 458 1060 pendent
480 1023 619 1060 quatuor
637 1020 713 1061 plus
734 1021 877 1052 minusve
899 1020 986 1052 laesa
1009 1021 1086 1053 loris
1105 1021 1358 1053 membranaceis.
1383 1039 1423 1045 —
1448 1021 1522 1052 Iam
1542 1021 1699 1053 edidimus
1722 1021 1837 1053 ‘Neues
1852 1021 1981 1054 Archio’
2015 1034 2018 1036 ·

325 1073 462 1110 XXIII,
487 1072 549 1103 301
573 1082 622 1103 nr.
641 1072 684 1102 33
706 1082 744 1103 ea:
767 1083 811 1103 or.
1964 1101 1966 1103 ,

432 1132 577 1170 Βόὴηιεν,
601 1132 675 1172 Rey.
693 1132 806 1164 Ludw.
828 1142 860 1171 p.
876 1132 942 1163 292
963 1132 1134 1164 Friedrich
1156 1143 1207 1164 nr.
1223 1133 1297 1164 252.
1999 1141 2025 1161 ιι

435 1220 503 1250 Nos
526 1219 720 1251 Fredericus
736 1219 800 1250 Dei
816 1220 925 1261 gracia
942 1219 1009 1250 dux
1024 1220 1155 1251 Austrie
1178 1220 1211 1250 in
1227 1219 1447 1251 Romanorum
1462 1230 1574 1261 regem
1590 1219 1712 1251 electus
1728 1221 1884 1251 universis
1906 1230 1982 1263 pre-

326 1275 434 1303 sentes
459 1271 583 1303 litteras
605 1271 796 1312 inspecturis
820 1275 854 1302 et
876 1270 1034 1302 audituris
1055 1274 1167 1302 notum
1183 1271 1329 1311 facimus,
1346 1271 1433 1312 quod
1449 1281 1522 1302 cum
1543 1271 1713 1313 spectabili
1729 1272 1796 1303 viro
1812 1271 1982 1313 Reynaldo
2015 1294 2019 1308 3

324 1324 440 1355 comite
457 1322 605 1354 Gelrensi
628 1333 687 1364 pro
711 1324 846 1354 servicio
877 1327 910 1354 et
933 1322 1094 1354 adiutorio
1121 1322 1214 1354 nobis
1237 1322 1280 1354 ab
1305 1323 1375 1364 ipso
1398 1325 1434 1354 ut
1455 1323 1539 1354 infra
1562 1324 1707 1364 sequitur
1733 1323 1882 1354 faciendo
1905 1333 1982 1354 con-

325 1374 526 1406 cordavimus
548 1375 579 1405 in
604 1374 687 1405 hunc
711 1374 860 1406 modum:

434 1429 460 1457 1.
496 1426 588 1462 Quod
619 1426 823 1467 promisimus
856 1430 889 1457 et
916 1427 1132 1468 promittimus
1159 1426 1265 1458 eidem
1296 1426 1374 1458 dare
1403 1430 1436 1458 et
1463 1426 1650 1468 persolvere
1678 1429 1751 1458 octo
1779 1426 1868 1458 milia
1894 1437 1980 1458 mar-
1999 1432 2026 1452 ²⁰

206 1490 306 1512 Novas.
323 1490 429 1510 carum
459 1478 585 1519 argenti
612 1478 696 1519 puri,
728 1478 768 1509 de
793 1478 907 1519 quibus
936 1482 968 1509 et
995 1479 1025 1509 in
1053 1479 1251 1510 solucionem
1275 1478 1464 1510 earumdem
1486 1478 1570 1510 infra
1593 1478 1679 1510 diem
1705 1478 1800 1510 beate
1823 1478 1980 1510 Katerine

323 1530 454 1571 virginis
482 1529 628 1560 Arnoldo
659 1529 788 1560 domino
817 1529 857 1560 de
889 1528 1009 1571 Steyne
1034 1539 1075 1560 ex
1098 1529 1251 1561 mandato
1275 1530 1375 1571 ipsius
1399 1530 1524 1561 comitis
1548 1534 1684 1572 quatuor
1715 1530 1804 1561 milia
1826 1529 1981 1562 librarum

207 1593 305 1615 Nov.25.
324 1586 356 1612 et
379 1584 548 1612 sexcentas
576 1581 673 1612 libras
696 1581 860 1622 nigrorum
885 1581 1147 1622 Turonen(sium)
1171 1581 1401 1623 persolvemus,
1426 1583 1504 1613 item
1527 1581 1610 1613 infra
1633 1582 1783 1614 eumdem
1808 1582 1980 1613 terminum

323 1633 517 1664 Walewano
541 1632 726 1663 Lombardo
751 1632 792 1664 de
817 1632 931 1663 Sittart
952 1632 1040 1663 mille
1066 1636 1099 1664 et
1121 1633 1374 1674 quadringentas
1397 1633 1496 1664 libras
1520 1633 1664 1665 eiusdem
1680 1634 1877 1675 pagamenti,
1901 1633 1980 1664 item

212 1692 263 1713 Dee„
275 1694 306 1714 25.
323 1684 457 1716 Iohanni
481 1684 522 1715 de
546 1684 653 1715 Halen
677 1684 709 1714 in
732 1684 899 1715 nativitate
923 1684 1042 1716 Christi
1066 1694 1149 1715 nunc
1172 1687 1306 1716 ventura
1330 1694 1389 1716 sex
1404 1685 1493 1716 milia
1517 1685 1671 1716 librarum
1688 1684 1764 1716 dicti
1781 1684 1979 1726 pagamenti,
1998 1693 2024 1713 ns

212 1733 286 1778 Mfflfff'l·
322 1737 399 1768 item
429 1735 534 1767 eidem
564 1737 594 1766 in
622 1736 778 1777 principio
808 1737 927 1767 mensis
957 1735 1034 1767 Maii
1064 1746 1146 1767 nunc
1174 1736 1300 1767 venturi
1330 1747 1388 1768 sex
1418 1736 1507 1768 milia
1529 1736 1684 1768 librarum
1708 1736 1853 1768 eiusdem
1877 1745 1980 1783 paga-

200 1793 299 1837 1362„
322 1788 421 1819 menti
451 1798 489 1818 ac
520 1788 551 1818 in
580 1787 663 1818 festo
693 1787 781 1818 beati
804 1787 895 1819 Petri
925 1787 967 1819 ad
991 1787 1179 1819 cathedram
1209 1791 1328 1820 extunc
1351 1792 1488 1820 venturo
1512 1788 1725 1828 tantumdem,
1748 1788 1900 1820 videlicet
1922 1790 1982 1836 seir

288 1833 306 1837 ¹*
323 1840 411 1870 milia
434 1839 586 1870 librarum
611 1839 687 1870 dicti
712 1840 909 1880 pagamenti.
948 1839 1071 1876 Quibus
1095 1839 1242 1871 omnibus
1265 1839 1436 1871 antedictis
1461 1840 1506 1871 sic
1529 1851 1570 1871 ex
1588 1840 1742 1871 mandato
1759 1840 1837 1872 dicti
1853 1840 1981 1872 comitis

325 1890 493 1922 defalcatis
518 1891 558 1922 de
582 1894 654 1922 octo
678 1891 807 1922 milibus
835 1901 1016 1922 marcarum
1045 1891 1252 1932 supradictis,
1282 1891 1343 1923 hoc
1378 1891 1465 1933 quod
1500 1891 1541 1923 de
1575 1891 1710 1933 prefatis
1745 1894 1818 1923 octo
1852 1891 1982 1924 milibus

324 1953 502 1974 marcarum
527 1943 652 1984 argenti
676 1946 794 1974 extunc
817 1942 980 1974 residuum
1006 1946 1070 1983 est,
1094 1942 1137 1974 ad
1166 1943 1285 1974 bonam
1309 1944 1593 1985 computueionem
1617 1943 1744 1985 prefato
1769 1943 1879 1975 comiti
1902 1943 1980 1976 Gel-
1998 1950 2026 1970 Ἀ

201 1990 307 2034 1,,ὲῖξῇ
325 1995 409 2025 rensi
432 1993 513 2025 infra
536 1993 619 2034 hinc,
643 1994 676 2025 id
700 1997 750 2025 est
772 2005 791 2025 a
815 1993 892 2025 data
915 1995 1112 2036 presentium
1137 1994 1327 2034 litterarum,
1360 1998 1393 2026 et
1416 1995 1538 2026 instans
1562 1995 1681 2026 festum
1705 1995 1832 2027 Pasche
1855 1995 1981 2037 persol-

324 2055 445 2076 VOfflUS.

434 2099 462 2128 2.
499 2097 656 2128 Preterea
680 2097 722 2128 ad
745 2097 999 2128 contrahendum
1023 2099 1108 2129 inter
1129 2109 1187 2129 nos
1219 2102 1253 2129 et
1274 2099 1379 2139 ipsum
1404 2098 1555 2129 comitem
1587 2098 1768 2129 amiciciam
1791 2097 1981 2139 ampliorem

324 2149 538 2189 promittimus
561 2159 657 2180 unam
682 2148 722 2180 de
745 2147 872 2180 filiabus
896 2149 973 2180 dicti
996 2150 1122 2181 comitis
1145 2150 1298 2181 maritare
1322 2152 1378 2181 aut
1401 2159 1474 2181 cum
1496 2150 1596 2181 fratre
1611 2152 1720 2181 nostro
1736 2149 1874 2181 Alberto
1899 2149 1981 2182 duce

325 2200 454 2230 Austrie
478 2200 528 2231 vel
553 2211 624 2231 cum
648 2200 791 2231 Henrico
816 2200 896 2234 duce
919 2201 1101 2241 Karinthie,
1125 2211 1223 2243 quem
1244 2201 1375 2232 istorum
1402 2201 1489 2232 idem
1513 2211 1622 2233 comes
1642 2201 1803 2241 maluerit,
1826 2202 1871 2232 sic
1895 2201 1983 2243 quod
2001 2207 2027 2227 ⁸⁵

326 2261 398 2282 cum
421 2250 506 2282 dicta
528 2251 594 2282 filia
617 2251 714 2282 nichil
737 2251 871 2283 donabit
893 2252 924 2283 in
948 2252 1126 2284 donacione
1150 2257 1284 2294 propter
1306 2253 1450 2294 nupcias,
1475 2252 1534 2285 sed
1557 2253 1642 2284 alter
1665 2252 1885 2295 predictorum
1909 2263 1983 2288 eam

326 2302 446 2333 ducens
473 2303 503 2333 in
534 2314 667 2334 uxorem
692 2303 782 2334 dabit
805 2303 864 2334 sibi
895 2304 926 2334 in
951 2303 1061 2335 dotem
1084 2308 1157 2336 octo
1181 2304 1270 2335 milia
1293 2314 1475 2336 marcarum
1499 2305 1625 2346 argenti
1649 2304 1834 2336 reddituum
1858 2315 1982 2337 annuo-

326 2364 404 2384 rum.
451 2354 522 2385 Hoc
546 2354 673 2386 adiecto
698 2354 784 2396 quod
807 2355 833 2385 is
861 2355 916 2396 qui
939 2355 1069 2387 duxerit
1091 2366 1164 2387 eam
1187 2357 1221 2387 in
1248 2366 1384 2387 uxorem
1414 2357 1446 2387 in
1471 2355 1650 2387 redditibus
1672 2356 1794 2387 habeat
1817 2357 1982 2388 annuatim

326 2405 456 2446 triginta
479 2405 567 2436 milia
590 2416 767 2437 marcarum
793 2407 929 2447 argenti.

435 2458 462 2487 3.
498 2457 654 2488 Preterea
685 2458 901 2498 promittimus
931 2458 1039 2489 eidem
1070 2459 1178 2490 comiti
1206 2459 1238 2489 in
1261 2458 1388 2500 signum
1412 2458 1563 2500 specialis
1588 2460 1794 2501 prerogativa
1817 2460 1982 2500 innovare,
2001 2463 2030 2483 ⁴⁰

327 2509 514 2540 confirmare
546 2512 578 2540 et
608 2509 789 2550 approbare
819 2510 926 2540 omnia
949 2510 1133 2552 privilegia,
1157 2509 1324 2542 libertates
1348 2513 1382 2541 et
1404 2511 1546 2552 gracias,
1571 2521 1633 2552 que
1657 2511 1881 2552 progenitores
1905 2511 1984 2542 dicti

327 2560 452 2590 comitis
483 2563 515 2591 et
543 2561 612 2601 ipse
643 2571 751 2592 comes
778 2561 818 2592 ab
847 2562 1097 2603 imperatoribus
1121 2565 1154 2593 et
1176 2562 1307 2604 regibus
1330 2562 1552 2594 Romanorum
1580 2562 1777 2603 habuerunt,
1801 2565 1984 2604 tenuerunt,

326 2614 438 2642 tenent
468 2614 500 2642 et
529 2611 650 2643 habent
682 2612 864 2654 hucusque,
896 2614 928 2644 in
952 2614 1208 2656 quibuscumque
1232 2613 1354 2646 iuribus
1378 2617 1411 2646 et
1433 2614 1531 2645 rebus
1554 2614 1748 2655 consistant,
1773 2617 1806 2646 et
1828 2614 1984 2656 precipue

326 2663 442 2704 pignus
465 2674 567 2702 suum,
591 2663 677 2704 quod
700 2665 732 2694 in
756 2668 860 2696 castro
884 2668 918 2696 et
941 2665 1038 2707 opido
1061 2665 1303 2708 Novimagiensi
1327 2665 1437 2705 habet,
1463 2666 1632 2708 ipsamque
1656 2676 1815 2698 summam
1839 2666 1984 2708 pignoris

326 2714 369 2745 ad
392 2724 451 2745 sex
473 2715 561 2745 milia
584 2726 761 2747 marcarum
787 2718 911 2758 argenti
940 2718 1037 2759 priori
1061 2728 1186 2750 summe
1209 2717 1482 2759 superaddenda⁸
1509 2721 1741 2759 augmentare,
1764 2717 1926 2760 perceptis
1950 2720 1984 2774 et
2001 2723 2031 2742 4³

328 2766 543 2807 percipiendis
566 2767 597 2797 in
621 2770 738 2798 sortem
764 2769 895 2800 minime
922 2769 1154 2810 computandis.

432 2834 495 2860 117.
524 2834 547 2867 ι)
566 2837 757 2868 superaddende
777 2846 814 2862 or.
