2184 3126
339 227 400 257 746
611 220 707 248 ACTA
725 219 838 246 REGNI
857 216 1044 245 LUDEWICI
1061 215 1109 242 IV.
1128 215 1173 242 ΕΤ
1194 214 1378 242 FRIDERIC'I
1397 214 1446 240 111.
1484 213 1559 241 1324.
1595 213 1644 240 Nr.
1657 213 1718 241 910.

277 320 325 340 c.3.
443 312 467 338 3.
498 311 533 338 (2⁸
556 311 641 337 ltemt
658 310 768 336 statuta
786 310 815 335 et
836 315 954 334 canones
972 307 1130 333 sanctorum
1150 306 1263 339 patrum
1281 304 1369 331 eciam
1388 303 1596 331 declarativosu
1618 303 1747 331 veritatis
1765 303 1831 331 fidei
1849 306 1941 332 mutat
1961 306 1991 332 et

338 365 442 397 variat,
471 364 556 398 prout
579 362 652 394 vult,
679 363 709 388 et
731 360 801 395 ipsis
825 358 1004 394 apertissime
1027 357 1210 389 contradicit,
1238 365 1301 383 cum
1324 358 1421 383 tamen
1443 355 1619 383 inconvulsis
1646 356 1788 384 radicibus
1811 356 1891 384 vivat
1916 357 1989 384 anti-

340 416 448 450 quitas,
471 414 516 442 cui
539 414 653 441 decreta
679 413 792 447 patrum
822 411 977 437 sanxerunt
999 408 1204 441 reverenciam,
1227 417 1290 434 cum
1314 407 1403 434 eciam
1425 407 1588 434 huiusmodi
1611 407 1768 435 declaracio
1793 407 1994 435 inmutabilis*

333 468 370 494 sit
393 466 516 494 omnino.

270 525 289 540 c.
300 522 318 540 ⁴.
436 518 461 543 4.
489 515 534 543 ΟΨ
554 515 622 541 Item
636 522 686 547 per
698 512 753 539 ista
766 511 843 546 cogit
855 510 981 537 homines
993 511 1028 537 ad
1042 509 1266 545 desperacionem
1279 511 1308 536 et
1321 509 1349 535 in
1362 517 1481 536 errorem
1493 508 1692 543 multipliciter
1703 508 1802 542 mittit,
1821 517 1884 536 cum
1896 511 1992 537 tamen
2022 517 2036 536 ⁵

334 568 513 604 apostolica¹
537 565 692 599 auctoritas
715 566 773 591 tam
798 565 925 591 errantes
948 571 1034 597 quam
1056 563 1086 590 in
1109 571 1232 590 errorem
1254 562 1403 589 mittentes
1425 561 1533 588 iudicet
1554 561 1812 596 condempnandos.

273 627 291 642 c.
304 625 322 643 5.
443 619 467 644 5.
493 617 514 644 C
537 617 607 643 Item
626 624 680 642 non
698 614 847 650 recogitat,
867 614 940 648 quod
959 614 1043 641 beato
1062 613 1196 640 Silvestre
1214 621 1288 647 pape
1306 611 1410 639 latenti
1427 613 1495 639 tunc
1513 611 1648 646 temporis
1666 611 1696 639 in
1713 611 1849 647 spelunca
1866 612 1992 648 magnifi-

334 669 495 697 centissime
523 667 646 695 contulit
676 666 894 698 Constantinus,
923 665 1062 699 quidquid
1095 664 1232 691 ecclesiey
1259 663 1403 691 libertatis
1430 659 1532 691 habet
1557 663 1665 692 hodie*
1689 665 1733 692 vel
1760 664 1885 693 honoris.
1929 665 1994 700 lpse

331 723 428 749 autem
458 728 601 747 successor
625 717 753 745 Silvestri
783 719 816 744 ut
843 717 913 744 dicit
939 717 1014 744 male
1043 716 1197 751 respondet
1225 715 1345 750 imperio
1367 716 1402 743 de
1425 716 1573 750 predictis,
1602 716 1688 744 immo
1711 725 1822 744 sacrum
1844 716 1995 752 imperium

336 773 527 801 exterminare
551 771 670 798 conatur
699 778 750 804 per
777 769 820 796 fas
853 770 883 796 et
909 769 1004 795 nesas²
1028 770 1058 795 et
1080 777 1131 802 per
1157 776 1269 795 omnem
1291 768 1406 795 modum
1434 767 1531 796 fideles
1557 769 1588 795 et
1609 767 1728 796 devotos
1751 777 1816 796 suos
1839 769 1993 801 destruere,
2013 773 2038 794 ιο

335 825 408 851 sicut
430 824 512 858 patet
534 822 564 849 in
587 829 720 856 processu
753 829 844 854 nuper
867 821 967 847 contra
994 828 1103 846 sacrum
1126 819 1276 854 imperium
1305 821 1336 846 et
1362 827 1415 846 uos
1441 820 1471 846 et
1499 818 1643 846 iusticiam
1668 821 1796 847 nostram
1822 820 1910 847 facto.
1960 819 1994 846 In

335 884 392 910 quo
416 875 505 902 eciam
530 873 659 900 abutitur
682 871 817 899 notorie*
839 871 1018 905 plenitudine
1042 871 1208 905 potestatis,
1238 879 1293 904 que
1322 870 1437 898 nonnisi
1464 871 1500 898 ad
1527 870 1737 898 edificacionem
1759 870 1877 899 ecclesie
1899 871 2012 898 datu„

336 927 374 954 Et
398 936 460 953 cum
483 934 540 953 non
564 924 655 959 possit
678 923 802 950 iudicare
825 931 877 950 nec
900 922 1004 950 debeat
1026 923 1081 949 nisi
1105 923 1258 950 secundum
1282 922 1433 955 iusticiam,
1462 922 1608 950 maliciose
1631 924 1660 949 et
1682 922 1818 950 iniuriose
1840 922 1910 950 iuris
1932 930 1994 958 per-

336 978 424 1006 vertit
446 977 581 1009 ordinem,
605 984 751 1010 processus
775 983 840 1001 suos
863 974 1008 1001 fundando
1031 983 1116 1008 super
1138 969 1288 1006 notoriisb,
1312 982 1367 1008 que
1389 976 1486 1002 tamen
1509 983 1566 1002 non
1589 974 1680 1002 solum
1703 982 1759 1002 non
1783 975 1850 1002 suut
1871 973 1994 1007 notoria,

333 1031 378 1057 set
401 1029 552 1056 manifeste
575 1028 655 1060 falsa,
679 1028 712 1054 ut
732 1026 762 1053 in
786 1026 843 1052 suis
866 1025 1044 1060 processibus
1067 1026 1141 1052 clare
1164 1026 1254 1060 patet.
1987 1040 1989 1043 -
2012 1031 2037 1050 η

275 1093 294 1108 c.
307 1090 326 1109 e.
445 1080 469 1106 6.
497 1079 517 1106 C
540 1079 610 1105 Item
630 1079 712 1112 patet
731 1076 882 1107 evidenter,
901 1076 975 1109 quod
992 1076 1021 1102 in
1040 1076 1116 1102 dicto
1135 1084 1272 1110 processu,
1286 1076 1335 1110 qui
1348 1077 1446 1110 pocius
1459 1085 1586 1104 excessus
1598 1076 1862 1112 estnuncupandus,
1881 1076 1994 1103 omnino

332 1132 432 1160 defuit
454 1140 519 1166 pars
543 1132 640 1162 citata,
664 1130 731 1164 quia
754 1138 806 1156 nec
828 1129 932 1156 fuimus
955 1137 1071 1163 presens
1094 1138 1146 1156 nec
1169 1137 1220 1163 per
1242 1129 1450 1156 contumaciam
1473 1129 1575 1157 absens
1591 1137 1644 1157 nec
1658 1129 1756 1164 aliqua
1771 1129 1806 1156 de
1820 1128 1904 1156 uobis
1918 1128 1995 1156 facta

335 1184 390 1210 fuit
422 1183 538 1215 citaeio,
571 1183 656 1217 prout
683 1181 848 1215 expostulat
871 1181 940 1208 ordo
963 1180 1045 1213 iuris,
1074 1189 1136 1207 cum
1165 1181 1306 1215 scriptura
1332 1189 1412 1208 sacra
1434 1182 1570 1217 testetur,
1597 1189 1655 1208 non
1677 1189 1739 1208 esse
1762 1179 1996 1208 consuetudinem

337 1235 472 1262 Romanis
495 1233 676 1268 pontificibus
699 1233 854 1267 dampnare
879 1232 1003 1266 aliquem
1025 1232 1183 1265 hominem,
1213 1232 1379 1267 priusquam
1410 1232 1435 1259 is
1462 1232 1511 1267 qui
1541 1233 1690 1259 accusatur
1715 1233 1862 1267 presentes
1889 1218 1996 1259 habent

336 1286 537 1314 accusatores⁰
553 1286 701 1319 locumque
725 1285 761 1311 ad
783 1285 990 1312 defendendum
1013 1293 1042 1312 se
1065 1284 1188 1319 accipiat
1203 1285 1239 1311 ad
1262 1285 1404 1312 abluenda
1419 1285 1545 1318 crimina,
1569 1286 1600 1312 et
1621 1283 1719 1312 divina
1741 1284 1787 1311 lex
1809 1292 1868 1311 non
1889 1282 1998 1311 iudicat
2013 1286 2040 1307 ³⁰

334 1337 487 1369 hominem,
512 1336 566 1363 nisi
585 1335 708 1363 audierit
726 1336 762 1362 ab
781 1335 842 1369 ipso
860 1335 938 1370 prius
957 1336 987 1362 et
1005 1334 1176 1370 cognoverit,
1199 1335 1268 1369 quid
1286 1336 1393 1363 fecerit.
1434 1335 1498 1370 Ipse
1516 1337 1611 1363 autem
1629 1335 1692 1363 iura
1710 1334 1807 1371 divina
1824 1335 1854 1362 et
1870 1334 1995 1362 humana

337 1390 451 1418 omnino
475 1389 623 1416 subvertit.
668 1388 706 1415 Et
727 1388 852 1416 breviter
876 1388 937 1423 ipse
959 1388 1221 1422 pmnunciacionis,
1245 1397 1301 1422 que
1323 1388 1429 1416 dicitur
1450 1388 1539 1422 facta,
1566 1383 1670 1416 tenor‘l
1693 1387 1866 1415 sententiam
1886 1387 1995 1415 nullam

332 1451 391 1469 esse
414 1441 561 1469 decernit⁰
586 1441 675 1468 eciam
698 1441 816 1475 propter
838 1439 980 1467 defectum
1003 1439 1113 1472 iudicis,
1136 1441 1168 1466 ut
1192 1448 1242 1467 suo
1265 1440 1328 1467 loco
1352 1441 1381 1467 et
1403 1442 1532 1475 tempore
1555 1441 1585 1467 et
1602 1448 1696 1467 coram
1712 1438 1814 1474 quibus
1829 1438 1995 1466 debebimus

335 1495 364 1520 et
387 1493 435 1520 ubi
458 1493 630 1525 debebimus,
653 1491 884 1519 manifestissime
907 1491 1088 1519 ostendemus
1111 1493 1141 1518 et
1164 1492 1338 1519 ostendetur.

272 1552 319 1570 c.·1.
439 1544 463 1570 7.
493 1543 513 1571 0
538 1544 609 1570 Item
629 1544 749 1577 apparet
771 1542 933 1569 evidenters
954 1542 1076 1569 intencio
1099 1548 1172 1569 suas
1190 1551 1291 1577 prava,
1317 1551 1371 1577 que
1395 1542 1432 1570 ad
1454 1542 1648 1570 exterminium
1671 1541 1743 1569 sacri
1766 1541 1879 1576 imperii
1900 1540 1994 1568 tendit
2011 1543 2036 1563 ²⁵

343 1598 372 1623 et
387 1598 515 1623 nostrum
539 1598 568 1623 et
592 1595 752 1630 principum
776 1596 806 1622 et
821 1595 989 1622 devotorum
1012 1595 1110 1629 ipsius,
1134 1604 1197 1622 cum
1213 1597 1327 1623 constet
1341 1593 1527 1630 Rom(anum)
1542 1595 1692 1630 imperium
1707 1603 1725 1622 a
1739 1595 1799 1622 Deo
1815 1594 1999 1629 preparatum

340 1648 375 1676 ad
398 1648 631 1683 preparacionem
655 1649 684 1674 et
706 1647 909 1674 dilatacionem
933 1647 1081 1682 ewangelii
1105 1648 1134 1674 et
1156 1647 1191 1674 ad
1214 1647 1384 1675 catholicam
1407 1647 1491 1675 fidem
1512 1655 1530 1674 a
1553 1647 1662 1674 cunctis
1683 1645 1817 1681 malignis
1838 1644 1998 1673 incursibus

341 1700 502 1727 eruendam.
547 1698 584 1726 Et
607 1699 647 1726 sic
671 1699 742 1726 sacri
766 1698 914 1733 ewangelii
938 1700 981 1726 est
1004 1699 1153 1726 subversor
1175 1699 1305 1726 notorius
1328 1701 1357 1726 et
1379 1700 1548 1727 destructor.

273 1760 323 1778 aa.
442 1751 466 1777 8.
494 1750 514 1778 C
544 1750 612 1776 Item
636 1751 758 1782 constat,
781 1749 855 1783 quod
883 1758 934 1784 per
957 1749 1025 1777 istos
1047 1752 1076 1776 et
1098 1749 1168 1776 alios
1193 1759 1256 1777 suos
1273 1750 1414 1785 malignos
1432 1758 1589 1784 processus,
1611 1749 1660 1783 qui
1685 1756 1811 1775 excessus
1830 1747 1922 1775 verius
1939 1745 1997 1785 dici

340 1805 472 1837 possunt,
500 1802 593 1829 tendit
621 1803 656 1828 ad
684 1802 883 1829 exterminium
915 1803 987 1829 sacri
1010 1802 1123 1837 imperii
1146 1804 1233 1837 atque
1260 1805 1390 1830 nostrum
1415 1804 1446 1830 et
1467 1802 1626 1838 principum
1649 1799 1762 1837 imperii
1789 1800 1944 1828 electorum
1967 1800 1997 1826 et
2014 1808 2040 1828 so

339 1854 458 1881 aliorum
490 1854 647 1888 principum
677 1855 706 1880 et
735 1854 901 1881 devotorum
933 1854 1046 1889 imperii
1077 1856 1106 1882 et
1134 1854 1276 1882 libertatis
1304 1857 1333 1882 et
1359 1855 1511 1890 dignitatis
1537 1854 1627 1890 ipsius
1654 1855 1684 1881 et
1710 1853 1747 1880 ad
1772 1851 1993 1880 destructionem

342 1906 570 1932 inconcussarum
593 1900 727 1940 imperiih
751 1906 998 1938 consuetudinum,
1022 1915 1077 1940 que
1100 1907 1175 1941 apud
1203 1915 1255 1934 nos
1283 1916 1334 1942 pro
1362 1907 1423 1934 iure
1450 1901 1626 1934 indubitatoi
1649 1906 1799 1933 servantur
1826 1905 1856 1931 et
1883 1904 1996 1931 servate

338 1952 419 1984 suntf
440 1957 475 1984 ab
498 1957 626 1991 antiquo.
2031 1945 2033 1948 Α

277 2017 326 2035 ce.
461 2009 485 2034 9.
513 2008 534 2036 C
560 2008 630 2035 Item
660 2007 928 2042 archiepiscopatus,
953 2008 1133 2043 episcopatus
1155 2011 1185 2036 et
1208 2010 1342 2037 abbacias
1365 2009 1472 2038 confert
1494 2009 1658 2044 pax-cialiter
1681 2010 1711 2036 et
1733 2006 1857 2042 indignis
1874 2006 1994 2038 omnino,

345 2061 534 2101 cuiuscunque
558 2055 665 2087 etatisk
689 2060 754 2093 sint,
778 2061 983 2095 qualiscunque
1008 2061 1079 2091 vite.
1103 2062 1257 2090 dummodo
1281 2063 1340 2090 sint
1361 2062 1482 2098 imperio
1504 2061 1625 2089 rebelles
1648 2063 1678 2089 et
1699 2060 1822 2097 inimici,
1845 2060 1994 2094 quantum·
2013 2065 2038 2086 a

344 2121 453 2146 cunque
477 2112 534 2139 sint
556 2112 727 2139 naturaliter
750 2113 851 2139 vasalli
875 2113 996 2148 imperii.
1047 2113 1147 2141 Nullus
1174 2116 1271 2142 autem
1293 2114 1450 2149 imperialis
1473 2123 1525 2149 per
1546 2114 1640 2149 ipsum
1662 2114 1760 2148 potest
1781 2109 1996 2147 quomodolibet

342 2164 514 2197 promoveri,
544 2164 599 2190 nisi
622 2164 696 2191 forte
719 2173 748 2191 se
772 2160 899 2191 simulet¹
923 2174 971 2192 sue
1001 2165 1098 2199 inique
1128 2166 1272 2194 voluntati
1299 2168 1399 2194 contra
1427 2166 1578 2201 imperium
1605 2165 1678 2193 velle
1701 2165 1811 2198 favere,
1843 2163 1994 2198 quantum-

345 2223 455 2248 cunque
485 2215 585 2249 dignus
615 2217 643 2242 et
674 2216 827 2248 sufficiens,
855 2218 1105 2251 quantumcunque
1132 2218 1241 2253 peritus
1270 2220 1300 2246 et
1322 2219 1434 2251 doctus,
1461 2219 1712 2253 quantumcunque
1737 2216 1812 2244 bone
1838 2216 1868 2242 et
1898 2215 1996 2242 saneto

342 2266 410 2292 vite.
449 2265 486 2292 Et
512 2267 565 2293 hoc
589 2267 675 2301 egitm
693 2269 722 2294 et
737 2267 798 2302 agit
814 2268 948 2296 continue
965 2268 994 2295 in
1011 2271 1205 2304 contemptum
1221 2270 1273 2298 Dei
1290 2272 1320 2298 et
1335 2270 1364 2297 in
1380 2270 1533 2305 dampnum
1550 2269 1732 2298 ecclesiarum
1748 2270 1778 2296 et
1793 2268 1823 2295 in
1838 2266 1995 2303 periculum

341 2316 498 2343 animarum
522 2319 552 2344 et
574 2318 686 2345 notorie
710 2318 739 2344 in
761 2319 948 2353 preiudicium
980 2321 1052 2347 sacri
1083 2321 1195 2355 imperii
1222 2323 1252 2349 et
1279 2322 1407 2349 notabile
1434 2321 1620 2357 preiudicium
1647 2322 1745 2348 nostre
1771 2319 1884 2348 iusticie
1907 2320 1995 2353 atque
2012 2324 2039 2344 ⁴⁰

339 2367 407 2394 iuris
431 2370 460 2395 et
482 2369 592 2403 imperii
616 2370 791 2397 subditorum
815 2372 845 2397 et
867 2371 1033 2398 devotorum
1057 2372 1153 2407 ipsius.

261 2427 280 2442 c.
293 2425 323 2443 ιο.
447 2419 485 2446 10.
513 2417 533 2445 (3
559 2419 629 2445 Item
652 2421 732 2454 patet
750 2422 846 2454 aperte
866 2421 893 2448 iu
913 2431 1050 2456 processu,
1076 2422 1100 2450 si
1118 2426 1213 2451 tamen
1233 2433 1377 2459 processus
1396 2424 1452 2452 dici
1471 2424 1588 2459 possitfl,
1613 2424 1661 2458 qui
1680 2432 1806 2451 excessus
1829 2422 1927 2458 pocius
1949 2422 1994 2449 est

339 2470 487 2496 censendus
496 2475 518 2502 0,
536 2477 636 2504 quemn
655 2480 743 2505 nuper
761 2472 859 2499 fecisse
878 2473 990 2506 dicitur,
1005 2475 1079 2508 quod
1097 2476 1133 2502 ad
1152 2476 1347 2503 exterminium
1365 2478 1395 2504 et
1413 2477 1630 2504 destructionem
1648 2476 1721 2504 sacri
1733 2475 1827 2503 tendit
1838 2473 1951 2509 imperii
1963 2475 1992 2501 et

338 2521 481 2548 notabiles
495 2521 677 2555 preiudicium
695 2522 805 2550 iusticie
824 2526 917 2552 nostre
936 2527 1022 2560 atque
1041 2527 1109 2554 iuris
1128 2529 1157 2554 et
1175 2528 1211 2555 ad
1224 2530 1392 2563 perpetuum
1403 2537 1556 2564 gravamen
1575 2530 1605 2556 et
1624 2527 1814 2563 preiudicium
1831 2526 1991 2562 principum

339 2571 448 2606 imperii
467 2573 616 2600 electorum
641 2575 670 2600 et
688 2574 724 2600 ad
742 2575 921 2603 destruendas
941 2579 970 2603 et
991 2578 1157 2606 anullandas
1177 2580 1393 2607 consuetudines
1417 2579 1531 2615 imperii
1552 2581 1725 2615 approbatas
1751 2578 1939 2606 racionabiles
1961 2579 1992 2606 et
2009 2584 2036 2604 4³

442 2662 507 2689 910.
535 2664 556 2696 Β)
575 2666 628 2690 sine
646 2665 717 2698 signo
730 2668 898 2698 paraqraphz'
917 2669 944 2693 in
964 2669 988 2694 2.
1071 2670 1090 2702 t)
1109 2671 1193 2696 littera
1205 2671 1314 2696 initialia
1331 2672 1359 2696 in
1375 2671 1391 2696 2
1409 2676 1521 2697 exarata
1537 2680 1591 2697 mm
1609 2676 1652 2697 est.
1734 2670 1762 2703 ⁸²)
1780 2670 1950 2697 declinativos
1967 2668 1991 2694 2.

340 2705 365 2736 v)
384 2706 515 2731 mutabilis
533 2706 556 2732 2.
646 2707 677 2739 W)
697 2708 750 2733 sine
768 2709 840 2741 siquo
854 2713 1022 2744 paraqraphi
1039 2713 1067 2738 ἱη
1086 2713 1108 2739 1.
1197 2714 1223 2747 ¹)
1242 2723 1310 2740 corr.
1327 2723 1359 2740 ea·
1376 2715 1504 2748 applioam
1522 2713 1546 2740 2.
1629 2714 1654 2747 r)
1672 2714 1751 2740 etiam
1768 2712 1792 2740 2.
1886 2713 1910 2746 ⁸)
1928 2713 1992 2746 phas

340 2752 366 2773 et
383 2749 482 2781 nephas
499 2748 525 2774 2.
629 2750 653 2782 8)
672 2751 770 2776 notarie
788 2750 812 2777 2.
916 2752 941 2791 b)
959 2756 1076 2781 notarius
1094 2757 1122 2782 in
1140 2757 1212 2782 initio
1231 2757 1315 2783 lineae
1334 2757 1358 2783 1.
1464 2757 1487 2789 c)
1506 2758 1641 2783 exea-tores
1658 2757 1683 2783 2.
1797 2755 1824 2788 ὖ)
1841 2760 1913 2782 tenet
1930 2756 1954 2782 1.
1967 2754 1992 2781 2.

345 2790 369 2822 ⁰)
388 2791 501 2817 decrevit
518 2792 542 2818 2.
622 2792 641 2823 f)
657 2793 724 2818 deest
742 2792 766 2819 2.
845 2795 870 2827 Β)
889 2805 966 2829 supra
984 2798 1008 2823 2.
1082 2798 1108 2831 h)
1127 2800 1160 2825 ad
1179 2800 1242 2826 adol.
1259 2801 1287 2826 in
1304 2801 1377 2826 initio
1395 2801 1478 2826 lineae
1495 2800 1521 2827 2.
1590 2799 1609 2832 i)
1627 2801 1767 2827 indebitsto
1784 2799 1810 2826 2.
1879 2798 1907 2832 ἰ)
1924 2807 1991 2825 corr-

341 2841 372 2858 α
391 2838 445 2859 ⁰¹³⁵
463 2833 486 2860 2-
562 2836 581 2867 1)
602 2836 648 2861 ⁸³¹1*
667 2835 690 2860 2·
769 2837 802 2868 ¹¹¹)
821 2836 875 2870 egit
895 2841 916 2864 l·
997 2841 1021 2872 ¹¹)
1040 2847 1125 2874 posset
1143 2843 1167 2869 2.
1247 2843 1270 2876 ⁰)
1289 2845 1446 2870 censsendus
1466 2843 1490 2869 1.
1569 2843 1595 2875 Ρ)
1612 2852 1663 2877 que
1681 2843 1705 2869 2.
1783 2843 1810 2876 ι1)
1828 2843 1950 2869 notabilis
1967 2843 1992 2870 2.
2011 2850 2036 2870 so
