2184 3126
317 191 377 221 788
546 186 642 213 ΑΟΤΑ
661 184 774 211 REGNI
793 183 978 211 LUDEWICI
996 183 1045 210 IV.
1064 182 1109 209 ET
1129 182 1317 210 FRIDERICI
1336 182 1385 209 111.
1422 181 1497 209 1324.
1533 181 1582 209 Nr.
1595 181 1654 210 944.
1673 182 1733 209 945.

315 274 542 315 imperatorem
569 270 778 313 promovendi
802 273 949 312 spectare
973 270 1128 307 noscitur,
1158 279 1217 310 per
1239 267 1428 310 processusk
1451 271 1577 299 nostros
1603 277 1661 299 seu
1684 268 1794 310 aliqua
1815 272 1967 301 contenta

315 326 347 355 in
370 325 416 356 eis
439 325 470 355 in
494 322 623 365 aliquo¹¹
641 321 824 363 derogare1,
849 321 947 352 immo
970 320 1051 351 illud
1073 320 1202 351 omnino
1225 319 1384 351 illibatum
1408 319 1481 350 eis¹²²
1497 319 1643 350 volumus
1666 318 1893 351 observati-1¹¹⁴.

425 377 473 406 17.
497 375 542 406 Ut
564 376 673 405 autem
696 383 865 414 processus
887 374 996 403 noster
1018 370 1214 402 huiusmodi¹
1232 373 1284 402 et⁰
1300 370 1409 402 omnia
1431 373 1465 402 et
1487 370 1613 411 singula
1635 370 1668 401 in
1684 370 1801 403 eodem
1817 374 1968 403 contenta

315 427 356 458 ad
380 426 494 468 prefati
511 425 666 457 Ludovici
683 428 716 455 et
732 424 873 455 omnium
896 423 1032 454 aliorum
1048 432 1182 463 quorum
1198 422 1332 454 interest
1351 430 1555 453 communem
1574 421 1722 453 notitiam
1737 421 1967 463 deducantur»,

314 481 418 509 cartas
441 478 507 508 sive
530 475 733 508 membranas
756 479 961 516 processumq
978 474 1178 505 continentes
1201 472 1340 504 eundem
1363 473 1396 503 in
1419 473 1555 504 ecclesie
1570 473 1811 514 Avinonen(sis)
1827 473 1969 516 appendi
1998 486 2013 504 r·

316 529 366 560 vel
390 529 480 569 affigi
505 528 593 559 ostiis
616 537 674 558 seu
697 525 994 567 superliminaribus
1017 524 1202 564 faciemus¹‚
1230 534 1293 566 que
1318 533 1504 565 processum
1526 524 1632 566 ipsum
1655 534 1713 556 suo
1737 525 1829 566 quasi
1850 535 1966 557 sonoro

314 580 465 621 preconio
489 582 522 610 et
544 579 654 620 patulo
678 577 795 609 indicio
819 576 1042 619 publicabunt,
1071 579 1106 607 ut
1128 575 1215 607 idem
1239 574 1424 607 Ludovicus
1447 578 1481 607 et
1503 576 1576 616 alii,
1603 586 1683 617 quos
1706 586 1875 617 processus
1897 577 1967 618 ipse

314 630 478 672 contingit,
501 630 621 661 nullam
644 629 769 670 possint
792 628 1032 659 excusationem
1057 626 1261 669 pretendere,
1286 626 1372 668 quod
1388 626 1430 658 ad
1454 637 1510 659 eos
1532 637 1596 659 non
1611 628 1797 669 pervenerit
1811 627 1864 659 vel
1880 628 1968 670 quod

314 682 504 723 ignorarint⁸
540 680 694 720 eundem⁷
730 690 802 711 cum
841 690 903 710 non
938 680 978 710 sit
1008 678 1182 710 verisimile
1217 677 1325 719 quoad
1358 678 1445 719 ipsos
1479 688 1647 710 remanere
1681 679 1879 721 incognitum
1914 680 1967 711 vel

313 733 483 773 occultum,
508 732 594 774 quod
617 736 683 763 tam
707 733 856 772 patenter
878 730 1025 762 omnibus
1048 730 1240 772 publicatur.
1286 728 1444 761 Volumus
1466 732 1575 761 autem
1599 732 1633 762 et
1655 731 1834 772 apostolica
1856 734 1966 763 aucto·
1986 741 2012 762 ιο

312 785 406 815 ritate
430 783 640 823 decernimus⁷
665 782 751 824 quod
775 781 956 814 huiusmodi
980 791 1149 824 processus
1172 780 1333 822 prefatum
1349 780 1549 813 Ludovioum
1566 784 1599 813 et
1621 781 1711 822 alios,
1736 792 1817 824 quos
1832 785 1966 824 tangere

313 835 499 876 dinoscitur,
527 834 751 876 apprehendat
773 837 806 866 et
828 837 926 874 artet,
951 834 1016 865 acsi
1040 832 1163 864 eisdem
1187 832 1400 874 personaliter
1429 836 1462 864 et
1488 833 1694 874 singulariter
1721 833 1904 875 publicatus
1934 837 1968 866 et

312 887 475 918 intimatus
491 887 664 918 solenniter
680 886 850 925 extitisset,
874 885 1101 916 constitutione
1117 894 1308 926 quacunque
1325 894 1384 925 per
1399 884 1645 925 predecessores
1660 887 1786 918 nostros
1801 884 1967 918 Romanos

311 938 477 980 pontifices
500 939 532 969 i'n
556 938 750 970 contrarium
774 937 862 969 edita
885 947 948 968 non
972 936 1132 968 obstante.

418 990 539 1021 Datum
562 989 759 1030 Avinion(e)⁷
784 988 823 1020 V.
840 988 888 1020 Id.
914 988 998 1026 Iulii,
1022 987 1227 1029 pontificatus
1250 987 1351 1018 nostri
1373 997 1457 1019 anno
1481 991 1605 1019 octavo.
1987 999 2011 1020 u

388 1164 637 1208 945—947.
679 1163 983 1209 EIUSDEM
1016 1162 1342 1208 LITTERAE
1374 1160 1588 1207 SUPER
1616 1160 1889 1216 QUARTO

576 1231 916 1278 PROCESSU
944 1231 1037 1276 AD
1066 1229 1399 1277 DIVERSOS
1430 1230 1697 1277 MISSAE.

925 1309 1033 1345 1324.
1076 1307 1360 1344 Iul.15.-—21.

781 1420 867 1456 945.
908 1420 1065 1456 Litterae
1086 1420 1237 1466 priores.
1344 1419 1414 1455 lul.
1437 1419 1495 1454 15.

422 1492 582 1533 Originale
609 1494 682 1534 (or.)
710 1493 898 1533 exemplaris
925 1494 1033 1526 ordini
1055 1494 1201 1535 fratrum
1227 1493 1396 1525 Minorum
1423 1493 1535 1525 arrecti
1567 1503 1606 1525 ex
1632 1493 1759 1526 archivo
1779 1494 1966 1534 provinciae
1983 1505 2011 1525 πο

313 1544 503 1576 Germaniae
525 1545 699 1584 superioris
721 1545 860 1577 eiusdem
882 1546 1006 1577 ordinis
1023 1546 1212 1586 moveniens
1233 1546 1270 1577 in
1292 1544 1452 1577 tabulario
1467 1544 1685 1577 Luceriensffi.
1730 1544 1968 1585 Desmpsimus

309 1605 375 1627 ‘no-3.
433 1595 550 1627 Pendet
579 1595 665 1627 bulla
688 1596 838 1636 plumbea
866 1597 920 1637 filo
943 1599 1085 1638 canapis.
1147 1598 1190 1630 In
1213 1597 1321 1638 plicae
1348 1599 1444 1639 parte
1474 1597 1587 1629 dextra
1608 1597 1761 1637 scriptum
1787 1599 1849 1629 est:
1882 1614 1890 1621 ·
1906 1607 1966 1639 pro

311 1664 318 1672 ·
335 1648 406 1679 luca
423 1665 429 1671 ·
450 1648 453 1688 1
474 1665 481 1672 ·
498 1648 535 1679 Io
553 1665 559 1672 ·
576 1648 618 1679 Ni
636 1658 661 1686 -,·
693 1649 729 1680 in
751 1659 836 1681 verso
860 1650 993 1690 legitur:
1025 1650 1162 1684 Luchas.
1197 1667 1240 1674 —·
1275 1649 1337 1681 Ed.
1362 1648 1462 1681 Eubel
1489 1647 1685 1680 ‘Bullarium
1700 1647 1967 1680 Franmzwanum’

318 1698 352 1737 V,
367 1700 431 1730 267
452 1710 504 1731 nr.
520 1699 582 1730 544
604 1710 643 1731 ex
666 1710 722 1739 or.‚
746 1700 919 1733 Processus
941 1702 1051 1742 quarti
1072 1705 1159 1733 textu
1182 1702 1303 1734 omisso.
1632 1743 1639 1747 x

417 1755 590 1795 Excemplar
605 1756 833 1796 archiepiscopi
851 1756 1045 1789 Coloniensis
1061 1758 1182 1789 citatur
1196 1757 1287 1797 apud
1301 1757 1403 1789 Brom
1418 1756 1619 1788 ‘Bullarium
1637 1754 1845 1796 Dajectense’
1862 1755 1891 1794 1,
1902 1755 1970 1787 295
1985 1769 2011 1789 τε

310 1815 358 1837 nr.
378 1807 456 1844 639‚·
485 1806 667 1839 Sauerland
688 1807 878 1840 ‘Urkunden
901 1809 968 1840 und
989 1808 1152 1850 Reqesten'
1176 1809 1212 1848 Ι,
1237 1809 1301 1841 321
1327 1820 1377 1841 nr.
1395 1809 1458 1840 680
1480 1808 1538 1849 (cf.
1559 1808 1598 1840 ib.
1618 1818 1669 1840 nr.
1687 1808 1781 1849 691);
1808 1808 1850 1846 cf.
1874 1807 1968 1847 Lany

311 1857 402 1889 ‘Acta
425 1857 852 1899 Salaburyo-Aquilejensia'
878 1859 906 1898 I,
923 1861 965 1890 80
987 1871 1037 1893 nr.
1055 1861 1118 1893 62⁶
1141 1862 1177 1892 in
1198 1864 1283 1893 nota.

417 1914 591 1953 Exemplar
613 1915 750 1957 episcopi
772 1916 964 1949 Basiliensis
987 1920 1119 1949 notatur
1140 1917 1232 1956 infra
1259 1927 1308 1949 nr.
1326 1917 1403 1955 966,
1433 1915 1663 1956 archiepiscopi
1684 1915 1966 1956 Maqdeburqens-is

310 1965 399 2003 infra
421 1975 470 1997 nr.
488 1967 559 1998 969.
848 2005 850 2007 ι

418 2020 492 2061 Rey.
517 2022 630 2063 Faycn
653 2022 784 2055 ‘Lettres
806 2024 844 2055 de
866 2024 948 2056 [ean
970 2024 1081 2057 XXII
1085 2025 1091 2037 ’
1115 2025 1143 2062 I,
1160 2025 1222 2056 504
1245 2034 1295 2056 nr.
1315 2024 1412 2055 1354.
1984 2034 2012 2054 ω

419 2089 577 2122 Iohannes
601 2092 770 2133 episcopus
786 2103 898 2124 servus
913 2103 1079 2124 servorum
1096 2093 1159 2125 Dei
1236 2092 1362 2124 dilectis
1385 2091 1458 2124 filiis
1475 2116 1483 2123 .
1497 2116 1504 2123 .
1520 2091 1666 2134 generali
1688 2101 1814 2123 necnon
1836 2091 1965 2132 provin-

312 2140 444 2171 cialibus
467 2142 617 2173 ministris
640 2148 700 2174 aca
723 2143 909 2175 custodibus
932 2145 987 2175 et¹³
1010 2144 1173 2186 gardianis
1196 2144 1331 2175 fratrum
1355 2143 1475 2176 ordinis
1496 2143 1658 2175 Minorum
1680 2142 1734 2174 vel
1761 2152 1873 2174 eorum
1895 2142 1967 2174 loca

312 2192 502 2233 tenentibus,
526 2193 567 2224 ad
591 2204 671 2235 quos
694 2198 862 2237 presentes
884 2196 1090 2238 pervenerint
1176 2196 1314 2233 salutem
1339 2199 1373 2227 et
1394 2194 1607 2237 apostolicam
1629 2193 1898 2227 benedictionem.

419 2243 556 2285 Propter
579 2255 729 2277 excessus
752 2247 857 2278 varias
882 2250 915 2278 et
939 2257 1088 2279 enormes
1111 2247 1291 2279 obstinatas
1313 2246 1550 2279 inobedientias
1576 2257 1615 2278 ac
1637 2245 1868 2288 multiplicatas
1891 2256 1967 2277 eon-

313 2295 467 2325 tumacias
496 2299 527 2326 et
556 2299 756 2339 contempt-us
784 2298 987 2331 execrabiles
1016 2309 1074 2341 per
1101 2299 1306 2340 magnificum
1336 2299 1439 2331 virum
1462 2297 1663 2330 Ludovicum
1691 2297 1807 2330 ducem
1830 2297 1968 2330 Bavarie
1986 2306 2012 2325 ³³

313 2347 422 2376 contra
445 2345 565 2387 Deum,
594 2359 651 2379 nos
679 2352 711 2380 et
734 2353 876 2381 sanctam
900 2350 1082 2382 Romanam
1112 2351 1298 2392 ecclesiam,
1325 2351 1500 2382 utilitatem
1523 2350 1570 2382 rei
1592 2349 1722 2392 publice
1745 2359 1784 2381 ac
1805 2350 1839 2380 in
1861 2349 1968 2381 anime

313 2406 369 2427 sue
393 2397 568 2437 periculum
593 2402 626 2430 et
648 2400 820 2432 multorum
844 2401 1031 2433 scandalum
1054 2404 1259 2444 perpetratos
1280 2412 1384 2444 nuper
1406 2401 1448 2433 de
1472 2401 1607 2434 fratrum
1630 2403 1813 2433 nostrorum
1835 2401 1968 2432 consilio

314 2450 418 2478 certos
441 2458 608 2489 processus
631 2450 801 2483 habuimus
825 2456 935 2484 contra
959 2464 1044 2494 eum,
1067 2454 1262 2496 privacionis
1277 2464 1297 2485 a
1313 2454 1392 2493 iure,
1416 2454 1442 2485 si
1466 2452 1553 2495 quod
1575 2452 1637 2484 sibi
1653 2463 1695 2484 ex
1712 2453 1881 2493 electione,
1905 2462 1968 2494 que

315 2497 355 2528 de
378 2498 447 2540 ipso
471 2499 503 2529 in
526 2510 636 2541 regem
658 2501 902 2544 Romanmrum)
927 2504 1182 2546 promovendum
1210 2505 1242 2535 in
1269 2505 1501 2547 imperatorem
1533 2505 1611 2536 olim
1637 2505 1670 2535 in
1697 2503 1858 2536 discordia
1881 2503 1967 2536 cele-

416 2565 481 2592 944.
508 2566 535 2600 ¹¹)
553 2577 686 2600 processus
697 2584 728 2588 —
740 2572 826 2604 aliquo
844 2572 872 2597 in
891 2573 946 2598 loco
964 2583 1025 2599 rano
1044 2575 1127 2599 artius
1147 2575 1245 2607 scripta
1265 2575 1288 2601 l.
1387 2574 1407 2606 l)
1424 2576 1590 2608 derogare—
1601 2575 1750 2601 huinflmoffi
1766 2574 1795 2600 ¹⁸⁹⁸
1812 2583 1880 2600 '100⁰
1898 2575 1967 2600 lima
1984 2579 2012 2599 ⁴⁰

313 2617 390 2641 super
408 2610 462 2634 loco
481 2619 540 2635 raso
560 2612 641 2637 artius
659 2613 754 2645 scripta
773 2614 797 2639 1.
904 2616 937 2647 ¹¹¹)
955 2617 992 2642 eis
1010 2617 1066 2642 illib
1084 2616 1109 2643 3.
1209 2619 1234 2650 ¹¹)
1252 2619 1377 2644 reservari
1396 2617 1421 2644 3.
1521 2618 1545 2651 ⁰)
1564 2627 1596 2644 ae
1614 2617 1639 2644 3.
1736 2618 1762 2650 ¹³)
1781 2618 1925 2644 deducam?
1942 2615 1966 2643 3-

315 2652 339 2683 ι1)
358 2660 525 2685 processuum
546 2653 567 2678 l.
654 2654 675 2687 ι”)
694 2656 742 2681 iem
760 2657 787 2681 in
805 2666 903 2682 rasura
924 2659 946 2684 l.
1033 2660 1054 2692 Β)
1072 2661 1195 2694 ignorarit
1216 2661 1238 2687 l.

417 2701 482 2729 945.
509 2703 533 2736 ὃ)
552 2704 579 2729 in
598 2705 651 2730 loco
670 2714 730 2731 raso
750 2716 786 2733 or.
875 2709 899 2741 l¹)
918 2719 950 2735 us
968 2714 993 2736 et
1012 2711 1040 2736 in
1059 2712 1114 2737 loco
1131 2721 1192 2738 raso
1213 2722 1250 2738 or.

419 2754 444 2785 l)
466 2753 504 2785 Cf·
522 2761 609 2787 supra
625 2763 668 2782 nr.
682 2760 734 2783 912.
831 2760 858 2791 2)
883 2760 923 2794 Cf.
945 2760 973 2787 C.
991 2761 1077 2788 Eubel
1097 2762 1258 2790 ‘Geschichte
1283 2763 1329 2790 der
1351 2763 1551 2790 oberdeutschen
1575 2763 1782 2797 (Strassbumer)
1804 2762 1967 2790 Minonten-

315 2794 442 2821 Prorinz'
457 2804 487 2830 p.
500 2800 551 2822 267
568 2800 622 2824 not.
634 2800 691 2825 314.
1031 2800 1033 2802 '
1984 2811 2010 2831 4⁵
