2190 3172
237 1013 300 1034 Mart.
309 1014 341 1034 13.

233 1327 297 1349 Mart.
307 1327 339 1347 17.

238 1428 299 1449 Mart.
309 1430 341 1449 18.

355 203 416 233 210
589 198 687 226 ACTA
705 198 818 225 REGNI
838 198 1021 226 LUDEWICI
1039 198 1086 226 IV.
1105 199 1151 226 ΕΤ
1170 198 1355 226 FRIDERICI
1374 199 1421 226 111.
1458 199 1534 226 1315.
1570 198 1619 225 Nr.
1631 199 1691 226 242.
1708 199 1768 226 243.

461 286 671 328 Frid(erieus)
695 285 758 317 Dei
780 286 884 328 gratia
906 286 1154 329 Rom(anorum)
1176 297 1235 318 rex
1257 296 1386 328 semper
1408 289 1562 328 augustus
1637 285 1711 317 viris
1734 285 1944 328 prudentibus
1969 312 1975 318 .
1994 311 2001 319 .

354 339 522 381 magistro,
552 362 559 369 .
581 362 588 369 .
617 338 760 369 ministro
792 340 825 368 et
852 361 859 368 .
881 361 888 368 .
917 338 1099 370 consulibus
1128 338 1266 370 civitatis
1294 338 1590 378 Oonstantfiensis),
1624 337 1775 369 fidelibus
1809 338 1874 369 suis
1903 337 2003 370 dilec-

355 391 395 422 tis
482 391 619 432 gratiam
642 400 732 421 suam
757 393 790 421 et
813 400 906 421 omne
929 390 1058 422 bonum.
1085 412 1087 415 ι

461 441 514 473 Ad
538 441 758 483 reprimendas
780 441 972 473 insolencias
994 442 1138 483 perversi
1161 442 1335 474 conaminis
1358 441 1522 473 Ludewici
1545 440 1634 472 ducis
1655 441 1803 472 Bawarie
1825 441 1915 483 pacis
1937 443 2003 472 tur-

353 493 474 525 batoris
496 493 683 524 iniuriarum
705 502 875 524 mucrones
898 496 1009 524 contra
1031 504 1089 525 nos
1113 497 1145 525 et
1166 495 1338 536 imperium
1361 494 1505 524 acuentis
1521 496 1554 524 et
1575 492 1616 524 ad
1633 492 1836 534 preparanda
1851 492 2004 525 subiectis
2034 504 2047 524 s

352 545 480 586 imperii
497 544 737 586 tranquillitatis
760 544 930 576 commoda
954 544 1091 577 collecto
1113 555 1172 587 per
1194 556 1252 577 nos
1274 545 1416 577 breviter
1432 545 1575 576 exercitu
1590 544 1741 586 glorioso,
1765 548 1876 576 contra
1899 545 2004 586 ipsum

352 596 544 628 festinanter
570 596 654 627 ultra
682 595 823 636 spiram,
850 596 905 627 ubi
934 596 1020 629 idem
1049 608 1083 629 se
1110 598 1143 629 in
1166 597 1287 639 campis
1310 599 1492 638 receperat,
1519 596 1695 628 direximus
1717 606 1845 638 gressus
1868 599 2003 628 nostros.

353 647 397 679 Et
425 647 500 678 dum
523 647 609 678 idem
635 646 856 688 Lud(ewicus)
884 648 1023 679 vicinum
1052 651 1196 680 nostrum
1222 649 1421 690 percepisset
1448 647 1637 688 adventum,
1664 647 1840 679 abhorrens
1869 647 2004 679 bellicos

350 699 487 731 sudores
517 702 551 730 et
578 699 694 730 erroris
725 699 774 729 sui
806 700 951 731 conscius
978 700 1131 742 fugitivus
1158 711 1222 731 una
1249 700 1302 731 die
1331 700 1436 741 campi
1467 699 1553 736 loca,
1576 700 1609 730 in
1632 699 1747 741 quibus
1770 710 1805 731 se
1828 699 2003 739 locaverat,

351 751 489 782 mutavit
516 751 637 792 pluries
666 753 699 781 et
728 753 892 792 tamquam
922 752 989 783 avis
1018 753 1131 783 territa
1163 751 1352 783 diverticula
1379 751 1455 793 fuge
1484 761 1622 792 querens
1650 762 1685 782 se
1712 754 1900 792 presentare
1927 761 2049 783 con-n

351 802 516 843 spectibus
539 801 647 843 aquile
671 801 851 834 verebatur.
897 802 1047 845 Dumque
1075 803 1252 835 ferventem
1283 806 1425 834 nostram
1454 803 1691 834 insecucionem
1719 803 1852 834 sentiret
1875 804 2004 844 experi-

351 854 467 895 gencia
494 853 637 893 certiori,
667 853 709 884 ad
739 854 855 885 atrium
883 854 1055 886 Iudeorum
1082 855 1182 886 muris
1210 853 1438 896 Spiren(sibus)
1463 855 1664 896 contiguum,
1692 854 1853 886 firmatum
1877 854 2004 886 fossatis

352 908 388 937 et
410 906 480 937 aliis
502 905 689 937 roboratum
712 905 884 946 fortiliciis,
912 907 958 938 ita
989 906 1076 949 quod
1107 906 1224 938 abinde
1254 907 1322 938 erui
1352 909 1386 937 et
1413 906 1508 937 evelli
1537 916 1601 937 non
1624 909 1768 948 poterat,
1791 906 1947 948 profugus
1969 917 2004 938 se

353 958 485 999 recepit.
532 957 603 993 Quo
627 956 738 988 audito
762 956 888 999 spiram
912 961 946 989 et
968 959 1084 990 atrium
1107 958 1288 1000 predictum
1312 957 1393 989 feria
1416 958 1526 1000 quinta
1548 958 1698 999 proxima
1719 961 1794 990 ante
1811 955 2004 990 dominicam

355 1007 542 1040 Palmarum
571 1009 716 1050 aggressi
743 1007 859 1040 fuimus
886 1020 983 1041 manu
1010 1009 1099 1050 forti,
1127 1009 1249 1041 ibidem
1277 1009 1408 1040 aciebus
1436 1010 1551 1041 nostris
1574 1009 1727 1041 ordinatis
1750 1019 1809 1051 per
1832 1009 1912 1041 duos
1935 1009 2005 1042 dies
2022 1019 2048 1039 u

354 1060 520 1091 continuos
549 1063 582 1091 et
608 1070 705 1091 unam
734 1063 860 1092 noctem
889 1063 1038 1102 potenter
1065 1062 1132 1092 sine
1163 1061 1250 1092 omni
1272 1061 1459 1092 resistencia
1483 1060 1697 1102 dominantes,
1725 1064 1759 1092 et
1791 1061 1908 1093 deinde
1932 1072 2004 1094 cum

354 1112 441 1143 omni
463 1112 615 1153 potencia
637 1115 746 1143 nostra
769 1111 811 1143 ad
834 1115 943 1154 partes
964 1113 1090 1144 Alsatie
1114 1112 1296 1153 redeuntes,
1320 1112 1396 1143 dum
1419 1111 1462 1143 ad
1484 1122 1609 1144 sacram
1631 1113 1745 1144 silvam
1766 1123 1868 1155 prope
1891 1113 2004 1155 Hage—

353 1174 445 1195 nowe
476 1164 688 1203 venissemus,
723 1164 870 1204 pociores
901 1164 1017 1195 civium
1049 1163 1089 1196 de
1117 1164 1307 1205 Hagenowe
1336 1174 1408 1195 cum
1435 1164 1616 1195 honorabili
1648 1165 1799 1196 comitiva
1826 1166 2004 1197 concivium

354 1225 483 1246 suorum
507 1215 600 1246 nobis
623 1218 828 1246 occurrentes
857 1225 890 1246 se
919 1226 956 1247 ac
983 1226 1074 1247 suam
1098 1216 1260 1247 civitatem
1289 1215 1385 1246 hilari
1406 1215 1497 1246 vultu
1527 1218 1560 1247 et
1586 1219 1736 1258 prompta
1763 1219 1871 1248 mente
1894 1220 2003 1249 nostro

355 1267 485 1298 culmini
507 1269 693 1298 reverenter
716 1269 749 1297 et
771 1266 935 1298 humiliter
958 1267 1163 1298 subiecerunt
1184 1277 1307 1308 nosque
1331 1277 1404 1298 cum
1427 1267 1605 1309 principum
1633 1270 1666 1299 et
1692 1268 1828 1299 aliorum
1851 1268 2004 1301 nobilium
2023 1279 2050 1300 so

355 1328 393 1349 ac
415 1318 558 1349 fidelium
582 1321 763 1349 nostrorum
786 1319 938 1350 comitiva
961 1319 1089 1350 decenti
1113 1318 1155 1350 ad
1177 1319 1340 1350 civitatem
1362 1318 1553 1360 Hagenowe
1576 1320 1715 1351 crastina
1743 1319 1796 1351 die
1819 1319 2005 1352 Palmarum

355 1380 428 1401 eum
458 1370 602 1412 reliquiis
636 1372 818 1401 sanctorum
853 1373 886 1401 et
920 1374 1010 1402 cetus
1043 1370 1233 1402 elericorum
1267 1370 1492 1412 religiosorum
1519 1374 1554 1402 et
1579 1371 1771 1403 secularium
1801 1372 2004 1413 processione

356 1421 477 1453 celebri
510 1418 675 1463 tamquam
710 1432 821 1463 regem
856 1425 889 1453 et
923 1422 1087 1454 dominum
1118 1425 1311 1464 receperunt
1341 1425 1374 1454 et
1401 1421 1483 1454 feria
1511 1423 1613 1454 tercia
1639 1423 1788 1464 proxima
1815 1426 1890 1465 post
1918 1423 2006 1456 diem

354 1473 542 1505 Palmarum
570 1483 663 1504 mane
697 1474 906 1505 conveniente
936 1477 1003 1505 toto
1032 1474 1153 1516 populo
1177 1474 1315 1505 civitatis
1343 1474 1442 1515 ipsius
1463 1473 1628 1506 fidelitatis
1651 1478 1685 1506 et
1707 1474 1892 1507 obedientie
1914 1475 2006 1509 nobis

356 1526 501 1558 fecerunt
530 1525 673 1556 debitum
701 1526 927 1557 iuramentum.
973 1526 1015 1558 Et
1045 1527 1131 1558 cives
1158 1527 1190 1557 in
1217 1525 1388 1558 Ehenhain
1416 1525 1531 1557 eodem
1561 1526 1613 1558 die
1640 1526 1762 1558 ibidem
1785 1526 1949 1558 fidelitatis
1972 1530 2005 1559 et
2023 1538 2048 1558 π

354 1577 538 1609 obedientie
562 1578 777 1609 iuramentum
800 1577 891 1608 nobis
914 1579 1061 1610 similiter
1082 1579 1300 1620 prestiterunt.
1402 1578 1607 1620 Quapropter
1635 1582 1774 1610 vestram
1802 1579 2004 1620 prudentiam
2030 1616 2034 1619 ¹

355 1630 546 1671 requirimus
570 1630 730 1660 attencius
753 1632 786 1660 et
808 1629 991 1670 hortamur,
1020 1631 1167 1672 quatinus
1191 1629 1432 1661 considerantes
1455 1629 1551 1671 quod,
1579 1640 1636 1671 pro
1659 1641 1694 1662 re
1717 1630 1846 1672 publica
1869 1630 2006 1662 feliciter

353 1680 564 1722 gubernanda
589 1683 621 1711 et
643 1681 776 1722 pacifico
800 1684 886 1713 statu
910 1685 995 1714 terre
1020 1686 1053 1713 et
1075 1682 1202 1724 imperii
1224 1681 1428 1723 preparando
1452 1691 1489 1713 ac
1511 1692 1570 1713 nos
1592 1682 1624 1713 in
1646 1683 1715 1713 iure
1739 1684 1773 1714 et
1788 1682 1913 1713 iusticia
1929 1673 2004 1714 con2

355 1733 530 1773 servando,
562 1732 603 1763 ad
632 1743 693 1774 que
721 1736 829 1764 nostra
857 1744 898 1764 ex
924 1734 1043 1765 intimis
1071 1734 1191 1775 aspirat
1220 1734 1375 1774 intencio,
1405 1743 1457 1765 res
1488 1733 1634 1775 proprias
1663 1733 1776 1765 diffuse
1804 1734 2004 1775 exponimus,

354 1784 467 1816 fideles
484 1787 608 1815 nostros
624 1785 779 1826 angustiis
796 1788 828 1816 et
844 1786 1000 1827 pressuris
1017 1785 1199 1824 subicimus,
1214 1786 1313 1816 immo
1330 1795 1388 1816 nec
1404 1785 1565 1826 parcimus
1577 1785 1641 1816 vite
1657 1788 1775 1826 nostre,
1791 1785 1894 1825 nobis,
1910 1796 2006 1827 quem
2025 1797 2052 1817 ao

354 1836 396 1868 ad
409 1837 553 1878 regimen
567 1839 599 1867 et
611 1836 745 1867 tutelam
762 1837 887 1878 imperii
902 1836 1037 1869 dextera
1049 1836 1178 1869 Domini
1191 1837 1273 1868 iuste
1283 1837 1429 1878 prefecit,
1439 1837 1582 1868 debitum
1594 1836 1758 1868 fidelitatis
1770 1840 1804 1869 et
1815 1837 2004 1869 obediencie

355 1888 510 1919 studeatis
526 1887 632 1919 facere
650 1893 844 1929 reverenter,
861 1891 896 1920 ut
912 1889 953 1920 ob
977 1888 1010 1920 id
1033 1888 1074 1920 ad
1090 1888 1258 1920 libertates
1274 1891 1308 1920 et
1323 1889 1392 1920 iura
1407 1891 1514 1920 vestra
1530 1888 1714 1931 amplianda
1729 1891 1838 1920 nostra
1853 1889 2005 1920 maiestas

354 1940 497 1982 gratiosa
509 1939 599 1971 vobis
611 1940 746 1971 inveniri
761 1939 880 1972 debeat
892 1943 925 1971 et
937 1940 1087 1982 benigna.
1122 1940 1389 1971 Transmittentes
1405 1940 1585 1972 celsitudini
1597 1943 1704 1971 nostre
1719 1940 1836 1972 devota
1848 1941 2004 1982 prompti-

356 1991 489 2022 tudine*¹
513 1994 636 2022 vestros
659 1992 790 2022 nuncios
813 1993 972 2033 speciales
995 2003 1067 2024 cum
1091 1992 1186 2034 pleno
1209 1991 1377 2032 mandato,
1400 1994 1436 2023 ut
1457 1995 1563 2024 vestro
1588 1992 1720 2023 consilio
1744 1995 1776 2024 et
1802 1992 1922 2024 auxilio
1946 1993 2005 2024 toti

355 2046 442 2074 terre
470 2043 559 2084 pacis
583 2043 787 2076 commodum
811 2048 844 2075 et
867 2045 994 2086 requies
1018 2045 1170 2086 opulenta
1192 2043 1363 2075 salubriter
1385 2043 1559 2075 ordinetur.
2023 2055 2048 2075 aa

464 2094 584 2126 Datum
608 2096 639 2126 in
663 2095 863 2137 Hagenowe,
887 2097 960 2128 XV.
977 2096 1092 2128 Kalen.
1110 2096 1241 2138 Aprilis,
1264 2097 1356 2138 regni
1379 2096 1478 2127 nostri
1501 2106 1584 2128 anno
1607 2095 1721 2137 primo.

361 2226 447 2262 243.
488 2226 643 2261 Litterae
670 2227 813 2262 civitatis
831 2227 1100 2272 Hagenowensis
1126 2229 1174 2264 ad
1191 2229 1361 2264 civitatem
1379 2228 1679 2263 Constantiemem.
1777 2229 1799 2271 (
1800 2227 1913 2263 Mart.
1925 2229 2007 2272 18.)

470 2299 630 2340 Oriqinale
653 2300 728 2343 (or.)
758 2302 794 2332 in
823 2302 981 2334 tabulario
1009 2303 1148 2334 civitatis
1173 2302 1433 2335 Ccmstantiensis.
1486 2302 1530 2334 In
1555 2312 1642 2333 verso
1663 2301 1816 2341 scriptum
1839 2303 1901 2332 est:
1933 2301 2007 2334 Den

357 2351 496 2383 erberen
519 2352 658 2394 burgern
681 2363 743 2384 von
767 2352 948 2385 Gostentze.
972 2372 1014 2377 —
1040 2354 1102 2386 Ed.
1123 2354 1221 2386 Mane
1243 2354 1450 2394 ‘Zeitschrifi’
1480 2353 1573 2386 VIII
1591 2354 1722 2394 (1857),
1745 2354 1867 2393 12:172
1895 2364 1943 2386 nr.
1964 2355 2007 2385 35

359 2414 397 2435 ex
420 2414 464 2435 or.
510 2403 692 2435 Editionem
715 2405 892 2443 repetimus.
2023 2418 2050 2437 ω

468 2459 587 2491 Eodem
610 2459 660 2490 die
684 2460 777 2491 datas
799 2471 863 2492 esse
886 2471 924 2492 ac
945 2471 1044 2500 supra
1067 2471 1116 2492 nr.
1133 2461 1206 2499 242,
1230 2460 1359 2500 opinari
1380 2459 1460 2491 licet.

467 2536 540 2568 Den
567 2536 705 2568 erberen
732 2538 815 2569 unde
844 2538 1038 2570 bescheiden
1066 2537 1140 2570 dem
1167 2537 1433 2579 burgermeister‚
1463 2537 1537 2569 dem
1564 2540 1633 2569 rate
1660 2537 1726 2569 und
1757 2537 1819 2569 den
1848 2538 2008 2580 burgeren

358 2588 553 2631 gemeinlich
569 2599 631 2620 von
643 2588 813 2621 Costentze
881 2590 1009 2622 enbiete
1025 2591 1082 2621 wir
1099 2590 1157 2621 der
1170 2590 1302 2621 meister
1317 2589 1381 2621 und
1398 2589 1456 2620 der
1469 2592 1520 2621 rat
1535 2600 1598 2620 von
1614 2588 1803 2631 Hagenowe
1869 2600 2008 2622 unseren

350 2671 353 2674 .
361 2640 475 2673 dienst.

464 2691 536 2723 Wir
559 2690 629 2722 t1⁰1nt
651 2692 713 2723 uch
736 2692 826 2733 kunt,
851 2693 909 2724 daz
932 2694 990 2724 wir
1012 2694 1071 2725 mit
1093 2692 1166 2724 dem
1190 2692 1299 2724 hohen
1322 2692 1443 2724 fursten
1471 2692 1609 2733 herzoge
1632 2692 1769 2734 Ludwig
1792 2703 1856 2724 von
1878 2692 2007 2734 Peyern
2025 2705 2051 2725 4⁵

360 2742 420 2774 der
448 2743 516 2774 sich
543 2743 644 2784 kunig
671 2747 789 2775 nennet
817 2744 881 2775 und
910 2745 970 2775 och
997 2745 1055 2776 mit
1082 2754 1230 2775 unserem
1258 2744 1373 2776 herren
1400 2743 1500 2785 kunig
1523 2743 1689 2775 Friderieh
1713 2743 1787 2776 dem
1810 2743 2007 2776 Rbmischen

465 2824 530 2852 242.
558 2826 582 2857 ἃ)
601 2826 818 2859 promptidudine‚
837 2827 949 2852 secunda
967 2828 982 2852 tl
1001 2836 1031 2852 ex
1049 2836 1066 2852 n
1084 2835 1151 2852 corr.
1172 2835 1209 2852 or.
