2190 3172
343 163 406 193 352
578 159 676 187 ACTA
696 158 809 186 REGNI
828 157 1012 185 LUDEWICI
1032 157 1078 185 lV.
1097 157 1144 185 ΕΤ
1163 156 1349 184 FRIDERICI
1370 157 1418 183 111.
1455 156 1530 184 1317.
1567 157 1615 184 Nr.
1628 157 1687 184 416.
1705 157 1764 184 417.

552 274 638 310 416.
680 273 855 318 Scriptum
882 273 1128 318 archiepiscopi
1156 272 1356 317 Moyuntini
1383 271 1536 306 alterum.
1642 271 1721 307 Iun.
1740 274 1795 306 19.

456 347 616 389 Oriyinale
640 347 712 389 (or.)
736 347 857 378 ibidem.
896 346 1016 378 Pendet
1035 346 1175 387 siqillum
1195 346 1314 378 laesum
1335 346 1398 377 loro
1413 346 1654 377 membranaceo.
1694 345 1737 376 In
1758 355 1844 378 verso
1867 345 1997 386 legitur:

342 401 430 443 Regi
452 400 547 432 Roffi.
572 418 613 422 —
636 399 710 430 Iam
732 398 890 430 edidimus
913 398 1028 430 ‘Neues
1050 398 1181 430 Archiv’
1206 397 1346 436 XXIII,
1370 397 1433 428 320
1455 407 1506 428 nr.
1522 397 1566 428 42
1587 407 1625 428 ex
1648 407 1693 429 or.

450 469 518 500 Nos
551 468 668 500 Petrus
700 467 764 499 Dei
798 468 906 509 gracia
941 471 1050 499 sancte
1081 467 1298 510 Maguntfine)
1334 466 1419 498 sedis
1454 466 1714 507 archiepiscopus
1747 467 1829 498 sacri
1858 466 1997 500 Romani

342 521 470 563 imperii
498 531 556 561 per
579 519 784 551 Germaniam
810 519 1108 551 archicancellarius
1131 520 1390 561 recognoscimus
1422 521 1455 549 et
1484 520 1631 549 constare
1654 517 1801 550 volumus
1830 519 1996 560 universis,

343 572 430 614 quod
453 572 529 603 licet
552 571 773 602 serenissimus
797 570 943 602 dominus
965 573 1075 602 noster
1097 571 1243 602 dominus
1263 570 1455 602 Ludowicus
1478 569 1698 600 Romanorum
1721 580 1780 601 rex
1803 579 1875 601 cum
1898 581 1996 602 vene-

344 624 438 655 rabili
461 624 494 654 in
510 623 636 655 Christo
660 624 751 663 patre
776 621 905 653 domino
921 622 1110 654 Baldewino
1134 626 1242 654 sancte
1259 622 1467 653 Treverensis
1491 621 1627 652 ecclesie
1649 621 1891 663 archiepiscopo
1915 624 1998 654 sacri

342 675 482 707 Romani
505 675 632 716 imperii
655 684 714 715 per
730 673 869 704 Galliam
892 673 1172 706 archicancellario
1196 673 1376 715 illustrique
1391 673 1537 704 Iohanne
1554 673 1688 704 Boemie
1713 676 1746 704 et
1760 673 1896 705 Polonie
1919 684 1998 716 rege

343 728 446 759 amico
476 729 584 757 nostro
613 725 777 756 carissimo
806 728 839 756 et
861 725 1028 757 nobiscum
1050 728 1196 757 mutuam
1219 725 1463 766 colligacionem
1496 725 1610 756 fecerit
1632 725 1836 766 generalem,
1872 725 1998 757 traditis

342 778 436 810 nobis
459 778 500 810 ad
516 778 672 809 maiorem
690 777 809 808 famam
833 777 897 807 suis
920 780 953 808 et
967 777 1107 818 receptis
1129 777 1245 808 nostris
1268 781 1301 808 et
1323 787 1435 808 eorum
1458 777 1572 808 litteris
1588 776 1794 818 generalibus
1812 777 1998 818 patentibus

343 840 440 872 super
464 840 503 861 eo
513 830 535 870 ¹,
558 829 619 860 hoc
639 831 747 860 tamen
771 828 811 859 de
828 829 988 860 communi
1004 838 1161 860 consensu
1177 828 1361 869 specialiter
1376 828 1567 869 ordinatum,
1591 831 1763 860 tractatum
1787 831 1820 859 et
1835 830 1999 870 provisum

343 882 501 921 extiterit,
536 880 623 922 quod
650 880 794 922 prefatus
824 880 970 911 dominus
1003 883 1112 911 noster
1139 879 1331 911 Ludowicus
1360 879 1578 911 Romanorum
1613 890 1672 911 rex
1706 880 1823 912 virtute
1852 881 1998 922 predicte

345 933 564 975 colligacionis
588 931 750 974 generalis
772 931 864 963 nobis
888 934 998 963 contra
1021 931 1222 963 Fridericum
1246 931 1361 962 ducem
1384 931 1525 971 Austrie,
1549 932 1617 963 eius
1640 931 1756 963 fratres
1779 935 1812 964 et
1834 932 1999 965 adiutores

342 986 375 1016 in
405 986 465 1016 hac
491 987 583 1026 parte
616 984 786 1015 dumtaxat
818 986 851 1014 et
883 986 993 1014 contra
1020 983 1142 1014 nullum
1173 982 1271 1013 alium
1301 985 1407 1014 astare
1435 982 1606 1014 tenebitur.
1658 983 1783 1015 Harum
1814 985 1998 1016 testimonio

343 1037 523 1068 litterarum
547 1036 647 1067 nostri
671 1035 766 1077 sigilli
790 1034 906 1066 robore
930 1036 1139 1076 signatarum.

453 1088 527 1119 Dat.
552 1087 740 1127 Bacheraci,
764 1097 847 1118 anno
870 1086 1001 1117 Domini
1025 1085 1253 1125 MOCOXVH,
1278 1085 1319 1118 X.
1336 1085 1452 1116 Kalen.
1469 1085 1552 1116 Iulii.

638 1201 725 1236 417.
767 1200 940 1245 Scriptum
967 1201 1056 1244 regis
1083 1200 1266 1235 Bokemiae
1293 1200 1452 1235 alterum.
1558 1199 1714 1235 Iwn.19.

458 1275 618 1317 Originale
641 1276 714 1316 (or.)
737 1275 774 1306 in
796 1275 957 1306 tabulario
979 1276 1094 1306 secreto
1109 1274 1300 1315 reipublicae
1315 1273 1516 1308 Bawaricae.
1561 1272 1760 1306 Contulimus
1774 1284 1840 1306 nos.
1879 1274 2000 1307 Pendet

346 1327 443 1369 sigilli
474 1328 686 1367 fraymentum
716 1326 780 1358 loro
810 1326 1052 1358 membranaceo.
1083 1345 1125 1349 —
1158 1326 1219 1357 Ed.
1248 1325 1428 1358 thmann
1462 1324 1684 1357 ‘Monumenta
1712 1325 1996 1359 Wittelsbaoensia’

346 1380 396 1418 II,
420 1379 484 1410 261
506 1390 556 1411 nr.
573 1380 637 1411 258
660 1389 698 1410 ex
721 1389 765 1410 or.

455 1435 603 1473 Bo'hmer,
628 1434 703 1475 Rey.
722 1433 835 1465 Ludw.
854 1443 889 1473 p.
909 1434 970 1463 184
994 1432 1120 1465 Iohann
1142 1443 1191 1464 nr.
1208 1434 1260 1463 36.

453 1504 522 1536 Nos
544 1504 705 1535 Iohannes
728 1502 792 1534 Dei
823 1502 932 1544 gracia
954 1502 1090 1533 Boemie
1123 1505 1156 1533 et
1178 1501 1313 1533 Polonie
1345 1512 1403 1534 rex
1434 1512 1472 1534 ac
1499 1502 1791 1544 Lucemburgensis
1821 1513 1929 1536 comes
1957 1504 1999 1536 ad

345 1557 567 1588 universorum
582 1556 734 1587 noticiam
758 1554 904 1586 volumus
920 1554 1099 1595 pervenire,
1123 1553 1209 1595 quod
1233 1554 1308 1595 quia
1323 1554 1543 1585 serenissimus
1566 1553 1713 1585 dominus
1728 1557 1837 1586 noster
1853 1554 2000 1587 dominus

345 1608 565 1648 Lud(owicus)
594 1607 815 1638 Romanorum
849 1616 907 1637 rex
936 1607 1053 1637 nostris
1087 1609 1120 1637 et
1153 1616 1325 1648 regnorum
1348 1609 1528 1637 nostrorum
1550 1606 1720 1637 intendens
1742 1606 1933 1638 utilitatibus
1966 1610 2000 1639 et

347 1660 524 1692 commodis
552 1659 643 1691 nobis
671 1670 729 1700 pro
752 1658 931 1690 resistendo
955 1658 1070 1689 melius
1093 1658 1209 1689 nostris
1238 1658 1270 1688 in
1293 1658 1370 1699 ipsis
1394 1658 1502 1699 regnis
1524 1658 1640 1689 nostris
1663 1657 1854 1689 adversariis
1884 1662 1917 1690 et
1946 1668 1998 1690 re-

346 1712 484 1743 bellibus
501 1712 655 1743 ducentos
677 1711 762 1742 viros
778 1710 935 1752 galeatos,
960 1709 1074 1751 quibus
1096 1710 1187 1741 iuxta
1208 1713 1292 1740 terre
1309 1708 1582 1740 conswetudinem
1606 1709 1646 1741 de
1663 1710 1813 1751 expensis
1828 1709 1999 1751 providere

346 1764 562 1805 promittimus
586 1766 619 1794 et
641 1762 814 1803 debemus,
848 1762 978 1793 mittere
1006 1764 1040 1792 et
1062 1761 1310 1802 subsequenter,
1346 1761 1372 1792 si
1394 1771 1454 1802 per
1476 1760 1706 1802 Frid(ericum)
1731 1760 1844 1793 ducem
1869 1762 1999 1794 Austrie

346 1815 559 1857 personaliter
582 1818 667 1847 terre
690 1817 798 1846 nostre
822 1813 1063 1854 invaderentur,
1095 1823 1166 1844 cum
1197 1815 1265 1844 tota
1291 1823 1349 1844 sua
1371 1813 1520 1854 potencia
1543 1812 1585 1844 ad
1608 1812 1782 1844 iuvandum
1805 1824 1864 1844 nos
1887 1815 1999 1845 contr’a

345 1868 451 1909 ipsum
475 1867 517 1898 ad
539 1866 787 1908 requisicionem
810 1868 952 1896 nostram
968 1864 1146 1906 procedere
1171 1867 1204 1895 et
1225 1865 1258 1895 in
1281 1864 1411 1906 propria
1433 1874 1571 1906 persona
1594 1864 1636 1895 ad
1660 1864 1840 1906 predictum
1863 1875 1999 1907 regnum

346 1923 489 1950 nostrum
512 1919 623 1950 venire
642 1918 798 1959 promisit,
822 1927 880 1948 nos
903 1917 972 1948 vice
996 1926 1091 1947 versa
1115 1916 1219 1948 eidem
1238 1915 1366 1947 domino
1390 1919 1497 1947 nostro
1521 1917 1601 1958 regi,
1625 1917 1651 1947 si
1675 1927 1733 1958 per
1755 1917 1857 1958 ipsum
1883 1917 1999 1949 ducem

346 1971 476 2002 Austrie
499 1971 530 2002 in
554 1970 699 2012 partibus
722 1969 806 2000 Reni
828 1969 880 2000 vel
903 1968 981 1999 alibi
1004 1969 1132 1999 invasus
1155 1968 1260 2008 fuerit,
1284 1967 1431 1999 similiter
1454 1967 1609 1999 ducentos
1632 1968 1716 2000 viros
1735 1968 1894 2010 galeatos,
1919 1979 1999 2011 quos

347 2023 388 2054 de
416 2023 527 2054 amicis
556 2025 588 2053 et
616 2021 825 2053 servitoribus
852 2021 967 2052 nostris
995 2020 1117 2051 habere
1141 2021 1334 2062 poterimus,
1369 2019 1597 2060 concedemus,
1632 2019 1748 2062 quibus
1776 2021 1879 2052 eciam
1908 2021 1999 2052 iuxta

346 2074 431 2105 illius
455 2077 539 2105 terre
555 2072 830 2105 conswetudinem
854 2071 894 2103 de
911 2072 1062 2113 expensis
1078 2071 1248 2113 providere
1273 2071 1413 2103 debebit.
1459 2070 1591 2113 Nosque
1614 2072 1641 2102 si
1664 2071 1705 2103 de
1729 2073 1861 2114 gwerris
1883 2073 1999 2104 nostris

346 2127 379 2156 in
401 2136 501 2167 regno
518 2128 626 2156 nostro
641 2124 799 2156 Boemie·
821 2124 980 2165 respirare
997 2124 1173 2165 poterimus
1196 2123 1280 2155 bono
1297 2123 1404 2164 modo,
1427 2124 1532 2165 ipsum
1549 2123 1713 2155 dominum
1727 2127 1871 2155 nostrum
1886 2134 1999 2166 regem

346 2178 490 2208 invasum
525 2180 633 2208 tamen
668 2186 726 2217 per
754 2175 934 2217 predictum
964 2174 1079 2206 ducem
1105 2175 1235 2206 Austrie
1269 2175 1300 2206 in
1329 2174 1482 2216 predictis
1511 2174 1656 2216 partibus
1687 2185 1759 2206 cum
1794 2178 1862 2207 tota
1891 2179 2000 2208 nostra

346 2229 495 2270 potencia
518 2228 759 2269 subsequemur.
805 2226 848 2258 Et
879 2227 905 2258 si
934 2226 1038 2258 dictus
1061 2226 1208 2258 dominus
1234 2231 1344 2259 noster
1370 2237 1430 2259 rex
1457 2227 1585 2258 invasus
1612 2238 1670 2269 per
1693 2227 1854 2269 prefatum
1883 2227 1999 2260 ducem

347 2281 478 2312 Austrie
509 2282 544 2311 ut
566 2279 762 2321 premittitur
791 2279 856 2310 suis
886 2289 965 2320 quos
996 2279 1088 2310 nobis
1110 2279 1233 2311 miserit
1255 2278 1415 2320 indigebit
1437 2278 1583 2319 armatis,
1618 2289 1676 2310 nos
1707 2278 1767 2310 sibi
1798 2279 2000 2311 remittemus

349 2332 481 2363 eosdem
504 2332 640 2373 ipseque
663 2334 790 2362 nostros
813 2341 894 2372 quos
916 2330 978 2373 sibi
992 2331 1156 2362 mittemus
1171 2330 1318 2362 homines
1339 2330 1432 2362 nobis
1447 2331 1580 2372 gwerris
1602 2330 1634 2362 in
1656 2331 1734 2372 ipsis
1753 2331 1861 2372 regnis
1883 2331 2000 2363 nostris

347 2383 399 2415 vel
416 2383 569 2414 comitatu
584 2382 860 2423 Lucemburgensi
875 2381 1134 2413 incumbentibus
1149 2382 1314 2413 remittere
1331 2382 1478 2413 similiter
1493 2381 1656 2413 tenebitur
1676 2385 1708 2414 et
1723 2383 1879 2424 promisit.
1961 2382 2000 2414 In

348 2436 437 2467 cuius
460 2434 558 2466 robur
581 2438 614 2465 et
634 2434 851 2466 testimonium
871 2436 1039 2476 presentes
1058 2431 1226 2476 l[itteras]b
1248 2433 1319 2465 fieri
1342 2437 1374 2465 et
1397 2433 1503 2475 sigillo
1518 2434 1698 2465 maiestatis
1720 2437 1828 2466 nostre
1851 2435 2000 2466 iussimus

347 2487 544 2518 communiri.

456 2537 530 2569 Dat.
552 2537 638 2578 apud
657 2537 888 2577 Bacharacum,
911 2536 1006 2567 XIII.
1023 2536 1160 2568 Kalend.
1177 2536 1261 2577 Iulii,
1285 2547 1368 2568 anno
1392 2536 1521 2569 Domini
1545 2537 1715 2569 millesimo
1739 2537 1821 2570 000
1845 2538 1999 2580 septimo-

348 2589 484 2629 decimo,
508 2589 599 2630 regni
622 2599 698 2620 vero
722 2589 821 2620 nostri
844 2598 926 2619 anno
950 2589 1098 2630 septimo.

454 2725 517 2752 417.
545 2726 569 2759 ³)
588 2726 690 2752 Boeffe
709 2736 746 2752 or.
835 2725 859 2759 b)
879 2727 974 2752 lacuna
992 2736 1030 2752 or.

453 2786 478 2819 1)
497 2785 588 2819 Supra
605 2793 648 2812 nr.
662 2789 808 2812 412—415.

2017 788 2075 807 1⁰=

2017 1045 2042 1064 1⁵

2017 1671 2044 1691 2⁶
