2184 3126
223 927 248 948 1⁰

221 1183 246 1204 1⁵

216 2612 244 2631 4⁰

506 265 602 293 ACTA
620 264 734 292 REGNI
752 263 934 292 LUDEWICI
953 263 999 292 IV.
1018 263 1064 291 ΕΤ
1084 263 1269 292 FRIDERICI
1288 264 1336 292 111.
1374 264 1448 292 1319.
1486 264 1534 291 Nr.
1547 265 1606 292 541.
1624 264 1684 292 542.
1858 268 1915 297 431

489 394 575 432 541.
615 394 789 440 Scriptum
814 393 938 430 vicarii
963 393 1069 429 eidem
1097 393 1228 429 civitati
1255 393 1430 429 directum.
1536 393 1624 438 Apr.
1644 394 1701 428 30.

379 469 478 510 Copia
494 469 548 511 (c.)
572 467 645 501 olim
667 467 704 500 in
718 467 814 500 Libro
829 469 971 500 actorum
986 465 1111 499 consilii
1125 466 1264 498 eiusdem
1279 465 1442 498 tabularii.
1468 487 1509 492 —
1532 466 1594 498 Ed.
1619 466 1710 498 Verci
1732 465 1751 497 l.
1765 476 1790 498 c.
1810 476 1842 505 p.
1858 466 1921 497 177

265 533 319 555 nr.
337 522 400 554 928
422 531 460 554 ex
483 531 509 553 c.
555 520 735 553 Edititmem
757 519 808 551 hic
829 518 895 551 illic
917 521 1087 551 correctam
1108 518 1286 558 repetimus.

375 603 461 635 Viris
483 602 643 635 nobilibus
671 604 703 634 et
726 601 873 633 discretis
895 600 1006 633 amicis
1033 600 1098 631 suis
1121 599 1292 632 carissimis
1308 599 1466 642 Volperto
1490 599 1588 632 Oalze
1611 600 1797 642 capitaneo,
1826 603 1919 641 pote-

265 655 350 696 stati,
374 653 506 686 consilio
530 657 563 686 et
585 654 713 685 comuni
729 653 770 684 de
786 652 973 695 Coneglano
1038 653 1198 685 Hem-icus
1214 653 1338 685 Goritie
1362 657 1395 685 et
1411 653 1527 685 Tit-olis
1550 663 1669 693 comes,
1691 652 1918 695 Aquileiensis,

265 706 462 747 Tridentino,
479 705 675 738 Brixinensis
693 704 901 737 ecclesiarum
918 704 1093 737 advocatus
1110 708 1142 737 et
1157 708 1242 737 terre
1256 705 1402 737 Foriiulii
1418 705 1606 747 capitaneus
1618 705 1779 747 generalis
1833 704 1918 736 salu-

268 761 334 792 tem
358 761 392 790 et
413 758 537 789 sincere
561 757 741 789 dilectionis
762 757 924 789 affectum.

372 810 453 842 Cum
470 809 692 841 serenissimus
708 811 740 840 et
757 808 1046 841 excellentissimus
1061 807 1209 840 dominus
1224 808 1416 841 Fredericus
1431 808 1652 841 Romanorum
1668 819 1725 840 rex
1743 811 1776 840 et
1790 817 1921 849 semper

265 864 430 904 augustus,
454 871 550 903 quem
574 861 605 892 in
629 860 793 892 dominum
817 863 850 892 et
873 860 1121 903 gubernatorem
1144 861 1375 903 assumpsistis,
1398 871 1462 892 non
1484 860 1612 892 modico
1636 861 1792 902 temporis
1815 859 1919 901 spatio

265 912 492 955 supersederit,
517 911 628 944 volens
650 912 742 944 vobis
765 915 983 954 protectorem
1007 915 1042 944 et
1064 911 1266 944 defensorem
1290 912 1379 952 dare,
1407 912 1461 954 qui
1484 923 1542 944 vos
1565 911 1606 943 ab
1629 911 1773 943 hostibus
1796 911 1919 950 vestris,

264 975 284 997 a
302 964 418 1007 quibus
436 963 667 996 circumvallati
684 964 770 1005 estis,
794 968 904 1005 posset
921 963 1099 996 defendere
1117 967 1151 996 et
1165 965 1259 1005 tueri,
1283 965 1406 1006 placuit
1421 964 1510 1006 regie
1526 964 1689 995 maiestati
1706 973 1778 995 cum
1795 972 1920 994 summa

265 1020 298 1049 et
320 1019 447 1048 metm-a
470 1015 704 1047 deliberatione
728 1016 776 1047 sui
800 1016 954 1058 sapientis
977 1015 1100 1048 consilii
1123 1015 1215 1048 nobis
1237 1017 1325 1048 vices
1347 1026 1422 1048 suas
1443 1017 1475 1047 in
1498 1016 1559 1048 hac
1582 1019 1674 1057 parte
1697 1015 1863 1057 imponere
1887 1019 1921 1046 et

264 1067 394 1100 tradere
417 1068 449 1099 in
472 1066 643 1107 mandatis,
666 1070 702 1098 ut
725 1078 803 1099 onus
827 1067 1006 1109 predictum
1030 1067 1123 1100 nobis
1146 1078 1310 1101 assumere
1334 1067 1538 1100 deberemus.
1584 1067 1651 1099 Nos
1673 1077 1750 1099 vero
1773 1066 1920 1098 nolentes

264 1119 445 1162 transgredi
468 1119 593 1161 regium
616 1119 804 1151 mandatum
829 1131 866 1151 ac
889 1121 987 1152 etiam
1011 1119 1052 1152 ob
1076 1123 1260 1162 respectum
1283 1124 1316 1152 et
1339 1130 1482 1152 amorem
1505 1130 1585 1162 pure
1609 1119 1799 1160 dilectionis,
1823 1129 1919 1161 quam

265 1181 344 1214 erga
369 1181 426 1203 vos
459 1181 587 1213 semper
614 1171 784 1203 habuimus
818 1175 851 1202 et
877 1171 1052 1213 habemus,
1086 1171 1178 1204 nobis
1213 1172 1443 1214 assumpsimus
1477 1171 1616 1204 officium
1646 1171 1853 1213 protectionis
1887 1175 1920 1202 et

265 1223 461 1256 defensionis
483 1227 569 1255 terre
592 1227 698 1255 vestre
732 1227 764 1255 et
787 1224 884 1255 totius
912 1224 1082 1256 comitatus
1110 1228 1143 1256 et
1166 1223 1327 1256 districtus
1357 1224 1495 1256 civitatis
1518 1223 1699 1263 Tarvisine,
1730 1222 1920 1255 anhelantes

265 1285 321 1307 vos
344 1275 385 1307 ab
409 1274 554 1307 hostibus
578 1275 704 1316 eripere
728 1278 761 1306 et
784 1279 902 1307 terram
926 1279 1065 1307 vestram
1088 1275 1130 1308 ad
1153 1278 1272 1308 statum
1296 1276 1463 1318 pristinum
1488 1278 1521 1307 et
1544 1275 1751 1317 tranquillum
1774 1277 1807 1306 et
1830 1274 1918 1316 paci·

264 1326 359 1359 ficum
389 1326 543 1359 reducere
575 1330 609 1358 et
636 1326 827 1367 reformare,
859 1328 928 1359 iura
955 1330 988 1359 et
1015 1330 1135 1359 statuta
1158 1331 1264 1359 vestra
1292 1330 1325 1359 et
1347 1331 1433 1359 terre
1457 1330 1562 1359 vestre
1591 1325 1823 1367 aumentando,
1855 1335 1918 1357 non

265 1378 437 1411 minuendo
463 1379 629 1420 cupientes
652 1389 780 1420 semper
803 1378 986 1411 observare.
1032 1378 1085 1410 Ad
1109 1389 1171 1421 que
1195 1379 1346 1421 petimus,
1369 1382 1405 1410 ut
1427 1389 1484 1410 vos
1507 1378 1549 1411 ad
1571 1377 1759 1411 mandatum
1782 1378 1918 1420 regium,

265 1430 346 1462 sicut
368 1430 399 1462 in
422 1431 487 1463 suis
509 1430 624 1463 litteris
633 1431 654 1470 ²,
678 1441 758 1473 quas
773 1430 863 1462 vobis
886 1431 1079 1471 transmitto,
1101 1430 1212 1463 videre
1235 1431 1412 1473 poteritis·‚
1435 1429 1580 1462 inclinari
1604 1430 1719 1470 velitis,
1744 1429 1918 1462 offerentes

265 1492 323 1514 nos
344 1485 380 1514 ut
394 1482 575 1524 predictum
596 1485 646 1514 est
661 1487 826 1525 promptos
850 1486 882 1514 et
896 1486 1026 1525 paratos
1049 1482 1091 1514 ad
1107 1486 1214 1515 vestre
1230 1482 1468 1525 beneplacitum
1486 1481 1658 1514 voluntatis
1674 1481 1919 1513 intromissionis

264 1532 340 1565 dicti
372 1533 482 1575 officii,
513 1533 771 1577 quandocunque
794 1534 886 1566 vobis
908 1534 1067 1577 placuerit
1098 1537 1132 1567 et
1158 1534 1199 1567 de
1222 1538 1329 1567 vestra
1357 1534 1551 1577 processerit
1573 1533 1748 1565 voluntate.
1794 1533 1829 1564 In
1854 1543 1917 1575 quo

263 1584 356 1617 nobis
381 1585 501 1618 nullam
529 1586 715 1619 tarditatem
741 1587 920 1629 impingere
953 1586 1115 1628 debeatis,
1145 1587 1222 1629 quia
1251 1598 1309 1619 nos
1343 1586 1386 1618 ad
1414 1586 1561 1629 predicta
1594 1595 1723 1628 semper
1752 1589 1918 1628 promptos

263 1636 440 1670 invenietis.
476 1637 581 1680 Super
596 1638 711 1680 quibus
735 1639 883 1680 petimus,
906 1642 942 1670 ut
964 1650 1022 1670 nos
1045 1638 1085 1670 de
1109 1639 1286 1671 intentione
1303 1642 1408 1671 vestra
1431 1638 1473 1670 de
1489 1638 1642 1681 predictis
1663 1637 1836 1679 scriptione
1860 1647 1919 1679 per

265 1688 458 1722 exibitorem
481 1690 639 1732 presentis
663 1690 839 1722 certificare
863 1690 979 1722 velitis.

369 1745 461 1791 Data>
479 1745 613 1784 Goritie,
637 1746 690 1778 die
714 1746 826 1778 ultimo
849 1747 979 1789 Aprilis.

419 1869 505 1906 542.
547 1870 690 1916 Legatio
717 1872 868 1907 eiusdem
895 1871 943 1906 ad
969 1871 1110 1907 eandem
1137 1870 1304 1907 civitatem
1333 1873 1450 1907 missa.
1554 1870 1665 1916 (Apr.
1685 1870 1768 1914 30.)

373 1943 473 1984 Copia
495 1946 550 1986 (c.)
573 1944 647 1976 olim
669 1944 794 1976 ibidem.
819 1963 861 1967 --
884 1945 947 1976 Ed.
972 1944 1062 1977 Verci
1084 1945 1104 1977 l.
1121 1955 1147 1976 c.
1165 1955 1200 1985 p.
1219 1946 1283 1976 178
1304 1956 1354 1978 nr.
1371 1945 1434 1977 929
1456 1955 1495 1977 ex
1517 1954 1544 1976 c.
1589 1944 1671 1976 Item
1692 1944 1860 1984 repetimus
1869 1943 1892 1976 ².

374 2004 422 2043 Of.
447 2005 537 2043 infra
558 2015 608 2037 nr.
626 2005 698 2036 548.

373 2063 586 2103 Conferemlae
617 2067 692 2096 sunt
725 2064 848 2097 litterae
881 2065 1039 2097 Iohannis
1065 2064 1181 2097 XXII.
1205 2075 1313 2105 papae
1344 2065 1468 2096 nuntiis
1495 2065 1563 2096 suis
1591 2074 1621 2096 a.
1647 2065 1740 2096 1319.
1765 2064 1844 2104 Apr.
1860 2063 1913 2095 24.

261 2113 398 2147 directae
420 2115 559 2155 (Riezler
582 2115 746 2148 ‘Vatikan
764 2116 881 2148 Akten’
906 2127 939 2158 p.
954 2117 998 2148 88
1018 2127 1068 2149 nr.
1086 2118 1178 2158 156),
1205 2127 1288 2157 quas
1314 2116 1358 2148 ad
1382 2116 1510 2148 eandem
1539 2126 1604 2148 rem
1631 2115 1784 2155 facientes
1811 2117 1913 2147 tamen

261 2165 314 2198 hic
329 2177 447 2207 ponere
470 2166 595 2208 lorcyum
617 2171 671 2199 est.

368 2244 440 2277 Hec
464 2249 513 2277 est
528 2245 632 2278 forma
647 2245 834 2278 ambaxiate
858 2257 900 2278 ex
914 2249 1006 2288 parte
1025 2245 1186 2287 magnifici
1202 2244 1323 2277 domini
1339 2244 1471 2277 Henrici
1495 2244 1626 2276 illustris
1648 2245 1774 2276 comitis
1788 2243 1912 2277 Goritic

261 2295 302 2327 ad
325 2299 531 2338 potestatem,
556 2297 712 2338 consules,
737 2298 903 2329 consilium
927 2301 960 2330 et
983 2307 1118 2329 comune
1143 2296 1184 2328 de
1208 2296 1405 2338 Coneglano.

369 2348 479 2380 Primo
503 2348 632 2391 quidem
662 2350 732 2391 ipse
763 2350 896 2392 requirit
918 2350 1019 2391 ipsos,
1050 2352 1085 2380 ut
1112 2348 1172 2380 sibi
1196 2348 1266 2380 loco
1290 2348 1483 2380 serenissimi
1507 2347 1627 2380 domini
1650 2348 1806 2381 Frideriei
1828 2349 1913 2391 regis

261 2398 480 2432 Romanorum
504 2400 636 2433 obedire
660 2405 693 2433 et
715 2401 757 2433 ad
779 2402 883 2443 ipsum
900 2400 1067 2433 intendere
1084 2399 1236 2441 debeant,
1259 2399 1310 2431 cui
1332 2400 1401 2442 ipse
1418 2399 1565 2432 dominus
1589 2410 1646 2432 rex
1663 2400 1782 2432 dictam
1805 2404 1911 2432 custo-

261 2449 349 2482 diam
371 2451 559 2483 commisit¹.
605 2452 854 2485 Considerantes
877 2452 955 2485 dicti
978 2452 1019 2484 de
1042 2451 1241 2494 Coneglano‚
1265 2451 1403 2494 qualiter
1425 2455 1603 2484 memorato
1625 2451 1754 2485 domino
1778 2453 1846 2494 regi
1870 2463 1911 2484 ex

260 2501 417 2535 fidelitate
448 2502 559 2536 debita
592 2508 666 2536 sunt
693 2506 867 2546 coniuncti,
902 2505 978 2547 quia
1012 2507 1097 2536 terra
1123 2503 1300 2546 Coneglani
1328 2507 1376 2535 est
1407 2514 1536 2536 camera
1563 2505 1689 2547 imperii
1720 2508 1753 2537 et
1780 2503 1912 2547 dignum

262 2556 322 2594 est,
345 2556 380 2586 ut
402 2555 509 2587 omnia
531 2555 676 2588 membra
699 2561 797 2599 caput
818 2559 1008 2599 sequantur,
1038 2567 1110 2588 cum
1133 2556 1202 2597 ipse
1226 2554 1373 2587 dominus
1395 2566 1454 2588 rex
1476 2559 1574 2598 caput
1596 2556 1650 2594 sit,
1680 2556 1755 2588 ideo
1779 2555 1910 2599 dignum

263 2609 322 2645 est,
354 2609 390 2638 ut
417 2607 477 2648 ipsi
505 2606 646 2639 debeant
673 2609 776 2650 ipsum
805 2609 906 2651 sequi.
953 2608 1047 2644 Quod
1078 2607 1208 2650 quidem
1237 2607 1263 2638 si
1287 2606 1364 2639 dicti
1394 2606 1435 2639 de
1464 2607 1652 2650 Coneglano
1680 2608 1813 2649 facient,
1842 2609 1911 2650 ipse

365 2668 431 2718 341·
459 2691 483 2725 Β)
502 2693 547 2718 ssd
565 2693 626 2719 aad.
646 2702 667 2718 c.

366 2759 391 2792 1)
410 2758 501 2792 Supra
522 2767 565 2787 nr.
581 2763 639 2787 640.
738 2761 765 2794 2)
784 2761 949 2788 &tractum
971 2769 994 2788 υ.
1013 2761 1043 2787 in
1062 2760 1233 2788 Colacem-cis
1257 2759 1295 2787 ad
1319 2769 1361 2788 nr.
1379 2764 1432 2788 540
1453 2761 1555 2795 sitdiu,
1577 2761 1623 2789 ubi
1644 2762 1710 2790 hooc
1729 2762 1910 2796 praecedunt:

262 2800 420 2835 ‘Repm
437 2821 444 2829 .
457 2821 463 2829 .
477 2821 483 2828 .
502 2801 533 2828 in
550 2802 617 2829 libro
635 2802 868 2835 Refmnato‘onum
885 2804 1006 2831 comunis
1027 2803 1176 2838 eoneqlani
1197 2803 1376 2838 inti-mmm
1397 2804 1545 2838 αῃιὸπιιεα
1565 2807 1684 2832 retracta
1707 2813 1754 2839 per
1771 2805 1908 2832 dominum

263 2842 437 2870 Bomoi-(lum
453 2843 484 2871 dc
501 2844 622 2872 Seram
639 2845 687 2879 (cf.
699 2845 777 2879 intra
792 2855 858 2881 pay.
874 2850 922 2874 436
939 2847 954 2873 1.
970 2852 998 2874 19
1016 2850 1041 2874 ct
1060 2855 1125 2881 pay.
1137 2850 1187 2874 438
1204 2846 1222 2873 1.
1236 2848 1274 2878 11)
1293 2849 1318 2874 et
1330 2847 1468 2874 Albos-tum
1485 2848 1649 2882 scribonium,
1667 2849 1779 2875 ”urmes
1804 2848 1909 2875 donini

217 2893 245 2914 ⁴⁸
261 2886 363 2913 comitia
384 2886 504 2914 Gor-itis&
