2184 3126
361 216 421 245 814
637 209 734 237 ACTA
753 207 866 234 REGNI
885 204 1069 233 LUDEWICI
1087 204 1135 231 IV.
1153 203 1199 231 ET
1219 202 1404 230 FRIDERICI
1422 203 1471 229 111.
1509 202 1584 229 1324.
1619 201 1668 228 Nr.
1681 202 1741 229 977.

466 297 503 327 In
526 295 654 327 nomine
678 294 809 325 Domini
833 302 936 324 amen.

469 348 512 389 (Ι)
544 347 635 378 Anno
659 356 678 376 a
701 345 866 376 nativitate
891 343 1034 374 eiusdem
1057 341 1228 374 millesimo
1252 341 1478 374 trecentesimo
1501 340 1655 372 vicesimo
1679 343 1810 382 quarto,
1833 339 2008 374 indictione

359 399 503 441 septima,
528 398 653 429 decima
677 400 790 428 octava
814 395 866 426 die
889 395 1008 426 mensis
1031 393 1231 435 Septembris
1253 392 1333 424 hora
1356 392 1456 424 tercia
1479 391 1531 423 vel
1554 392 1645 433 quasi
1668 392 1832 423 constituti
1855 402 2010 434 persona-

359 451 432 482 liter
454 451 486 480 in
508 449 579 481 loco
603 447 770 489 capitulari
793 446 923 478 maioris
948 445 1084 477 ecclesie
1107 444 1308 476 Ooloniensis
1330 443 1535 475 venerabiles
1557 443 1617 474 viri
1641 442 1762 475 domini
1783 442 1946 476 Henricus
1968 444 2010 477 de

359 500 558 533 Virneburch
581 499 762 540 prepositus
777 497 956 529 Bunnensis
972 499 1004 528 et
1019 495 1262 527 archidiaconus
1277 495 1310 526 in
1327 494 1464 527 ecclesia
1480 493 1676 535 Coloniensi,
1692 494 1854 527 Iohannes
1870 495 2011 528 decanus

359 551 550 590 Bunnensis,
583 550 807 591 Heydenricus
839 549 1021 590 prepositus
1049 546 1157 578 Sancti
1187 546 1332 578 Severini
1361 545 1562 578 Coloniensis
1593 546 1803 578 ecclesiarum
1838 549 1872 579 et
1899 546 2010 580 Gode-

359 604 480 635 scalcus
496 602 536 634 de
553 601 691 642 Kirberg
714 600 859 631 officialis
883 600 969 632 curie
986 598 1196 638 Goloniensis,
1217 597 1428 630 commissarii
1450 600 1487 629 ut
1509 597 1677 630 dicebatur
1692 598 1734 630 ad
1749 598 1810 630 hec
1826 599 2011 641 specialiter

359 654 519 686 constituti
548 664 567 684 a
593 652 769 684 reverendo
800 655 891 693 patre
921 654 953 683 et
981 651 1110 682 domino
1141 650 1271 681 domino
1298 648 1473 690 H(enrico)
1504 652 1614 681 sancte
1644 648 1846 681 Ooloniensis
1873 650 2011 683 ecclesie

358 705 608 746 archiepiscopo,
632 704 663 734 in
680 704 847 745 presencia
870 703 1000 734 testium
1023 702 1298 743 infrascriptorum
1323 703 1356 732 et
1378 700 1443 732 mei
1466 701 1582 732 notarii
1604 701 1726 743 publici
1748 702 1911 743 imperiali
1933 712 2010 734 auc-

358 756 486 787 toritate
519 755 713 797 infrascripti
744 758 808 786 tres
837 755 960 786 litteras
988 753 1177 785 sanctissimi
1206 753 1306 795 patris
1340 751 1461 783 domini
1489 751 1642 784 Iohannis
1663 752 1775 784 XXII.
1805 757 2010 786 sacrosancte

358 807 504 839 Romane
527 817 564 838 ac
587 806 775 838 universalis
799 807 936 838 ecclesie
959 806 1075 837 summi
1097 805 1256 846 pontificis
1279 813 1356 835 vera
1383 803 1472 835 bulla
1494 803 1648 845 plumbea
1675 805 1830 847 pendenti
1853 815 1926 837 cum
1949 806 2011 838 filis

358 859 487 900 canapis
509 859 647 891 bullatas
670 870 732 891 non
756 858 959 899 cancellatas,
983 869 1046 889 non
1063 856 1200 889 abolitas
1226 866 1286 888 nec
1308 857 1341 887 in
1364 856 1472 897 aliqua
1495 855 1544 887 sui
1566 858 1660 898 parte
1676 857 1819 898 viciatas,
1843 857 1902 889 sed
1923 858 2011 890 omni

358 910 536 951 suspicione
561 914 594 942 et
615 913 693 942 nota
716 913 872 950 carentes,
896 920 1064 952 processus
1084 908 1212 940 habitos
1235 912 1268 941 et
1291 909 1394 940 factos
1416 919 1476 951 per
1499 908 1638 941 eundem
1661 909 1828 942 dominum
1843 909 2010 944 dominum

358 972 516 993 summum
550 962 733 1004 pontificem
768 964 878 993 contra
909 961 1114 1003 magnificum
1143 961 1245 991 virum
1282 959 1447 992 dominum
1473 959 1686 992 Ludowicum
1719 960 1836 993 ducem
1862 962 2011 995 Bawarie

358 1013 566 1054 continentes,
590 1013 667 1044 item
691 1016 801 1044 contra
824 1012 1023 1053 Galeacium,
1047 1012 1224 1052 Marchum,
1247 1011 1429 1044 Luchinum
1452 1014 1486 1043 et
1507 1011 1588 1043 alios
1610 1011 1694 1043 filios
1709 1012 1873 1054 quondam
1896 1013 2011 1056 damp-

357 1068 432 1096 nate
459 1065 614 1096 memorie
636 1064 759 1096 Mathei
782 1064 822 1095 de
846 1064 1098 1095 Vicecomitibus
1126 1063 1166 1095 de
1189 1063 1376 1095 Mediolano
1404 1066 1438 1094 et
1464 1073 1577 1095 eorum
1604 1063 1763 1105 fautores,
1791 1064 2011 1107 auxiliatores,

358 1115 518 1156 valitores,
542 1126 695 1157 sequaces
719 1120 752 1147 et
775 1115 986 1158 dipendentes
1010 1115 1155 1146 discretis
1177 1115 1253 1146 viris
1277 1114 1415 1147 dominis
1437 1114 1651 1146 Thilemanno
1675 1114 1716 1147 de
1739 1115 1835 1148 Unna
1857 1116 2011 1148 canonico

358 1167 519 1198 Bunnensi
543 1170 575 1198 et
590 1167 688 1199 Petro
713 1166 752 1198 de
768 1166 926 1198 Essendia
948 1166 1064 1198 clerico
1088 1166 1243 1208 legendas
1267 1169 1300 1197 et
1322 1165 1535 1207 publicandas
1551 1166 1638 1198 clero
1655 1167 1794 1198 civitatis
1809 1167 2012 1200 Coloniensis

358 1217 399 1248 ad
422 1217 615 1250 audiendum
645 1218 895 1259 publicationem
924 1218 1099 1250 earundem
1122 1218 1302 1250 litterarum
1325 1221 1441 1250 vocato
1471 1221 1504 1250 et
1526 1218 1648 1250 ibidem
1671 1221 1823 1260 presente
1845 1220 1878 1251 in
1900 1220 2010 1252 multi-

357 1269 466 1300 tudine
493 1280 609 1310 magna
640 1274 672 1301 et
701 1271 830 1312 copiosa
859 1270 1069 1302 tradiderunt.
1124 1270 1267 1307 Quarum
1299 1270 1431 1312 quidem
1460 1270 1641 1302 litterarum
1673 1271 1778 1312 prima
1811 1272 1857 1304 sic
1883 1271 2010 1315 incipit:

464 1320 635 1352 ‘Iohannes
658 1322 827 1364 episcopus
851 1332 962 1353 servus
985 1332 1148 1354 servorum
1172 1322 1236 1354 Dei
1329 1321 1570 1354 venerabilibus
1593 1321 1745 1354 fratribus
1768 1322 1790 1366 [.
1806 1322 1827 1366 .]
1850 1323 2011 1366 archiepi-

358 1372 661 1414 scoporColoniensi
685 1374 816 1415 eiusque
841 1373 1052 1415 suffraganeis
1140 1374 1276 1406 salutem
1300 1377 1334 1406 et
1356 1373 1567 1416 apostolicam
1590 1373 1860 1407 benedictionem.

462 1423 573 1466 Nuper
596 1428 705 1456 contra
728 1425 933 1467 magnificum
949 1426 1050 1457 virum
1066 1426 1276 1458 Ludowicum
1298 1425 1414 1457 ducem
1430 1425 1569 1457 Bavarie
1580 1443 1624 1449 —
1636 1425 1793 1459 duxeritis
1816 1426 2011 1460 faciendum.

464 1475 583 1506 Datum
607 1477 775 1517 Avinione,
798 1477 838 1508 V.
855 1476 1021 1508 Kalendas
1044 1477 1176 1519 Aprilis,
1200 1477 1404 1519 pontificatus
1427 1478 1527 1509 nostri
1549 1487 1633 1509 anno
1657 1477 1813 1510 ootavo'1.

465 1527 547 1558 Item
571 1528 711 1559 secunda
734 1528 779 1559 sic
802 1529 928 1570 incipit:
1797 1532 1802 1538 ⁶

463 1577 634 1611 ‘Iohannes
661 1581 830 1622 episcopus
862 1591 971 1612 servus
1000 1590 1165 1612 servorum
1189 1580 1251 1612 Dei
1355 1579 1594 1613 venerabilibus
1620 1580 1773 1614 fratribus
1796 1605 1804 1613 .
1818 1605 1826 1613 .
1849 1581 2010 1625 arehiepi-

358 1639 454 1670 scopo
479 1629 661 1662 Coloniensi
685 1632 817 1673 eiusque
841 1631 1052 1674 suffraganeis
1139 1631 1276 1663 salutem
1300 1635 1334 1664 et
1357 1632 1569 1674 apostolicam
1593 1632 1863 1665 benedictionem.

465 1681 575 1723 Nuper
598 1685 708 1714 contra
731 1682 934 1724 Galeacium,
965 1683 1148 1721 Marchum,
1178 1683 1358 1715 Luchinum
1383 1687 1416 1715 et
1438 1684 1520 1715 alios
1543 1683 1625 1716 filios
1649 1684 1812 1726 quondam
1835 1684 2011 1727 dampnate

357 1734 511 1764 memorie
535 1732 632 1775 [etc.]'

360 1787 392 1815 et
414 1784 459 1815 sic
475 1784 558 1816 finit:

465 1834 593 1867 ‘Datum
617 1836 784 1879 Avinione,
808 1837 848 1869 V.
865 1838 1029 1870 Kalendas
1053 1839 1184 1882 Aprilis,
1208 1839 1413 1880 pontificatus
1437 1839 1536 1871 nostri
1560 1849 1644 1871 anno
1668 1839 1827 1872 octav0’2.

466 1886 548 1918 Item
572 1889 670 1919 tercia
694 1889 738 1920 sic
760 1890 885 1931 incipit:

461 1934 634 1970 ‘Iohannes
658 1939 827 1982 episcopus
850 1951 959 1973 servus
983 1952 1147 1974 servorum
1170 1941 1233 1974 Dei
1325 1942 1565 1975 venerabilibus
1588 1943 1740 1975 fratribus
1763 1942 1785 1986 [.
1803 1941 1824 1985 .]
1850 1941 2010 1985 archiepi-

360 1999 456 2031 scopo
481 1989 663 2021 Coloniensi
686 1991 818 2033 eiusque
842 1992 1053 2035 suffraganeis
1142 1993 1279 2026 salutem
1304 1997 1337 2026 et
1359 1994 1571 2037 apostolicam
1595 1994 1864 2027 benedictionem.

464 2041 602 2082 Propter
625 2052 775 2074 excessus
797 2045 902 2076 varios
926 2048 959 2076 et
982 2055 1130 2077 enormes
1146 2064 1186 2069 —
1203 2046 1360 2078 reddituri
1383 2046 1608 2078 nichilominus
1631 2047 1795 2078 certiores.

465 2092 584 2124 Datum
609 2093 775 2135 Avinione,
798 2095 876 2127 Idus
898 2096 981 2137 Iulii,
1005 2097 1210 2139 pontificatus
1233 2099 1334 2129 nostri
1356 2109 1440 2130 anno
1464 2096 1590 2130 octavo’
1599 2098 1621 2130 ³.

467 2143 608 2179 Quarum
632 2146 767 2186 primam
791 2151 824 2178 et
847 2148 1021 2179 secundam
1052 2149 1155 2180 dictus
1179 2149 1410 2181 Thilemannus
1438 2150 1479 2182 de
1502 2149 1602 2182 verbo
1626 2149 1668 2181 ad
1691 2149 1840 2190 verbum,
1863 2148 2012 2181 ultimam

360 2203 435 2225 vero
464 2195 606 2235 prefatus
629 2196 744 2229 Petrus
772 2208 791 2229 a
821 2200 976 2241 principio
1010 2210 1111 2242 usque
1140 2200 1200 2232 ibi:
1231 2200 1280 2233 ‘ac
1310 2201 1351 2233 de
1381 2201 1606 2243 dignitatibus,
1632 2200 1808 2233 honoribus
1837 2203 1870 2232 et
1898 2200 2013 2233 officiis

361 2245 401 2276 ad
444 2247 586 2278 eiusdem
619 2248 756 2280 Romani
796 2252 886 2292 regni
927 2262 984 2283 seu
1022 2253 1150 2293 imperii
1188 2252 1437 2294 disposicionem
1477 2253 1697 2295 spectantibus
1734 2263 1793 2295 pro
1827 2262 1886 2284 suo
1920 2252 2013 2284 libito

363 2296 573 2338 disponendo,
603 2300 683 2331 sicut
706 2301 820 2333 diebus
842 2303 1014 2344 preteritis·
1029 2303 1069 2336 de
1093 2305 1315 2336 marchionatu
1338 2304 1640 2346 Brandeburgensi,
1674 2314 1771 2346 quem
1793 2305 2011 2347 primogenito

363 2357 419 2378 suo
443 2348 482 2379 de
505 2349 589 2381 facto
612 2351 736 2391 publice
760 2354 907 2395 contulit,
940 2355 1100 2387 ordinavit
1122 2355 1220 2387 etc.³⁴
1272 2356 1356 2388 Item
1385 2357 1470 2388 circa
1499 2355 1642 2389 medium
1671 2355 1713 2388 ab
1740 2356 1796 2388 illa
1829 2358 1923 2398 parte
1956 2355 2013 2388 ubi

364 2399 554 2431 continetur:
587 2400 718 2434 ‘Verum
749 2405 823 2445 quia
853 2406 935 2438 infra
961 2407 1122 2448 prefatum
1151 2408 1246 2439 trium
1274 2408 1434 2440 mensium
1463 2409 1608 2450 spacium
1641 2407 1748 2440 eidem
1775 2407 1942 2440 Ludovico
1971 2406 2013 2439 ad

364 2449 587 2490 deponendum
621 2454 747 2486 titulum
780 2457 904 2497 regium
937 2461 970 2489 et
1003 2458 1044 2489 ab
1077 2459 1368 2491 amministracione
1399 2461 1490 2501 regni
1524 2463 1557 2492 et
1589 2459 1762 2491 fautoriam
1794 2459 2013 2491 hereticorum

364 2500 455 2582 etclil.5
471 2512 570 2543 usque
595 2503 635 2534 ad
657 2504 751 2537 finem
776 2507 815 2538 de
839 2508 936 2540 verbo
960 2509 1002 2540 ad
1017 2510 1150 2541 verbum
1175 2511 1241 2542 alta
1264 2521 1343 2542 voce
1367 2512 1578 2553 solempniter
1602 2514 1634 2543 et
1656 2510 1785 2553 publice
1809 2511 1958 2553 legerunt
1980 2513 2014 2542 et

363 2561 405 2591 pu
442 2557 573 2584 icarunt.

472 2628 531 2670 (II)
564 2630 703 2666 Quarum
731 2634 907 2667 litterarum
938 2638 1041 2678 prima
1067 2639 1152 2670 lecta
1181 2639 1221 2671 de
1245 2640 1343 2672 verbo
1372 2640 1413 2672 ad
1443 2639 1577 2672 verbum
1609 2643 1642 2672 et
1669 2643 1843 2682 antequam
1873 2639 2014 2672 secunda

365 2678 536 2720 legeretur,
560 2682 676 2722 prefati
693 2684 810 2716 domini
828 2710 834 2717 .
850 2712 855 2718 .
874 2691 1081 2722 commissarii
1098 2692 1207 2732 copias
1225 2693 1366 2723 omnium
1382 2692 1479 2724 trium
1502 2692 1682 2724 litterarum
1705 2691 1924 2734 predictarum
1946 2693 2014 2723 sive

365 2813 391 2846 5)
411 2771 601 2847 Paql)7{Z1)Zs:z
609 2782 651 2843 ult}
660 2778 718 2851 88ξῖ
797 2779 823 2811 2)
838 2779 879 2812 Cf.
891 2780 982 2807 ibidem
994 2783 1024 2808 in
1033 2784 1175 2816 prooemio.
1256 2785 1285 2819 3)
1299 2785 1388 2819 Sapra
1403 2794 1444 2812 nr.
1455 2789 1512 2813 945.
1583 2786 1610 2819 4)
1624 2785 1717 2820 Supra
1724 2794 1789 2821 pay.
1802 2788 1852 2814 780
1863 2785 1911 2812 lin.
1922 2789 2013 2819 mm.

2029 1027 2055 1048 Ι.

2031 2575 2059 2596 4³
