2124 3132
296 193 333 222 12
738 188 956 216 TRAOTATUS
975 188 1022 214 DE
1041 186 1255 215 ELECTIONE.
1294 186 1367 213 1813.
1404 187 1453 213 Nr.
1469 187 1508 213 14.

401 276 485 308 Sane
522 287 593 308 cum
629 275 849 307 serenissimus
884 275 1034 316 princeps
1068 274 1152 306 bone
1187 273 1342 305 memorie
1378 273 1525 304 dominus
1555 271 1716 303 Adoulfus
1748 272 1814 303 Dei
1847 273 1952 314 gratia

292 328 514 359 Romanorum
557 337 615 358 rex
657 326 867 358 consideratis
905 326 1076 357 fructuosis
1113 325 1256 356 serviciis
1293 323 1488 356 venerabilis
1525 322 1706 355 Boemundi
1745 323 1954 355 Treverensis

293 379 528 420 archiepiscopi
552 379 703 419 principis
727 378 775 409 sui
799 377 909 408 dilecti
932 379 965 408 et
987 376 1140 419 gravibus
1164 377 1325 417 expensis,
1350 385 1428 416 quas
1451 376 1483 406 in
1506 375 1606 416 ipsius
1629 375 1715 415 regis
1739 375 1897 407 electione
1921 378 1955 406 et

292 433 366 472 post
399 441 457 471 pro
493 429 635 461 evidenti
668 429 807 460 utilitate
847 428 966 470 prefati
1005 428 1126 459 domini
1161 427 1291 458 Adoulfi
1327 429 1360 457 et
1393 427 1476 458 sacri
1509 426 1637 467 imperii
1669 425 1806 465 fecerat,
1847 425 1953 457 eidem

292 481 483 513 Boemundo
508 481 700 512 Treverensi
728 480 971 521 archiepiscopo
1002 480 1138 510 ecclesie
1163 478 1354 509 Treverensi
1385 488 1423 509 ac
1454 478 1518 509 suis
1549 477 1786 508 successoribus
1815 481 1952 509 castrum

294 533 339 564 de'
366 532 507 564 Cochme
543 543 614 563 cum
650 531 798 563 omnibus
831 532 896 562 suis
930 530 1050 561 iuribus
1086 534 1118 561 et
1150 529 1356 571 pertinenciis
1393 529 1586 571 obligaverit
1619 539 1677 570 pro
1705 532 1800 561 ,tanta
1830 539 1955 560 summa

292 585 462 626 peccunia,
491 583 577 625 quod
601 584 654 614 vix
678 593 752 623 spes
777 593 847 613 esse
874 584 1003 623 poterat
1025 581 1199 620 luitionis1,
1267 583 1299 611 et
1321 583 1454 622 propter
1477 580 1538 611 hec
1561 581 1783 611 serenissimus
1806 580 1956 621 princeps

293 636 441 666 dominus
471 634 626 666 Albertus
655 634 728 665 dive
762 634 918 664 memorie
948 633 1169 664 Romanorum
1198 642 1274 672 rex,
1308 631 1479 663 attendens
1509 632 1595 673 quod
1625 635 1823 663 memoratus
1851 631 1955 663 archi-

294 688 464 728 episcopus
499 696 557 727 pro
594 685 678 716 bono
714 688 747 716 et
777 685 912 724 pacifico
948 687 1034 715 statu
1067 684 1159 725 regni
1193 694 1231 714 ac
1265 683 1405 714 utilitate
1440 683 1523 714 sacri
1550 683 1679 724 imperii
1707 683 1893 724 frequenter
1923 686 1957 714 et

292 738 462 779 magnifice
486 747 521 768 se
545 740 578 767 et
601 747 658 767 sua
683 737 844 777 exposuit,
866 736 978 767 volens
1002 735 1141 766 eundem
1165 735 1444 775 archiepiscopum
1468 737 1501 766 et
1525 734 1694 765 ecclesiam
1720 734 1955 766 Treverensem

293 787 570 830 recompensando
594 787 762 828 condignis
785 787 935 818 attollere
959 786 1133 826 favoribus,
1157 785 1323 827 sepedicto
1348 785 1602 827 archiepiscopo,
1627 786 1695 816 eius
1718 786 1956 818 successoribus

294 843 326 871 et
361 840 497 871 ecclesie
529 839 723 870 Treverensi
756 839 859 880 regali
894 839 1044 879 largitate
1080 838 1253 869 donatione
1288 837 1492 868 irrevocabili
1526 836 1705 878 predictum
1740 841 1879 869 castrum
1914 837 1955 870 de

294 891 436 922 Oochme
467 901 539 922 cum
570 891 635 921 suis
665 890 787 921 iuribus
816 893 849 921 et
876 890 1078 931 pertinentiis
1105 890 1261 921 universis
1289 890 1321 920 in
1348 888 1608 920 emendationem
1632 899 1763 920 suorum
1785 888 1955 920 feudorum

292 943 388 984 pleno
405 943 473 973 iure
488 942 656 973 donaverit
673 945 705 973 et
718 942 899 982 contulerit,
915 942 1047 983 insuper
1060 942 1167 972 omnia
1183 941 1362 982 privilegia,
1379 941 1510 982 gratias,
1526 939 1753 981 indulgentias,
1770 941 1956 980 sententias,

292 995 417 1025 litteras
441 1004 622 1033 concessas,
645 994 729 1024 latas
752 993 859 1025 eidem
883 996 916 1024 et
937 993 1074 1024 ecclesie
1098 1003 1154 1024 sue
1178 1003 1237 1023 seu
1259 1003 1317 1033 pro
1343 992 1456 1024 eodem
1481 996 1538 1023 aut
1561 993 1630 1023 eius
1654 992 1791 1023 ecclesia
1807 991 1860 1022 vel
1882 998 1955 1032 pre-

294 1045 518 1077 decessoribus
543 1043 608 1087 [a]a
637 1045 710 1076 dive
740 1045 896 1076 memorie
919 1043 1170 1086 Roman(0rum)
1194 1044 1340 1085 regibus,
1370 1045 1586 1085 cuiuscunque
1617 1043 1738 1074 tenoris
1769 1044 1955 1078 existerent,

293 1098 499 1129 ratificaverit
523 1100 555 1128 et
579 1096 841 1138 approbaverit2,
909 1106 1014 1137 eaque
1039 1097 1147 1127 omnia
1178 1099 1210 1127 et
1233 1095 1360 1137 singula
1387 1096 1533 1137 superius
1557 1105 1711 1137 expressa
1734 1095 1956 1130 serenissimus

292 1150 441 1191 princeps
469 1148 573 1179 felicis
603 1148 836 1180 recordationis
867 1147 1015 1179 dominus
1045 1147 1205 1179 Henricus
1236 1147 1345 1178 divina
1375 1147 1505 1178 favente
1535 1147 1707 1178 clementia
1735 1146 1956 1178 Romanorum

292 1202 468 1242 imperator
491 1210 621 1241 semper
647 1203 801 1241 augustus
824 1200 952 1241 genitor
975 1202 1085 1230 noster
1108 1199 1295 1230 karissimus
1319 1209 1416 1230 causa
1440 1199 1568 1240 cognita
1592 1201 1625 1229 et
1647 1209 1689 1230 ex
1711 1201 1800 1229 certa
1823 1197 1956 1233 scientia

292 1252 508 1291 ratificaverit,
533 1252 733 1283 innovaverit
757 1255 790 1282 et
813 1250 1042 1292 approbaverit
1051 1251 1074 1291 ³,
1155 1251 1286 1291 insuper
1308 1250 1395 1281 idem
1420 1249 1568 1281 dominus
1588 1250 1764 1290 imperator
1779 1249 1956 1287 venerabili

295 1305 326 1335 in
351 1303 478 1335 Christo
504 1303 654 1334 dominob
677 1302 847 1343 Balduyno
865 1302 1059 1333 Treverensi
1083 1301 1327 1343 archiepiscopo
1351 1301 1433 1332 sacri
1456 1301 1583 1342 imperii
1606 1311 1665 1342 per
1687 1300 1828 1332 Galliam
1852 1300 1956 1337 archi-

293 1355 497 1395 cancellario,
523 1358 637 1395 patruo
662 1357 771 1385 nostro
795 1354 977 1393 karissimo,
1001 1357 1136 1394 propter
1159 1352 1323 1384 fructuosa
1348 1356 1380 1384 et
1403 1352 1597 1393 obsequiosa
1620 1353 1760 1392 servitia,
1785 1362 1847 1393 que
1870 1351 1957 1384 idem

291 1406 554 1447 archiepiscopus
579 1408 611 1436 et
634 1406 682 1436 sui
706 1405 954 1446 predecessores
978 1404 1115 1436 ecclesie
1133 1403 1370 1445 Treveren(sis)
1393 1403 1458 1434 suis
1473 1403 1769 1444 predecessoribus,
1794 1403 1900 1435 eidem
1925 1406 1959 1435 et

293 1468 383 1489 sacro
411 1458 547 1499 imperio
571 1457 692 1498 pluries
715 1456 873 1496 fecerunt,
898 1467 932 1487 se
958 1459 991 1487 et
1007 1456 1164 1487 vassallos
1189 1455 1326 1487 ecclesie
1350 1465 1409 1496 pro
1434 1454 1633 1486 deffensione
1658 1458 1691 1486 et
1713 1455 1959 1496 recuperatione

293 1513 394 1541 status
425 1509 506 1540 sacri
536 1509 664 1550 imperii
692 1519 817 1540 necnon
847 1511 932 1539 statu
959 1508 1095 1549 pacifico
1120 1511 1153 1539 et
1175 1507 1314 1539 utilitate
1338 1508 1385 1538 rei
1408 1506 1536 1548 publice
1560 1507 1730 1549 magnifice
1755 1506 1958 1548 exponendo,

293 1571 335 1592 ex
359 1560 491 1602 speciali
515 1561 620 1601 gratia
643 1560 821 1600 indulserit,
844 1563 880 1591 ut
904 1570 1015 1591 omnes
1038 1559 1183 1591 redditus
1207 1560 1303 1591 castri
1327 1559 1367 1590 de
1385 1558 1527 1590 Cochme
1552 1559 1793 1600 quibuscunque
1813 1559 1959 1600 personis

293 1613 419 1654 pignori
444 1612 606 1654 obligatos
630 1611 790 1643 redimere
815 1612 924 1643 valeat
947 1622 1005 1653 pro
1030 1622 1069 1642 ea
1092 1621 1227 1651 summa,
1251 1622 1309 1652 pro
1333 1621 1397 1653 qua
1419 1614 1492 1642 sunt
1515 1610 1660 1652 obligati,
1685 1610 1801 1642 eodem
1824 1610 1893 1641 iure
1917 1609 1958 1642 ab

292 1664 362 1705 ipso
387 1664 630 1705 archiepiscopo
656 1664 785 1705 suisque
810 1663 1048 1694 successoribus
1072 1666 1105 1694 et
1129 1663 1267 1695 ecclesia
1283 1662 1483 1702 Treverensi,
1508 1662 1595 1704 quod
1619 1662 1739 1693 dictum
1762 1664 1901 1693 castrum
1917 1661 1958 1693 de

295 1715 437 1747 Cochme
462 1719 494 1746 et
511 1715 655 1746 redditus
672 1726 733 1746 non
752 1715 886 1756 obligati
904 1715 1109 1756 possidentur
1125 1716 1266 1753 inantea,
1289 1713 1502 1756 possidendos
1519 1717 1552 1745 et
1568 1713 1725 1745 tenendos
1733 1713 1755 1754 4,
1828 1714 1959 1754 insuper

296 1767 506 1806 concesserit,
534 1771 570 1797 ut
594 1767 690 1808 opida
715 1778 772 1798 sua
796 1766 949 1798 videlicet
973 1765 1149 1802 Sarbfirch,
1174 1766 1325 1806 Pilliche,
1348 1765 1573 1807 Berencastel,
1597 1765 1742 1806 Meigen,
1766 1764 1960 1797 Montabour

299 1823 332 1850 et
355 1819 525 1860 quodlibet
549 1830 659 1850 eorum
685 1819 724 1850 ad
750 1820 849 1850 instar
873 1818 946 1849 dive
969 1819 1127 1850 memorie
1148 1818 1278 1850 Rudolfi
1303 1817 1523 1849 Romanorum
1544 1817 1630 1858 regis
1646 1817 1694 1848 sui
1710 1816 1959 1858 predecessoris,

299 1871 352 1912 qui
377 1871 462 1902 dicta
487 1871 584 1912 opida
608 1871 781 1911 libertavit,
806 1871 892 1902 omni
915 1871 995 1911 iure,
1019 1870 1152 1910 honore,
1176 1869 1313 1901 honesta
1337 1870 1579 1909 consuetudine,
1603 1869 1786 1910 franquisiis
1809 1871 1843 1899 ct
1864 1868 1960 1899 liber-

296 1923 415 1954 tatibus
439 1923 603 1964 gaudeant
626 1927 659 1954 et
681 1926 826 1962 utantur,
855 1922 970 1964 quibus
994 1925 1104 1953 cetera
1128 1932 1186 1953 sua
1210 1925 1243 1953 et
1266 1923 1393 1964 imperii
1417 1922 1514 1964 opida
1537 1921 1737 1960 muniuntur,
1760 1919 1905 1961 gaudent
1927 1922 1961 1951 et

295 1975 441 2005 fruuntur
450 1975 471 2014 5,
544 1985 616 2005 cum
635 1975 732 2006 etiam
750 1974 836 2005 idem
854 1974 1001 2006 dominus
1017 1975 1194 2016 imperator
1209 1974 1260 2004 ius
1276 1974 1414 2005 cudendi
1430 1976 1593 2005 monetam
1611 1982 1797 2004 concessum
1813 1971 1959 2013 predicto

297 2026 426 2057 domino
462 2026 705 2067 archiepiscopo
741 2027 869 2057 nomine
905 2036 961 2057 sue
999 2025 1137 2057 ecclesie
1168 2036 1187 2056 a
1218 2026 1283 2056 suis
1316 2025 1601 2067 predecessoribus
1635 2034 1677 2055 ex
1706 2026 1794 2054 certa
1826 2023 1960 2054 scien'tia

295 2078 495 2108 innovaverit
520 2077 624 2109 eidem
650 2081 682 2108 et
707 2078 843 2109 ecclesie
868 2088 935 2117 sue,
959 2078 1177 2118 ratificaverit,
1202 2077 1439 2108 confirmaverit
1463 2080 1496 2108 et
1519 2075 1749 2118 approbaverit
1771 2077 1804 2106 et
1820 2074 1861 2106 de
1877 2085 1959 2105 novo

298 2139 339 2160 ex
356 2129 651 2170 superhabundanti
670 2130 710 2161 de
728 2130 929 2171 plenitudine
946 2130 1117 2171 potestatis
1134 2139 1288 2170 expresse
1306 2129 1511 2167 concesserit,
1527 2132 1563 2160 ut
1577 2129 1609 2159 in
1626 2127 1755 2159 civitate
1769 2126 1960 2157 Treverensi

297 2185 329 2212 et
360 2184 449 2211 extra
480 2181 512 2211 in
541 2181 659 2222 opidis,
692 2183 818 2221 castris,
846 2181 929 2212 villis
958 2184 990 2212 et
1018 2181 1096 2212 locis
1120 2180 1363 2222 quibuscunque
1387 2181 1435 2212 sui
1459 2180 1590 2211 dominii
1614 2179 1666 2210 vel
1689 2178 1850 2209 districtus
1873 2176 1960 2208 idem

298 2232 559 2274 archiepiscopus
591 2236 623 2264 et
654 2234 702 2264 sui
733 2243 951 2272 successores,
981 2237 1075 2274 prout
1103 2233 1149 2263 eis
1172 2232 1335 2264 videbitur
1362 2232 1533 2274 expedire,
1566 2231 1640 2262 cudi
1663 2230 1783 2261 faciant
1806 2231 1839 2260 et
1862 2228 1960 2260 fabri-

297 2284 362 2315 cari
372 2285 392 2323 ⁶,
483 2295 541 2315 nos
566 2285 669 2315 causis
693 2286 936 2316 concessionum
960 2284 1178 2326 predictarum
1202 2285 1339 2326 cognitis
1363 2295 1404 2315 ex
1425 2287 1514 2315 certa
1529 2283 1663 2314 scientia
1679 2281 1837 2324 premissa
1854 2281 1961 2312 omnia

300 2338 333 2366 et
356 2336 481 2377 singula
505 2336 701 2367 ratificantes
726 2340 759 2367 et
781 2335 1001 2377 approbantes
1026 2335 1148 2367 eisdem
1175 2335 1323 2367 omnibus
1347 2339 1380 2367 et
1403 2335 1536 2376 singulis
1560 2344 1750 2366 consensum
1768 2335 1910 2364 nostrum
1927 2335 1961 2363 et

297 2397 461 2418 assensum
492 2387 695 2428 presentibus
726 2388 876 2419 duximus
908 2387 1139 2418 adhibendum.
1228 2387 1266 2418 In
1299 2398 1433 2428 quorum
1466 2387 1685 2418 testimonium
1716 2384 1822 2426 sigilla
1851 2387 1959 2415 nostra

297 2439 501 2479 presentibus
524 2443 596 2470 sunt
619 2450 771 2481 appensa.

405 2490 478 2521 Dat.
504 2491 534 2521 in
559 2490 779 2532 Epternacho,
809 2495 901 2522 sexto
931 2490 1046 2522 Kalen.
1072 2491 1228 2531 Ianuarii,
1257 2501 1339 2521 anno
1368 2490 1499 2521 Domini
1528 2489 1698 2521 millesimo
1729 2488 1958 2519 trecentesimo

298 2542 551 2583 quartodecimo,
575 2553 747 2583 regnorum
772 2553 847 2573 vero
872 2541 1051 2573 nestrorum
1076 2552 1159 2573 anno
1184 2543 1294 2574 tercio.
1864 2548 1867 2550 '

402 2644 447 2670 14.
477 2645 500 2676 ⁹¹)
519 2646 586 2670 deest
604 2655 641 2671 or.
730 2645 753 2677 b)
773 2646 885 2678 sequitur
904 2665 909 2671 .
925 2666 929 2670 .
951 2655 988 2671 or.

402 2722 428 2754 1)
448 2721 537 2754 Supra
560 2724 618 2748 tom.
636 2722 691 2747 111
710 2730 750 2748 nr.
771 2726 822 2749 486
847 2725 871 2748 et
897 2722 1023 2754 Belzme‘r,
1051 2721 1115 2754 Rey.
1138 2719 1191 2746 Ad.
1216 2728 1258 2747 nr.
1278 2724 1328 2746 204
1351 2723 1374 2746 et
1398 2723 1453 2746 205.
1552 2719 1579 2752 2)
1601 2718 1693 2752 Supra
1717 2721 1778 2745 tom.
1793 2718 1840 2744 1V
1857 2726 1899 2745 nr.
1917 2722 1960 2745 23.

297 2765 323 2798 3)
343 2764 444 2791 Ibidem
464 2773 507 2792 nr.
522 2768 570 2791 ‘274
590 2767 612 2790 et
633 2768 687 2791 314.
767 2767 794 2798 4)
814 2765 934 2798 Bo'hmer,
955 2765 1021 2798 Rey.
1041 2764 1138 2790 Heinr.
1155 2772 1184 2797 p.
1201 2763 1345 2789 XXXIV
1358 2766 1382 2789 et
1399 2771 1442 2789 nr.
1455 2765 1499 2789 131
1510 2765 1532 2788 et
1546 2765 1597 2789 159.
1677 2762 1703 2794 5)
1723 2761 1828 2788 Ibidem
1847 2769 1889 2788 ur.
1905 2765 1959 2788 251.

297 2809 323 2841 ss)
343 2808 441 2834 Ibidem
460 2816 502 2834 nr.
515 2811 570 2834 246.

1977 746 1999 765 10

1976 1002 1999 1021 15

1979 2033 2004 2052 ³⁵

1979 2292 2005 2311 40

1976 2549 2001 2568 45
