2158 3138
452 151 547 180 ACTA
565 151 679 180 REGNI
698 151 883 180 LUDEWIOI
901 151 949 179 IV.
969 152 1014 179 ET
1034 151 1219 179 FRIDERICI
1239 151 1287 180 111.
1325 152 1399 180 1314.
1436 152 1486 180 Nr.
1498 154 1540 180 95.
1558 154 1601 181 96.
1818 158 1859 187 93

310 243 339 272 5.
377 239 500 276 Quibus
515 239 676 281 legittime
693 240 738 271 sic
754 239 894 282 peractis
909 253 961 271 nos
977 243 1115 272 Rfldolsus
1131 252 1224 271 comes
1241 243 1385 278 palatinus
1401 239 1564 281 predictus
1581 240 1622 271 de
1638 241 1804 273 voluntate
1828 246 1861 273 et
1875 256 1894 272 e.
1905 254 1918 272 ι

199 291 353 325 mandato
387 291 520 334 speciali
556 291 714 324 dictorum
749 291 966 323 coelectorum
1000 295 1183 324 nostrorum
1217 295 1251 323 et
1284 291 1456 324 cuiuslibet
1487 292 1664 324 eorundem
1695 293 1859 325 dominum

200 349 373 378 Fridorioum
396 348 497 376 ducem
519 348 636 376 Austris
659 350 690 376 et
711 347 821 383 styrie*
845 347 982 383 elegimus
1005 347 1035 375 iu
1058 348 1134 375 hunc
1155 348 1283 375 modum:

349 421 400 453 ‘In
422 421 552 454 nomine
576 421 684 453 Patris
708 424 741 453 et
763 420 838 452 Filii
862 423 896 452 et
919 419 1056 462 Spiritus
1079 421 1191 452 sancti.

165 485 178 506 ε
351 472 433 505 Cum
463 475 598 504 vacante
628 483 728 515 regno
756 483 813 504 seu
840 472 989 504 Romano
1017 473 1154 514 imperio
1185 483 1243 514 per
1270 475 1408 504 mortem
1439 472 1525 504 clare
1553 474 1709 505 memorie
1738 473 1859 506 domini

241 525 387 558 Heinrici
411 523 597 567 quondam*¹
619 523 840 556 Romanorum
864 524 1070 566 imperatoris
1093 524 1204 562 incliti,
1226 524 1348 555 vocatis
1371 525 1425 566 qui
1446 523 1574 556 fuerant
1590 524 1746 557 evocandi
1763 535 1861 568 super

242 577 403 609 electione
426 577 514 618 regis
525 576 747 608 Romanorum
771 575 931 616 facienda,
955 575 1025 607 dies
1048 579 1137 607 certa
1160 575 1247 617 apud
1270 574 1498 607 Frankenfflrd
1526 580 1613 608 esset
1635 576 1677 608 ad
1701 577 1762 609 hoc
1786 588 1858 620 pre-

240 628 316 669 fixa,
340 628 462 670 placuit
483 626 576 659 nobis
606 630 639 659 et
663 626 756 658 dictis
779 626 1014 658 coelectoribus
1035 627 1152 658 nostris
1180 627 1270 658 iuxta
1294 628 1392 669 ipsius
1416 627 1481 659 diei
1503 628 1715 670 prefixionem
1739 629 1858 661 factam

240 679 283 712 ad
307 679 499 712 electionem
522 678 700 722 procedere
725 677 822 710 futuri
846 678 932 721 regis
954 677 1186 719 Romanorum,
1210 678 1281 710 aliis
1305 679 1540 711 coelectoribus
1567 681 1684 712 nostris
1712 681 1783 723 ipsa
1806 681 1858 713 die

153 744 179 764 m
242 731 367 765 diucius
388 730 572 774 expectatis
596 733 629 762 et
651 730 811 772 legittime
835 730 956 772 eligere
979 730 1148 762 nobiscum
1171 741 1235 762 non
1259 731 1453 772 curantibus,
1469 732 1630 774 inquisitis
1645 733 1728 764 votis
1743 734 1859 765 nostris

241 786 275 815 et
301 782 461 815 dictorum
491 782 707 814 coelectorum
734 785 916 814 nostrorum
944 782 976 814 in
1004 783 1074 824 ipsa
1102 782 1277 823 electione,
1307 787 1444 824 apparet
1468 794 1539 823 nos,
1570 784 1654 826 apud
1680 794 1761 826 quos
1785 788 1859 817 tunc

241 835 364 868 resedit
385 838 532 878 potestas
564 844 622 866 seu
652 835 702 866 ius
729 834 871 876 eligendi
894 844 1064 876 personam
1091 833 1251 875 ydoneam
1275 834 1306 865 in
1331 845 1442 877 regem
1465 834 1701 876 Romanorum,
1725 847 1857 868 concor-

241 887 326 920 diter
349 886 505 919 direxisse
529 890 606 918 vota
628 889 738 918 nostra
762 886 793 918 in
816 885 974 918 illustrem
996 886 1175 928 prinoipem
1200 885 1365 918 dominum
1381 886 1580 918 Fridericum
1597 887 1712 919 ducem
1729 889 1859 921 Austrie

240 942 274 971 et
302 937 423 981 Styrie,
452 938 485 970 in
513 938 653 970 eundem
683 937 913 970 consentiendo
951 941 984 969 et
1011 938 1115 980 ipsum
1148 937 1344 969 nominando
1379 939 1410 969 in
1437 937 1659 971 Romanorum
1687 950 1797 982 regem
1827 941 1857 972 in

151 1005 177 1026 ιι
240 991 470 1034 imperatorem
493 990 758 1032 promovendum.
804 989 929 1022 Idcirco
952 1003 1014 1022 nos
1031 991 1186 1022 Rfidolfus*
1203 1003 1296 1022 comes
1312 994 1459 1022 Palatinus
1479 990 1658 1032 predictus·
1676 996 1735 1023 vioe
1751 995 1860 1023 nostra
1874 1000 1925 1017 0⁴⁴·

241 1045 298 1075 et*
325 1047 434 1075 domini
461 1046 589 1075 Heinrici
618 1046 796 1074 Coloniensis
825 1046 1033 1082 archiepiscopi
1067 1042 1205 1084 predicti
1239 1052 1277 1073 ac
1312 1041 1448 1074 aliorum
1484 1042 1642 1074 dictorum
1673 1048 1861 1076 coelectorum

240 1107 282 1127 no
291 1099 444 1127 atrorum·
471 1094 638 1126 nobiscum
667 1094 934 1126 consentientium
964 1094 996 1125 in
1020 1093 1081 1125 hac
1103 1097 1196 1136 parte
1221 1104 1262 1125 ex
1285 1097 1447 1136 potestate
1475 1093 1567 1125 nobis
1589 1094 1709 1126 tradita
1732 1099 1765 1127 et
1787 1106 1862 1127 con-

240 1156 332 1178 cessa
355 1145 396 1178 ab
420 1145 554 1187 eisdem,
578 1146 728 1178 invocata
751 1145 888 1188 Spiritus
917 1146 1019 1178 sancti
1042 1146 1179 1188 gracia‚*
1203 1150 1348 1178 dominum
1372 1150 1545 1178 Fridericum
1573 1151 1672 1179 ducem
1694 1151 1810 1180 Austris
1831 1155 1861 1180 et

240 1201 335 1238 Styx-ie
362 1197 543 1240 predictum
573 1198 743 1238 eligimus¹²
770 1202 800 1230 in
832 1211 927 1238 regem
950 1202 1141 1230 Romanorum
1164 1202 1214 1229 in*
1239 1202 1441 1237 imperatorem
1464 1203 1695 1238 promovendum,
1719 1199 1751 1231 in
1775 1204 1858 1232 advo-

150 1263 178 1284 20
239 1256 334 1282 catum
358 1255 538 1282 sacrosancte
563 1254 690 1282 Romane
714 1260 752 1281 ac
774 1249 966 1282 universalis
989 1254 1107 1282 ecclesie
1124 1259 1161 1281 ac
1178 1254 1356 1281 defensorem
1371 1255 1554 1289 pauperum*
1572 1254 1728 1288 viduarum,
1752 1251 1858 1293 pupil-

239 1302 344 1334 lorum
367 1309 397 1334 et
420 1302 634 1342 orphanorum.²

305 1380 368 1417 Qui
397 1380 521 1412 electus
550 1380 735 1412 huiusmodi
769 1380 921 1412 electioni
961 1380 1115 1411 canonice
1151 1379 1191 1411 de
1225 1391 1259 1411 se
1288 1380 1388 1419 facte,
1424 1379 1530 1411 divine
1559 1379 1671 1412 nolens
1706 1380 1856 1412 resistere

195 1432 363 1474 voluntati,
387 1432 613 1474 interpellatus
636 1443 734 1474 super
755 1432 817 1464 hoc
841 1442 861 1463 a
882 1431 976 1464 nobis
999 1442 1071 1463 cum
1096 1431 1264 1473 diligentia
1288 1441 1407 1473 magna
1431 1432 1602 1463 consensit.

305 1486 334 1516 6.
371 1483 578 1526 Quapropter
605 1484 768 1516 sanctitati
796 1486 903 1516 vestre
932 1494 1005 1515 oum
1037 1483 1208 1515 devotione
1236 1493 1300 1525 qua
1328 1483 1424 1515 decet
1447 1493 1526 1515 voce
1554 1484 1695 1515 unanimi
1718 1488 1922 1523 supplico-es.

150 1547 176 1570 2⁵
198 1546 287 1578 mus,
310 1539 347 1568 ut
368 1536 474 1578 ipsum
500 1541 646 1568 dominum
679 1540 874 1568 Fridericum*
905 1536 951 1567 sio
980 1535 1097 1567 devote
1121 1542 1151 1567 et
1170 1539 1306 1567 canonice
1329 1540 1451 1567 eiectum
1473 1540 1601 1574 paternis
1623 1539 1742 1574 pietatis
1765 1542 1858 1567 vestre

195 1593 319 1621 brachiis
342 1593 557 1628 amplectentes,
581 1593 751 1621 electionem
767 1587 952 1620 huiusmodi
968 1589 1156 1619 canonicam
1179 1592 1214 1619 de
1237 1591 1299 1626 ipso
1323 1600 1341 1619 a
1362 1591 1446 1619 nobis
1468 1592 1573 1619 factam
1597 1592 1683 1619 solita
1705 1592 1857 1619 clement-ia

195 1644 369 1680 approbare,
402 1641 505 1682 ipsum
541 1641 697 1682 inungere
732 1642 766 1671 et
798 1652 962 1671 consecrare
991 1639 1118 1681 sibique
1151 1639 1192 1670 de
1220 1639 1431 1670 sacrosanctis
1459 1638 1606 1670 manibus
1633 1640 1748 1670 vestris
1774 1640 1856 1671 sacri

194 1692 322 1735 imperii
345 1691 506 1734 dyadema
528 1696 685 1732 dignemini
708 1691 931 1724 favorabiliter
953 1691 1125 1733 impertiri¹
1147 1695 1211 1723 loco
1234 1697 1264 1722 et
1287 1698 1415 1730 tempore
1438 1696 1595 1730 oportunis.

304 1746 334 1776 7.
368 1743 523 1776 Ceterum
552 1747 590 1775 ut
618 1743 786 1776 beatitudo
813 1746 920 1775 vestra
948 1746 1123 1784 cognoscat
1154 1742 1334 1774 evidentius
1357 1743 1515 1784 premissa
1539 1743 1647 1774 omnia
1669 1753 1746 1775 vera
1769 1754 1851 1784 esse,
1865 1760 1885 1775 c.
1896 1758 1917 1776 ε.

149 1807 177 1828 ao
194 1808 311 1835 presens
334 1795 501 1828 electionis
524 1799 631 1828 nostre
655 1800 800 1828 decretum
823 1795 986 1826 sanctitati
1010 1798 1117 1826 vestre
1138 1795 1384 1826 transmittimus
1407 1805 1480 1826 cum
1503 1799 1661 1834 sigillorum
1684 1802 1855 1833 nostrornm,

195 1847 348 1880 videlicet
381 1847 511 1880 Rfidolfi
547 1848 673 1880 comitis
702 1847 838 1890 palatini
866 1846 952 1878 Reni
982 1846 1072 1878 ducis
1098 1846 1247 1878 Bawarie
1276 1856 1400 1878 necnon
1427 1844 1558 1878 Rfidolfi
1593 1846 1683 1878 ducis
1717 1846 1858 1879 Saxonie

194 1899 414 1942 predictorum
437 1905 613 1940 appensione
637 1910 679 1931 ex
701 1903 792 1931 certa
816 1899 950 1930 scientia
974 1898 1171 1930 roboratum.
1259 1898 1328 1929 Nos
1355 1908 1432 1929 vero
1461 1897 1634 1930 Heinricus
1662 1898 1726 1930 Dei
1748 1900 1858 1941 gracia

194 1950 331 1984 Boemie
363 1954 397 1983 et
423 1950 560 1984 Polonie
589 1961 650 1983 rex
673 1950 739 1983 dux
763 1950 954 1990 Karintffle,
985 1950 1061 1992 quia
1084 1950 1224 1991 sigillum
1249 1954 1393 1982 nostrum
1417 1949 1477 1981 hac
1500 1951 1570 1981 vice
1593 1960 1694 1992 penes
1717 1961 1774 1982 nos
1796 1961 1859 1982 nou

194 2001 382 2044 habuimus,
414 2003 529 2045 sigillis
552 2002 771 2045 predictorum
798 2027 804 2035 .
823 2027 830 2034 .
855 2001 972 2034 ducum
995 2001 1145 2033 Bawarie
1170 2006 1203 2034 et
1226 2001 1367 2033 Saxonie
1395 2002 1444 2033 usi
1474 2012 1583 2033 sumus
1606 2005 1639 2034 et
1662 2003 1804 2034 contenti
1827 2003 1859 2034 in

147 2066 175 2087 ω
194 2055 415 2087 testimonium
439 2058 473 2086 et
496 2054 694 2087 evidentiam
718 2054 862 2086 omnium
884 2054 1124 2096 premissorum.

302 2109 408 2139 Actum
432 2113 462 2139 et
484 2111 583 2140 datum
606 2112 677 2144 loco,
701 2111 747 2139 die
771 2113 801 2139 et
824 2119 899 2138 anno
923 2109 1068 2145 predictis.

359 2335 571 2380 96—104.
613 2332 789 2380 ACTA
818 2332 1207 2380 ELECTIONIS
1244 2332 1574 2380 LUDEWICI
1602 2332 1686 2379 IV.

809 2416 918 2452 1314.
963 2416 1242 2452 cotia-23.

215 2520 278 2557 96.
319 2520 590 2557 Instrumentum
617 2531 721 2566 super
740 2520 984 2566 proroyatione
1012 2519 1151 2555 termini
1178 2519 1351 2556 electionis
1379 2519 1580 2564 confectum.
1688 2518 1759 2554 Oct.
1779 2520 1836 2553 19.

151 2608 182 2628 ⁴0
310 2594 471 2636 Oriyinale
495 2594 571 2637 (or.)
595 2594 631 2626 in
658 2594 818 2627 tabulario
838 2593 979 2635 yenerali
1004 2595 1094 2635 reym'
1115 2594 1283 2627 Bawarici
1304 2594 1396 2627 KLS
1415 2605 1465 2626 nr.
1481 2596 1511 2625 4.
1535 2612 1576 2617 -
1605 2593 1677 2625 Iam
1700 2593 1856 2625 edidimus

193 2645 312 2679 ‘Neues
334 2646 462 2679 Archiv’
485 2646 624 2685 XXIII,
647 2647 713 2679 298
734 2657 784 2678 nr.
801 2648 844 2678 31
867 2657 906 2679 ex
928 2656 973 2678 or.
1021 2645 1107 2678 Male
1129 2646 1228 2678 edidit
1250 2646 1401 2688 Maminy
1423 2645 1620 2678 ‘Gescln'clite
1642 2646 1698 2677 der
1718 2644 1854 2685 Doppel-

194 2697 278 2730 wahl
300 2698 331 2730 d.
347 2697 381 2731 J.
407 2698 499 2729 1314'
523 2699 639 2740 (1882)
656 2709 693 2739 p.
710 2699 772 2729 115
794 2709 844 2730 nr.
860 2700 882 2729 3
903 2708 942 2730 ex
964 2709 1009 2730 or.

297 2793 345 2820 95.
373 2793 399 2826 8)
417 2803 451 2820 uo
470 2794 498 2820 in
517 2794 571 2820 loco
591 2803 652 2820 meo
670 2794 694 2820 2.
783 2792 808 2826 ιΙ)
822 2794 912 2826 prima
930 2793 938 2818 i
956 2793 984 2818 in
1002 2793 1058 2819 loco
1076 2803 1138 2819 ram
1157 2793 1183 2819 2.
1272 2793 1290 2825 ί)
1310 2794 1407 2826 impuri
1430 2794 1455 2825 1,-
1475 2794 1599 2827 impartiri
1617 2793 1641 2818 2.
