2124 3132
318 264 359 294 18
734 260 952 288 TRACTATUS
970 260 1016 287 DE
1035 260 1248 288 ELECTIONE.
1287 261 1362 288 1314.
1398 261 1447 288 Nr.
1460 262 1501 289 20.
1519 262 1561 288 21:

314 346 389 380 Her
415 347 482 379 scol
509 347 570 379 och
597 359 656 379 uns
683 347 844 389 besorgen
871 347 956 378 unde
979 346 1240 390 vortegedjg[en]
1263 358 1372 379 umine
1396 347 1436 380 de
1459 348 1548 389 kost,
1578 348 1619 380 de
1643 358 1709 380 wer
1730 351 1844 380 verton
1867 347 1976 381 ummo

315 399 361 431 de
383 399 464 431 kore
488 399 574 431 unde
597 409 705 431 umme
729 399 831 430 ander
852 402 909 430 not
931 409 1027 430 unser
1049 409 1209 440 personen
1231 398 1317 430 unde
1340 409 1436 431 unses
1459 399 1572 431 landes
1594 399 1679 431 unde
1703 399 1762 431 daz
1782 400 1871 432 selve
1887 401 1975 432 scole

318 450 377 482 wir
401 461 473 482 eme
498 451 573 482 tonb
597 448 801 493 herwede[r].
836 449 930 481 Unde
947 449 1132 481 sunderlich
1147 449 1199 481 wil
1215 460 1274 481 uns
1287 460 1381 482 eman
1404 442 1561 483 hindei-en
1584 461 1626 482 an
1649 451 1744 483 deme
1768 452 1890 491 rechte‚
1917 451 1976 483 daz

318 502 376 533 wir
397 501 461 533 han
485 512 525 533 an
549 502 608 533 der
629 502 710 533 kore
735 512 833 543 eynes
856 500 1062 532 Romeschen
1085 501 1235 542 koniges‚
1261 511 1296 532 so
1321 501 1387 533 scol
1410 502 1469 533 her
1491 513 1550 533 uns
1572 501 1728 534 behulfen
1750 503 1814 544 sin,
1838 502 1896 534 daz
1919 503 1978 534 wir

315 552 438 596 uns[er]
463 553 555 585 recht
578 552 638 583 dar
661 563 702 583 an
723 552 893 584 behalden.
940 552 1009 584 Dar
1032 562 1108 583 over
1130 551 1216 583 habe
1243 561 1310 583 wer
1333 551 1418 584 disse
1442 545 1534 584 brefe
1557 563 1705 595 gegeven
1729 553 1897 595 vorsigelit
1918 554 1977 584 mit

317 615 418 636 unsen
442 604 637 646 ingesegele.

426 655 494 687 Der
516 655 543 686 is
566 665 724 696 gegewen
746 665 783 685 zo
807 653 1028 695 Nurenberch,
1051 664 1093 685 na
1116 654 1229 685 Cristiz
1252 653 1326 685 burt
1348 657 1456 686 tusent
1477 654 1564 686 unde
1588 654 1777 687 drehundirt
1795 656 1849 696 jar
1871 665 1912 687 an
1936 655 1976 687 de

315 707 496 739 vertenden
515 707 578 747 jar,
602 717 660 737 vor
683 705 777 737 Oculi
799 706 865 737 mei
888 716 928 737 an
953 705 1047 737 deme
1071 705 1276 737 Mitwochen.

486 923 539 959 21.
574 923 701 960 UNIO
726 923 893 959 INTER
915 921 1403 960 ARCHIEPISCOPUM
1427 921 1811 960 COLONIENSEM

797 979 862 1015 ΕΤ
888 977 1142 1015 COMITEM
1165 977 1499 1015 HAYNONIAE.

980 1047 1090 1083 1314.
1130 1047 1238 1083 Mart.
1259 1047 1321 1083 25.

431 1147 592 1187 Oriyinale
617 1147 691 1189 (or.)
715 1147 751 1178 in
774 1146 933 1178 tabulario
955 1147 1040 1187 reyio
1063 1147 1227 1178 Montensi
1250 1146 1439 1178 ‘Tresorerie
1461 1146 1514 1177 des
1536 1146 1666 1178 chartes’
1689 1156 1738 1178 nr.
1755 1148 1820 1178 363
1842 1147 1890 1187 (A
1913 1148 1979 1188 14).

318 1200 361 1231 In
382 1199 446 1239 fine
469 1198 559 1230 valde
582 1209 751 1230 corrosum.
798 1198 947 1238 Siyz'llum
970 1198 1199 1238 archiepiscopi
1221 1199 1323 1236 dees&
1351 1197 1572 1239 fraymentum
1599 1197 1699 1238 siyilli
1725 1198 1848 1230 comitis
1864 1198 1981 1240 pendet

317 1251 384 1283 loro
406 1251 650 1282 membranaceo.
676 1267 715 1272 ——
740 1250 815 1281 Iam
838 1250 997 1281 edidimus
1020 1249 1135 1281 ‘Neues
1157 1249 1285 1281 Archiv’
1308 1249 1440 1287 XXIX,
1464 1249 1526 1279 595
1549 1260 1599 1280 nr.
1612 1251 1655 1280 17
1676 1259 1715 1281 ex
1737 1260 1782 1281 or.

428 1311 576 1348 Biihmer,
600 1309 676 1349 Rey.
694 1310 806 1342 Ludw.
824 1320 860 1349 p.
879 1309 942 1339 309
966 1309 1198 1340 Reichssachen
1220 1319 1270 1340 nr.
1287 1309 1351 1340 343
1374 1309 1500 1349 (Addit.
1518 1309 1563 1349 D.

425 1404 591 1435 Universis
621 1406 789 1445 presentes
816 1403 942 1434 litteras
969 1404 1162 1444 inspecturis
1230 1403 1392 1435 Henricus
1419 1402 1482 1434 Dei
1509 1403 1619 1444 gracia
1646 1405 1756 1434 sancte
1780 1402 1982 1435 Ooloniensis

315 1456 454 1488 ecclesie
489 1455 752 1496 archiepiscopus
786 1465 823 1486 ac
859 1455 941 1486 sacri
974 1455 1102 1496 imperii
1135 1464 1195 1496 per
1223 1454 1368 1486 Ytaliam
1402 1454 1704 1486 archicancellarius
1738 1457 1771 1486 et
1796 1454 1982 1487 Willelmus

316 1508 433 1539 eadem
462 1508 572 1549 gracia
601 1517 711 1538 comes
739 1506 930 1547 Haynonie,
959 1505 1151 1545 Hollandie,
1183 1505 1339 1537 Zelandie
1368 1515 1406 1536 ac
1437 1505 1585 1537 dominus
1612 1505 1716 1537 Frisie
1783 1506 1921 1538 salutem
1949 1509 1983 1538 et

316 1560 469 1591 noticiam
492 1560 646 1590 veritatis.

425 1610 471 1652 (1)
505 1610 626 1642 Notum
655 1610 790 1641 facimus
820 1612 886 1640 tam
916 1608 1120 1650 presentibus
1149 1619 1246 1651 quam
1275 1609 1405 1650 futuris,
1437 1608 1523 1651 quod
1553 1619 1611 1640 nos
1638 1619 1696 1650 pro
1724 1611 1810 1640 statu
1837 1611 1871 1641 et
1893 1612 1981 1641 tran-

316 1662 476 1705 quillitate
501 1665 534 1693 et
557 1662 698 1693 tuicione
721 1664 840 1700 nostra,
869 1660 1086 1691 subiectorum
1110 1663 1293 1692 nostrorum
1317 1663 1350 1692 et
1373 1663 1531 1692 terrarum
1554 1663 1735 1692 nostrarum
1758 1671 1867 1692 sumus
1889 1660 1981 1692 adin-

317 1715 422 1746 vicem
450 1714 575 1755 alligati
603 1716 635 1745 et
659 1712 860 1744 confederati
883 1712 915 1742 in
938 1711 1071 1743 modum
1095 1712 1149 1753 qui
1172 1712 1316 1753 sequitur
1340 1715 1373 1744 et
1394 1713 1426 1743 in
1449 1712 1602 1744 formam:
1638 1712 1684 1753 (2)
1713 1711 1823 1744 Primo
1847 1711 1984 1754 quilibet

317 1770 461 1798 nostrum
485 1767 613 1797 tenetur
636 1765 774 1796 alterum
797 1763 952 1795 adiuvare
976 1773 1034 1805 pro
1057 1773 1153 1805 posse
1177 1774 1234 1795 suo
1258 1766 1362 1795 terras
1384 1774 1459 1795 suas
1482 1763 1659 1796 defendere
1683 1766 1794 1795 contra
1817 1774 1928 1796 omnes
1950 1765 1984 1796 in

317 1818 455 1859 propriis
480 1817 631 1858 expensis
654 1816 755 1857 illius⁷
785 1816 839 1857 qui
862 1816 1006 1857 requiret
1028 1815 1070 1846 ab
1094 1815 1196 1847 altero
1221 1815 1376 1847 auxilium
1402 1819 1435 1847 et
1456 1816 1616 1847 iuvamen.
1662 1814 1710 1857 (3)
1740 1815 1825 1847 Item
1849 1815 1984 1858 quilibet

317 1873 462 1901 nostrum
490 1868 676 1910 procurabit
707 1868 826 1899 bonum
855 1870 974 1899 statum
998 1870 1031 1898 et
1053 1867 1210 1898 honorem
1234 1867 1366 1898 alterius
1389 1870 1423 1899 et
1445 1867 1603 1908 impediet
1625 1867 1746 1899 malum
1769 1866 1902 1898 alterius
1923 1877 1982 1909 pro

318 1931 412 1962 posse
443 1931 500 1952 suo
530 1920 632 1961 facto,
665 1931 727 1961 ope
757 1923 790 1950 et
819 1919 962 1950 consilio.
1010 1919 1055 1960 (4)
1085 1918 1169 1950 Item
1194 1919 1221 1949 si
1245 1919 1392 1950 dominus
1415 1918 1678 1960 archiepiscopus
1700 1918 1865 1960 predictus
1887 1918 1987 1950 vadat

318 1972 406 2014 apud
429 1971 654 2003 Frankenvort
681 1971 722 2002 ad
753 1971 947 2002 electionem
975 1981 1057 2002 nunc
1085 1970 1183 2001 futuri
1211 1971 1298 2012 regis
1327 1973 1361 2002 et
1388 1970 1534 2012 indigeat
1562 1970 1714 2002 comitiva
1737 1970 1837 2002 nostri
1860 1970 1986 2002 comitis

319 2023 457 2065 predicti
487 2026 519 2054 et
548 2023 716 2054 hominum
743 2026 926 2054 nostrorum
955 2033 1027 2054 cum
1055 2023 1167 2063 armis,
1198 2033 1256 2053 nos
1286 2033 1396 2054 comes
1422 2022 1586 2064 predictus
1609 2025 1757 2054 tenemur
1779 2033 1852 2054 cum
1875 2033 1915 2054 eo
1938 2022 1985 2054 ire

318 2086 390 2106 cum
420 2075 603 2106 hominibus
633 2075 750 2106 nostris
781 2075 814 2105 in
845 2074 942 2105 armis
970 2074 1002 2104 in
1031 2074 1168 2115 propriis
1198 2074 1350 2115 expensis
1382 2074 1459 2106 dicti
1494 2074 1616 2105 domiui
1649 2074 1893 2116 archiepiscopi.
1943 2073 1987 2105 Et

320 2127 436 2159 eodem
466 2127 563 2158 modo
591 2130 740 2158 tenemur
768 2127 814 2158 ire
842 2136 953 2157 secum
983 2125 1071 2167 apud
1097 2126 1199 2167 Aquis
1227 2126 1269 2157 ad
1298 2127 1540 2158 coronationem
1568 2125 1646 2157 dicti
1672 2125 1759 2167 regis
1787 2126 1821 2156 in
1848 2125 1987 2167 propriis

321 2179 472 2220 expensis
495 2179 569 2209 suis.
609 2178 655 2220 (5)
679 2178 763 2209 Item
786 2188 845 2209 nos
868 2177 1131 2219 archiepiscopus
1149 2177 1315 2219 predictus
1331 2188 1395 2209 non
1411 2188 1581 2219 possumus
1596 2187 1657 2208 nec
1673 2176 1830 2208 debemus
1845 2177 1988 2219 aliquem

321 2230 443 2271 eligere
467 2230 499 2260 in
523 2240 635 2271 regem
652 2229 885 2270 Romanorum,
910 2230 986 2270 quin
1011 2232 1186 2271 antequam
1210 2230 1448 2261 consentiamus
1471 2230 1503 2260 in
1527 2239 1613 2270 eum,
1636 2229 1804 2270 promittat
1823 2231 1858 2260 et
1873 2232 1988 2260 caveat

319 2282 526 2322 sufficienter,
551 2281 637 2323 quod
662 2282 780 2322 omnia,
807 2291 1010 2323 quecumque
1035 2291 1144 2312 comes
1168 2281 1334 2323 predictus
1356 2280 1458 2313 habet
1480 2281 1589 2312 facere
1613 2291 1686 2312 cum
1705 2290 1794 2322 rege,
1818 2291 1919 2322 regno
1935 2280 1988 2312 vel

319 2334 466 2374 imperio,
495 2333 593 2365 faciet
616 2333 739 2374 absque
764 2333 954 2364 difficultate
979 2332 1133 2375 qualibet,
1164 2336 1198 2364 et
1221 2332 1308 2374 quod
1330 2333 1401 2375 ipse
1425 2343 1484 2364 rex
1507 2331 1706 2364 ammovebit
1729 2342 1824 2363 omne
1847 2331 1987 2373 impedi-

319 2389 478 2425 mentum,
510 2385 595 2426 quod
626 2388 712 2416 esset
741 2386 926 2426 appositum
956 2396 1015 2426 per
1044 2394 1264 2426 quoscumque
1294 2384 1542 2426 predecessores
1571 2394 1660 2424 suos,
1692 2386 1725 2415 et
1754 2383 1927 2415 ratificabit
1953 2386 1988 2415 et

321 2436 522 2468 confirmabit
547 2436 632 2468 dicto
657 2437 776 2477 comiti,
800 2436 976 2468 heredibus
1000 2437 1064 2467 suis
1088 2438 1122 2468 et
1145 2436 1383 2468 successoribus
1407 2436 1594 2468 comitatum
1618 2434 1807 2476 Hollandie,
1830 2434 1986 2467 Zelandie

321 2491 354 2519 et
378 2487 552 2518 dominium
577 2488 681 2519 Frizie
707 2491 739 2519 et
763 2488 853 2520 dabit
877 2488 963 2520 dicto
988 2488 1098 2519 comiti
1122 2498 1234 2519 omnes
1256 2488 1391 2529 litteras,
1416 2498 1478 2530 que
1502 2487 1565 2519 sibi
1587 2486 1764 2529 expedient
1786 2486 1828 2518 ad
1851 2486 1986 2528 pacifice

321 2538 552 2580 possidendum
577 2538 679 2570 dictas
702 2542 815 2570 terras.
855 2539 901 2581 (6)
924 2539 1007 2571 Item
1032 2539 1169 2580 recipiet
1191 2549 1251 2570 rex
1274 2539 1394 2570 dictum
1418 2539 1570 2570 comitem
1587 2538 1721 2581 pacifice
1739 2537 1781 2570 ad
1796 2537 1986 2579 homagium

321 2601 413 2621 suum
437 2590 477 2621 de
502 2591 649 2622 omnibus
672 2591 744 2632 hiis,
769 2601 831 2633 que
856 2592 992 2623 comites
1015 2590 1204 2632 Hollandie,
1227 2590 1383 2622 Zelandie
1407 2593 1441 2622 et
1464 2590 1586 2622 domini
1609 2590 1713 2621 Frizie
1736 2589 1987 2631 predecessores

321 2642 369 2672 sui
400 2644 572 2673 tenuerunt
595 2653 614 2673 a
637 2653 715 2684 rege
746 2653 803 2674 seu
831 2643 872 2674 ab
900 2644 1052 2684 imperio,
1083 2646 1116 2674 et
1142 2643 1241 2674 faciet
1268 2653 1307 2674 ea
1331 2642 1512 2674 confirmari
1535 2653 1594 2684 per
1618 2642 1784 2673 electores
1832 2641 1879 2682 (7)
1902 2641 1986 2673 Item

298 2725 301 2728 Α
321 2693 566 2734 procurabimus
594 2705 651 2725 nos
680 2694 941 2736 archiepiscopus
970 2694 1056 2726 dicto
1082 2695 1191 2726 comiti
1214 2694 1299 2725 ultra
1322 2693 1471 2736 predicta
1494 2694 1580 2725 bona
1602 2693 1667 2724 fide
1690 2703 1785 2724 omne
1808 2692 1930 2724 bonum
1954 2696 1988 2724 et

322 2746 538 2786 avantagium,
563 2745 650 2786 quod
673 2747 851 2787 poterimus
874 2747 1050 2788 impetrare
1067 2757 1086 2777 a
1104 2746 1190 2778 dicto
1214 2756 1292 2788 rege
1310 2757 1367 2788 pro
1386 2756 1436 2778 eo.
1476 2746 1522 2787 (8)
1546 2745 1631 2777 Item
1647 2756 1706 2776 nos
1722 2745 1986 2786 archiepiscopus

323 2796 479 2827 faciemus
503 2796 623 2828 dictum
647 2808 757 2839 regem
783 2798 920 2839 obligari
944 2798 1029 2830 dicto
1054 2799 1175 2839 comiti,
1200 2798 1286 2840 quod
1302 2799 1372 2840 ipse
1389 2809 1448 2830 rex
1465 2796 1667 2830 conservabit
1683 2796 1804 2828 dictum
1821 2797 1985 2837 comitem,

425 2890 472 2917 20.
500 2891 524 2924 b)
544 2897 554 2918 t
572 2902 638 2918 corr.
658 2902 736 2925 super
754 2903 767 2918 z
787 2903 824 2919 or.

1997 989 2021 1009 1⁰

1999 1322 2022 1342 15

2005 2657 2031 2676 4⁰
