2184 3126
140 752 166 773 10

139 1011 165 1032 u

457 193 553 221 ACTA
572 192 687 220 REGNI
706 192 890 221 LUDEWICI
910 193 957 220 lv.
976 193 1022 220 ΕΤ
1042 192 1228 222 FRIDERICI
1246 193 1295 222 111.
1334 194 1409 222 1323.
1446 194 1493 222 Nr.
1507 194 1565 222 788.
1780 198 1844 229 613

297 283 324 313 1.
350 280 512 313 Noveritis
535 290 618 312 nova
641 289 704 323 que
727 279 780 312 hic
803 283 876 312 sunt
899 290 960 323 que
984 282 1135 323 poterunt
1159 281 1282 324 regiam
1306 280 1548 324 providenciam
1571 282 1603 313 in
1628 281 1772 324 pluribus
1796 283 1844 314 in-

186 332 336 365 formare.
383 332 634 365 Ambaxiatores
658 332 824 374 utriusque
849 333 948 375 partis
971 332 1072 364 Ianue
1096 332 1147 365 hic
1170 335 1244 364 sunt
1266 336 1299 365 et
1321 332 1380 365 sub
1403 333 1492 365 miris
1515 332 1597 365 dolis
1621 337 1654 365 et
1677 333 1844 365 fraudibus

185 394 248 415 non
277 387 344 416 tam
373 383 415 415 ad
445 383 653 416 concordiam
676 384 814 416 civitatis
837 384 938 416 Ianue
961 394 1058 426 quam
1087 384 1129 416 ad
1153 383 1369 428 discordia[m]
1392 385 1558 427 parentele
1582 384 1624 417 de
1647 384 1788 427 Spinolis
1811 389 1845 417 et

185 435 353 477 parentele
388 434 429 466 de
456 435 567 467 Aurea
600 435 774 468 laboratur.
829 434 980 468 Creditur
1006 436 1092 478 quod
1124 437 1208 468 inter
1236 435 1413 468 Gebelinos
1443 439 1477 468 et
1506 436 1643 468 Guelfos
1672 436 1843 469 concordia

185 485 273 518 nulla
296 485 351 518 fiet
374 488 408 518 et
430 486 518 528 quod
542 486 686 528 predicte
711 486 774 519 due
791 487 959 529 parentele
982 488 1120 530 cognitis
1135 488 1301 520 seminatis
1316 487 1483 520 fraudibus
1505 489 1588 520 inter
1610 498 1667 520 eos
1690 487 1844 520 recedent

184 537 288 579 magis
310 537 398 569 unite
422 547 520 580 quam
542 538 688 570 venerint
711 541 743 570 et
766 537 851 571 unde
874 538 930 571 illa
953 548 1027 580 pars
1048 538 1207 571 Gebelina
1230 539 1387 582 confringi
1411 539 1561 580 creditur,
1585 539 1731 572 roborari
1754 539 1844 572 vide-

185 592 245 620 tur.
291 587 377 625 Quid
411 587 532 621 facient
560 587 694 631 Spinule
728 589 884 631 finaliter,
914 589 1020 622 adhuc
1047 600 1111 622 non
1139 594 1189 623 est
1217 590 1313 633 plene
1341 594 1479 632 certum,
1509 595 1560 624 set
1587 591 1730 624 creditur
1757 591 1844 634 quod

183 640 370 672 reunientur
393 640 476 680 aliis,
501 640 576 682 quia
599 651 671 672 cum
701 641 881 674 intrinsecis
911 651 975 673 non
997 644 1130 684 possunt
1153 643 1295 684 reperire
1319 642 1405 685 quod
1428 643 1548 675 volunt.
1595 642 1646 675 Illi
1670 642 1711 675 de
1734 643 1844 675 Aurea

184 693 257 723 sunt
279 690 335 723 fixi
351 694 385 723 et
400 691 523 723 habent
543 693 715 724 nuncium·
738 693 790 724 hic
806 692 902 725 valde
918 692 1121 735 prudentem,
1145 693 1200 736 qui
1223 694 1335 726 nititur
1350 694 1432 726 alios
1448 694 1576 727 trahere
1593 694 1635 726 ad
1652 695 1712 727 hoc
1728 695 1844 737 ipsum,

184 742 239 785 qui
261 745 395 775 vocatur
410 743 558 785 Angelus
574 743 721 776 Tartaro.
768 742 978 788 Causa[ru]m,
1003 754 1103 787 quare
1126 755 1190 777 non
1212 745 1340 777 videtur
1362 756 1458 788 posse
1480 746 1551 779 fieri
1567 746 1738 779 concordia
1762 747 1845 778 inter

183 793 360 827 Gebelinos
383 798 417 827 et
440 794 593 835 Guelfos,
626 805 689 827 una
712 798 762 827 est
785 796 911 828 occulta
934 799 967 828 et
989 795 1054 828 alia
1076 796 1256 829 manifesta.
1301 796 1475 830 Manifesta
1498 801 1559 839 est,
1584 798 1659 840 quia
1681 808 1744 830 non
1768 808 1844 830 con-

182 845 315 878 veniunt
339 856 398 878 nec
422 847 596 879 convenire
619 850 793 889 potuerunt
815 846 921 879 adhuc
944 847 977 879 in
999 847 1157 887 articulis,
1185 848 1239 890 qui
1262 851 1399 891 tangunt
1428 859 1542 891 pacem
1571 851 1715 881 comunis
1742 853 1844 881 status

183 907 241 930 sue
270 898 420 930 civitatis.
468 898 607 930 Occulta
639 908 736 930 causa
760 902 820 939 est,
849 908 946 941 quam
969 898 1110 931 nondum
1134 900 1385 942 propalaverunt
1414 911 1473 933 nec
1501 911 1586 943 pape
1610 911 1668 933 nee
1692 902 1761 943 regi
1785 911 1844 933 nec

183 948 306 982 Guelfis
329 949 523 982 adversariis
543 960 666 991 eorum,
690 950 777 992 quod
793 949 915 983 habent
929 950 1125 993 singularem
1140 951 1379 993 impositionem
1395 951 1646 992 ambaxiatores,
1670 954 1724 994 qui
1745 962 1844 984 vene-

183 1003 258 1033 runt
281 1001 322 1033 de
346 1001 487 1043 Spinolis
510 1004 544 1033 et
566 1001 608 1034 de
631 1002 744 1042 Auria,
768 1012 788 1034 a
812 1005 880 1034 tota
903 1012 962 1034 sua
985 1003 1182 1035 comunitate
1205 1003 1305 1045 partis
1328 1003 1525 1043 Guebeline,
1553 1003 1640 1047 quod
1664 1007 1734 1036 esto
1757 1004 1844 1046 quod

182 1053 215 1085 in
238 1053 386 1086 omnibus
409 1053 482 1085 aliis
505 1053 648 1085 articulis
672 1053 916 1095 concordarent,
939 1053 1026 1086 nullo
1050 1054 1147 1086 modo
1171 1056 1380 1087 consenciunt
1402 1056 1435 1087 in
1457 1055 1599 1098 aliquam
1623 1066 1754 1098 pacem,
1783 1057 1843 1087 nisi

181 1104 239 1137 fiat
260 1105 356 1137 simul
381 1115 453 1137 cum
477 1115 535 1137 sua
558 1116 623 1147 pax
648 1106 734 1148 regis
749 1105 925 1138 Frederici.
963 1105 1002 1137 In
1019 1116 1082 1148 quo
1099 1106 1235 1138 articulo
1253 1106 1330 1139 licet
1346 1107 1480 1150 Spinule
1496 1107 1629 1140 forsitan
1645 1107 1844 1146 vacillarent,

171 1156 210 1188 'si
232 1156 264 1188 in
287 1156 358 1189 aliis
381 1156 540 1189 haberent
563 1157 649 1199 quod
674 1157 808 1198 vellent,
832 1160 942 1189 tamen
964 1157 1011 1189 illi
1035 1157 1076 1189 de
1103 1158 1210 1190 Aurea
1232 1162 1306 1190 sunt
1327 1159 1383 1191 fixi
1406 1158 1527 1191 nullam
1550 1169 1665 1201 pacem
1688 1160 1844 1201 recipere,

138 1525 164 1547 ’ὅ

140 2299 169 2320 40

182 1208 243 1240 nisi
274 1218 333 1240 rex
355 1207 547 1241 Fredericus
575 1211 661 1240 esset
689 1209 783 1240 simul
807 1219 880 1241 cum
904 1209 950 1241 eis
980 1209 1012 1241 in
1043 1210 1132 1251 pacis
1155 1213 1304 1242 tractatu.
1349 1210 1392 1242 Et
1420 1210 1562 1243 creditur
1589 1210 1729 1243 finaliter
1757 1210 1844 1253 quod

183 1258 316 1302 spinule
340 1263 463 1292 starent
486 1260 552 1292 fixi.
598 1260 738 1302 Eropter
761 1259 847 1302 quod
871 1271 934 1292 non
958 1263 1008 1293 est
1030 1260 1184 1303 possibile
1208 1261 1296 1293 illam
1319 1272 1432 1304 pacem
1457 1262 1536 1303 fieri,
1559 1266 1595 1294 ut
1617 1262 1752 1295 videtur.
1788 1262 1845 1294 Set

184 1312 260 1353 quia
282 1312 315 1344 in
338 1311 409 1344 aliis
433 1312 576 1344 articulis
599 1313 678 1344 satis
701 1315 750 1344 est
773 1312 878 1344 adhuc
902 1312 944 1344 de
967 1312 1138 1353 discordia,
1161 1312 1235 1345 ideo
1259 1314 1355 1345 istum
1378 1317 1489 1346 tenent
1511 1314 1681 1346 occultum.

290 1365 320 1396 2.
344 1363 395 1396 De
412 1363 551 1395 Francia
575 1366 648 1395 sunt
671 1363 722 1395 hic
742 1363 843 1396 nuntii
860 1363 981 1396 domini
995 1365 1092 1406 regis,
1116 1365 1170 1406 qui
1187 1364 1288 1396 multa
1304 1369 1427 1407 petunt,
1451 1375 1515 1407 que
1531 1376 1594 1398 non
1610 1369 1845 1399 consueverunt

182 1414 223 1447 ab
251 1415 390 1448 ecclesia
420 1415 482 1446 ista
516 1415 598 1456 peti,
628 1415 770 1447 maxime
794 1416 871 1457 quia
893 1426 958 1447 non
980 1418 1054 1448 sunt
1076 1416 1218 1448 contenti
1242 1415 1283 1448 de
1307 1416 1441 1448 decimis
1463 1418 1553 1459 regni
1576 1418 1635 1456 sui,
1658 1421 1708 1449 set
1731 1421 1845 1459 petunt

182 1466 326 1499 decimas
349 1468 447 1499 totius
470 1466 594 1498 mundi.
641 1466 789 1504 Quodam
813 1466 878 1500 alia
901 1466 1050 1500 dicuntur
1072 1467 1203 1500 aliunde
1226 1468 1293 1510 peti
1317 1478 1414 1510 quam
1437 1479 1496 1510 per
1518 1469 1645 1500 nuntios
1668 1469 1756 1509 istos,
1780 1478 1843 1511 que

183 1521 257 1551 sunt
278 1518 381 1551 ardua
411 1521 444 1551 et
473 1529 592 1561 magna
622 1523 656 1550 et
689 1518 872 1551 difficiliora
902 1519 1068 1562 predictis,
1103 1530 1167 1562 que
1194 1530 1256 1552 non
1281 1530 1449 1562 possumus
1472 1520 1648 1562 explicare.
1693 1519 1737 1552 Et
1762 1520 1844 1552 fixus

184 1569 300 1603 dicitur
330 1570 478 1602 dominus
507 1580 581 1611 rex,
605 1569 690 1612 quod
723 1570 779 1602 illa
807 1570 886 1602 fiant
915 1570 985 1603 sibi.
1031 1570 1189 1603 Mittimus
1216 1570 1307 1603 vobis
1335 1572 1367 1603 in
1397 1571 1524 1604 Gallico
1554 1571 1706 1604 articulos
1717 1572 1739 1612 ²,
1763 1582 1843 1614 quos

183 1622 331 1655 dominus
354 1621 540 1664 papa'fecit
562 1622 627 1664 legi
651 1622 682 1654 in
707 1622 896 1654 consistorio
919 1623 1002 1654 sicut
1014 1623 1133 1664 petitos
1156 1622 1198 1655 ab
1222 1623 1278 1663 eis,
1302 1626 1335 1655 et
1351 1623 1531 1666 perpendet
1554 1623 1711 1666 sapientia
1726 1627 1843 1662 vestra,

183 1674 271 1717 quod
295 1674 450 1716 compleri
472 1684 536 1706 non
559 1676 705 1715 possunt,
731 1674 807 1716 quia
830 1673 885 1706 alii
908 1684 1004 1716 reges
1027 1685 1092 1706 non
1114 1678 1322 1717 acceptarent
1345 1685 1404 1707 nec
1427 1675 1490 1707 alie
1514 1676 1673 1718 regiones.

286 1727 314 1757 3.
329 1725 422 1758 Nova
435 1728 509 1757 sunt
521 1725 572 1757 hic
586 1725 683 1758 hodie
696 1729 811 1757 exorta
822 1736 951 1767 magna,
965 1725 1050 1768 quod
1065 1727 1283 1758 sanctissimus
1295 1729 1388 1768 pater
1401 1726 1548 1759 dominus
1557 1730 1666 1759 noster
1678 1727 1844 1769 proposuit

184 1777 281 1809 hodie
305 1777 429 1809 scilicet
453 1777 505 1809 die
522 1777 613 1809 Lune
637 1777 736 1810 tercia
754 1775 903 1809 Octobris
919 1781 953 1809 et
975 1777 1113 1810 intendit
1135 1788 1304 1820 processus
1326 1788 1443 1821 graves
1466 1779 1574 1810 facere
1597 1781 1709 1810 contra
1732 1788 1843 1820 regem

182 1828 403 1861 Romanorum
419 1831 574 1871 tanquam
598 1833 710 1861 contra
725 1829 886 1861 fautorem
910 1832 944 1861 et
959 1828 1165 1861 defensorem
1185 1829 1411 1871 hereticorum,
1435 1829 1546 1862 dicens
1562 1829 1649 1872 quod
1665 1841 1728 1862 non
1744 1829 1844 1862 habet

183 1881 232 1912 ius
255 1881 286 1912 in
311 1891 411 1923 regno
435 1891 494 1913 nec
518 1884 626 1922 potest
639 1880 864 1913 administrare
888 1891 948 1913 nec
971 1880 1093 1913 donare
1117 1881 1239 1923 aliquid
1262 1881 1303 1914 de
1324 1881 1446 1913 iuribus
1461 1882 1553 1924 regni
1568 1881 1760 1914 Alamannia
1785 1892 1843 1914 nec

182 1943 218 1965 se
240 1931 400 1974 impedire
431 1932 472 1964 de
495 1932 616 1964 iuribus
640 1933 781 1974 imperii,
812 1932 957 1975 allegans
986 1932 1073 1975 quod
1096 1933 1205 1975 legato
1234 1933 1425 1975 apostolico*
1441 1934 1495 1976 qui
1519 1938 1568 1966 est
1590 1934 1622 1965 in
1645 1932 1843 1965 Lombardia

182 1983 286 2016 noluit
317 1983 427 2016 favero
459 1994 518 2016 nec
546 1985 611 2015 suis
643 1984 758 2016 litteris
787 1983 939 2026 dignatus
967 1987 1016 2016 est
1044 1984 1242 2026 respondere
1272 1988 1305 2016 et
1332 1985 1418 2027 quod
1448 1985 1601 2027 opprimit
1630 1985 1783 2017 ecclesias
1811 1986 1843 2016 in

183 2035 378 2068 Alamannia
402 2038 435 2068 et
451 2035 701 2078 condempnavit
723 2035 865 2078 aliquem
883 2036 1070 2078 episcopum
1094 2036 1145 2068 vel
1169 2036 1295 2078 aliquos
1316 2036 1348 2068 in
1372 2042 1461 2068 certa
1480 2038 1635 2079 peccunie
1651 2037 1842 2079 quantitate.

183 2086 324 2130 Propter
348 2087 434 2130 quod
458 2086 595 2119 intendit
610 2087 788 2129 procedere
812 2087 888 2119 totis
907 2087 1028 2119 viribus
1051 2091 1162 2119 contra
1185 2098 1259 2120 eum
1282 2091 1315 2120 et
1338 2089 1481 2121 excitare
1504 2088 1565 2121 sibi
1589 2089 1693 2121 bricas
1715 2089 1746 2120 in
1763 2089 1842 2121 Ala-

184 2139 313 2170 mannia
326 2138 379 2170 etb
396 2138 543 2170 conferre
556 2138 792 2171 dominationes
804 2139 986 2181 Alamanie‚
1000 2140 1141 2172 maxime
1156 2139 1412 2172 marchionatum
1424 2140 1728 2182 Madeburgensem,
1745 2151 1841 2182 quem

183 2199 243 2222 rex
258 2189 478 2223 Romanorum
503 2189 636 2222 tradidit
659 2191 736 2231 filio,
761 2190 842 2222 dans
864 2190 926 2222 sibi
949 2202 1045 2223 unam
1069 2191 1212 2233 puellam
1235 2202 1381 2226 uxorem.
1405 2202 1468 2234 que
1492 2191 1586 2224 heres
1603 2191 1689 2223 illius
1704 2191 1842 2224 marchi-

184 2244 299 2274 onatus
316 2241 432 2274 dicitur
448 2252 530 2282 esse,
554 2243 580 2274 si
596 2245 705 2274 tamen
723 2243 890 2283 invenerit,
915 2244 968 2285 qui
991 2243 1070 2275 velit
1092 2244 1239 2285 accipere
1262 2243 1303 2275 ab
1324 2243 1471 2275 eodemb.
1516 2242 1559 2275 Et
1581 2243 1664 2275 dixit
1686 2254 1744 2285 pro
1767 2243 1842 2281 fixo,

187 2292 275 2335 quod
298 2293 405 2326 nullus
427 2303 485 2326 rex
510 2293 704 2326 Alamannie
727 2297 835 2335 potest
858 2294 1092 2334 administrare,
1125 2294 1228 2327 donec
1252 2294 1374 2327 eleccio
1398 2305 1455 2327 sua
1477 2295 1518 2327 sit
1541 2305 1599 2338 per
1621 2305 1740 2337 papam
1764 2305 1841 2327 exa-

184 2345 306 2377 minata
331 2348 364 2377 et
387 2345 585 2386 confirmata,
610 2349 643 2378 et
666 2345 707 2378 de
731 2345 791 2378 hoc
815 2357 850 2378 se
873 2346 988 2378 asserit
1010 2346 1094 2378 velle
1118 2347 1226 2378 facere
1250 2346 1458 2379 decretalem.
1493 2346 1616 2379 Tamen
1639 2346 1749 2389 plures
1771 2357 1841 2378 car-

184 2395 308 2429 dinales
342 2407 405 2428 non
441 2397 644 2429 consentient
678 2396 817 2429 libenter
851 2402 918 2430 tam
951 2398 1164 2440 periculosam
1199 2399 1296 2440 incipi
1330 2398 1517 2430 novitatem.
1566 2398 1709 2431 Intendit
1742 2399 1840 2430 etiam

185 2448 468 2480 excommunicare
492 2452 525 2480 et
548 2447 705 2480 similibus
727 2450 899 2481 sentenciis
914 2450 1078 2481 involvere
1102 2459 1214 2481 omnes
1236 2450 1452 2492 cuiuscunque
1479 2453 1581 2482 status
1604 2454 1637 2482 et
1651 2449 1841 2482 conditionis

185 2499 340 2538 existant,
356 2508 357 2511 ’
373 2498 428 2541 qui
459 2499 606 2540 predicto
634 2500 703 2541 regi
730 2499 950 2532 Romanorum
981 2501 1178 2542 prestiterint
1206 2501 1375 2540 auxilium,
1410 2501 1576 2533 consilium
1604 2501 1655 2533 vel
1686 2501 1840 2534 favorem.

184 2549 227 2582 Et
248 2549 291 2582 ad
313 2549 399 2582 diem
426 2550 579 2582 Mercurii
601 2550 741 2583 futuram
766 2551 878 2583 datus⁰
901 2556 950 2584 est
974 2553 1141 2591 terminus,
1170 2551 1256 2594 quod
1283 2552 1463 2585 cardinales
1495 2554 1625 2585 veniant
1654 2554 1775 2595 paratie
1799 2553 1841 2584 ad
1856 2567 1935 2587 ηοω..

185 2601 326 2633 dandum
350 2601 481 2633 consilia
503 2612 562 2634 sua
584 2612 682 2644 super
703 2603 782 2634 istis.

292 2652 367 2684 Dat.
391 2651 444 2684 die
469 2652 559 2684 Lune
583 2653 682 2685 tercio
707 2653 866 2686 Octobris.

291 2715 354 2743 788.
381 2717 405 2749 ·)
424 2717 534 2743 multum
551 2717 592 2743 ed.
688 2717 713 2749 ι>)
731 2723 756 2744 et
775 2718 1030 2744 conferre—eodem
1051 2719 1196 2745 cancellata
1214 2720 1242 2744 n'n
1262 2729 1299 2746 or.
1393 2720 1417 2751 ο)
1436 2721 1509 2747 dnus
1521 2723 1644 2755 —pmti
1666 2729 1743 2753 cuper
1763 2721 1842 2745 rerba}

186 2760 295 2786 dilutum
314 2761 363 2786 fuit
381 2760 413 2786 ad
432 2761 578 2786 faciendum
597 2769 731 2792 processus
749 2761 838 2787 deleti·
857 2771 894 2787 or.

292 2815 319 2850 1)
340 2814 370 2841 F
369 2814 428 2842 inkc
447 2815 463 2842 1.
477 2822 499 2842 c.
519 2814 543 2849 I,
562 2819 612 2843 494
631 2818 741 2843 1192329.
