2124 3132
296 178 315 205 (5
702 173 919 200 TRACTATUS
943 172 989 198 DE
1012 171 1224 199 ELECTIONE.
1263 173 1336 199 1313.
1376 173 1424 200 Nr.
1437 174 1461 200 7.
1480 172 1504 199 8.
1523 173 1547 199 9.

295 261 453 301 religiosis
487 270 583 301 quam
618 259 815 291 secularibus
849 269 972 290 necnon
1007 258 1181 290 baronibus
1211 262 1244 290 et
1275 258 1438 289 nobilibus
1473 258 1727 299 quibuscumque
1762 268 1800 290 ac
1831 259 1953 290 civibus

295 312 460 343 civitatum
485 315 517 342 et
540 311 735 352 generaliter
756 311 868 341 incolis
892 310 1040 341 omnibus
1062 310 1154 350 regni
1169 310 1315 350 Boemie,
1340 310 1455 351 quibus
1474 313 1643 351 presentes
1660 309 1805 341 exhibite
1824 310 1952 352 fuerint,

294 363 444 394 fidelibus
468 364 532 394 suis
556 363 682 394 dilectis
747 363 889 404 graciam
913 372 1003 393 suam
1027 364 1060 393 et
1083 371 1177 392 omne
1202 360 1332 392 bonum.

404 414 483 445 Cum
507 417 639 455 propter
662 414 802 455 quedam
825 414 926 444 ardua
949 414 1085 454 negocia
1108 423 1190 444 nunc
1213 413 1447 453 incumbencia,
1472 423 1534 454 que
1557 423 1723 454 speramus
1746 412 1788 444 ad
1808 417 1952 446 nostrum

296 469 328 496 ct
355 466 455 506 ipsius
485 466 574 506 regni
604 466 703 496 nostri
725 465 861 496 Boemie
890 475 927 495 ac
958 465 1098 495 omnium
1128 464 1271 495 fidelium
1301 467 1482 495 nostrorum
1509 464 1663 495 honorem
1692 467 1725 495 et
1747 465 1952 497 commodum
1981 471 1997 491 δ

295 517 477 558 provenire,
509 516 549 547 ab
580 518 649 557 ipso
678 527 778 557 regno
809 516 922 547 abesse
951 515 993 546 ad
1022 519 1149 556 teinpus
1175 515 1307 556 aliquod
1330 526 1388 546 nos
1412 515 1590 556 contingat,
1622 526 1662 546 ne
1685 525 1744 557 per
1767 516 1950 548 absenciam

296 571 435 599 nostram
460 568 560 608 possit
583 569 682 608 ipsius
705 569 796 608 regni
818 567 940 598 turbari
964 570 1066 597 status
1088 567 1250 608 pacificus,
1275 567 1330 607 qui
1353 577 1411 607 per
1426 566 1489 598 Dei
1511 568 1655 608 graciam
1670 567 1836 609 hueusque
1851 569 1954 610 viguit

295 620 326 649 in
356 619 486 659 eodem⁷
517 620 674 650 mittimus
705 619 746 650 ad
775 629 831 649 vos
862 618 1075 649 reverendum
1106 619 1136 648 in
1167 618 1294 649 Christo
1325 621 1451 659 patrem
1482 618 1645 650 dominum
1677 619 1811 651 Petrum
1842 623 1952 653 sancte

295 671 548 711 Maguntinensis
577 671 663 701 sedis
691 670 971 711 archiepiscopum
1001 670 1082 700 sacri
1110 670 1238 711 imperii
1264 679 1323 710 per
1345 669 1553 701 Germaniam
1578 670 1896 704 archicancellarium
1920 676 1954 705 et

294 722 504 762 spectabilem
528 723 630 752 virum
654 721 844 752 Bertoldum
873 721 1023 751 comitem
1053 721 1092 751 de
1110 721 1361 752 Hennemberch
1385 722 1584 753 consiliarios
1606 726 1732 754 nostros
1755 723 1952 766 karissimos,
1973 733 1998 752 ιο

295 766 408 813 quibus
437 773 584 804 dedimus
614 777 647 804 et
674 773 787 804 damus
816 783 874 814 per
902 775 1069 814 presentes
1097 772 1276 813 plenariam
1300 775 1497 814 potestatem
1521 773 1694 814 tractandi,
1727 774 1896 808 ordinandi
1920 780 1953 810 et

295 824 484 865 disponendi
508 824 671 856 vobiscum
703 825 743 856 de
776 825 1023 855 conservacione
1051 825 1140 865 pacis
1169 825 1200 855 in
1229 825 1298 866 ipso
1327 835 1428 866 regno
1457 828 1489 856 et
1517 825 1557 856 de
1586 826 1673 857 omni
1701 826 1785 858 bono
1810 830 1844 859 et
1865 831 1951 860 tran-

295 876 393 916 quillo
432 879 516 907 statu
553 877 635 916 eius,
675 879 769 917 prout
804 876 850 907 eis
885 880 917 906 et
945 876 1035 906 vobis
1073 876 1189 907 melius
1215 876 1379 907 videbitur
1409 877 1575 918 expedire.
1622 877 1731 913 Quare
1761 878 1952 912 fidelitatem

294 931 433 958 vestram
458 931 582 959 attente
606 929 797 969 requirimus
827 931 860 958 et
882 927 1057 968 hortamur,
1082 927 1173 958 vobis
1195 928 1419 959 nichilominus
1441 929 1597 960 universis
1621 932 1654 961 et
1676 930 1809 972 singulis
1831 932 1952 963 seriose

293 979 502 1020 precipiendo
526 980 726 1019 mandantes,
752 980 899 1020 quatinus
922 980 954 1010 in
978 978 1039 1009 hiis
1063 979 1210 1011 omnibus
1234 979 1326 1011 dictis
1349 980 1592 1022 archiepiscopo
1613 984 1646 1012 et
1661 982 1770 1013 comiti
1786 985 1950 1025 tamquam
1971 993 1997 1012 1⁸

292 1030 384 1061 nobis
407 1031 541 1062 obedire
566 1034 598 1062 et
621 1031 788 1062 intendere
812 1030 978 1061 studeatis.

404 1082 524 1114 Datum
548 1083 580 1113 in
603 1082 786 1123 Herbipoli,
811 1082 919 1113 11.1d.
938 1081 1081 1123 Octobr„
1105 1093 1277 1124 regnorum
1300 1086 1481 1115 nostrorum
1505 1094 1588 1115 anno
1611 1086 1722 1117 tercio.

291 1273 441 1318 8-11.
477 1273 767 1320 SCRIPTA
796 1273 997 1320 DUCIS
1031 1273 1376 1320 SAXONIAE
1410 1276 1491 1321 ET
1519 1240 1951 1326 MARCH10NIS

750 1333 1491 1382 BRANDENBURGENSIS.

845 1421 954 1456 1313.
991 1420 1070 1456 Oct.
1098 1421 1319 1457 16.—Nov.
1345 1421 1401 1458 18.
1968 1440 2003 1462 ιο,

551 1513 585 1549 8.
623 1514 779 1548 Potestas
807 1514 954 1558 eliyendz·
981 1526 1002 1549 a
1030 1515 1114 1550 duce
1140 1514 1315 1550 Saxoniae
1342 1516 1438 1552 data.
1545 1516 1618 1552 Oct.
1638 1519 1694 1552 16.

400 1578 560 1619 Oriyinale
584 1579 657 1621 (or.)
682 1579 716 1610 in
734 1579 893 1611 tabulario
916 1581 1000 1620 reqio
1016 1579 1204 1612 Slesvicensi
1223 1581 1444 1621 ‘Herzoythum
1460 1582 1664 1623 Lauenburq’
1680 1593 1730 1615 nr.
1742 1585 1794 1616 40.
1833 1585 1951 1619 Contu-

289 1631 384 1662 lz'mus
398 1641 464 1663 nos,
502 1630 621 1662 Pendet
635 1630 774 1670 sigillum
790 1630 909 1663 laesum
925 1631 990 1663 loro
1005 1632 1247 1664 membranaceo.
1264 1651 1307 1655 —-
1322 1633 1386 1665 Ed.
1404 1633 1592 1673 Sadendorf
1603 1633 1805 1675 ‘Reqistrum'
1822 1636 1872 1675 II,
1885 1637 1950 1670 179

288 1694 337 1714 m·
356 1684 539 1772 HOBiiimigi,
565 1734 640 1774 Rey.
658 1734 771 1766 Ludw.
789 1745 826 1774 p.
846 1734 910 1765 308
933 1735 1166 1767 Reichssachen
1187 1746 1236 1767 nr.
1253 1736 1317 1767 341
1341 1736 1469 1776 (Addit.
1486 1736 1530 1775 I).
1966 1750 1999 1771 ss,

396 1811 598 1843 Reverendis
625 1812 656 1842 in
680 1811 807 1843 Christo
837 1812 981 1853 patribus
1009 1823 1046 1844 ac
1076 1813 1213 1844 dominis
1236 1813 1488 1855 archiepiscopis
1514 1824 1637 1846 necnon
1662 1815 1839 1848 illustribus
1861 1818 1949 1859 prin-

289 1864 413 1905 cipibus
445 1864 530 1905 regis
561 1863 730 1894 Alemanie
764 1863 958 1895 electoribus
1031 1864 1193 1896 Iohannes
1221 1864 1284 1896 Dei
1316 1866 1421 1907 gratia
1453 1865 1519 1897 dux
1550 1865 1706 1908 Saxonio,
1740 1867 1884 1910 Angarie
1916 1871 1950 1901 et

288 1915 461 1947 VVestfalie
528 1926 599 1946 cum
623 1915 743 1946 affectu
765 1915 891 1946 sincero
915 1919 1098 1958 promptam
1122 1916 1164 1948 ad
1187 1916 1392 1958 beneplacita
1414 1917 1623 1950 voluntatem.

397 1966 479 2002 Quia
514 1966 662 1997 obstante
697 1966 789 1997 nobis
820 1966 951 1998 defectu
981 1968 1094 1998 virium
1128 1968 1288 2009 corporali
1318 1978 1357 2000 ac
1389 1968 1581 2010 quibusdam
1616 1969 1724 2002 arduis
1757 1972 1861 2003 causis
1889 1983 1949 2014 pro

289 2018 476 2049 defensione
506 2022 590 2049 terre
618 2022 726 2049 nostre
756 2019 848 2050 nobis
878 2019 1137 2050 incumbentibus
1165 2019 1206 2051 ad
1234 2020 1427 2052 electionem
1451 2021 1602 2053 veniendi
1628 2022 1720 2054 nobis
1747 2022 1789 2054 ad
1816 2030 1950 2065 presens
1966 2035 2006 2055 ω»

289 2071 376 2111 optio
401 2081 463 2101 non
487 2071 630 2111 suppetit
653 2081 711 2101 nee
736 2070 887 2111 facultas,
913 2071 1029 2102 illustri
1053 2072 1188 2113 principi
1212 2072 1302 2103 fratri
1325 2076 1434 2104 nostro
1459 2073 1578 2105 dilecto
1603 2073 1733 2106 domino
1756 2073 1852 2107 Erico
1876 2074 1950 2107 duci

289 2121 428 2152 Saxonie
459 2122 520 2152 ista
547 2122 617 2152 vice
647 2121 788 2163 eligendi
817 2133 929 2163 regem
952 2122 1124 2154 Alemanie
1153 2123 1267 2155 damus
1298 2127 1331 2154 et
1359 2124 1565 2156 concedimus
1592 2125 1722 2167 plenam
1749 2136 1787 2158 ac
1812 2126 1949 2159 liberam

288 2176 492 2214 potestatem.
540 2172 675 2204 Gratum
708 2177 741 2205 et
768 2168 873 2205 ratum
904 2174 1063 2206 habentes
1092 2175 1249 2217 quidquid
1277 2185 1336 2217 per
1362 2176 1514 2208 eumdem
1540 2176 1674 2208 fratrem
1695 2181 1839 2210 nostrum
1863 2179 1949 2210 circa

289 2225 479 2255 electionem
517 2225 695 2265 predictam
731 2225 829 2256 fuerit
866 2226 1063 2266 ordinatum,
1102 2227 1169 2258 acsi
1201 2226 1322 2258 ibidem
1358 2227 1514 2259 exhibere
1548 2239 1716 2270 possemus
1750 2231 1949 2271 presentiam

288 2276 501 2316 personalem.
590 2277 627 2307 In
657 2278 746 2308 euius
774 2277 822 2308 rei
851 2277 1045 2309 evidentiam
1077 2289 1210 2320 presens
1238 2279 1391 2320 scriptum
1416 2279 1565 2311 dedimus
1588 2281 1685 2322 sigilli
1707 2282 1807 2313 nostri
1829 2281 1947 2314 robore
1965 2292 2003 2312 n.

287 2327 518 2368 consignatum.

393 2378 468 2409 Dat.
486 2378 605 2419 MoIne,
630 2390 712 2411 anno
728 2380 861 2412 Domini
877 2380 1093 2422 MCCGXIII,
1116 2382 1149 2412 in
1173 2381 1225 2413 die
1249 2382 1419 2415 beatorum
1443 2382 1529 2415 Galli
1553 2387 1587 2415 et
1606 2384 1691 2416 Lulli
1715 2384 1946 2417 confessorum.

553 2485 587 2521 9.
629 2486 716 2521 Unio
743 2487 832 2522 inter
859 2488 1090 2523 marchionem
1122 2491 1153 2523 et
1181 2489 1284 2524 duces
1305 2489 1424 2534 prior.
1532 2488 1604 2525 Oct.
1623 2490 1680 2525 31.

398 2549 559 2590 originale
581 2552 654 2592 (or.)
678 2552 792 2583 ibidem
819 2553 840 2584 Z.
857 2563 882 2584 c.
906 2563 956 2584 nr.
974 2553 1025 2585 42.
1072 2553 1310 2593 Descripsimvas
1334 2564 1401 2586 nos.
1451 2554 1599 2595 Siyillum
1626 2554 1840 2594 desideratur,
1869 2555 1947 2588 loris

286 2601 531 2633 membranaceis
552 2602 679 2635 relictis.
705 2622 744 2626 —
768 2604 831 2635 Ed.
856 2604 970 2636 Riedel
991 2605 1108 2638 ‘Codex
1129 2605 1362 2645 diplomaticus’
1385 2606 1417 2638 B
1438 2606 1468 2645 I,
1485 2607 1550 2638 349
1573 2617 1612 2638 ex
1634 2617 1679 2638 or.
1961 2619 2000 2638 ω.

395 2661 540 2700 Bo'hmer,
564 2661 638 2702 Req.
657 2663 769 2696 Ludw.
789 2674 822 2703 p.
839 2664 905 2694 412
929 2664 1162 2697 Reichssachen
1184 2675 1234 2697 nr.
1251 2666 1316 2697 390
1339 2666 1466 2707 (Addit.
1490 2667 1573 2706 ΙΙΙ).

394 2738 470 2769 Wie
487 2738 704 2781 Woldem(e1·)
730 2752 791 2772 von
815 2741 872 2773 der
896 2743 1025 2784 gnaden
1049 2743 1159 2775 Godes
1183 2754 1370 2786 maregreve
1394 2748 1429 2776 tu
1451 2744 1749 2788 Brand(enborch)‚
1778 2747 1812 2776 tu
1836 2745 1946 2777 Lusitz

286 2790 351 2821 und
376 2792 409 2821 tu
426 2790 637 2833 Landesberg
661 2792 831 2824 bekennen
854 2795 885 2825 in
910 2795 1020 2827 desem
1045 2795 1166 2836 brieve,
1190 2795 1246 2827 dat
1269 2797 1329 2827 wie
1353 2796 1483 2828 hebben
1505 2796 1749 2838 gedegedinget
1763 2807 1824 2828 von
1849 2808 1946 2829 unser
