<?xml version="1.0" encoding="UTF-8"?>
<!DOCTYPE html PUBLIC "-//W3C//DTD XHTML 1.0 Transitional//EN"
    "http://www.w3.org/TR/xhtml1/DTD/xhtml1-transitional.dtd">
<html xmlns="http://www.w3.org/1999/xhtml" xml:lang="en" lang="en">
 <head>
  <title>
</title>
<meta http-equiv="Content-Type" content="text/html;charset=utf-8" />
  <meta name='ocr-system' content='tesseract 3.04.00' />
  <meta name='ocr-capabilities' content='ocr_page ocr_carea ocr_par ocr_line ocrx_word'/>
</head>
<body>
  <div class='ocr_page' id='page_1' title='image "./monumentagerma05geseuoft_0602.png"; bbox 0 0 2184 3126; ppageno 0'>
   <div class='ocr_carea' id='block_1_1' title="bbox 329 229 1782 274">
    <p class='ocr_par' dir='ltr' id='par_1_1' title="bbox 329 229 1782 274">
     <span class='ocr_line' id='line_1_1' title="bbox 329 229 1782 274; baseline -0.012 -2"><span class='ocrx_word' id='word_1_1' title='bbox 329 244 390 274; x_wconf 86' lang='lat'>562</span> <span class='ocrx_word' id='word_1_2' title='bbox 527 238 622 265; x_wconf 81' lang='lat' dir='ltr'>ACTA</span> <span class='ocrx_word' id='word_1_3' title='bbox 641 237 754 264; x_wconf 82' lang='lat' dir='ltr'><strong>REGNI</strong></span> <span class='ocrx_word' id='word_1_4' title='bbox 772 234 955 263; x_wconf 85' lang='lat' dir='ltr'>LUDEWICI</span> <span class='ocrx_word' id='word_1_5' title='bbox 974 233 1020 260; x_wconf 87' lang='lat' dir='ltr'>IV.</span> <span class='ocrx_word' id='word_1_6' title='bbox 1039 232 1085 259; x_wconf 87' lang='lat' dir='ltr'>ET</span> <span class='ocrx_word' id='word_1_7' title='bbox 1103 231 1288 259; x_wconf 85' lang='lat' dir='ltr'>FRIDERICI</span> <span class='ocrx_word' id='word_1_8' title='bbox 1306 231 1355 257; x_wconf 93' lang='lat' dir='ltr'><strong>III.</strong></span> <span class='ocrx_word' id='word_1_9' title='bbox 1393 229 1468 257; x_wconf 83' lang='lat'><strong>1323.</strong></span> <span class='ocrx_word' id='word_1_10' title='bbox 1504 229 1553 256; x_wconf 87' lang='lat' dir='ltr'>Nr.</span> <span class='ocrx_word' id='word_1_11' title='bbox 1567 229 1625 257; x_wconf 86' lang='grc'>718.</span> <span class='ocrx_word' id='word_1_12' title='bbox 1645 229 1703 256; x_wconf 83' lang='grc'>719.</span> <span class='ocrx_word' id='word_1_13' title='bbox 1723 229 1782 257; x_wconf 83' lang='grc'><strong>720.</strong></span> 
     </span>
    </p>
   </div>
   <div class='ocr_carea' id='block_1_2' title="bbox 326 315 2021 622">
    <p class='ocr_par' dir='ltr' id='par_1_2' title="bbox 326 315 2021 622">
     <span class='ocr_line' id='line_1_2' title="bbox 327 315 1979 365; baseline -0.007 -7"><span class='ocrx_word' id='word_1_14' title='bbox 327 327 392 358; x_wconf 86' lang='lat' dir='ltr'>min</span> <span class='ocrx_word' id='word_1_15' title='bbox 414 326 508 358; x_wconf 88' lang='lat' dir='ltr'>herre</span> <span class='ocrx_word' id='word_1_16' title='bbox 531 324 632 365; x_wconf 88' lang='lat' dir='ltr'>kunig</span> <span class='ocrx_word' id='word_1_17' title='bbox 654 322 828 355; x_wconf 85' lang='lat' dir='ltr'>Ludewioh</span> <span class='ocrx_word' id='word_1_18' title='bbox 850 332 912 353; x_wconf 82' lang='lat' dir='ltr'>von</span> <span class='ocrx_word' id='word_1_19' title='bbox 935 320 1038 352; x_wconf 84' lang='lat' dir='ltr'><strong>Rome</strong></span> <span class='ocrx_word' id='word_1_20' title='bbox 1062 319 1123 350; x_wconf 92' lang='lat' dir='ltr'>mir</span> <span class='ocrx_word' id='word_1_21' title='bbox 1149 317 1205 349; x_wconf 88' lang='lat' dir='ltr'>hat</span> <span class='ocrx_word' id='word_1_22' title='bbox 1227 319 1375 359; x_wconf 86' lang='lat' dir='ltr'>gesezzet</span> <span class='ocrx_word' id='word_1_23' title='bbox 1397 315 1646 348; x_wconf 85' lang='lat' dir='ltr'>Kreuwelshein</span> <span class='ocrx_word' id='word_1_24' title='bbox 1669 315 1721 348; x_wconf 88' lang='lat' dir='ltr'>die</span> <span class='ocrx_word' id='word_1_25' title='bbox 1744 318 1809 347; x_wconf 85' lang='lat' dir='ltr'>stat</span> <span class='ocrx_word' id='word_1_26' title='bbox 1829 315 1895 347; x_wconf 89' lang='lat' dir='ltr'>und</span> <span class='ocrx_word' id='word_1_27' title='bbox 1919 315 1979 348; x_wconf 84' lang='lat' dir='ltr'>daz</span> 
     </span>
     <span class='ocr_line' id='line_1_3' title="bbox 328 366 1980 419; baseline -0.006 -10"><span class='ocrx_word' id='word_1_28' title='bbox 328 378 387 409; x_wconf 88' lang='lat' dir='ltr'>dar</span> <span class='ocrx_word' id='word_1_29' title='bbox 409 388 447 408; x_wconf 88' lang='lat' dir='ltr'>zu</span> <span class='ocrx_word' id='word_1_30' title='bbox 469 376 585 419; x_wconf 86' lang='lat' dir='ltr'>gehort</span> <span class='ocrx_word' id='word_1_31' title='bbox 607 375 657 406; x_wconf 89' lang='lat' dir='ltr'>fur</span> <span class='ocrx_word' id='word_1_32' title='bbox 680 377 787 406; x_wconf 86' lang='lat' dir='ltr'>tusent</span> <span class='ocrx_word' id='word_1_33' title='bbox 809 373 911 415; x_wconf 91' lang='lat' dir='ltr'>phunt</span> <span class='ocrx_word' id='word_1_34' title='bbox 932 371 1060 411; x_wconf 85' lang='lat' dir='ltr'>Haller,</span> <span class='ocrx_word' id='word_1_35' title='bbox 1088 379 1155 401; x_wconf 85' lang='lat' dir='ltr'>wer</span> <span class='ocrx_word' id='word_1_36' title='bbox 1184 368 1244 400; x_wconf 86' lang='lat' dir='ltr'>daz</span> <span class='ocrx_word' id='word_1_37' title='bbox 1272 368 1331 399; x_wconf 83' lang='lat' dir='ltr'>daz</span> <span class='ocrx_word' id='word_1_38' title='bbox 1360 367 1418 399; x_wconf 90' lang='lat' dir='ltr'>der</span> <span class='ocrx_word' id='word_1_39' title='bbox 1445 369 1645 408; x_wconf 81' lang='lat' dir='ltr'>vorgenante</span> <span class='ocrx_word' id='word_1_40' title='bbox 1669 366 1736 398; x_wconf 90' lang='lat' dir='ltr'>min</span> <span class='ocrx_word' id='word_1_41' title='bbox 1758 366 1854 399; x_wconf 84' lang='lat' dir='ltr'>herre</span> <span class='ocrx_word' id='word_1_42' title='bbox 1876 367 1980 409; x_wconf 87' lang='lat' dir='ltr'>kunig</span> 
     </span>
     <span class='ocr_line' id='line_1_4' title="bbox 327 417 1978 470; baseline -0.007 -9"><span class='ocrx_word' id='word_1_43' title='bbox 327 428 512 470; x_wconf 84' lang='lat' dir='ltr'>Lud(ewig)</span> <span class='ocrx_word' id='word_1_44' title='bbox 539 438 602 458; x_wconf 89' lang='lat' dir='ltr'>von</span> <span class='ocrx_word' id='word_1_45' title='bbox 623 426 728 457; x_wconf 86' lang='lat' dir='ltr'>Rome</span> <span class='ocrx_word' id='word_1_46' title='bbox 756 425 816 456; x_wconf 88' lang='lat' dir='ltr'>abe</span> <span class='ocrx_word' id='word_1_47' title='bbox 846 424 961 466; x_wconf 86' lang='lat' dir='ltr'>gienge</span> <span class='ocrx_word' id='word_1_48' title='bbox 990 421 1069 454; x_wconf 88' lang='lat' dir='ltr'>oder</span> <span class='ocrx_word' id='word_1_49' title='bbox 1091 430 1232 461; x_wconf 86' lang='lat' dir='ltr'>enwere,</span> <span class='ocrx_word' id='word_1_50' title='bbox 1263 419 1322 450; x_wconf 89' lang='lat' dir='ltr'>daz</span> <span class='ocrx_word' id='word_1_51' title='bbox 1346 418 1412 450; x_wconf 81' lang='lat' dir='ltr'>Got</span> <span class='ocrx_word' id='word_1_52' title='bbox 1439 418 1535 460; x_wconf 81' lang='lat' dir='ltr'>lange</span> <span class='ocrx_word' id='word_1_53' title='bbox 1565 417 1725 459; x_wconf 86' lang='lat' dir='ltr'>verbiete,</span> <span class='ocrx_word' id='word_1_54' title='bbox 1757 417 1816 450; x_wconf 80' lang='lat' dir='ltr'>daz</span> <span class='ocrx_word' id='word_1_55' title='bbox 1845 418 1898 450; x_wconf 86' lang='lat' dir='ltr'>ich</span> <span class='ocrx_word' id='word_1_56' title='bbox 1925 418 1978 451; x_wconf 89' lang='lat' dir='ltr'>die</span> 
     </span>
     <span class='ocr_line' id='line_1_5' title="bbox 327 469 1978 512; baseline -0.005 -1"><span class='ocrx_word' id='word_1_57' title='bbox 327 479 438 511; x_wconf 80' lang='lat' dir='ltr'>selben</span> <span class='ocrx_word' id='word_1_58' title='bbox 462 477 533 510; x_wconf 87' lang='lat' dir='ltr'>stad</span> <span class='ocrx_word' id='word_1_59' title='bbox 556 487 592 509; x_wconf 89' lang='lat' dir='ltr'>ze</span> <span class='ocrx_word' id='word_1_60' title='bbox 610 475 849 508; x_wconf 82' lang='lat' dir='ltr'>Oreuwelshein</span> <span class='ocrx_word' id='word_1_61' title='bbox 865 474 929 505; x_wconf 92' lang='lat' dir='ltr'>und</span> <span class='ocrx_word' id='word_1_62' title='bbox 953 473 1011 504; x_wconf 83' lang='lat' dir='ltr'>daz</span> <span class='ocrx_word' id='word_1_63' title='bbox 1035 472 1092 503; x_wconf 85' lang='lat' dir='ltr'>dar</span> <span class='ocrx_word' id='word_1_64' title='bbox 1114 481 1153 502; x_wconf 92' lang='lat' dir='ltr'>zu</span> <span class='ocrx_word' id='word_1_65' title='bbox 1167 470 1242 502; x_wconf 89' lang='lat' dir='ltr'>hort</span> <span class='ocrx_word' id='word_1_66' title='bbox 1257 470 1347 501; x_wconf 81' lang='lat' dir='ltr'>sinen</span> <span class='ocrx_word' id='word_1_67' title='bbox 1367 469 1488 501; x_wconf 87' lang='lat' dir='ltr'>kinden</span> <span class='ocrx_word' id='word_1_68' title='bbox 1503 469 1606 501; x_wconf 86' lang='lat' dir='ltr'><strong>wider</strong></span> <span class='ocrx_word' id='word_1_69' title='bbox 1627 469 1677 501; x_wconf 93' lang='lat' dir='ltr'>sol</span> <span class='ocrx_word' id='word_1_70' title='bbox 1698 469 1805 512; x_wconf 85' lang='lat' dir='ltr'>geben</span> <span class='ocrx_word' id='word_1_71' title='bbox 1827 480 1863 502; x_wconf 85' lang='lat' dir='ltr'>ze</span> <span class='ocrx_word' id='word_1_72' title='bbox 1886 470 1978 502; x_wconf 90' lang='lat' dir='ltr'>losen</span> 
     </span>
     <span class='ocr_line' id='line_1_6' title="bbox 326 520 2021 570; baseline -0.005 -8"><span class='ocrx_word' id='word_1_73' title='bbox 326 541 380 562; x_wconf 90' lang='lat' dir='ltr'>um</span> <span class='ocrx_word' id='word_1_74' title='bbox 403 532 509 561; x_wconf 88' lang='lat' dir='ltr'>tusent</span> <span class='ocrx_word' id='word_1_75' title='bbox 524 528 625 570; x_wconf 91' lang='lat' dir='ltr'>phunt</span> <span class='ocrx_word' id='word_1_76' title='bbox 640 526 754 558; x_wconf 85' lang='lat' dir='ltr'>Haller</span> <span class='ocrx_word' id='word_1_77' title='bbox 768 524 974 567; x_wconf 87' lang='lat' dir='ltr'>ungeverlich</span> <span class='ocrx_word' id='word_1_78' title='bbox 997 523 1049 555; x_wconf 88' lang='lat' dir='ltr'>ich</span> <span class='ocrx_word' id='word_1_79' title='bbox 1073 522 1152 554; x_wconf 88' lang='lat' dir='ltr'>oder</span> <span class='ocrx_word' id='word_1_80' title='bbox 1173 522 1238 553; x_wconf 90' lang='lat' dir='ltr'>min</span> <span class='ocrx_word' id='word_1_81' title='bbox 1256 521 1364 552; x_wconf 87' lang='lat' dir='ltr'>erben.</span> <span class='ocrx_word' id='word_1_82' title='bbox 1442 520 1517 552; x_wconf 86' lang='lat' dir='ltr'>Und</span> <span class='ocrx_word' id='word_1_83' title='bbox 1540 520 1600 552; x_wconf 86' lang='lat' dir='ltr'>dar</span> <span class='ocrx_word' id='word_1_84' title='bbox 1620 520 1703 552; x_wconf 88' lang='lat' dir='ltr'>uber</span> <span class='ocrx_word' id='word_1_85' title='bbox 1725 521 1780 563; x_wconf 85' lang='lat' dir='ltr'>gib</span> <span class='ocrx_word' id='word_1_86' title='bbox 1803 521 1856 553; x_wconf 90' lang='lat' dir='ltr'>ich</span> <span class='ocrx_word' id='word_1_87' title='bbox 1878 523 1977 554; x_wconf 90' lang='lat' dir='ltr'>mime</span> <span class='ocrx_word' id='word_1_88' title='bbox 2007 534 2021 554; x_wconf 64' lang='grc' dir='ltr'><strong><em>ε</em></strong></span> 
     </span>
     <span class='ocr_line' id='line_1_7' title="bbox 328 571 1979 622; baseline -0.004 -9"><span class='ocrx_word' id='word_1_89' title='bbox 328 583 546 622; x_wconf 86' lang='lat' dir='ltr'>vorgenanten</span> <span class='ocrx_word' id='word_1_90' title='bbox 569 579 684 610; x_wconf 89' lang='lat' dir='ltr'>herren</span> <span class='ocrx_word' id='word_1_91' title='bbox 707 577 808 618; x_wconf 88' lang='lat' dir='ltr'>kunig</span> <span class='ocrx_word' id='word_1_92' title='bbox 830 574 1014 616; x_wconf 86' lang='lat' dir='ltr'>Lud(ewig)</span> <span class='ocrx_word' id='word_1_93' title='bbox 1038 584 1101 605; x_wconf 88' lang='lat' dir='ltr'>von</span> <span class='ocrx_word' id='word_1_94' title='bbox 1122 573 1228 604; x_wconf 84' lang='lat' dir='ltr'><strong>Rome</strong></span> <span class='ocrx_word' id='word_1_95' title='bbox 1256 571 1322 603; x_wconf 90' lang='lat' dir='ltr'>und</span> <span class='ocrx_word' id='word_1_96' title='bbox 1345 572 1435 604; x_wconf 91' lang='lat' dir='ltr'>sinen</span> <span class='ocrx_word' id='word_1_97' title='bbox 1458 571 1579 604; x_wconf 88' lang='lat' dir='ltr'>kinden</span> <span class='ocrx_word' id='word_1_98' title='bbox 1604 572 1695 604; x_wconf 86' lang='lat' dir='ltr'>disen</span> <span class='ocrx_word' id='word_1_99' title='bbox 1718 572 1805 605; x_wconf 81' lang='lat' dir='ltr'>brief</span> <span class='ocrx_word' id='word_1_100' title='bbox 1823 574 1979 615; x_wconf 83' lang='lat' dir='ltr'>versigelt</span> 
     </span>
    </p>
   </div>
   <div class='ocr_carea' id='block_1_3' title="bbox 326 626 1979 722">
    <p class='ocr_par' dir='ltr' id='par_1_3' title="bbox 326 626 1979 722">
     <span class='ocr_line' id='line_1_8' title="bbox 326 626 987 668; baseline -0.009 -5"><span class='ocrx_word' id='word_1_101' title='bbox 326 643 364 663; x_wconf 88' lang='lat' dir='ltr'>zu</span> <span class='ocrx_word' id='word_1_102' title='bbox 388 632 471 663; x_wconf 90' lang='lat' dir='ltr'>eime</span> <span class='ocrx_word' id='word_1_103' title='bbox 494 629 639 662; x_wconf 87' lang='lat' dir='ltr'>urkunde</span> <span class='ocrx_word' id='word_1_104' title='bbox 663 629 721 660; x_wconf 91' lang='lat' dir='ltr'>mit</span> <span class='ocrx_word' id='word_1_105' title='bbox 743 628 839 659; x_wconf 91' lang='lat' dir='ltr'>mime</span> <span class='ocrx_word' id='word_1_106' title='bbox 863 626 987 668; x_wconf 89' lang='lat' dir='ltr'>insigel.</span> 
     </span>
     <span class='ocr_line' id='line_1_9' title="bbox 432 673 1979 722; baseline -0.003 -9"><span class='ocrx_word' id='word_1_107' title='bbox 432 682 500 713; x_wconf 89' lang='lat' dir='ltr'>Der</span> <span class='ocrx_word' id='word_1_108' title='bbox 522 684 602 712; x_wconf 85' lang='lat' dir='ltr'><strong>wart</strong></span> <span class='ocrx_word' id='word_1_109' title='bbox 624 680 730 722; x_wconf 89' lang='lat' dir='ltr'>geben</span> <span class='ocrx_word' id='word_1_110' title='bbox 753 690 789 711; x_wconf 88' lang='lat' dir='ltr'>ze</span> <span class='ocrx_word' id='word_1_111' title='bbox 812 677 1018 719; x_wconf 70' lang='lat' dir='ltr'>Numnberg,</span> <span class='ocrx_word' id='word_1_112' title='bbox 1050 676 1091 707; x_wconf 91' lang='lat' dir='ltr'>do</span> <span class='ocrx_word' id='word_1_113' title='bbox 1120 686 1195 707; x_wconf 85' lang='lat' dir='ltr'>man</span> <span class='ocrx_word' id='word_1_114' title='bbox 1227 675 1290 706; x_wconf 87' lang='lat' dir='ltr'>zalt</span> <span class='ocrx_word' id='word_1_115' title='bbox 1319 674 1401 706; x_wconf 89' lang='lat' dir='ltr'>nach</span> <span class='ocrx_word' id='word_1_116' title='bbox 1425 673 1506 706; x_wconf 82' lang='lat' dir='ltr'>Gots</span> <span class='ocrx_word' id='word_1_117' title='bbox 1533 675 1652 717; x_wconf 88' lang='lat' dir='ltr'>geburt</span> <span class='ocrx_word' id='word_1_118' title='bbox 1674 675 1979 708; x_wconf 84' lang='lat' dir='ltr'>druzehenhundert</span> 
     </span>
    </p>
   </div>
   <div class='ocr_carea' id='block_1_4' title="bbox 323 726 2022 826">
    <p class='ocr_par' dir='ltr' id='par_1_4' title="bbox 323 726 2022 826">
     <span class='ocr_line' id='line_1_10' title="bbox 323 726 1977 774; baseline -0.003 -10"><span class='ocrx_word' id='word_1_119' title='bbox 323 734 375 774; x_wconf 84' lang='lat' dir='ltr'>jar</span> <span class='ocrx_word' id='word_1_120' title='bbox 397 733 454 764; x_wconf 87' lang='lat' dir='ltr'>dar</span> <span class='ocrx_word' id='word_1_121' title='bbox 476 732 557 763; x_wconf 84' lang='lat' dir='ltr'>nach</span> <span class='ocrx_word' id='word_1_122' title='bbox 580 733 611 762; x_wconf 90' lang='lat' dir='ltr'>in</span> <span class='ocrx_word' id='word_1_123' title='bbox 635 731 709 763; x_wconf 89' lang='lat' dir='ltr'>dem</span> <span class='ocrx_word' id='word_1_124' title='bbox 733 729 1175 769; x_wconf 88' lang='lat' dir='ltr'>drittenundzweinzigestem</span> <span class='ocrx_word' id='word_1_125' title='bbox 1195 728 1257 768; x_wconf 83' lang='lat' dir='ltr'>jar,</span> <span class='ocrx_word' id='word_1_126' title='bbox 1285 737 1325 758; x_wconf 88' lang='lat' dir='ltr'>an</span> <span class='ocrx_word' id='word_1_127' title='bbox 1349 726 1408 758; x_wconf 87' lang='lat' dir='ltr'>der</span> <span class='ocrx_word' id='word_1_128' title='bbox 1430 726 1648 759; x_wconf 85' lang='lat' dir='ltr'>Mitewuchen</span> <span class='ocrx_word' id='word_1_129' title='bbox 1670 727 1753 759; x_wconf 82' lang='lat' dir='ltr'>nach</span> <span class='ocrx_word' id='word_1_130' title='bbox 1775 730 1867 759; x_wconf 88' lang='lat' dir='ltr'>sante</span> <span class='ocrx_word' id='word_1_131' title='bbox 1883 727 1977 760; x_wconf 82' lang='lat' dir='ltr'>Wal-</span> 
     </span>
     <span class='ocr_line' id='line_1_11' title="bbox 325 787 2022 826; baseline -0.002 -11"><span class='ocrx_word' id='word_1_132' title='bbox 325 795 406 826; x_wconf 88' lang='lat' dir='ltr'>purg</span> <span class='ocrx_word' id='word_1_133' title='bbox 429 787 514 825; x_wconf 85' lang='lat' dir='ltr'>tage.</span> <span class='ocrx_word' id='word_1_134' title='bbox 1996 791 2022 811; x_wconf 86' lang='grc' dir='ltr'>ιο</span> 
     </span>
    </p>
   </div>
   <div class='ocr_carea' id='block_1_5' title="bbox 381 942 1918 1049">
    <p class='ocr_par' dir='ltr' id='par_1_5' title="bbox 381 942 1918 1049">
     <span class='ocr_line' id='line_1_12' title="bbox 381 942 1918 985; baseline -0.002 -1"><span class='ocrx_word' id='word_1_135' title='bbox 381 949 454 985; x_wconf 82' lang='lat'><strong>719.</strong></span> <span class='ocrx_word' id='word_1_136' title='bbox 488 946 790 984; x_wconf 86' lang='lat' dir='ltr'>PROMISSIO</span> <span class='ocrx_word' id='word_1_137' title='bbox 814 944 1004 982; x_wconf 86' lang='lat' dir='ltr'>ELECTI</span> <span class='ocrx_word' id='word_1_138' title='bbox 1026 942 1468 981; x_wconf 85' lang='lat' dir='ltr'><strong>HERBIPOLENSIS</strong></span> <span class='ocrx_word' id='word_1_139' title='bbox 1491 943 1596 981; x_wconf 88' lang='lat' dir='ltr'>PRO</span> <span class='ocrx_word' id='word_1_140' title='bbox 1619 942 1918 982; x_wconf 82' lang='lat' dir='ltr'>LUDEWIGO.</span> 
     </span>
     <span class='ocr_line' id='line_1_13' title="bbox 994 1011 1298 1049; baseline 0 -1"><span class='ocrx_word' id='word_1_141' title='bbox 994 1013 1101 1049; x_wconf 89' lang='lat'><strong>1323.</strong></span> <span class='ocrx_word' id='word_1_142' title='bbox 1138 1013 1216 1048; x_wconf 83' lang='lat' dir='ltr'>lan.</span> <span class='ocrx_word' id='word_1_143' title='bbox 1238 1011 1298 1048; x_wconf 88' lang='lat'>21.</span> 
     </span>
    </p>
   </div>
   <div class='ocr_carea' id='block_1_6' title="bbox 325 1101 2020 1242">
    <p class='ocr_par' dir='ltr' id='par_1_6' title="bbox 325 1101 2020 1242">
     <span class='ocr_line' id='line_1_14' title="bbox 436 1101 1978 1148; baseline -0.002 -10"><span class='ocrx_word' id='word_1_144' title='bbox 436 1106 595 1147; x_wconf 70' lang='lat' dir='ltr'>Oriqinale</span> <span class='ocrx_word' id='word_1_145' title='bbox 622 1105 696 1148; x_wconf 88' lang='lat' dir='ltr'>(or.)</span> <span class='ocrx_word' id='word_1_146' title='bbox 723 1106 759 1137; x_wconf 74' lang='lat' dir='ltr'>‘in</span> <span class='ocrx_word' id='word_1_147' title='bbox 786 1104 943 1137; x_wconf 82' lang='lat' dir='ltr'>tabulario</span> <span class='ocrx_word' id='word_1_148' title='bbox 969 1107 1083 1136; x_wconf 83' lang='lat' dir='ltr'>secreto</span> <span class='ocrx_word' id='word_1_149' title='bbox 1114 1104 1225 1136; x_wconf 85' lang='lat' dir='ltr'>domus</span> <span class='ocrx_word' id='word_1_150' title='bbox 1254 1104 1359 1144; x_wconf 76' lang='lat' dir='ltr'>reyiae</span> <span class='ocrx_word' id='word_1_151' title='bbox 1380 1103 1584 1135; x_wconf 83' lang='lat' dir='ltr'>Bawaricae.</span> <span class='ocrx_word' id='word_1_152' title='bbox 1632 1103 1773 1136; x_wconf 75' lang='lat' dir='ltr'>Contulit</span> <span class='ocrx_word' id='word_1_153' title='bbox 1795 1101 1839 1135; x_wconf 89' lang='lat' dir='ltr'>H.</span> <span class='ocrx_word' id='word_1_154' title='bbox 1863 1102 1978 1135; x_wconf 79' lang='lat' dir='ltr'>Herre.</span> 
     </span>
     <span class='ocr_line' id='line_1_15' title="bbox 326 1154 1979 1198; baseline -0.002 -8"><span class='ocrx_word' id='word_1_155' title='bbox 326 1159 446 1191; x_wconf 77' lang='lat' dir='ltr'>Pendet</span> <span class='ocrx_word' id='word_1_156' title='bbox 467 1157 605 1198; x_wconf 78' lang='lat' dir='ltr'>siyillnm</span> <span class='ocrx_word' id='word_1_157' title='bbox 620 1167 740 1197; x_wconf 78' lang='lat' dir='ltr'>parum</span> <span class='ocrx_word' id='word_1_158' title='bbox 756 1157 874 1188; x_wconf 84' lang='lat' dir='ltr'>laesum</span> <span class='ocrx_word' id='word_1_159' title='bbox 898 1156 962 1188; x_wconf 82' lang='lat' dir='ltr'>loro</span> <span class='ocrx_word' id='word_1_160' title='bbox 976 1156 1220 1188; x_wconf 84' lang='lat' dir='ltr'>membranaceo.</span> <span class='ocrx_word' id='word_1_161' title='bbox 1244 1174 1286 1178; x_wconf 97' lang='lat'><strong>—</strong></span> <span class='ocrx_word' id='word_1_162' title='bbox 1308 1155 1372 1187; x_wconf 82' lang='lat' dir='ltr'>Ed.</span> <span class='ocrx_word' id='word_1_163' title='bbox 1389 1154 1515 1187; x_wconf 72' lang='lat' dir='ltr'>Riezler</span> <span class='ocrx_word' id='word_1_164' title='bbox 1537 1154 1788 1196; x_wconf 77' lang='lat' dir='ltr'>‘Forschunyen&#39;</span> <span class='ocrx_word' id='word_1_165' title='bbox 1811 1154 1891 1194; x_wconf 89' lang='lat' dir='ltr'>XX,</span> <span class='ocrx_word' id='word_1_166' title='bbox 1912 1155 1979 1186; x_wconf 80' lang='lat'>247</span> 
     </span>
     <span class='ocr_line' id='line_1_16' title="bbox 325 1210 2020 1242; baseline -0.001 0"><span class='ocrx_word' id='word_1_167' title='bbox 325 1221 375 1242; x_wconf 83' lang='lat' dir='ltr'>nr.</span> <span class='ocrx_word' id='word_1_168' title='bbox 390 1210 431 1242; x_wconf 78' lang='lat'>21</span> <span class='ocrx_word' id='word_1_169' title='bbox 455 1220 493 1241; x_wconf 77' lang='lat' dir='ltr'>ex</span> <span class='ocrx_word' id='word_1_170' title='bbox 516 1220 560 1241; x_wconf 87' lang='lat' dir='ltr'>or.</span> <span class='ocrx_word' id='word_1_171' title='bbox 1995 1221 2020 1241; x_wconf 66' lang='grc' dir='ltr'>ιε</span> 
     </span>
    </p>
   </div>
   <div class='ocr_carea' id='block_1_7' title="bbox 436 1266 1977 1308">
    <p class='ocr_par' dir='ltr' id='par_1_7' title="bbox 436 1266 1977 1308">
     <span class='ocr_line' id='line_1_17' title="bbox 436 1266 1977 1308; baseline -0.002 -7"><span class='ocrx_word' id='word_1_172' title='bbox 436 1269 483 1307; x_wconf 85' lang='lat' dir='ltr'>Cf.</span> <span class='ocrx_word' id='word_1_173' title='bbox 500 1267 765 1308; x_wconf 76' lang='lat' dir='ltr'>confirmationem</span> <span class='ocrx_word' id='word_1_174' title='bbox 779 1267 861 1308; x_wconf 72' lang='lat' dir='ltr'>reglis</span> <span class='ocrx_word' id='word_1_175' title='bbox 880 1278 908 1299; x_wconf 88' lang='lat' dir='ltr'>a.</span> <span class='ocrx_word' id='word_1_176' title='bbox 925 1267 1020 1300; x_wconf 76' lang='lat'><strong>1323.</strong></span> <span class='ocrx_word' id='word_1_177' title='bbox 1037 1267 1115 1299; x_wconf 89' lang='lat' dir='ltr'>Nov.</span> <span class='ocrx_word' id='word_1_178' title='bbox 1133 1268 1184 1299; x_wconf 83' lang='lat'>18.</span> <span class='ocrx_word' id='word_1_179' title='bbox 1201 1267 1329 1306; x_wconf 62' lang='lat' dir='ltr'>datam</span> <span class='ocrx_word' id='word_1_180' title='bbox 1351 1266 1499 1306; x_wconf 78' lang='lat' dir='ltr'>Bb’hmer,</span> <span class='ocrx_word' id='word_1_181' title='bbox 1515 1266 1592 1308; x_wconf 76' lang='lat' dir='ltr'>Rey.</span> <span class='ocrx_word' id='word_1_182' title='bbox 1607 1266 1721 1299; x_wconf 76' lang='lat' dir='ltr'><strong>Dudw.</strong></span> <span class='ocrx_word' id='word_1_183' title='bbox 1734 1276 1768 1307; x_wconf 79' lang='lat' dir='ltr'>p.</span> <span class='ocrx_word' id='word_1_184' title='bbox 1780 1267 1824 1298; x_wconf 80' lang='lat'>38</span> <span class='ocrx_word' id='word_1_185' title='bbox 1837 1277 1889 1299; x_wconf 84' lang='lat' dir='ltr'>nr.</span> <span class='ocrx_word' id='word_1_186' title='bbox 1904 1267 1977 1298; x_wconf 89' lang='grc'><em>661.</em></span> 
     </span>
    </p>
   </div>
   <div class='ocr_carea' id='block_1_8' title="bbox 324 1352 2024 2064">
    <p class='ocr_par' dir='ltr' id='par_1_8' title="bbox 324 1352 2022 2015">
     <span class='ocr_line' id='line_1_18' title="bbox 424 1352 1978 1398; baseline -0.001 -12"><span class='ocrx_word' id='word_1_187' title='bbox 424 1354 498 1398; x_wconf 17' lang='lat' dir='ltr'>‘Nos</span> <span class='ocrx_word' id='word_1_188' title='bbox 514 1353 711 1385; x_wconf 81' lang='lat' dir='ltr'>Wolframus</span> <span class='ocrx_word' id='word_1_189' title='bbox 734 1353 797 1385; x_wconf 92' lang='lat' dir='ltr'>Dei</span> <span class='ocrx_word' id='word_1_190' title='bbox 819 1354 928 1395; x_wconf 80' lang='lat' dir='ltr'>gracia</span> <span class='ocrx_word' id='word_1_191' title='bbox 952 1353 1074 1385; x_wconf 90' lang='lat' dir='ltr'>electus</span> <span class='ocrx_word' id='word_1_192' title='bbox 1098 1356 1131 1385; x_wconf 89' lang='lat' dir='ltr'>et</span> <span class='ocrx_word' id='word_1_193' title='bbox 1154 1353 1359 1385; x_wconf 84' lang='lat' dir='ltr'>confirmatus</span> <span class='ocrx_word' id='word_1_194' title='bbox 1381 1352 1519 1385; x_wconf 81' lang='lat' dir='ltr'>ecclesie</span> <span class='ocrx_word' id='word_1_195' title='bbox 1534 1352 1782 1395; x_wconf 86' lang='lat' dir='ltr'>Herbipolensis</span> <span class='ocrx_word' id='word_1_196' title='bbox 1805 1362 1978 1395; x_wconf 84' lang='lat' dir='ltr'>recognos-</span> 
     </span>
     <span class='ocr_line' id='line_1_19' title="bbox 326 1403 1980 1447; baseline -0.001 -10"><span class='ocrx_word' id='word_1_197' title='bbox 326 1406 426 1437; x_wconf 84' lang='lat' dir='ltr'>cimus</span> <span class='ocrx_word' id='word_1_198' title='bbox 450 1409 482 1437; x_wconf 88' lang='lat' dir='ltr'>et</span> <span class='ocrx_word' id='word_1_199' title='bbox 504 1408 614 1437; x_wconf 88' lang='lat' dir='ltr'>tenore</span> <span class='ocrx_word' id='word_1_200' title='bbox 631 1405 828 1446; x_wconf 89' lang='lat' dir='ltr'>presentium</span> <span class='ocrx_word' id='word_1_201' title='bbox 851 1404 1049 1446; x_wconf 89' lang='lat' dir='ltr'>confitemur,</span> <span class='ocrx_word' id='word_1_202' title='bbox 1074 1404 1161 1446; x_wconf 90' lang='lat' dir='ltr'>quod</span> <span class='ocrx_word' id='word_1_203' title='bbox 1184 1405 1260 1447; x_wconf 79' lang='lat' dir='ltr'>quia</span> <span class='ocrx_word' id='word_1_204' title='bbox 1283 1404 1504 1437; x_wconf 90' lang='lat' dir='ltr'>serenissimus</span> <span class='ocrx_word' id='word_1_205' title='bbox 1527 1404 1676 1436; x_wconf 90' lang='lat' dir='ltr'>dominus</span> <span class='ocrx_word' id='word_1_206' title='bbox 1697 1407 1808 1437; x_wconf 87' lang='lat' dir='ltr'>noster</span> <span class='ocrx_word' id='word_1_207' title='bbox 1831 1403 1980 1436; x_wconf 88' lang='lat' dir='ltr'>dominus</span> 
     </span>
     <span class='ocr_line' id='line_1_20' title="bbox 325 1455 1978 1498; baseline -0.001 -9"><span class='ocrx_word' id='word_1_208' title='bbox 325 1457 516 1489; x_wconf 88' lang='lat' dir='ltr'>Ludowicus</span> <span class='ocrx_word' id='word_1_209' title='bbox 531 1457 750 1488; x_wconf 83' lang='lat' dir='ltr'>Romanorum</span> <span class='ocrx_word' id='word_1_210' title='bbox 773 1466 831 1487; x_wconf 88' lang='lat' dir='ltr'>rex</span> <span class='ocrx_word' id='word_1_211' title='bbox 847 1466 975 1497; x_wconf 90' lang='lat' dir='ltr'>semper</span> <span class='ocrx_word' id='word_1_212' title='bbox 991 1459 1147 1497; x_wconf 86' lang='lat' dir='ltr'>augustus</span> <span class='ocrx_word' id='word_1_213' title='bbox 1169 1456 1203 1487; x_wconf 89' lang='lat' dir='ltr'>in</span> <span class='ocrx_word' id='word_1_214' title='bbox 1226 1455 1403 1488; x_wconf 83' lang='lat' dir='ltr'>collacione</span> <span class='ocrx_word' id='word_1_215' title='bbox 1421 1455 1591 1488; x_wconf 85' lang='lat' dir='ltr'>feodorum</span> <span class='ocrx_word' id='word_1_216' title='bbox 1606 1458 1799 1497; x_wconf 88' lang='lat' dir='ltr'>nostrorum,</span> <span class='ocrx_word' id='word_1_217' title='bbox 1823 1466 1886 1498; x_wconf 87' lang='lat' dir='ltr'>que</span> <span class='ocrx_word' id='word_1_218' title='bbox 1909 1456 1978 1488; x_wconf 79' lang='lat' dir='ltr'>iure</span> 
     </span>
     <span class='ocr_line' id='line_1_21' title="bbox 326 1506 2022 1549; baseline 0 -9"><span class='ocrx_word' id='word_1_219' title='bbox 326 1509 461 1540; x_wconf 84' lang='lat' dir='ltr'>ecclesie</span> <span class='ocrx_word' id='word_1_220' title='bbox 483 1511 590 1539; x_wconf 90' lang='lat' dir='ltr'>nostre</span> <span class='ocrx_word' id='word_1_221' title='bbox 614 1507 758 1549; x_wconf 85' lang='lat' dir='ltr'>predicte</span> <span class='ocrx_word' id='word_1_222' title='bbox 781 1507 822 1539; x_wconf 86' lang='lat' dir='ltr'>ab</span> <span class='ocrx_word' id='word_1_223' title='bbox 847 1507 962 1539; x_wconf 89' lang='lat' dir='ltr'>eodem</span> <span class='ocrx_word' id='word_1_224' title='bbox 985 1508 1181 1549; x_wconf 80' lang='lat' dir='ltr'>recepimus,</span> <span class='ocrx_word' id='word_1_225' title='bbox 1210 1507 1303 1540; x_wconf 86' lang='lat' dir='ltr'>nobis</span> <span class='ocrx_word' id='word_1_226' title='bbox 1327 1507 1404 1540; x_wconf 82' lang='lat' dir='ltr'>fecit</span> <span class='ocrx_word' id='word_1_227' title='bbox 1426 1507 1510 1539; x_wconf 88' lang='lat' dir='ltr'>adeo</span> <span class='ocrx_word' id='word_1_228' title='bbox 1533 1508 1696 1549; x_wconf 79' lang='lat' dir='ltr'>graciose,</span> <span class='ocrx_word' id='word_1_229' title='bbox 1724 1506 1812 1549; x_wconf 87' lang='lat' dir='ltr'>quod</span> <span class='ocrx_word' id='word_1_230' title='bbox 1833 1517 1892 1539; x_wconf 90' lang='lat' dir='ltr'>nos</span> <span class='ocrx_word' id='word_1_231' title='bbox 1915 1506 1977 1539; x_wconf 91' lang='lat' dir='ltr'>sibi</span> <span class='ocrx_word' id='word_1_232' title='bbox 1995 1519 2022 1540; x_wconf 69' lang='grc' dir='ltr'>ω</span> 
     </span>
     <span class='ocr_line' id='line_1_22' title="bbox 325 1558 1980 1602; baseline -0.001 -11"><span class='ocrx_word' id='word_1_233' title='bbox 325 1563 511 1601; x_wconf 90' lang='lat' dir='ltr'>reputamus</span> <span class='ocrx_word' id='word_1_234' title='bbox 538 1570 580 1590; x_wconf 89' lang='lat' dir='ltr'>ex</span> <span class='ocrx_word' id='word_1_235' title='bbox 608 1558 717 1590; x_wconf 88' lang='lat' dir='ltr'>debito</span> <span class='ocrx_word' id='word_1_236' title='bbox 748 1558 790 1590; x_wconf 86' lang='lat' dir='ltr'>ad</span> <span class='ocrx_word' id='word_1_237' title='bbox 818 1569 946 1591; x_wconf 91' lang='lat' dir='ltr'>omnem</span> <span class='ocrx_word' id='word_1_238' title='bbox 977 1559 1208 1601; x_wconf 83' lang='lat' dir='ltr'>gratitudinem</span> <span class='ocrx_word' id='word_1_239' title='bbox 1232 1559 1408 1602; x_wconf 83' lang='lat' dir='ltr'>obligatos,</span> <span class='ocrx_word' id='word_1_240' title='bbox 1435 1558 1521 1590; x_wconf 92' lang='lat' dir='ltr'>illius</span> <span class='ocrx_word' id='word_1_241' title='bbox 1548 1562 1702 1601; x_wconf 86' lang='lat' dir='ltr'>pretextu</span> <span class='ocrx_word' id='word_1_242' title='bbox 1724 1569 1762 1590; x_wconf 83' lang='lat' dir='ltr'>ac</span> <span class='ocrx_word' id='word_1_243' title='bbox 1788 1558 1876 1601; x_wconf 89' lang='lat' dir='ltr'>quod</span> <span class='ocrx_word' id='word_1_244' title='bbox 1898 1558 1980 1590; x_wconf 80' lang='lat' dir='ltr'>alias</span> 
     </span>
     <span class='ocr_line' id='line_1_23' title="bbox 325 1610 1979 1652; baseline 0 -10"><span class='ocrx_word' id='word_1_245' title='bbox 325 1613 488 1652; x_wconf 83' lang='lat' dir='ltr'>tamquam</span> <span class='ocrx_word' id='word_1_246' title='bbox 510 1611 659 1652; x_wconf 86' lang='lat' dir='ltr'>princeps</span> <span class='ocrx_word' id='word_1_247' title='bbox 682 1620 756 1641; x_wconf 88' lang='lat' dir='ltr'>suus</span> <span class='ocrx_word' id='word_1_248' title='bbox 780 1614 813 1642; x_wconf 89' lang='lat' dir='ltr'>et</span> <span class='ocrx_word' id='word_1_249' title='bbox 834 1610 962 1652; x_wconf 90' lang='lat' dir='ltr'>imperii</span> <span class='ocrx_word' id='word_1_250' title='bbox 986 1610 1093 1642; x_wconf 88' lang='lat' dir='ltr'>eidem</span> <span class='ocrx_word' id='word_1_251' title='bbox 1117 1611 1323 1652; x_wconf 78' lang='lat' dir='ltr'>astringimur</span> <span class='ocrx_word' id='word_1_252' title='bbox 1345 1610 1388 1643; x_wconf 84' lang='lat' dir='ltr'>ad</span> <span class='ocrx_word' id='word_1_253' title='bbox 1411 1621 1540 1643; x_wconf 89' lang='lat' dir='ltr'>omnem</span> <span class='ocrx_word' id='word_1_254' title='bbox 1563 1610 1662 1642; x_wconf 89' lang='lat' dir='ltr'>fidem</span> <span class='ocrx_word' id='word_1_255' title='bbox 1685 1613 1719 1642; x_wconf 90' lang='lat' dir='ltr'>et</span> <span class='ocrx_word' id='word_1_256' title='bbox 1742 1610 1897 1652; x_wconf 78' lang='lat' dir='ltr'>obsequia</span> <span class='ocrx_word' id='word_1_257' title='bbox 1920 1620 1979 1642; x_wconf 88' lang='lat' dir='ltr'>ex-</span> 
     </span>
     <span class='ocr_line' id='line_1_24' title="bbox 325 1661 1979 1704; baseline 0 -11"><span class='ocrx_word' id='word_1_258' title='bbox 325 1661 482 1701; x_wconf 84' lang='lat' dir='ltr'>hibenda,</span> <span class='ocrx_word' id='word_1_259' title='bbox 511 1662 725 1703; x_wconf 84' lang='lat' dir='ltr'>promittimus</span> <span class='ocrx_word' id='word_1_260' title='bbox 754 1662 816 1703; x_wconf 90' lang='lat' dir='ltr'>ipsi</span> <span class='ocrx_word' id='word_1_261' title='bbox 837 1672 896 1693; x_wconf 92' lang='lat' dir='ltr'>nos</span> <span class='ocrx_word' id='word_1_262' title='bbox 918 1662 951 1693; x_wconf 91' lang='lat' dir='ltr'>in</span> <span class='ocrx_word' id='word_1_263' title='bbox 973 1661 1035 1693; x_wconf 89' lang='lat' dir='ltr'>hiis</span> <span class='ocrx_word' id='word_1_264' title='bbox 1058 1662 1185 1704; x_wconf 88' lang='lat' dir='ltr'>scriptis</span> <span class='ocrx_word' id='word_1_265' title='bbox 1208 1662 1456 1694; x_wconf 89' lang='lat' dir='ltr'>nichilhominus</span> <span class='ocrx_word' id='word_1_266' title='bbox 1478 1661 1669 1704; x_wconf 86' lang='lat' dir='ltr'>obligando,</span> <span class='ocrx_word' id='word_1_267' title='bbox 1699 1661 1786 1704; x_wconf 92' lang='lat' dir='ltr'>quod</span> <span class='ocrx_word' id='word_1_268' title='bbox 1809 1661 1870 1693; x_wconf 89' lang='lat' dir='ltr'>sibi</span> <span class='ocrx_word' id='word_1_269' title='bbox 1893 1664 1979 1693; x_wconf 80' lang='lat' dir='ltr'>asta-</span> 
     </span>
     <span class='ocr_line' id='line_1_25' title="bbox 325 1712 1978 1756; baseline 0 -12"><span class='ocrx_word' id='word_1_270' title='bbox 325 1712 430 1744; x_wconf 87' lang='lat' dir='ltr'>bimus</span> <span class='ocrx_word' id='word_1_271' title='bbox 453 1715 485 1745; x_wconf 90' lang='lat' dir='ltr'>et</span> <span class='ocrx_word' id='word_1_272' title='bbox 508 1713 734 1745; x_wconf 87' lang='lat' dir='ltr'>adherebimus</span> <span class='ocrx_word' id='word_1_273' title='bbox 756 1713 926 1755; x_wconf 89' lang='lat' dir='ltr'>ipsumque</span> <span class='ocrx_word' id='word_1_274' title='bbox 949 1713 1131 1745; x_wconf 85' lang='lat' dir='ltr'>iuvabimus</span> <span class='ocrx_word' id='word_1_275' title='bbox 1154 1716 1267 1745; x_wconf 77' lang='lat' dir='ltr'>contra</span> <span class='ocrx_word' id='word_1_276' title='bbox 1289 1724 1419 1746; x_wconf 92' lang='lat' dir='ltr'>omnem</span> <span class='ocrx_word' id='word_1_277' title='bbox 1441 1713 1606 1746; x_wconf 89' lang='lat' dir='ltr'>hominem</span> <span class='ocrx_word' id='word_1_278' title='bbox 1629 1724 1768 1756; x_wconf 88' lang='lat' dir='ltr'>suosque</span> <span class='ocrx_word' id='word_1_279' title='bbox 1795 1716 1828 1745; x_wconf 87' lang='lat' dir='ltr'>et</span> <span class='ocrx_word' id='word_1_280' title='bbox 1850 1713 1978 1755; x_wconf 87' lang='lat' dir='ltr'>imperii</span> 
     </span>
     <span class='ocr_line' id='line_1_26' title="bbox 326 1764 2021 1807; baseline 0 -11"><span class='ocrx_word' id='word_1_281' title='bbox 326 1764 524 1797; x_wconf 86' lang='lat' dir='ltr'>adversarios</span> <span class='ocrx_word' id='word_1_282' title='bbox 547 1767 579 1796; x_wconf 89' lang='lat' dir='ltr'>et</span> <span class='ocrx_word' id='word_1_283' title='bbox 602 1764 741 1796; x_wconf 85' lang='lat' dir='ltr'>rebelles</span> <span class='ocrx_word' id='word_1_284' title='bbox 765 1764 926 1806; x_wconf 88' lang='lat' dir='ltr'>quoslibet</span> <span class='ocrx_word' id='word_1_285' title='bbox 948 1765 991 1797; x_wconf 82' lang='lat' dir='ltr'>ad</span> <span class='ocrx_word' id='word_1_286' title='bbox 1013 1767 1162 1807; x_wconf 82' lang='lat' dir='ltr'>tempora</span> <span class='ocrx_word' id='word_1_287' title='bbox 1184 1765 1250 1797; x_wconf 83' lang='lat' dir='ltr'>vite</span> <span class='ocrx_word' id='word_1_288' title='bbox 1273 1768 1392 1798; x_wconf 86' lang='lat' dir='ltr'>nostre.</span> <span class='ocrx_word' id='word_1_289' title='bbox 1436 1764 1480 1797; x_wconf 77' lang='lat' dir='ltr'>Et</span> <span class='ocrx_word' id='word_1_290' title='bbox 1501 1765 1688 1807; x_wconf 83' lang='lat' dir='ltr'>specialiter</span> <span class='ocrx_word' id='word_1_291' title='bbox 1705 1766 1921 1807; x_wconf 81' lang='lat' dir='ltr'>promittimus</span> <span class='ocrx_word' id='word_1_292' title='bbox 1944 1768 1979 1797; x_wconf 82' lang='lat' dir='ltr'>et</span> <span class='ocrx_word' id='word_1_293' title='bbox 1997 1776 2021 1796; x_wconf 71' lang='lat'>25</span> 
     </span>
     <span class='ocr_line' id='line_1_27' title="bbox 326 1815 1978 1858; baseline 0.002 -12"><span class='ocrx_word' id='word_1_294' title='bbox 326 1815 518 1857; x_wconf 88' lang='lat' dir='ltr'>spondemus</span> <span class='ocrx_word' id='word_1_295' title='bbox 546 1816 577 1847; x_wconf 90' lang='lat' dir='ltr'>in</span> <span class='ocrx_word' id='word_1_296' title='bbox 605 1818 707 1847; x_wconf 83' lang='lat' dir='ltr'>estate</span> <span class='ocrx_word' id='word_1_297' title='bbox 736 1819 870 1847; x_wconf 84' lang='lat' dir='ltr'>ventura</span> <span class='ocrx_word' id='word_1_298' title='bbox 898 1817 1046 1858; x_wconf 85' lang='lat' dir='ltr'>proxime</span> <span class='ocrx_word' id='word_1_299' title='bbox 1074 1820 1130 1848; x_wconf 87' lang='lat' dir='ltr'>aut</span> <span class='ocrx_word' id='word_1_300' title='bbox 1157 1816 1333 1849; x_wconf 85' lang='lat' dir='ltr'>inmediate</span> <span class='ocrx_word' id='word_1_301' title='bbox 1362 1817 1511 1858; x_wconf 84' lang='lat' dir='ltr'>sequenti</span> <span class='ocrx_word' id='word_1_302' title='bbox 1533 1816 1587 1848; x_wconf 87' lang='lat' dir='ltr'>vel</span> <span class='ocrx_word' id='word_1_303' title='bbox 1613 1816 1677 1848; x_wconf 85' lang='lat' dir='ltr'>alia</span> <span class='ocrx_word' id='word_1_304' title='bbox 1707 1826 1804 1858; x_wconf 80' lang='lat' dir='ltr'>quam</span> <span class='ocrx_word' id='word_1_305' title='bbox 1827 1817 1978 1850; x_wconf 84' lang='lat' dir='ltr'>maluerit</span> 
     </span>
     <span class='ocr_line' id='line_1_28' title="bbox 326 1864 1977 1910; baseline 0.001 -12"><span class='ocrx_word' id='word_1_306' title='bbox 326 1866 532 1908; x_wconf 87' lang='lat' dir='ltr'>subsequenti</span> <span class='ocrx_word' id='word_1_307' title='bbox 555 1867 660 1899; x_wconf 91' lang='lat' dir='ltr'>eidem</span> <span class='ocrx_word' id='word_1_308' title='bbox 684 1867 819 1909; x_wconf 86' lang='lat' dir='ltr'>obsequi</span> <span class='ocrx_word' id='word_1_309' title='bbox 842 1871 875 1899; x_wconf 87' lang='lat' dir='ltr'>et</span> <span class='ocrx_word' id='word_1_310' title='bbox 897 1868 1028 1909; x_wconf 89' lang='lat' dir='ltr'>servire,</span> <span class='ocrx_word' id='word_1_311' title='bbox 1059 1870 1156 1910; x_wconf 90' lang='lat' dir='ltr'>prout</span> <span class='ocrx_word' id='word_1_312' title='bbox 1185 1868 1246 1900; x_wconf 89' lang='lat' dir='ltr'>sibi</span> <span class='ocrx_word' id='word_1_313' title='bbox 1268 1871 1303 1900; x_wconf 87' lang='lat' dir='ltr'>et</span> <span class='ocrx_word' id='word_1_314' title='bbox 1323 1864 1469 1910; x_wconf 66' lang='lat' dir='ltr'>imperio&#39;</span> <span class='ocrx_word' id='word_1_315' title='bbox 1485 1868 1565 1900; x_wconf 89' lang='lat' dir='ltr'>utile</span> <span class='ocrx_word' id='word_1_316' title='bbox 1590 1872 1624 1900; x_wconf 86' lang='lat' dir='ltr'>et</span> <span class='ocrx_word' id='word_1_317' title='bbox 1645 1867 1738 1900; x_wconf 91' lang='lat' dir='ltr'>nobis</span> <span class='ocrx_word' id='word_1_318' title='bbox 1762 1867 1880 1900; x_wconf 90' lang='lat' dir='ltr'>decens</span> <span class='ocrx_word' id='word_1_319' title='bbox 1903 1879 1977 1910; x_wconf 90' lang='lat' dir='ltr'>per-</span> 
     </span>
     <span class='ocr_line' id='line_1_29' title="bbox 324 1919 1977 1962; baseline 0.001 -13"><span class='ocrx_word' id='word_1_320' title='bbox 324 1919 534 1960; x_wconf 80' lang='lat' dir='ltr'>spexerimus,</span> <span class='ocrx_word' id='word_1_321' title='bbox 557 1919 588 1949; x_wconf 92' lang='lat' dir='ltr'>in</span> <span class='ocrx_word' id='word_1_322' title='bbox 611 1929 749 1960; x_wconf 87' lang='lat' dir='ltr'>persona</span> <span class='ocrx_word' id='word_1_323' title='bbox 771 1920 902 1961; x_wconf 87' lang='lat' dir='ltr'>propria</span> <span class='ocrx_word' id='word_1_324' title='bbox 925 1930 999 1951; x_wconf 91' lang='lat' dir='ltr'>cum</span> <span class='ocrx_word' id='word_1_325' title='bbox 1022 1920 1164 1952; x_wconf 83' lang='lat' dir='ltr'>armatis.</span> <span class='ocrx_word' id='word_1_326' title='bbox 1252 1920 1292 1952; x_wconf 93' lang='lat' dir='ltr'>In</span> <span class='ocrx_word' id='word_1_327' title='bbox 1315 1921 1404 1952; x_wconf 87' lang='lat' dir='ltr'>cuius</span> <span class='ocrx_word' id='word_1_328' title='bbox 1426 1920 1475 1952; x_wconf 89' lang='lat' dir='ltr'>rei</span> <span class='ocrx_word' id='word_1_329' title='bbox 1496 1919 1716 1951; x_wconf 90' lang='lat' dir='ltr'>testimonium</span> <span class='ocrx_word' id='word_1_330' title='bbox 1738 1919 1800 1951; x_wconf 91' lang='lat' dir='ltr'>hoc</span> <span class='ocrx_word' id='word_1_331' title='bbox 1823 1921 1977 1962; x_wconf 87' lang='lat' dir='ltr'>scriptum</span> 
     </span>
     <span class='ocr_line' id='line_1_30' title="bbox 327 1968 1739 2015; baseline 0.001 -14"><span class='ocrx_word' id='word_1_332' title='bbox 327 1970 451 2011; x_wconf 82' lang='lat' dir='ltr'>prefato</span> <span class='ocrx_word' id='word_1_333' title='bbox 475 1969 603 2001; x_wconf 92' lang='lat' dir='ltr'>domino</span> <span class='ocrx_word' id='word_1_334' title='bbox 627 1973 734 2002; x_wconf 89' lang='lat' dir='ltr'>nostro</span> <span class='ocrx_word' id='word_1_335' title='bbox 758 1971 828 2012; x_wconf 89' lang='lat' dir='ltr'>regi</span> <span class='ocrx_word' id='word_1_336' title='bbox 851 1971 948 2013; x_wconf 89' lang='lat' dir='ltr'>sigilli</span> <span class='ocrx_word' id='word_1_337' title='bbox 970 1973 1071 2003; x_wconf 85' lang='lat' dir='ltr'>nostri</span> <span class='ocrx_word' id='word_1_338' title='bbox 1094 1971 1272 2014; x_wconf 77' lang='lat' dir='ltr'>patrocinio</span> <span class='ocrx_word' id='word_1_339' title='bbox 1297 1971 1482 2015; x_wconf 85' lang='lat' dir='ltr'>diligentius</span> <span class='ocrx_word' id='word_1_340' title='bbox 1505 1968 1739 2014; x_wconf 82' lang='lat' dir='ltr'>consignatum.</span> 
     </span>
    </p>

    <p class='ocr_par' dir='ltr' id='par_1_9' title="bbox 431 2020 2024 2064">
     <span class='ocr_line' id='line_1_31' title="bbox 431 2020 2024 2064; baseline 0.001 -12"><span class='ocrx_word' id='word_1_341' title='bbox 431 2021 506 2053; x_wconf 85' lang='lat' dir='ltr'>Dat.</span> <span class='ocrx_word' id='word_1_342' title='bbox 521 2020 708 2063; x_wconf 86' lang='lat' dir='ltr'>Ratispone,</span> <span class='ocrx_word' id='word_1_343' title='bbox 732 2032 815 2054; x_wconf 84' lang='lat' dir='ltr'>anno</span> <span class='ocrx_word' id='word_1_344' title='bbox 833 2023 965 2054; x_wconf 92' lang='lat' dir='ltr'>Domini</span> <span class='ocrx_word' id='word_1_345' title='bbox 981 2023 1152 2055; x_wconf 89' lang='lat' dir='ltr'>millesimo</span> <span class='ocrx_word' id='word_1_346' title='bbox 1169 2024 1396 2056; x_wconf 87' lang='lat' dir='ltr'>trecentesimo</span> <span class='ocrx_word' id='word_1_347' title='bbox 1419 2022 1548 2064; x_wconf 89' lang='lat' dir='ltr'>XXIII,</span> <span class='ocrx_word' id='word_1_348' title='bbox 1571 2023 1647 2055; x_wconf 92' lang='lat' dir='ltr'>XII.</span> <span class='ocrx_word' id='word_1_349' title='bbox 1663 2022 1780 2055; x_wconf 87' lang='lat' dir='ltr'>Kalen.</span> <span class='ocrx_word' id='word_1_350' title='bbox 1797 2021 1977 2055; x_wconf 83' lang='lat' dir='ltr'>Februarii.</span> <span class='ocrx_word' id='word_1_351' title='bbox 1998 2034 2024 2054; x_wconf 71' lang='lat' dir='ltr'>no</span> 
     </span>
    </p>
   </div>
   <div class='ocr_carea' id='block_1_9' title="bbox 572 2204 1725 2328">
    <p class='ocr_par' dir='ltr' id='par_1_10' title="bbox 572 2204 1725 2328">
     <span class='ocr_line' id='line_1_32' title="bbox 572 2204 1725 2260; baseline 0.003 -3"><span class='ocrx_word' id='word_1_352' title='bbox 572 2221 646 2257; x_wconf 82' lang='lat'>720.</span> <span class='ocrx_word' id='word_1_353' title='bbox 679 2221 949 2260; x_wconf 86' lang='lat' dir='ltr'>LUDEWICI</span> <span class='ocrx_word' id='word_1_354' title='bbox 977 2204 1251 2260; x_wconf 81' lang='lat' dir='ltr'>SCRIPTUM</span> <span class='ocrx_word' id='word_1_355' title='bbox 1279 2223 1337 2259; x_wconf 88' lang='lat' dir='ltr'>IN</span> <span class='ocrx_word' id='word_1_356' title='bbox 1345 2222 1657 2260; x_wconf 85' lang='lat' dir='ltr'><strong>FEUDATION</strong></span> <span class='ocrx_word' id='word_1_357' title='bbox 1662 2222 1725 2260; x_wconf 86' lang='lat' dir='ltr'>IS.</span> 
     </span>
     <span class='ocr_line' id='line_1_33' title="bbox 997 2291 1308 2328; baseline -0.003 0"><span class='ocrx_word' id='word_1_358' title='bbox 997 2291 1106 2328; x_wconf 88' lang='lat'><strong>1323.</strong></span> <span class='ocrx_word' id='word_1_359' title='bbox 1147 2291 1226 2328; x_wconf 86' lang='lat' dir='ltr'>Ian.</span> <span class='ocrx_word' id='word_1_360' title='bbox 1247 2291 1308 2327; x_wconf 89' lang='lat'>22.</span> 
     </span>
    </p>
   </div>
   <div class='ocr_carea' id='block_1_10' title="bbox 330 2363 1978 2475">
    <p class='ocr_par' dir='ltr' id='par_1_11' title="bbox 330 2363 1978 2475">
     <span class='ocr_line' id='line_1_34' title="bbox 439 2363 1978 2424; baseline 0.005 -16"><span class='ocrx_word' id='word_1_361' title='bbox 439 2377 597 2418; x_wconf 61' lang='lat' dir='ltr'>originale</span> <span class='ocrx_word' id='word_1_362' title='bbox 621 2379 693 2421; x_wconf 89' lang='lat' dir='ltr'>(or.)</span> <span class='ocrx_word' id='word_1_363' title='bbox 717 2381 752 2412; x_wconf 77' lang='lat' dir='ltr'>in</span> <span class='ocrx_word' id='word_1_364' title='bbox 774 2381 933 2415; x_wconf 77' lang='lat' dir='ltr'>tabulario</span> <span class='ocrx_word' id='word_1_365' title='bbox 951 2383 1133 2416; x_wconf 68' lang='lat' dir='ltr'>Greiziano.</span> <span class='ocrx_word' id='word_1_366' title='bbox 1171 2383 1292 2415; x_wconf 78' lang='lat' dir='ltr'>Pendet</span> <span class='ocrx_word' id='word_1_367' title='bbox 1314 2382 1453 2424; x_wconf 66' lang='lat' dir='ltr'>sigillum</span> <span class='ocrx_word' id='word_1_368' title='bbox 1475 2382 1603 2415; x_wconf 77' lang='lat' dir='ltr'>laesum.</span> <span class='ocrx_word' id='word_1_369' title='bbox 1632 2402 1666 2406; x_wconf 97' lang='lat'><strong>—</strong></span> <span class='ocrx_word' id='word_1_370' title='bbox 1693 2383 1756 2415; x_wconf 82' lang='lat' dir='ltr'>Ed.</span> <span class='ocrx_word' id='word_1_371' title='bbox 1774 2363 1978 2416; x_wconf 65' lang='lat' dir='ltr'>‘Urkunden-</span> 
     </span>
     <span class='ocr_line' id='line_1_35' title="bbox 330 2427 1745 2475; baseline 0.007 -18"><span class='ocrx_word' id='word_1_372' title='bbox 330 2427 408 2458; x_wconf 81' lang='lat' dir='ltr'>buch</span> <span class='ocrx_word' id='word_1_373' title='bbox 430 2428 484 2459; x_wconf 85' lang='lat' dir='ltr'>der</span> <span class='ocrx_word' id='word_1_374' title='bbox 506 2429 596 2470; x_wconf 64' lang='lat' dir='ltr'>bete</span> <span class='ocrx_word' id='word_1_375' title='bbox 617 2440 676 2462; x_wconf 83' lang='lat' dir='ltr'>von</span> <span class='ocrx_word' id='word_1_376' title='bbox 698 2430 808 2463; x_wconf 79' lang='lat' dir='ltr'>Weida</span> <span class='ocrx_word' id='word_1_377' title='bbox 830 2434 895 2465; x_wconf 65' lang='lat' dir='ltr'>etc!</span> <span class='ocrx_word' id='word_1_378' title='bbox 918 2435 946 2472; x_wconf 84' lang='lat' dir='ltr'>I,</span> <span class='ocrx_word' id='word_1_379' title='bbox 968 2435 1032 2466; x_wconf 83' lang='lat'>255</span> <span class='ocrx_word' id='word_1_380' title='bbox 1055 2446 1104 2467; x_wconf 89' lang='lat' dir='ltr'>nr.</span> <span class='ocrx_word' id='word_1_381' title='bbox 1123 2436 1185 2467; x_wconf 81' lang='lat'>529</span> <span class='ocrx_word' id='word_1_382' title='bbox 1208 2445 1248 2467; x_wconf 77' lang='lat' dir='ltr'>ex</span> <span class='ocrx_word' id='word_1_383' title='bbox 1270 2446 1315 2467; x_wconf 88' lang='lat' dir='ltr'>or.</span> <span class='ocrx_word' id='word_1_384' title='bbox 1361 2434 1544 2467; x_wconf 83' lang='lat' dir='ltr'>Editionem</span> <span class='ocrx_word' id='word_1_385' title='bbox 1566 2435 1745 2475; x_wconf 78' lang='lat' dir='ltr'>repetimus.</span> 
     </span>
    </p>
   </div>
   <div class='ocr_carea' id='block_1_11' title="bbox 437 2487 2021 2591">
    <p class='ocr_par' dir='ltr' id='par_1_12' title="bbox 437 2487 2021 2591">
     <span class='ocr_line' id='line_1_36' title="bbox 437 2487 2021 2532; baseline 0.013 -14"><span class='ocrx_word' id='word_1_386' title='bbox 437 2487 579 2526; x_wconf 78' lang='lat' dir='ltr'>Bo‘hmer,</span> <span class='ocrx_word' id='word_1_387' title='bbox 602 2489 675 2530; x_wconf 74' lang='lat' dir='ltr'>Rey.</span> <span class='ocrx_word' id='word_1_388' title='bbox 693 2491 803 2523; x_wconf 85' lang='lat' dir='ltr'>Ludw.</span> <span class='ocrx_word' id='word_1_389' title='bbox 812 2503 847 2532; x_wconf 77' lang='lat' dir='ltr'>p.</span> <span class='ocrx_word' id='word_1_390' title='bbox 865 2494 906 2524; x_wconf 87' lang='grc'>31</span> <span class='ocrx_word' id='word_1_391' title='bbox 928 2505 977 2526; x_wconf 87' lang='lat' dir='ltr'>nr.</span> <span class='ocrx_word' id='word_1_392' title='bbox 996 2495 1067 2526; x_wconf 80' lang='lat'>528.</span> <span class='ocrx_word' id='word_1_393' title='bbox 1996 2506 2021 2526; x_wconf 71' lang='lat'>⁸⁵</span> 
     </span>
     <span class='ocr_line' id='line_1_37' title="bbox 441 2547 1397 2591; baseline 0.008 -14"><span class='ocrx_word' id='word_1_394' title='bbox 441 2547 489 2585; x_wconf 85' lang='lat' dir='ltr'>Cs.</span> <span class='ocrx_word' id='word_1_395' title='bbox 512 2547 595 2579; x_wconf 73' lang='lat' dir='ltr'>alias</span> <span class='ocrx_word' id='word_1_396' title='bbox 617 2549 850 2591; x_wconf 77' lang='lat' dir='ltr'>infeudationes</span> <span class='ocrx_word' id='word_1_397' title='bbox 872 2553 1010 2586; x_wconf 75' lang='lat' dir='ltr'>Biihmer</span> <span class='ocrx_word' id='word_1_398' title='bbox 1033 2555 1052 2586; x_wconf 81' lang='lat' dir='ltr'>l.</span> <span class='ocrx_word' id='word_1_399' title='bbox 1070 2566 1095 2588; x_wconf 89' lang='lat' dir='ltr'>c.</span> <span class='ocrx_word' id='word_1_400' title='bbox 1118 2565 1168 2586; x_wconf 88' lang='lat' dir='ltr'>nr.</span> <span class='ocrx_word' id='word_1_401' title='bbox 1185 2554 1250 2587; x_wconf 83' lang='lat'>529</span> <span class='ocrx_word' id='word_1_402' title='bbox 1272 2557 1302 2587; x_wconf 82' lang='lat' dir='ltr'>et</span> <span class='ocrx_word' id='word_1_403' title='bbox 1324 2555 1397 2586; x_wconf 86' lang='lat'>530.</span> 
     </span>
    </p>
   </div>
   <div class='ocr_carea' id='block_1_12' title="bbox 332 2631 2022 2888">
    <p class='ocr_par' dir='ltr' id='par_1_13' title="bbox 332 2631 2022 2888">
     <span class='ocr_line' id='line_1_38' title="bbox 440 2631 1979 2684; baseline 0.008 -22"><span class='ocrx_word' id='word_1_404' title='bbox 440 2631 506 2663; x_wconf 87' lang='lat' dir='ltr'>Nos</span> <span class='ocrx_word' id='word_1_405' title='bbox 529 2633 717 2666; x_wconf 89' lang='lat' dir='ltr'>Ludowicus</span> <span class='ocrx_word' id='word_1_406' title='bbox 744 2636 806 2668; x_wconf 92' lang='lat' dir='ltr'>Dei</span> <span class='ocrx_word' id='word_1_407' title='bbox 835 2640 939 2679; x_wconf 83' lang='lat' dir='ltr'>gratia</span> <span class='ocrx_word' id='word_1_408' title='bbox 961 2639 1181 2672; x_wconf 80' lang='lat' dir='ltr'>Romanorum</span> <span class='ocrx_word' id='word_1_409' title='bbox 1211 2651 1270 2673; x_wconf 85' lang='lat' dir='ltr'>rex</span> <span class='ocrx_word' id='word_1_410' title='bbox 1298 2651 1428 2682; x_wconf 85' lang='lat' dir='ltr'>semper</span> <span class='ocrx_word' id='word_1_411' title='bbox 1457 2643 1611 2683; x_wconf 87' lang='lat' dir='ltr'>augustus</span> <span class='ocrx_word' id='word_1_412' title='bbox 1641 2645 1753 2674; x_wconf 89' lang='lat' dir='ltr'>tenore</span> <span class='ocrx_word' id='word_1_413' title='bbox 1780 2642 1979 2684; x_wconf 83' lang='lat' dir='ltr'>presentium</span> 
     </span>
     <span class='ocr_line' id='line_1_39' title="bbox 332 2682 1978 2735; baseline 0.009 -23"><span class='ocrx_word' id='word_1_414' title='bbox 332 2682 530 2723; x_wconf 85' lang='lat' dir='ltr'>confitemur,</span> <span class='ocrx_word' id='word_1_415' title='bbox 553 2695 610 2716; x_wconf 91' lang='lat' dir='ltr'>nos</span> <span class='ocrx_word' id='word_1_416' title='bbox 632 2686 730 2718; x_wconf 90' lang='lat' dir='ltr'>nobili</span> <span class='ocrx_word' id='word_1_417' title='bbox 750 2688 816 2720; x_wconf 89' lang='lat' dir='ltr'>viro</span> <span class='ocrx_word' id='word_1_418' title='bbox 832 2689 974 2722; x_wconf 84' lang='lat' dir='ltr'>Henrico</span> <span class='ocrx_word' id='word_1_419' title='bbox 990 2692 1106 2724; x_wconf 87' lang='lat' dir='ltr'>iuniori</span> <span class='ocrx_word' id='word_1_420' title='bbox 1122 2692 1281 2724; x_wconf 86' lang='lat' dir='ltr'>advocato</span> <span class='ocrx_word' id='word_1_421' title='bbox 1305 2692 1345 2724; x_wconf 89' lang='lat' dir='ltr'>de</span> <span class='ocrx_word' id='word_1_422' title='bbox 1362 2692 1495 2724; x_wconf 86' lang='lat' dir='ltr'>Plawen</span> <span class='ocrx_word' id='word_1_423' title='bbox 1519 2692 1606 2725; x_wconf 87' lang='lat' dir='ltr'>dicto</span> <span class='ocrx_word' id='word_1_424' title='bbox 1622 2693 1740 2735; x_wconf 80' lang='lat' dir='ltr'>Riizze,</span> <span class='ocrx_word' id='word_1_425' title='bbox 1763 2693 1854 2726; x_wconf 87' lang='lat' dir='ltr'>fideli</span> <span class='ocrx_word' id='word_1_426' title='bbox 1869 2696 1978 2726; x_wconf 84' lang='lat' dir='ltr'>nostro</span> 
     </span>
     <span class='ocr_line' id='line_1_40' title="bbox 332 2732 1979 2788; baseline 0.009 -25"><span class='ocrx_word' id='word_1_427' title='bbox 332 2732 449 2765; x_wconf 89' lang='lat' dir='ltr'>dilecto</span> <span class='ocrx_word' id='word_1_428' title='bbox 473 2734 648 2777; x_wconf 83' lang='lat' dir='ltr'>subscripta</span> <span class='ocrx_word' id='word_1_429' title='bbox 671 2737 766 2770; x_wconf 84' lang='lat' dir='ltr'>feoda</span> <span class='ocrx_word' id='word_1_430' title='bbox 789 2750 854 2781; x_wconf 88' lang='lat' dir='ltr'>sua,</span> <span class='ocrx_word' id='word_1_431' title='bbox 879 2752 941 2783; x_wconf 90' lang='lat' dir='ltr'>que</span> <span class='ocrx_word' id='word_1_432' title='bbox 965 2753 985 2774; x_wconf 88' lang='lat' dir='ltr'>a</span> <span class='ocrx_word' id='word_1_433' title='bbox 1008 2743 1101 2775; x_wconf 91' lang='lat' dir='ltr'>nobis</span> <span class='ocrx_word' id='word_1_434' title='bbox 1124 2747 1157 2776; x_wconf 88' lang='lat' dir='ltr'>et</span> <span class='ocrx_word' id='word_1_435' title='bbox 1179 2754 1270 2776; x_wconf 83' lang='lat' dir='ltr'>sacro</span> <span class='ocrx_word' id='word_1_436' title='bbox 1290 2745 1427 2786; x_wconf 90' lang='lat' dir='ltr'>imperio</span> <span class='ocrx_word' id='word_1_437' title='bbox 1451 2754 1494 2776; x_wconf 85' lang='lat' dir='ltr'>ex</span> <span class='ocrx_word' id='word_1_438' title='bbox 1516 2745 1719 2777; x_wconf 90' lang='lat' dir='ltr'>successione</span> <span class='ocrx_word' id='word_1_439' title='bbox 1735 2746 1979 2788; x_wconf 87' lang='lat' dir='ltr'>progenitorum</span> 
     </span>
     <span class='ocr_line' id='line_1_41' title="bbox 332 2790 2022 2839; baseline 0.007 -24"><span class='ocrx_word' id='word_1_440' title='bbox 332 2795 461 2817; x_wconf 87' lang='lat' dir='ltr'>suorum</span> <span class='ocrx_word' id='word_1_441' title='bbox 484 2797 518 2818; x_wconf 88' lang='lat' dir='ltr'>se</span> <span class='ocrx_word' id='word_1_442' title='bbox 542 2790 649 2819; x_wconf 88' lang='lat' dir='ltr'>tenere</span> <span class='ocrx_word' id='word_1_443' title='bbox 666 2792 839 2832; x_wconf 87' lang='lat' dir='ltr'>proposuit,</span> <span class='ocrx_word' id='word_1_444' title='bbox 863 2802 934 2824; x_wconf 91' lang='lat' dir='ltr'>cum</span> <span class='ocrx_word' id='word_1_445' title='bbox 958 2794 1197 2837; x_wconf 82' lang='lat' dir='ltr'>sollempnitate</span> <span class='ocrx_word' id='word_1_446' title='bbox 1214 2796 1324 2828; x_wconf 83' lang='lat' dir='ltr'>debita</span> <span class='ocrx_word' id='word_1_447' title='bbox 1340 2796 1523 2838; x_wconf 84' lang='lat' dir='ltr'>contulisse,</span> <span class='ocrx_word' id='word_1_448' title='bbox 1548 2803 1687 2828; x_wconf 83' lang='lat' dir='ltr'>castrum</span> <span class='ocrx_word' id='word_1_449' title='bbox 1710 2797 1863 2830; x_wconf 83' lang='lat' dir='ltr'>videlicet</span> <span class='ocrx_word' id='word_1_450' title='bbox 1877 2797 1978 2839; x_wconf 81' lang='lat' dir='ltr'>Mylin</span> <span class='ocrx_word' id='word_1_451' title='bbox 1996 2807 2022 2827; x_wconf 68' lang='grc' dir='ltr'>ιο</span> 
     </span>
     <span class='ocr_line' id='line_1_42' title="bbox 332 2836 1978 2888; baseline 0.008 -21"><span class='ocrx_word' id='word_1_452' title='bbox 332 2839 365 2867; x_wconf 89' lang='lat' dir='ltr'>et</span> <span class='ocrx_word' id='word_1_453' title='bbox 393 2836 524 2877; x_wconf 88' lang='lat' dir='ltr'>opidum</span> <span class='ocrx_word' id='word_1_454' title='bbox 552 2838 766 2880; x_wconf 86' lang='lat' dir='ltr'>Rychenbach</span> <span class='ocrx_word' id='word_1_455' title='bbox 794 2853 865 2874; x_wconf 88' lang='lat' dir='ltr'>cum</span> <span class='ocrx_word' id='word_1_456' title='bbox 893 2854 1003 2877; x_wconf 88' lang='lat' dir='ltr'>eorum</span> <span class='ocrx_word' id='word_1_457' title='bbox 1031 2848 1233 2888; x_wconf 86' lang='lat' dir='ltr'>pertinentiis</span> <span class='ocrx_word' id='word_1_458' title='bbox 1260 2848 1426 2880; x_wconf 84' lang='lat' dir='ltr'>universis.</span> <span class='ocrx_word' id='word_1_459' title='bbox 1478 2847 1531 2880; x_wconf 88' lang='lat' dir='ltr'>Ad</span> <span class='ocrx_word' id='word_1_460' title='bbox 1558 2848 1619 2880; x_wconf 87' lang='lat' dir='ltr'>hec</span> <span class='ocrx_word' id='word_1_461' title='bbox 1649 2848 1756 2882; x_wconf 87' lang='lat' dir='ltr'>eidem</span> <span class='ocrx_word' id='word_1_462' title='bbox 1785 2849 1978 2882; x_wconf 88' lang='lat' dir='ltr'>contulimus</span> 
     </span>
    </p>
   </div>
  </div>
 </body>
</html>
