2184 3126
438 168 535 197 ACTA
553 167 669 196 amm
688 166 874 195 LUDEWICI
892 166 942 195 lv.
959 166 1006 194 ΕΤ
1026 164 1209 193 mmmmm
1228 164 1278 192 111.
1315 163 1391 191 1324.
1427 163 1476 191 Nr.
1489 163 1548 191 836.
1567 162 1627 191 837.
1798 167 1863 197 659

203 260 288 288 dictis
305 259 518 296 gravaminibus
535 258 640 294 iniquis
660 257 786 286 indebite
813 259 843 285 et
866 256 970 284 iniuste
992 256 1102 284 illatiu
1125 257 1155 284 et
1180 254 1349 283 conminatis
1371 255 1401 282 et
1426 262 1444 282 a
1469 253 1645 289 processibus
1668 254 1738 281 dicti
1762 254 1861 282 summi

204 311 344 348 pontificis
362 310 510 339 manifeste
528 310 632 346 iniquis
655 304 693 338 et*
702 308 843 337 iniuriosis
865 317 899 337 ex
922 308 1014 337 causis
1034 316 1089 335 non
1109 307 1192 340 veris,
1218 306 1452 343 preiudicialibus
1474 307 1504 333 et
1528 305 1650 333 insolitis
1673 306 1741 333 iuris
1765 306 1863 334 ordine

203 373 261 394 non
292 365 405 393 servato
435 362 469 392 et
499 369 519 391 a.
548 369 612 391 non
643 368 702 390 suo
735 357 841 390 iudice
876 363 977 390 contra
1010 361 1080 390 nos¹
1109 360 1195 388 factis
1228 362 1259 388 et
1289 359 1417 388 confictis
1447 358 1477 387 in
1505 358 1562 386 hiis
1592 358 1706 394 scriptis
1735 364 1862 387 sacrum

204 412 351 454 proxime
375 411 517 443 stitumm
540 409 710 443 concilium
732 408 886 452 generale
908 413 1024 442 nomine
1046 413 1144 441 nostro
1168 414 1198 440 st
1220 411 1347 440 omnium
1368 411 1434 439 huic
1455 410 1646 447 appensoioni
1661 410 1863 438 adhersncium

173 477 186 497 s
204 469 235 496 et
257 467 392 495 adherere
422 466 581 494 volencium
609 465 786 502 appellamus
817 467 847 494 et
870 465 1016 500 apostolos
1043 464 1166 500 petimus
1196 466 1226 492 et
1254 463 1359 491 iterum
1388 471 1422 491 ac
1452 463 1556 491 iterum
1584 462 1707 498 petimus
1735 471 1799 490 cum
1822 463 1862 490 in-

205 518 315 548 stancia
336 518 419 547 nobis
441 518 511 551 dari,
541 517 566 545 si
595 518 639 545 est
669 517 718 552 qui
745 517 822 552 ipsos
849 516 932 544 nobis
960 516 1028 544 dare
1057 515 1158 551 possit.
1203 514 1382 543 subicientes
1410 523 1521 543 exnunc
1548 523 1600 542 nos
1629 516 1660 542 et
1683 514 1779 542 omnia
1801 514 1864 542 iura

203 572 303 599 nostra
325 571 356 598 et
376 569 490 605 imperii
512 569 542 597 in
565 568 710 604 premissis
733 568 863 596 omnibns
885 570 916 596 et
931 567 1050 604 singulis
1072 567 1125 595 snb
1147 567 1327 602 protectione
1341 566 1421 594 dicti
1437 562 1518 594 sacri
1542 561 1667 594 concilii
1690 561 1862 604 generalis.

307 622 350 648 21.
377 620 467 652 Quam
485 619 710 655 appellacionem
728 620 758 646 et
775 618 869 647 omnia
887 627 925 646 ac
943 618 1057 654 singula
1074 617 1238 653 supradicta
1250 626 1343 645 coram
1358 617 1455 645 eodem
1473 617 1587 644 domino
1606 625 1713 645 summo
1731 617 1864 652 pontifice

204 670 466 707 interposuissemus
484 672 514 699 et
531 669 703 703 fecissemus,
728 671 772 698 set
796 669 840 697 sui
861 669 987 698 absentis
1010 671 1040 698 et
1061 670 1168 698 remote
1191 668 1326 697 distantis
1347 670 1460 696 artante
1486 668 1607 696 termino
1630 668 1734 704 profixo
1753 669 1863 704 copiam

160 730 187 751 ιο
204 723 309 752 habere
326 722 510 757 nequivimus.
546 722 614 749 Eam
634 723 741 753 tamen,
765 730 850 756 quam
868 720 989 756 primum
1011 720 1231 756 ''potissi-imus,
1257 720 1286 747 in
1304 719 1364 747 eius
1382 719 1519 747 noticiam
1538 720 1706 748 deducemus
1725 722 1755 748 et
1772 729 1864 748 coram

204 782 238 803 eo
255 774 478 809 interponemus,
497 782 684 809 proponemus
702 776 732 802 et
749 775 873 803 dicemus
890 783 924 802 ac
942 773 1138 802 innovabimus
1156 781 1190 801 ex
1209 773 1301 800 causis
1320 781 1405 807 supra
1423 772 1561 807 expressis
1580 774 1610 800 et
1628 772 1693 800 aliis
1712 772 1812 800 iterum
1831 773 1866 800 de

204 834 276 853 novo
295 825 483 861 exprimendis
501 827 530 853 et
549 825 758 860 publicabimus
776 826 838 854 loco
857 827 887 854 et
904 828 1038 861 tempore,
1056 825 1130 853 sicut
1148 824 1250 853 fuerint
1269 824 1450 860 publicanda.

315 879 364 906 22.
399 873 443 906 Et
474 874 550 917 qula
580 879 698 914 propter
730 878 888 914 premissa,
922 887 987 914 que
1015 887 1074 906 non
1102 879 1147 906 est
1177 877 1294 905 dubium
1326 878 1435 904 statum
1462 877 1535 904 sacri
1566 871 1705 905 Romani
1742 877 1864 913 imperii,

204 926 375 968 negocium
398 930 483 958 fidei·
506 930 540 958 et
566 932 664 959 sancte
687 931 813 959 Romane
840 929 957 958 ecclesie
988 929 1154 965 contingere
1182 930 1212 957 et
1239 928 1364 957 omnium
1387 928 1539 962 interesse,
1567 937 1638 964 opus
1661 927 1739 962 [sit]⁸
1762 938 1863 957 convo-

162 987 188 1008 ιι
207 979 320 1008 cacione
339 980 451 1008 concilii
471 981 624 1016 generalis,
641 980 781 1009 instanter
798 982 828 1010 et
845 989 908 1009 cum
927 980 1003 1008 omni
1021 979 1172 1008 devocione
1190 979 1294 1014 ipsum.
1313 987 1397 1014 qnam
1417 979 1538 1014 primm
1557 979 1672 1007 comode
1691 979 1809 1015 poterit,
1829 980 1864 1007 ad

207 1031 299 1060 locum
313 1041 486 1061 communem
505 1035 535 1060 et
553 1035 652 1068 aptum
671 1033 793 1068 petimus
805 1032 979 1068 congregari.
1010 1032 1041 1059 In
1060 1039 1116 1066 quo
1133 1031 1170 1058 ad
1183 1030 1235 1059 Dei
1251 1030 1453 1066 omipotentis
1465 1030 1606 1063 honorem,
1625 1033 1722 1060 sancte
1735 1032 1863 1059 christia-

206 1083 307 1111 nitatis
331 1083 434 1111 bonum
453 1086 559 1112 statum
584 1086 614 1112 et
632 1085 788 1120 profectum
806 1083 930 1112 fidelium
947 1092 1055 1112 necnon
1073 1092 1123 1119 pro
1141 1081 1301 1111 reverencia
1323 1082 1537 1111 reverendorum
1560 1084 1673 1118 patrum
1691 1082 1864 1111 dominorum

207 1135 394 1164 cardinalium
416 1135 449 1164 et
471 1137 707 1172 patriarcharum,
729 1137 894 1173 primatum,
917 1136 1203 1172 archiepiscoporum,
1227 1135 1423 1171 episcoporum
1443 1137 1473 1163 et
1488 1134 1580 1163 tocius
1603 1134 1711 1163 ordinis
1734 1135 1864 1163 ecclesia-

207 1185 271 1214 stici
288 1195 395 1214 necnon
414 1187 537 1215 eiusdem
556 1187 628 1215 sacri
647 1187 759 1215 concilii
777 1187 983 1223 sollempnitati
1000 1187 1086 1215 dante
1105 1186 1222 1214 Domino
1240 1185 1427 1221 personaliter
1444 1185 1618 1214 intendimus
1636 1186 1788 1214 interesse?

143 1274 189 1301 Διο
313 1261 434 1294 Lecta*
463 1265 497 1294 et
523 1262 714 1305 interposita
744 1265 794 1294 est
821 1262 881 1294 hec
912 1261 1090 1304 appellatio
1123 1264 1184 1294 etc.
1234 1261 1272 1294 In
1302 1261 1413 1303 vigilia
1439 1259 1647 1303 Epyphanie‚
1680 1260 1761 1293 hora
1789 1266 1865 1293 ante

207 1312 393 1355 prandium,
423 1313 481 1346 sub
508 1323 592 1346 anno
620 1323 640 1346 a
666 1313 834 1346 nativitate
861 1313 992 1346 Domini
1018 1311 1285 1346 MOGOXXIHI.
1337 1312 1546 1345 Presentibus
1576 1315 1610 1344 et
1637 1313 1866 1345 attestantibus

209 1365 329 1397 Ottone
352 1364 434 1398 duce
456 1364 620 1407 Bawarie,
643 1364 798 1398 Bertoldo
822 1365 940 1398 comite
967 1364 1008 1397 de
1031 1363 1210 1406 Grasbaoh,
1233 1363 1419 1407 Lod(wico)
1442 1364 1483 1397 de
1507 1363 1651 1406 Holoch‚
1678 1363 1865 1406 Godffrido)

209 1415 250 1448 de
272 1415 417 1457 Holoch,
444 1415 599 1450 Heinrioo
623 1416 786 1459 dapifero,
814 1415 953 1449 Gerlaoo
977 1417 1130 1459 pincerna
1157 1415 1199 1448 (le
1222 1415 1365 1448 Ertbach
1394 1417 1558 1458 preposito
1586 1416 1724 1449 ecclesie
1748 1415 1866 1449 Sancte

208 1467 374 1500 Trinitatis
397 1468 567 1510 Spirensis,
589 1469 744 1512 magistro
766 1467 949 1510 Heinr(ico)
973 1467 1014 1500 de
1030 1467 1145 1509 Fama,
1171 1468 1326 1510 magistro
1349 1467 1554 1509 Thilmanno,
1576 1468 1732 1510 magistro
1755 1467 1866 1500 Uli-ico

163 1529 189 1552 ss
207 1520 375 1562 preposito
396 1518 505 1552 Sancti
528 1519 686 1563 Stephani
707 1519 991 1562 Babinbergensis.

317 1570 420 1604 Lecta
442 1571 504 1604 fuit
525 1583 584 1614 per
606 1571 796 1604 Heinricum
819 1571 940 1604 dictum
962 1570 1180 1603 Husenarium
1203 1571 1355 1603 clericum
1378 1571 1474 1614 regis.

231 1789 306 1826 837.
340 1765 653 1827 PROMISSIO
675 1787 965 1829 'FRIDERICI
987 1788 1054 1825 ET
1077 1787 1402 1826 EBERHARDI
1423 1787 1495 1825 DE
1520 1787 1842 1826 WINESTEIN

750 1848 854 1886 PRO
876 1847 1153 1886 LIUPOLDO
1176 1847 1332 1886 DUCE.

899 1916 1007 1962 1324,
1048 1916 1126 1953 lan.
1147 1917 1183 1953 6.

165 2004 191 2026 sn
319 1990 371 2034 Cf.
394 2001 495 2032 supra
516 2002 567 2024 nr.
582 1993 656 2024 807.
679 1993 754 2025 808.

322 2051 484 2093 Oriyinale
499 2053 572 2093 (or.)
595 2053 631 2084 in
653 2051 813 2084 tabulario
828 2061 972 2084 caesareo
991 2049 1230 2083 Vindobonensi.
1266 2049 1506 2091 Descrwsimus
1519 2051 1564 2083 ad
1579 2051 1746 2092 imaqinem
1757 2051 1868 2092 photo-

191 2103 395 2145 yraphicam
417 2114 438 2136 a
460 2104 543 2137 socio
565 2106 672 2136 nostro
694 2103 738 2135 Η.
757 2101 878 2136 Hirsck
900 2102 1107 2135 benivolenter
1121 2105 1287 2142 paratam.
1333 2102 1454 2135 Pendet
1475 2101 1615 2143 siqillum
1636 2103 1703 2142 sere
1724 2102 1869 2136 illamam

210 2154 276 2189 loro
297 2165 336 2188 ex
356 2155 429 2196 ipsa
451 2155 634 2188 membrana
655 2158 783 2188 exsecto.
808 2173 849 2179 —-
872 2154 1044 2187 Ineditum.

319 2214 396 2257 Ray.
412 2215 621 2258 Dichnvwsky
643 2215 767 2250 ‘Geso-h.
783 2215 837 2248 des
860 2215 988 2247 Hauses
1010 2214 1194 2255 Habsbury’
1215 2214 1281 2247 111
1292 2224 1329 2255 Ρ.
1349 2213 1564 2249 CCCLXXX
1569 2214 1660 2247 VIII
1678 2225 1728 2247 nr.
1745 2217 1819 2249 636.

168 2301 193 2321 ³³
317 2293 413 2327 Allen
436 2293 499 2326 den
516 2293 569 2326 die
585 2293 675 2326 disen
699 2293 787 2326 briei*
805 2292 963 2325 ansehent
982 2292 1062 2325 oder
1080 2292 1196 2324 herent
1218 2291 1349 2324 kunden
1364 2292 1423 2324 wir
1438 2291 1637 2335 Frid(erich)
1651 2291 1868 2325 Smalenstein

210 2355 273 2377 von
288 2344 470 2378 Winestein
493 2346 545 2378 ein
567 2345 660 2379 ritter
680 2345 746 2377 und
761 2344 954 2387 Eberh(art)
977 2336 1247 2385 von‘Winesteim
1271 2343 1330 2376 daz
1345 2344 1404 2376 wir
1419 2344 1458 2376 εὖ
1481 2343 1544 2376 den
1560 2343 1704 2387 heiligen
1719 2354 1867 2387 gesworn

210 2395 298 2438 hant,
322 2396 386 2430 den
407 2396 615 2440 hochgeborn
638 2397 761 2429 fflrsten
783 2397 918 2439 hertzog
939 2396 1061 2438 Lupolt
1083 2406 1145 2427 von
1169 2386 1347 2438 ὁποι-(ἰὼ)
1381 2395 1447 2427 und
1478 2406 1542 2427 von
1576 2395 1652 2438 Styr
1682 2395 1749 2428 und
1782 2396 1868 2429 allen

211 2448 302 2480 sinen
330 2447 471 2480 brudei-n
500 2459 538 2481 ze
566 2449 712 2482 wax-tend
740 2449 807 2481 und
836 2459 872 2481 ze
903 2448 1045 2481 dienend
1076 2447 1259 2480 selbvierde
1289 2447 1380 2480 disen
1410 2447 1505 2490 krieg
1535 2457 1574 2479 us
1602 2447 1704 2480 wider
1733 2443 1869 2490 herting

211 2498 414 2540 Lud(ewich)
430 2510 494 2532 von
508 2500 636 2542 Beyern
651 2500 718 2532 und
733 2500 797 2533 alle
820 2500 868 2532 sin
891 2500 998 2532 helfer
1018 2499 1085 2532 und
1101 2500 1223 2532 diener.
1267 2499 1314 2531 Ez
1332 2499 1452 2531 stillent
1467 2499 1551 2531 ouch
1568 2499 1632 2531 den
1647 2503 1869 2541 vorgenanten

168 2562 194 2581 ιο
211 2561 330 2583 unsern
351 2551 478 2593 herren,
500 2552 528 2584 ir
542 2552 669 2584 helfern
690 2551 756 2584 und
779 2552 912 2584 dienern
936 2551 988 2584 die
1004 2552 1056 2583 wil
1079 2561 1175 2583 unser
1189 2554 1303 2583 vesten
1326 2550 1412 2583 offen
1434 2551 1483 2582 sin
1505 2561 1542 2583 ze
1565 2550 1652 2583 allen
1674 2551 1744 2583 iren
1759 2551 1868 2593 neten,

215 2602 415 2648 wenneund
441 2603 522 2635 wie·
545 2602 640 2636 dicke
667 2604 694 2635 si
722 2603 782 2636 dez
809 2602 978 2636 bedurfen.
1066 2603 1141 2636 Und
1168 2603 1227 2636 dez
1256 2613 1292 2635 ze
1319 2603 1425 2635 einem
1452 2602 1602 2635 urkunde
1631 2602 1696 2635 hab
1727 2603 1779 2635 ich
1811 2603 1870 2635 der

317 2687 384 2716 88⁶.
410 2688 436 2722 1)
453 2689 566 2722 nequitur
583 2698 681 2715 meum
701 2691 779 2716 unita
801 2690 900 2717 liner-ae
920 2698 941 2716 c.
1030 2688 1053 2722 ¹)
1071 2690 1098 2715 in
1117 2690 1189 2716 ιἠἰείο
1209 2698 1288 2716 novoe
1308 2689 1392 2716 limae
1410 2691 1446 2715 nu
1468 2690 1592 2723 cor-'pem
1614 2694 1650 2716 eet
1667 2698 1689 2716 c.
1783 2689 1808 2723 ⁵)
1826 2698 1868 2716 ωε·

213 2733 275 2758 cidit
292 2741 313 2759 c.
401 2730 427 2766 b)
444 2732 498 2758 sinc
515 2732 604 2759 azima
621 2741 642 2759 ο.

317 2791 383 2820 887-
410 2792 435 2826 ⁸)
453 2802 468 2820 e
486 2801 553 2819 corr.
566 2800 597 2818 ex
614 2793 631 2818 d
649 2801 687 2819 or.

1609 2844 1659 2870 83*

1878 630 1899 647 e.
1908 627 1942 647 2².

1879 890 1898 905 c.
1908 886 1942 906 ss.
