2184 3126
294 197 355 227 712
569 190 664 217 ACTA
683 188 795 216 REGNI
813 186 996 214 LUDEWICI
1014 185 1060 213 lv.
1080 185 1126 212 ΕΤ
1145 183 1331 213 FRIDERICI
1349 184 1398 211 III.
1435 183 1511 211 1324.
1545 182 1594 209 Nr.
1608 181 1667 210 897.

294 281 536 320 congregatum,
567 276 642 308 dicti
671 273 866 306 Bertholdus
896 272 935 304 de
958 271 1159 303 Marsteronu
1182 273 1215 303 et
1242 270 1325 302 alter
1350 267 1547 300 Bertholdus
1579 273 1638 299 ac'
1666 266 1852 299 Fridericus
1882 277 1942 308 per

293 331 512 371 competentes
534 327 665 367 iudices,
693 325 807 367 quibus
829 323 988 365 legittime
1012 323 1153 354 constitit
1176 321 1216 353 de
1239 320 1412 363 premissis,
1436 319 1670 351 sententialiter
1691 318 1839 359 iudicati,
1865 329 1941 360 pro—

293 381 432 413 nunciati
456 384 489 412 et
505 378 657 410 declarati
673 377 802 408 fuerunt
824 375 893 406 fore
917 374 1059 406 fautores
1082 377 1115 405 et
1138 373 1327 404 defensores
1348 371 1566 403 hereticorum
1595 369 1853 412 supradictorum
1881 373 1942 402 et'

293 436 424 474 propter
447 431 616 463 fautoriam
639 426 822 460 huiusmodi
845 425 1183 457 excommunicationis
1206 423 1365 456 sententie
1389 426 1423 454 et
1444 425 1604 464 perpetue
1622 421 1756 454 infamie
1772 420 1942 453 subiacere

294 493 468 524 omnesque
491 492 590 523 penas
613 480 718 511 reales
742 481 773 509 et
796 477 994 519 personales,
1023 476 1205 517 spirituales
1233 478 1266 506 et
1289 474 1486 515 temporales
1514 477 1626 505 contra
1654 473 1798 505 fautores
1820 472 1941 504 hereti-

293 545 402 566 corum
426 533 528 565 editas
550 532 726 571 incurrisse,
756 532 850 571 prout
873 529 903 559 in
928 527 1130 570 processibus
1154 530 1186 559 et
1209 526 1369 558 sententia
1393 535 1489 567 super
1511 525 1573 557 hiis
1595 524 1736 557 habitis¹
1759 528 1792 557 et
1814 524 1943 566 prolata

294 588 403 617 contra
432 595 487 615 eos
518 583 642 624 plenius
674 582 853 613 continetur
866 581 886 611 ¹.
937 580 981 612 Ut
1010 583 1117 611 autem
1146 588 1298 610 excessus
1325 577 1508 609 huiusmodi
1536 578 1679 619 ipsomm
1702 575 1872 609 Bertholdi
1901 575 1943 608 de

395 686 460 712 897.
490 686 514 718 “)
533 688 663 712 Masteron
681 684 705 710 2.
795 686 819 715 v)
839 689 864 709 et
882 683 907 709 2.
995 683 1024 714 w)
1043 691 1073 708 ac
1090 682 1114 707 2.
1203 683 1229 713 ¹)
1249 682 1339 707 habita
1359 681 1381 707 l.

396 771 421 803 1)
437 771 577 797 Processus
590 769 781 803 inquisitorum
793 777 819 796 a.
832 771 904 795 1323.
924 767 990 794 Iun.
1002 771 1041 794 21.
1050 766 1180 800 publicati
1191 766 1323 800 oriyinale
1334 766 1365 792 iri
1376 765 1512 792 tabulario
1525 765 1657 792 Vaticano
1667 765 1739 793 inter
1751 765 1945 793 ‘Instrumenta

292 814 458 840 miscellanea
470 822 495 840 α.
510 814 595 840 1323)
606 812 734 839 ineditum
745 811 822 838 nobis
830 811 980 844 petoritum
992 810 1162 836 benivolenter
1174 808 1312 842 descripsit
1325 808 1463 835 Hem-icus
1475 808 1635 843 Poyatscher
1647 808 1796 836 Romanus.
1823 809 1943 836 Pandunt

291 856 381 890 siyfilca
398 856 458 883 duo.
495 856 533 881 In
550 863 622 882 verso
635 855 742 888 leqaur:
761 853 927 889 [Sentethia
939 853 1059 880 fautorie
1072 854 1101 879 et
1114 850 1338 885 confiscatfionis)
1359 850 1582 879 ambaxiatorum
1595 851 1751 880 Alamanie.
1789 851 1830 887 Cf.
1844 851 1945 879 Manat

292 899 404 926 ‘Lettres
421 899 577 925 communes’
594 906 636 925 nr.
650 901 734 924 18164
754 897 799 931 (=
813 898 911 930 18196).
950 896 1028 930 Quod
1045 895 1086 922 hic
1103 895 1135 921 in
1152 895 1325 921 adnotatione
1340 894 1475 929 intem-um
1489 902 1638 928 proponere
1653 894 1741 922 liceat.

394 950 504 977 Fratres
515 949 657 976 Barnabas
670 949 745 983 prior
758 948 938 983 provincialis
953 950 982 974 et
994 948 1130 974 Honestus
1143 947 1177 973 de
1190 946 1281 980 Papia
1294 945 1399 972 ordinis
1410 946 1528 973 fratrum
1541 946 1752 974 Predicatomm
1764 946 1946 982 inquisitores

293 993 416 1020 heretice
435 992 584 1027 pravitatis
603 992 631 1018 in
650 991 794 1026 provincia
813 990 978 1018 Lombardie
997 989 1155 1024 superioris.
1226 989 1269 1015 Ad
1288 991 1455 1024 perpetuam
1473 989 1514 1017 rei
1531 989 1701 1017 memoriam.

396 1036 465 1063 Cum
483 1037 542 1063 tam
560 1035 659 1062 iuxtaa
677 1035 844 1062 sententiam
863 1034 985 1068 apostoli
1009 1042 1092 1067 quam
1115 1033 1202 1060 etiam
1224 1032 1375 1059 secundum
1398 1031 1548 1059 canonicas
1573 1031 1715 1060 santiones
1734 1033 1829 1060 cuncti
1847 1033 1943 1061 fideles

294 1081 442 1107 teneantur
460 1079 597 1106 hereticos
616 1078 741 1106 devitare
750 1079 766 1109 ¹,
786 1086 820 1105 ne
838 1086 905 1112 grex
924 1076 1078 1104 dominicus
1096 1076 1192 1103 morbo
1210 1078 1270 1103 tam
1289 1075 1454 1110 contagioso
1466 1074 1587 1103 infectus
1599 1075 1727 1103 faciliter
1740 1078 1943 1111 corrumpatur.

294 1125 322 1149 et
341 1122 492 1153 Galeatius‚
515 1122 662 1152 Luchinus,
686 1122 822 1152 Marchus,
847 1120 983 1147 Iohannes
1006 1121 1035 1146 et
1059 1119 1219 1153 Stephanus
1241 1119 1342 1145 fratres
1361 1117 1412 1145 filii
1443 1118 1597 1153 dampnate
1620 1118 1753 1146 memorie
1775 1119 1885 1146 Mathai
1910 1119 1945 1147 de

294 1165 511 1192 vicecomitibus
529 1165 563 1192 de
582 1164 739 1192 Mediolano
758 1173 808 1198 per
825 1172 875 1190 nos
893 1166 922 1190 et
941 1162 1155 1196 eoinquisitores
1173 1163 1282 1189 nostros
1308 1170 1341 1189 ex
1364 1161 1483 1196 speciali
1510 1161 1704 1189 commissione
1732 1161 1838 1189 domini
1854 1162 1945 1190 nostri

294 1208 398 1235 domini
415 1208 548 1235 Iohannis
566 1215 639 1242 pape
656 1207 744 1233 XXII.
764 1207 843 1234 iuxta
861 1207 976 1233 formam
996 1214 1131 1233 canonum
1150 1207 1179 1232 et
1197 1204 1276 1238 alias,
1295 1204 1369 1232 sicut
1386 1204 1466 1231 nobis
1479 1213 1530 1239 per
1546 1204 1609 1232 iura
1620 1205 1727 1239 scripta
1745 1206 1775 1232 et
1788 1205 1946 1240 apostoliea.

292 1251 443 1286 privilegia
461 1259 542 1285 super
561 1250 673 1277 crimine
698 1250 800 1277 heresis
824 1258 983 1277 concessum
1003 1249 1111 1281 existit,
1137 1250 1249 1276 matura
1272 1250 1301 1275 et
1323 1247 1455 1283 diligenti
1474 1247 1646 1275 discussione
1665 1248 1800 1283 premissa
1817 1248 1947 1284 legitime

294 1293 415 1321 convicti
433 1294 536 1320 fuerint
554 1292 696 1320 manifesti
715 1292 833 1320 heretici
853 1291 1059 1327 condempnati,
1077 1292 1151 1319 sicut
1168 1293 1251 1326 patet
1268 1300 1320 1327 per
1337 1290 1494 1318 sententias
1512 1299 1563 1326 per
1575 1299 1626 1318 nos
1644 1292 1674 1319 et
1691 1288 1784 1318 dietos
1796 1291 1946 1326 coinquisi-
1995 1312 2000 1324 ‚-

293 1339 366 1364 tores
383 1338 490 1363 nostros
514 1344 605 1362 coram
628 1335 694 1363 cleri
717 1337 746 1363 et
764 1335 862 1370 populi
880 1334 1062 1362 multitudine
1081 1335 1194 1369 copiosa
1213 1335 1287 1363 latas
1305 1337 1334 1363 et
1352 1334 1514 1362 solemniter
1531 1334 1701 1369 publicatas,
1719 1343 1864 1370 nuperque
1882 1337 1948 1370 post

293 1380 383 1406 dictas
401 1378 554 1406 sententias
568 1379 734 1406 Bertholdus
752 1379 786 1405 de
798 1378 952 1405 Marsteron
961 1379 978 1411 b,
992 1378 1084 1405 dictus
1102 1379 1136 1406 de
1148 1378 1242 1406 Niffen
1261 1380 1291 1406 et
1310 1377 1479 1406 Bertholdus
1498 1377 1532 1405 de
1551 1377 1714 1412 Greyspach
1733 1379 1763 1405 et
1777 1377 1948 1406 Phederieus

293 1423 326 1450 de
346 1422 558 1456 'rruhendingen
577 1431 668 1449 coram
687 1421 767 1448 uobis
785 1430 835 1456 per
852 1421 955 1448 multos
977 1420 1132 1455 fidedignos
1150 1421 1184 1448 de
1206 1421 1362 1456 multiplici
1382 1421 1478 1448 favore
1502 1419 1588 1448 dictis
1605 1420 1737 1448 Galeatio
1759 1423 1789 1448 et
1811 1421 1947 1449 fratribus

299 1466 354 1492 suis
372 1465 502 1492 hereticis
522 1465 731 1499 condempnatis
750 1473 800 1498 per
819 1473 865 1491 eos
884 1463 1010 1491 exhibito
1023 1464 1142 1495 fuissent
1154 1464 1279 1498 graviter
1291 1463 1430 1496 infamati,
1449 1472 1499 1491 nos
1518 1463 1548 1490 in
1559 1463 1621 1491 luce
1634 1463 1779 1492 ambulare
1789 1465 1800 1481 ¹
1812 1464 1946 1497 volentes,

293 1510 325 1534 ut
343 1517 425 1542 super
442 1507 583 1542 premissis
602 1516 743 1542 possemus
762 1507 864 1534 clarius
882 1506 1033 1540 informari,
1052 1507 1128 1541 ipsos
1147 1508 1357 1542 prenominatos
1376 1509 1434 1534 tam
1453 1515 1487 1534 ex
1505 1506 1633 1534 iniuncto
1650 1506 1732 1534 nobis
1750 1506 1842 1535 officio
1860 1516 1946 1542 quam

293 1560 326 1577 ex
344 1550 461 1585 speciali
480 1550 672 1578 commissione
690 1559 707 1576 a
726 1550 835 1584 prefato
854 1549 965 1577 domino
984 1551 1078 1576 nostro
1096 1558 1174 1584 papa
1192 1558 1276 1584 super
1299 1550 1352 1577 hoc
1374 1549 1456 1577 nobis
1479 1549 1557 1577 facta
1579 1549 1768 1584 peremptorie
1787 1550 1954 1584 citavimus,>

293 1595 324 1619 ut
343 1593 425 1620 certis
443 1593 568 1620 terminis
586 1595 778 1628 comparerent
796 1593 981 1627 personaliter
999 1602 1092 1620 coram
1110 1593 1198 1625 uobis,
1218 1593 1368 1621 veritatem
1387 1593 1491 1621 dicturi
1516 1595 1546 1621 et
1563 1602 1593 1621 se
1611 1593 1772 1621 excusatur-i
1789 1594 1815 1621 si
1832 1596 1948 1629 ponent

293 1636 420 1671 legitime
438 1636 471 1663 de
490 1636 630 1670 premissis
649 1638 677 1663 et
695 1636 766 1663 alias
784 1636 886 1663 facturi
904 1638 932 1663 et
950 1636 1090 1671 recepturi
1109 1645 1192 1671 super
1210 1637 1323 1668 eisdem,
1337 1636 1411 1671 quod
1424 1636 1497 1664 foret
1509 1645 1659 1664 consonum
1671 1636 1785 1664 rationi.
1813 1636 1948 1671 Alioquin

294 1681 389 1706 contra
407 1687 453 1706 eos
471 1681 500 1706 et
518 1679 639 1714 ipsorum
657 1679 812 1713 quemlibet
830 1689 913 1713 super
931 1679 1053 1707 fautoria
1070 1680 1199 1714 predicta
1218 1681 1370 1708 secundum
1389 1680 1451 1707 iura
1469 1689 1554 1715 super
1571 1680 1625 1707 hoc
1643 1680 1722 1708 edita
1739 1682 1769 1708 et
1787 1681 1946 1716 apostolica

293 1721 442 1756 privilegia
452 1723 660 1756 procederemus
672 1723 708 1749 ad
721 1731 754 1750 ea
767 1732 821 1757 que
834 1722 962 1750 facienda
976 1723 1170 1750 incumberent
1182 1726 1211 1751 et
1223 1723 1310 1751 etiam
1325 1724 1361 1750 ad
1371 1723 1542 1751 sententiam
1555 1725 1586 1751 et
1601 1723 1756 1751 sententias
1769 1723 1946 1756 diffinitivas,

1962 816 1988 835 io

1962 1030 2002 1059 1⁵¹³

294 1765 413 1798 ipsorum
432 1765 559 1792 absentia
577 1774 631 1792 non
649 1766 779 1793 obstante
798 1766 892 1800 eisque
910 1765 1029 1793 ulterius
1046 1775 1102 1793 non
1120 1766 1224 1799 citatis,
1250 1766 1324 1794 sicut
1342 1767 1395 1794 hec
1413 1767 1507 1794 omnia
1524 1768 1626 1801 patent
1644 1775 1695 1801 per
1712 1766 1828 1801 publica
1846 1766 1974 1795 instru-

294 1809 396 1834 menta.
432 1807 534 1834 Verum
552 1807 619 1841 quia
637 1809 728 1835 nullus
747 1809 781 1836 de
799 1809 1002 1843 prenominatis
1019 1809 1049 1835 in
1069 1809 1153 1837 dictis
1171 1810 1298 1837 terminis
1316 1812 1367 1837 aut
1385 1812 1486 1845 postea
1504 1810 1634 1844 quamvis
1652 1809 1762 1837 diucius
1774 1810 1947 1845 exspectatis

295 1850 463 1884 comparuit,
482 1852 514 1877 ut
536 1851 670 1882 debebat,
691 1852 799 1879 eosdem
822 1853 985 1886 reputantes
1007 1852 1108 1879 merito
1132 1853 1324 1886 contumaces,
1343 1852 1613 1880 excomunicationis
1634 1852 1807 1880 sententiam
1831 1852 1949 1880 tulimus

295 1895 390 1920 contra
408 1902 462 1920 eos.
498 1895 579 1921 quta
596 1894 684 1928 igitur
701 1895 820 1922 formam
839 1895 915 1922 dicte
933 1895 1105 1922 comissionis
1122 1896 1202 1922 nobis
1220 1896 1296 1923 facte
1315 1896 1351 1923 ad
1368 1895 1559 1930 receptionem
1582 1894 1700 1923 testium
1717 1895 1901 1930 procedentes
1918 1898 1959 1925 et⁸

294 1936 329 1962 ad
348 1935 412 1968 alia,
431 1945 484 1970 que
503 1937 630 1964 facienda
648 1938 677 1964 in
695 1938 789 1965 eodem
810 1938 924 1973 negotio
942 1938 1151 1972 incumbebant,
1177 1938 1243 1965 visis
1263 1941 1293 1966 et
1311 1947 1374 1966 cum
1393 1938 1546 1974 diligentia
1563 1938 1711 1966 recensitis
1729 1939 1948 1974 probacionibus

295 1987 344 2013 per
362 1987 410 2005 nos
428 1980 547 2014 receptis
566 1990 615 2015 per
633 1983 719 2008 testes
738 1982 844 2008 iuratos
863 1983 892 2009 et
910 1982 1062 2016 diligenter
1079 1982 1262 2014 examinatos,
1281 1984 1393 2010 matura
1410 1982 1614 2010 deliberatione
1633 1982 1778 2009 nobiscum
1796 1982 1898 2010 habita
1916 1984 1947 2011 et

295 2030 356 2048 cum
387 2022 512 2056 pluribus
534 2023 678 2057 utriusque
701 2024 769 2051 iuris
791 2025 905 2059 peritis,
929 2025 995 2058 quia
1021 2025 1149 2060 legitime
1173 2026 1254 2053 nobis
1277 2027 1401 2058 constat,
1434 2026 1509 2059 quod
1534 2025 1639 2060 prefati
1663 2034 1757 2053 omnes
1781 2028 1811 2053 et
1834 2025 1948 2061 singuli,

295 2067 440 2098 postquam
467 2065 536 2093 dicti
555 2066 698 2093 Galeatius
717 2069 746 2094 et
764 2068 863 2095 fratres
882 2070 1017 2102 tanquam
1035 2068 1153 2095 rebelles
1171 2070 1267 2096 sancte
1286 2069 1385 2096 matris
1403 2068 1522 2096 ecclesie
1539 2068 1652 2096 fuerant
1669 2068 1767 2095 multis
1786 2068 1947 2096 excomuni-

296 2107 435 2134 cationum
460 2109 604 2136 sententiis
626 2110 753 2137 innodati
783 2113 812 2138 et
837 2105 950 2145 publice
978 2111 1118 2144 nunciati,
1145 2111 1259 2147 insuper
1285 2114 1315 2139 et
1341 2114 1492 2147 postquam
1518 2111 1592 2139 idem
1615 2111 1762 2139 Galeatius
1789 2113 1818 2138 et
1845 2111 1947 2140 fratres

296 2150 424 2184 legitime
451 2152 571 2179 convicti
599 2153 632 2180 de
662 2153 726 2180 labe
754 2154 877 2182 heretice
901 2154 1051 2189 pravitatis
1078 2163 1128 2189 per
1152 2155 1308 2183 sententias
1329 2155 1434 2183 fuerint
1459 2154 1580 2182 iudicati
1603 2154 1722 2182 heretici
1742 2154 1888 2183 manifesti
1914 2163 1949 2183 ac

299 2193 419 2227 expositi
437 2203 454 2221 a
471 2195 597 2222 fidelibus
616 2196 752 2230 capiendi,
771 2205 827 2224 non
845 2197 1014 2224 destiterunt
1032 2206 1049 2224 a
1067 2197 1193 2232 sequella
1212 2199 1240 2225 et
1258 2199 1409 2226 adhesione
1427 2207 1461 2226 ae
1479 2197 1640 2226 defensione
1651 2197 1839 2225 hereticorum
1852 2206 1948 2233 supra·

298 2236 441 2268 dictorum,
469 2238 516 2264 sed
541 2239 621 2266 velud
650 2248 743 2266 eorum
767 2240 918 2274 complices
941 2242 970 2267 et
991 2241 1122 2273 fautores,
1149 2243 1181 2268 ut
1205 2241 1315 2269 eosdem
1338 2241 1476 2269 hereticos
1499 2250 1517 2269 a
1541 2249 1616 2276 pena
1637 2240 1692 2268 sibi
1715 2241 1814 2268 debita
1839 2241 1949 2276 possint

301 2279 427 2311 eximere,
454 2281 487 2307 de
507 2289 535 2307 se
554 2282 635 2308 velud
654 2282 802 2317 improvidi
826 2283 940 2310 minime
959 2283 1150 2316 formidantes,
1177 2293 1211 2311 ne
1230 2284 1334 2318 prefati
1353 2284 1471 2312 heretici
1495 2293 1512 2312 a
1537 2283 1667 2312 fidelibus
1691 2283 1757 2318 capi
1778 2286 1894 2319 possent
1915 2293 1949 2312 ac

300 2321 380 2348 subdi
399 2324 493 2349 sancte
512 2324 632 2351 Romane
651 2325 766 2353 ecclesie
785 2326 941 2360 discipline,
961 2327 1139 2354 defendentes
1157 2327 1288 2361 nequiter
1299 2330 1536 2363 presumpserunt,
1549 2326 1740 2355 ordinationes
1752 2335 1803 2362 per
1815 2327 1949 2356 civitates

300 2363 464 2392 Lombardie
477 2366 608 2394 facientes
627 2369 656 2394 et
675 2369 806 2396 mandata
825 2371 854 2396 et
872 2371 1006 2404 precepta
1025 2378 1058 2396 ex
1077 2371 1158 2404 parte
1176 2370 1279 2397 nobilis
1292 2370 1346 2397 viri
1365 2371 1471 2398 domini
1482 2370 1621 2399 Ludovici
1632 2370 1711 2398 ducis
1724 2371 1844 2399 Bavarie
1862 2371 1948 2399 electi

300 2407 327 2432 in
350 2415 441 2442 regem
467 2409 660 2442 Romanorum,
687 2411 764 2438 cuius
791 2413 995 2440 ambaxiatores
1020 2415 1050 2440 et
1073 2415 1162 2441 certos
1191 2413 1304 2440 nuntios
1331 2423 1360 2442 se
1384 2423 1443 2442 esse
1463 2414 1574 2446 dieunt,
1593 2413 1644 2441 sub
1669 2414 1749 2448 penis
1772 2413 1948 2449 gravissimis

300 2449 519 2484 fulmin[antes]⁰
540 2452 569 2478 in
599 2454 776 2481 manifestum
807 2455 945 2483 dictorum
971 2456 1095 2484 Galeatii
1127 2459 1156 2484 et
1183 2456 1299 2484 fratrum
1328 2465 1440 2484 suorum
1463 2457 1651 2484 hereticorum
1680 2456 1948 2492 condempnatorum

300 2493 430 2524 favorem,
450 2496 546 2527 gentes
565 2496 649 2522 etiam
667 2498 818 2532 armigeras
837 2508 898 2525 cum
918 2507 971 2525 uno
994 2508 1028 2526 ex
1052 2500 1093 2526 eis
1116 2500 1226 2528 scilicet
1248 2500 1402 2527 Bertholdo
1428 2501 1462 2527 de
1484 2500 1686 2535 Marst[eron]⁰
1704 2499 1782 2527 dicto
1800 2500 1835 2528 de
1853 2499 1948 2527 Niffen

301 2535 335 2562 ad
356 2535 499 2563 civitatem
514 2537 765 2574 Mediolanen(sem)
784 2541 1005 2569 transmittentes
1023 2545 1122 2570 contra
1134 2543 1287 2570 exercitum
1301 2543 1424 2570 fidelium
1438 2542 1555 2571 ecclesie
1567 2551 1618 2578 pro
1631 2542 1795 2571 executione
1807 2542 1947 2570 dictarum

302 2578 503 2605 sententiarum
522 2582 618 2607 contra
637 2590 681 2608 eos
700 2584 833 2616 tanquam
852 2586 948 2611 contra
970 2585 1110 2613 hereticos
1129 2589 1329 2621 congregatum
1353 2588 1383 2613 et
1400 2595 1451 2621 per
1469 2594 1639 2620 consequens
1657 2586 1795 2621 impedire
1813 2585 1949 2618 volentes,

301 2629 334 2647 ue
353 2621 435 2647 funus
453 2621 522 2648 dicti
536 2623 640 2650 Mathei
652 2624 768 2652 heretici
786 2626 900 2660 ignibus
911 2627 1010 2655 merito
1023 2629 1255 2656 concremandum
1268 2629 1388 2656 inveniri
1402 2629 1447 2656 vel
1466 2629 1640 2664 apprehendi
1653 2629 1743 2664 possit
1760 2630 1790 2657 et
1802 2637 1839 2657 ne
1851 2628 1948 2656 fideles

405 2699 428 2731 ⁸)
447 2701 633 2726 Cum—iuxta
655 2703 682 2727 in
705 2704 758 2728 loco
780 2713 841 2730 raso
859 2706 980 2738 scriptum
1003 2715 1054 2732 esee
1076 2707 1176 2733 videtur
1194 2717 1232 2734 or.
1346 2707 1373 2740 b)
1393 2717 1454 2734 eron
1476 2709 1504 2733 in
1527 2709 1582 2734 loco
1599 2716 1662 2733 raso
1681 2716 1719 2734 or.
1834 2707 1858 2740 ο)
1875 2708 1949 2733 wncit

300 2741 401 2766 inclusa
418 2743 528 2768 evanida
545 2752 582 2768 or.
1558 2744 1563 2749 ’

406 2801 431 2833 1)
452 2799 492 2832 Cf.
515 2801 564 2828 Τιέ.
584 2805 608 2834 3,
623 2807 660 2829 10.
746 2805 772 2837 2)
792 2805 832 2837 Cf.
852 2811 872 2833 1.
887 2806 983 2833 Iohafn.
1003 2812 1025 2841 1,
1041 2812 1060 2835 7.

1965 1904 1992 1925 ’b

1965 2815 1995 2835 ab

2174 2989 2178 2995 -
2175 2972 2184 2979 s
2162 2868 2184 2962 {usuam
2165 2819 2184 2851 «ν’-ς
