2184 3126
415 216 512 244 ACTA
531 215 645 244 REGNI
664 215 848 244 LUDEWICI
867 214 914 243 IV.
932 214 980 242 ΕΤ
998 213 1184 242 FRIDERICI
1204 213 1252 240 111.
1290 212 1365 240 1323.
1402 212 1451 240 Nr.
1463 212 1523 239 822.
1541 212 1601 239 823.
1619 212 1679 240 824.
1806 216 1863 246 641

257 305 291 336 et
313 302 390 335 dicti
413 302 534 335 domini
557 303 642 345 regis
665 306 721 335 aut
743 302 812 335 eius
835 326 843 334 .
861 326 868 334 .
892 301 1002 334 vicarii
1025 300 1183 333 senserint
1205 299 1429 342 derogativum
1453 301 1510 331 aut
1532 299 1619 342 quod
1642 299 1772 332 honoris
1796 310 1870 342 per-

257 364 334 387 sone
358 357 391 387 et
411 354 489 386 iuris
512 354 645 387 cederet
667 353 709 386 ad
731 353 909 396 periculum
933 356 988 385 aut
1010 352 1145 385 alicuius
1166 351 1292 384 menbri
1314 351 1405 393 regie
1427 351 1616 393 mayestatis
1639 351 1809 392 lesionem,
1837 351 1870 383 id

257 406 366 438 statim
389 406 449 448 ipsi
477 415 536 447 per
558 405 645 447 ipsos
667 405 719 438 vel
742 406 823 438 alios
845 404 1022 437 curabunt*²
1045 403 1185 436 fideliter
1207 407 1240 436 et
1263 403 1414 435 celeriter
1436 402 1583 435 revelare
1606 406 1640 435 et
1663 402 1750 445 quod
1773 403 1869 436 alicui

256 456 372 490 rebelli
391 466 451 489 nec
474 457 602 489 inimico
626 457 708 489 sacri
730 457 858 499 imperii
880 466 940 489 nec
955 455 1034 488 dicti
1049 455 1170 488 domini
1193 454 1280 497 regis
1302 457 1359 487 aut
1373 478 1381 486 .
1398 478 1406 486 .
1423 454 1532 487 vicarii
1557 454 1626 486 eius
1649 454 1771 487 nullum
1795 465 1870 496 pre-

181 516 197 544 s
255 507 386 540 stabunt
407 508 563 540 auxilium
586 508 639 540 vel
666 508 810 540 favorem
839 510 873 540 et
899 510 1008 539 cetera
1037 507 1169 547 facient,
1201 517 1264 549 que
1291 506 1334 538 ad
1362 506 1461 538 decus
1489 510 1522 538 et
1550 507 1764 539 reverentiam
1788 507 1869 539 sacri

255 559 383 602 imperii
405 562 439 592 et
461 558 539 591 dicti
561 559 681 592 domini
705 560 804 591 nostri
821 559 1020 602 perveniant.
1057 557 1241 590 Promitens
1263 557 1323 590 sub
1339 557 1538 600 obligatione
1554 558 1695 590 omnium
1713 558 1870 590 bonorum

257 611 402 644 comunis
425 614 458 644 et
485 611 652 644 hominum
676 611 761 643 dicte
784 611 922 643 civitatis
943 609 1099 650 Novafie,
1127 609 1273 651 predicta
1297 610 1404 642 omnia
1435 613 1468 642 et
1495 610 1621 652 singula
1644 609 1814 643 attendere
1838 613 1872 643 et

256 662 429 695 observare
452 666 486 696 et
507 666 666 705 perpetuo
689 666 800 695 contra
822 673 886 694 non
909 662 1018 694 venire
1041 660 1139 702 dicte,
1163 661 1260 703 facto,
1283 661 1428 702 consilio,
1451 662 1573 694 auxilio
1597 662 1649 693 vel
1673 672 1782 704 opere.

320 718 363 751 Et
386 718 426 751 de
449 718 603 761 predictis
626 719 753 761 rogavit
774 729 827 751 me
849 719 1024 759 notarium,
1050 720 1087 750 ut
1108 717 1184 750 inde
1207 717 1399 750 conficerem
1423 718 1588 760 publicum
1612 718 1869 750 instrumentum.

170 785 196 806 ιο
213 769 256 803 Et
278 769 371 814 plura
393 770 605 803 instrumenta
627 781 691 803 uno
714 774 826 803 tenore
849 770 918 803 fieri
942 773 1057 812 rogata
1079 772 1162 801 sunt.

319 822 439 855 Actum
461 825 498 854 ut
520 833 617 865 supra
640 822 843 865 presentibus
866 821 1090 864 suprascriptis
1112 820 1259 853 testibus.

320 895 366 937 (S.
382 895 437 936 N.)
482 895 571 938 Eg00
593 895 791 928 Rubertinus
818 895 940 928 Burrus
967 895 1051 928 filius
1078 894 1200 927 domini
1227 894 1368 927 Vercelli
1401 893 1539 926 civitatis
1567 893 1744 926 Mediolani
1777 899 1870 937 porte

210 946 359 979 Romane
382 946 529 989 publicus
551 948 743 980 auctoritate
766 947 927 990 imperiali
950 949 984 980 et
1006 946 1083 979 dicti
1105 945 1227 978 domini
1252 972 1258 979 .
1277 970 1283 978 .
1301 945 1412 978 vicarii
1434 946 1588 986 notarius,
1612 956 1741 978 camere
1758 946 1871 988 palatii

211 999 356 1031 comunis
371 989 548 1031 Mediolani
570 998 613 1030 ad
629 999 880 1032 reformaciones
895 998 1100 1032 consiliorum
1115 997 1194 1030 dicti
1209 997 1354 1030 comunis
1370 998 1572 1039 constitutus,
1593 997 1748 1040 predictis
1771 999 1869 1031 inter-

170 1063 194 1084 u
212 1049 258 1083 fui
286 1053 320 1082 et
346 1053 477 1093 rogatus
499 1050 619 1082 tradidi
646 1053 680 1083 et
707 1061 759 1083 me
782 1050 955 1094 subscripsi
977 1059 1117 1092 meoque
1139 1049 1234 1082 solito
1258 1050 1350 1092 signo
1374 1049 1499 1092 signavi
1529 1052 1562 1081 et
1591 1049 1634 1081 ad
1665 1050 1870 1083 scribendum

213 1101 288 1134 dedi
310 1101 481 1135 infradicto
503 1102 753 1135 Franceschollo
776 1103 912 1136 notario.

321 1175 367 1216 (S.
383 1175 439 1218 N.)
483 1175 577 1218 Egod
599 1175 847 1208 Francischolus
875 1175 959 1208 filius
982 1174 1103 1207 domini
1126 1174 1260 1207 Castelli
1288 1174 1328 1206 de
1352 1174 1502 1207 Ariverio
1532 1175 1670 1207 civitatis
1693 1175 1869 1208 Mediolani

212 1230 306 1270 porte
330 1227 508 1260 Ticinensis
531 1228 674 1260 notarius
696 1227 844 1269 publicus
866 1228 954 1259 iussu
977 1227 1185 1269 suprascripti
1209 1225 1377 1258 Rubertini
1399 1226 1516 1258 notarii
1539 1227 1661 1269 scripsi.

418 1359 505 1396 823.
546 1359 787 1396 Iuraanentum
813 1358 965 1395 civitatis
999 1357 1220 1395 Vercellensis
1243 1358 1465 1404 procuratori
1489 1359 1614 1395 vicarii

169 1440 196 1460 πο
738 1419 956 1465 praestitum.
1061 1419 1171 1455 1324.
1205 1418 1285 1455 Ιωη.
1305 1420 1339 1455 7.

321 1492 522 1533 Autoyraphi
550 1492 770 1534 fraqmentwm
798 1492 926 1525 omnino
954 1492 1146 1533 dissipatum
1178 1494 1274 1533 atque
1304 1502 1434 1524 exesum
1467 1492 1503 1524 in
1537 1491 1698 1524 tabulario
1731 1492 1871 1524 civitatis

221 1543 422 1576 Vercellensis
444 1543 646 1585 ‘Peryamene
666 1554 761 1577 senza
782 1544 861 1576 data
879 1554 938 1577 sec.
953 1543 1112 1576 12.—16.’
1149 1543 1387 1584 Descripsimus
1403 1552 1470 1581 n08‚
1493 1543 1549 1575 sed
1563 1543 1763 1584 paucissima
1778 1544 1871 1576 verba

218 1595 267 1636 eya‘
287 1597 448 1636 poteromt.
472 1613 514 1618 —
538 1595 707 1629 Ineditum.

322 1697 530 1705 .........
547 1673 744 1706 Iohanninus
766 1673 806 1706 de
830 1673 862 1706 S.
880 1697 887 1705 .
906 1698 912 1705 .
930 1697 937 1705 .
956 1698 963 1705 .
986 1676 1177 1715 procurator
1192 1672 1351 1716 Bertsoldi
1374 1673 1501 1705 comitis
1524 1673 1566 1705 de
1588 1672 1709 1716 Ni]ffen
1732 1674 1870 1705 serenis-

169 1741 194 1761 „
213 1725 286 1756 simi
309 1724 429 1756 domini
452 1725 553 1757 nostri
569 1725 690 1757 domini
705 1724 873 1769 Ludov[ici
888 1725 1109 1757 Romanorum
1132 1725 1218 1768 regis
1241 1735 1372 1767 semper
1387 1725 1515 1767 augusti
1538 1724 1583 1768 in]
1600 1725 1746 1767 partibus
1762 1725 1870 1758 Ytalie

213 1775 337 1819 [vicarii
359 1776 521 1818 generalis
564 1799 1871 1810 .........................................

211 1827 377 1860 fidelitatis
400 1823 511 1860 debite
535 1831 772 1861 sacramentum
790 1852 1872 1862 ..................................

210 1883 244 1913 et
267 1879 388 1912 debent
410 1879 519 1912 facere
543 1890 654 1912 versus
676 1880 871 1922 prelibatam
894 1880 1094 1923 imperialem
1118 1883 1151 1912 et
1174 1881 1297 1922 regiam
1321 1882 1538 1922 magestatem
1569 1904 1871 1913 ..........

210 1955 1870 1965 ····················································

165 1998 192 2019 ω
323 1982 400 2016 Dat.
412 1983 573 2015 Vercellis
595 1983 627 2014 in
643 1983 770 2025 palacio
786 1983 930 2014 comunis
954 2006 1090 2014 .....
1113 1993 1197 2014 anno
1213 1982 1345 2014 Domini
1368 1993 1387 2015 a
1410 1983 1577 2015 nativitate
1597 1983 1744 2016 eiusdem
1766 1984 1871 2016 mille-

217 2034 298 2067 simo
328 2034 556 2067 trecentesimo
583 2035 740 2077 vigesimo
772 2037 902 2076 quarto,
934 2033 1108 2066 indictione
1138 2034 1292 2076 septima,
1326 2033 1380 2066 die
1410 2033 1555 2067 Sabbato
1584 2036 1723 2077 septimo
1754 2036 1873 2068 mensis

214 2086 366 2119 Ianuarii.

451 2226 526 2264 824.
560 2224 832 2264 LUDEWICI
854 2225 1191 2263 APPELLATIO
1218 2225 1396 2263 PRIMA
1420 2225 1636 2264 CONTRA

699 2281 1027 2334 ‚PROCESSUM
1057 2280 1373 2320 PONTIFIOIS.

167 2367 192 2388 as
879 2350 988 2387 1323.
1029 2350 1117 2386 Dec.
1142 2350 1199 2386 18.

321 2439 483 2482 oremale
500 2441 575 2483 (or.)
598 2441 635 2473 in
654 2441 814 2474 tabulario
833 2444 948 2474 secreto
966 2442 1078 2474 domus
1091 2442 1195 2482 reyiae
1210 2441 1412 2474 Bawaaeicae.
1451 2441 1596 2474 Pendent
1609 2441 1715 2483 sigilla
1729 2443 1871 2483 quinque

206 2490 278 2533 fere
300 2492 406 2524 omnia
432 2491 544 2524 illaesa
572 2492 648 2525 loris
676 2493 929 2526 membranaceis.
982 2493 1090 2534 Siyilli
1115 2493 1247 2525 secundi
1274 2493 1440 2534 inscriptio
1471 2496 1534 2526 est:
1567 2494 1601 2527 ›1‹
1624 2493 1646 2526 S
1663 2511 1670 2519 ·
1690 2493 1869 2526 VLRICI-

210 2542 442 2576 WILDONIS
459 2561 465 2568 ·
482 2543 590 2576 PPTI
605 2561 612 2569 ·
633 2544 655 2577 S
672 2562 679 2570 ·
698 2544 852 2579 STePhJ
869 2563 876 2570 ·
893 2545 942 2577 IN
959 2562 965 2570 ·
982 2545 1212 2578 BABmBER
1229 2555 1260 2583 ·,·
1282 2544 1379 2586 siyilli
1393 2545 1516 2586 quinti:
1538 2546 1572 2579 ·1-
1588 2544 1612 2577 S
1625 2563 1631 2571 ·
1645 2544 1869 2578 OTTONIS-

210 2592 409 2628 HeRWIOI
426 2612 433 2620 ·
449 2595 480 2627 D
497 2595 707 2630 -weRDeA
724 2614 731 2621 -
755 2615 796 2620 —
818 2597 1002 2629 ffliderunt
1017 2607 1047 2630 a.
1061 2599 1156 2630 1618.
1174 2596 1343 2630 Gewoldus
1359 2596 1524 2639 ‘Defensio
1538 2597 1693 2630 Ludovici
1707 2597 1763 2629 IV
1761 2622 1767 2629 .
1786 2598 1870 2637 imp:

167 2658 194 2678 ω
206 2656 241 2686 p.
259 2647 302 2678 68
312 2656 376 2686 sqq.
392 2657 431 2679 ex
447 2657 503 2685 or„
526 2657 587 2688 quo
607 2650 726 2680 ceterae
740 2648 891 2681 edit-iones
906 2658 1012 2681 omnes
1026 2648 1167 2687 redeunt,
1190 2649 1324 2690 itemque
1345 2659 1376 2683 α.
1394 2649 1488 2681 1906.
1511 2659 1570 2681 nos
1584 2650 1648 2690 ipsi
1664 2648 1737 2681 ‘Die
1753 2649 1870 2690 Appel-

211 2696 312 2730 lation
334 2697 447 2739 'Ko'm'q
469 2698 621 2740 Ludwiys
643 2699 697 2732 des
717 2699 844 2732 Ba-iem
868 2710 928 2732 von
952 2700 1053 2731 1324’
1074 2711 1109 2740 p.
1131 2701 1173 2731 10
1185 2710 1250 2741 sqq.
1273 2699 1427 2732 columnis
1449 2700 1589 2733 dexteris
1616 2711 1655 2733 ex
1679 2712 1723 2733 or.
1779 2701 1871 2741 Quod

211 2749 313 2781 denuo
336 2749 539 2791 inspeximus.

314 2833 383 2862 822.
409 2834 435 2868 b)
454 2837 557 2862 curabit
575 2846 613 2863 or.
701 2836 725 2870 ι3)
743 2837 799 2863 alia
818 2846 910 2864 monus
928 2846 966 2864 or.
1054 2837 1080 2872 d)
1093 2839 1171 2872 prior
1188 2847 1281 2864 mariun
1299 2848 1337 2865 or.

319 2895 357 2914 u..
370 2894 597 2914 consa-munem
609 2895 635 2915 v.
1627 2890 1660 2916 81
