2124 3132
289 176 336 207 38*
705 173 922 203 TRACTATUS
939 173 987 203 DE
1005 173 1221 201 ELEGTIONE.
1258 175 1332 202 1314.
1367 175 1417 202 Νι.
1429 175 1473 202 36.
1492 175 1535 202 37.

289 260 449 291 stituimus
476 262 700 302 procuratores
731 264 763 291 et
790 260 997 302 negociorum
1026 263 1170 301 gestures
1197 261 1230 291 in
1260 261 1408 293 solidum.
1454 261 1579 293 Dantes
1607 265 1640 293 et
1663 261 1878 294 concedentes
1902 263 1949 294 eis

289 313 322 344 et
340 310 477 346 'cuilibet
501 313 629 352 eorum',‘
650 310 696 343 i'ta
718 311 805 353 quod
828 322 891 343 non
914 309 955 342 sit
976 311 1092 343 melior
1115 310 1260 344 condicio
1285 308 1473 354 occupantis
1494 310 1528 345 et'
1549 313 1634 355 quod
1655 312 1738 344 unus
1761 323 1874 345 eorum
1896 313 1954 346 2012

289 362 352 393 duo
375 362 427 394 vel
452 373 563 395 omnes
586 363 706 404 incepit
729 363 781 394 vel
804 364 1003 404 inceperunt,
1026 362 1109 394 alter
1130 363 1183 396 vel
1206 374 1316 396 eorum
1341 364 1404 396 duo
1424 365 1583 406 >perficere
1606 365 1739 406 possint,
1762 365 1892 407 plenam
1917 368 1950 397 et

288 408 424 460 liberam
454 413 650 455 potestatem
681 425 753 446 cum
784 414 1044 456 conprincipibus
1073 415 1188 446 nostris
1219 415 1378 447 tractandi
1407 426 1505 458 super
1536 416 1698 449 eleccione
1728 415 1827 448 futuri
1852 417 1956 462 reglis,>

289 465 500 497 conveniendi
534 468 600 495 tam
637 465 676 496 de
707 466 844 497 termino
879 476 976 507 quam
1007 465 1048 497 de
1078 466 1166 507 loco,
1202 466 1330 507 quando
1361 470 1394 498 et
1423 467 1480 513 ubi
1510 468 1609 500 futuri
1640 468 1726 514 regis
1756 468 1797 499 sit
1817 467 1955 514 ‹eleccios

289 516 501 558 celebranda,
537 516 776 548 contradicendi
812 520 844 548 et
874 517 1058 558 opponendi
1088 518 1239 559 quicquid
1270 518 1408 551 viderint
1438 512 1593 561 expedire
1623 529 1747 550 necnon
1780 519 1887 550 omnia
1917 522 1951 550 et

1980 473 1994 493 ὗ

289 568 414 609 singula
442 568 598 607 faciendi,
630 578 692 609 que
716 568 800 599 veris
827 567 1086 609 procuratoribus
1114 568 1166 600 vel
1194 569 1403 610 negociorum
1431 570 1612 610 gestoribus'
1641 571 1673 601 in
1705 569 1871 611 premissis
1897 569 1950 602 vel
1980 565 1983 568 ”

289 619 434 660 quolibet
456 619 685 660 premissorum
709 630 727 650 a
751 620 826 661 lege
848 619 899 651 vel
922 630 1043 651 canone
1067 623 1140 651 sunt
1163 630 1324 663 concessa,
1349 621 1452 653 eciam
1476 632 1538 662 quc
1563 621 1752 654 mandatum
1776 624 1948 663 quantum-

289 681 413 712 cunque
438 671 572 728 exigunt
594 670 746 712 speciale.
784 671 1072 713 Promittimusque
1095 681 1154 713 per
1175 675 1343 713 presentes
1366 683 1424 704 nos
1445 675 1572 715 gratum
1596 666 1754 706 et'ratum
1771 672 1958 718 habituros„⁴

289 720 440 762 quicquid
463 732 522 763 per
543 722 630 763 ipsos
654 733 774 763 omnes,
799 722 879 754 duos
893 722 945 754 vel
967 732 1065 753 unum
1090 732 1201 755 eorum
1225 725 1331 756 actum
1347 722 1400 756 vel
1425 722 1606 756 ordinatum
1622 723 1766 756 fueritin
1782 724 1957 765 premissis,

288 783 345 803 seu
369 772 515 830 quolibet
537 774 775 814 premissorum.
814 773 871 806 Inb
895 783 1030 815 quorum
1055 774 1195 805 omnium
1219 773 1420 806 evidenciam
1436 777 1604 821 presentes
1620 775 1668 807 eis
1685 774 1834 807 dedimus
1850 768 1959 824 sigilli.t

288 823 387 854 nostri
409 824 584 855 munimine
609 824 768 866 legittime
792 824 990 856 roboratasb.

360 900 362 902 .
395 873 517 906 Datum
548 875 581 906 in
609 873 860 916 Heidelberchffl
891 886 974 907 anno
1003 876 1134 908 Domini
1166 876 1338 909 millesimo
1369 877 1596 925 trecentesimo
1628 860 1886 920 quartodecimo,
1910 860 1957 910 in
1996 870 2000 875 ⁴

287 925 397 968 vigilia
421 927 616 958 ascensionis
639 926 780 959 Domini.

635 1103 639 1106 Α
676 1066 735 1103 37.
776 1066 1065 1104 Procuratorium
1091 1067 1236 1112 Rudolft
1264 1069 1361 1106 ducis
1388 1068 1569 1107 saxoniae.
1606 1105 1608 1107 ,

1968 730 1993 750 1⁰

1935 1080 1994 1108 ,ιι

399 1134 578 1176 Oriqinalia
598 1137 661 1169 duo
681 1139 690 1168 1
714 1139 743 1169 et
759 1139 796 1168 2
792 1137 838 1168 in
861 1137 1020 1170 tabulario
1036 1147 1182 1170 caesareo
1201 1137 1443 1171 Vindobonensi.
1478 1138 1679 1172 Contulimus
1692 1150 1759 1172 noe.
1799 1140 1962 1181 Siqillum.
1988 1128 1991 1130 .

287 1188 457 1226 utrumque
476 1187 552 1227 plus
573 1188 715 1220 minusve
738 1188 858 1220 laesum
874 1189 993 1229 pendet
1015 1189 1081 1222 loro
1103 1189 1348 1223 membranaceo.

392 1245 543 1286 ‘Biihmen
568 1247 644 1289 Req.
668 1249 780 1282 Ludw.
800 1259 833 1288 p.
849 1250 915 1281 236
937 1249 1170 1282 Reichssachen
1190 1260 1240 1282 nr.
1259 1253 1310 1282 17.

395 1349 554 1383 Noverint
577 1352 717 1384 universi
741 1362 876 1394 quorum
899 1353 1033 1385 interest
1056 1357 1090 1386 et
1112 1353 1167 1395 qui
1190 1364 1247 1386 sua
1271 1353 1466 1387 crediderint
1487 1355 1659 1395 interesse,
1683 1353 1770 1396 quod
1793 1365 1868 1388 cum
1890 1366 1950 1388 nos

287 1400 448 1434 Rfldolfus
469 1402 533 1434 Dei
556 1404 666 1445 gracia
689 1403 756 1435 dux
775 1403 925 1446 Samnie,
948 1405 1103 1447 Angarie,
1120 1405 1305 1446 Westfalie,
1329 1415 1438 1439 comes
1460 1406 1493 1437 in
1514 1405 1602 1438 Bren
1626 1409 1659 1438 et
1681 1405 1895 1447 burcgravius
1915 1407 1961 1443 in,

287 1453 493 1495 Megdeburg
521 1455 710 1487 tractatibus
739 1455 898 1487 habendis
927 1466 1024 1498 super
1053 1456 1216 1489 eleccione
1241 1456 1339 1489 futuri
1362 1457 1449 1499 regis
1472 1467 1535 1499 que
1558 1467 1641 1492 nunc
1665 1457 1821 1495 incumbit
1844 1459 1962 1492 causis.

287 1506 478 1537 necessariis
501 1509 534 1538 et
550 1506 716 1548 legittimis
732 1508 895 1549 prepediti
912 1518 1110 1550 nequeamus
1126 1509 1340 1550 personaliter
1353 1509 1520 1550 interesse,
1543 1509 1757 1542 reverendum
1772 1510 1806 1541 in
1821 1510 1962 1545 Christo·

287 1560 422 1598 patrem·
443 1560 476 1589 et
506 1557 669 1590 dominum
693 1558 872 1592 Iohannem
896 1560 1115 1595 venerabilem
1146 1561 1333 1602 episcopum
1357 1561 1629 1602 Argentinensem
1657 1564 1690 1592 et
1716 1561 1848 1593 nobiles·
1865 1562 1949 1594 viros

288 1608 443 1640 Ottonem
471 1610 622 1641 comitem
653 1609 693 1641 de
718 1610 890 1653 Strazberg
914 1615 947 1643 et
971 1612 1123 1644 Ottonem
1153 1612 1317 1647 dominum
1341 1612 1386 1645 de*
1406 1612 1615 1644 Ohssenstein
1637 1623 1680 1644 ex
1703 1615 1794 1645 certa
1814 1613 1961 1647 scientiar
1987 1634 2007 1640 v-

287 1663 413 1691 nostros
443 1660 591 1701 facimus,
627 1661 811 1693 ordinamus
843 1667 876 1694 et
907 1664 1128 1695 constituimus
1162 1667 1387 1705 procuratores
1420 1665 1452 1695 in
1486 1663 1623 1695 solidum
1658 1667 1710 1696 et·
1740 1665 1948 1706 negociorum

288 1715 444 1754 gestores.
489 1712 614 1744 Dantes
637 1717 670 1745 et
693 1714 907 1746 concedentes
930 1716 977 1746 eis
1001 1718 1034 1746 et
1057 1715 1190 1747 cuilibet
1212 1726 1333 1756 eorum,
1357 1716 1403 1746 ita
1427 1715 1512 1757 quod
1536 1726 1597 1746 non
1621 1717 1662 1747 sit
1677 1716 1792 1747 melior
1807 1716 1948 1749 conditio

289 1764 474 1806 occupantis
505 1768 538 1796 et
564 1765 652 1806 quod
681 1774 762 1799 unus
784 1766 837 1799 vel
869 1766 932 1799 duo
961 1766 1036 1799 aut¹³
1060 1772 1172 1801 omnes
1198 1767 1319 1808 incepit
1339 1766 1392 1799 vel
1419 1767 1624 1808 inceperunt,
1655 1767 1738 1801 alter
1760 1767 1812 1798 vel
1836 1777 1949 1800 eorum

287 1815 352 1847 duo
375 1816 530 1858 perficere
554 1818 687 1858 possint,
711 1818 840 1859 plenam
865 1821 898 1849 et
919 1817 1056 1850 liberam
1066 1821 1277 1862 potestatem
1294 1828 1367 1849 cum
1384 1818 1642 1859 conprincipibus
1655 1819 1773 1850 nostris
1790 1818 1950 1851 tractandi

287 1877 384 1909 super
408 1867 565 1900 electione
590 1869 687 1900 futuri
711 1869 1049 1910 regis‚conven1endi
1072 1873 1139 1901 tam
1163 1869 1203 1901 de
1227 1870 1365 1901 termino
1390 1880 1486 1911 quam
1510 1869 1551 1901 de
1574 1869 1661 1911 loco,
1685 1869 1814 1911 quando
1838 1873 1872 1902 et
1893 1869 1950 1902 ubi

287 1918 385 1950 futuri
408 1920 493 1960 regis
517 1921 558 1951 sit
580 1920 697 1952 electio
721 1921 925 1962 celebranda,
949 1921 1191 1954 contradicendi
1214 1924 1247 1954 et
1270 1920 1455 1963 opponendi
1472 1921 1620 1964 quitquid
1635 1921 1775 1971 viderint
1790 1922 1947 1963 expedire

286 1980 411 2016 necnon
435 1972 541 2002 omnia
565 1974 598 2002 et
621 1965 746 2013 singula
770 1971 919 2012 faciendi,
943 1983 1006 2014 que
1030 1973 1115 2004 veris
1138 1972 1400 2014 procuratoribus
1415 1972 1468 2004 vel
1490 1973 1699 2014 negociorum
1718 1973 1926 2015 gestoribus
1916 1984 1950 2006 m

287 2022 451 2067 premissis
472 2022 523 2067 vel
547 2022 692 2064 quolibet
714 2024 942 2065 premissorum
966 2034 986 2055 a
1008 2024 1082 2066 lege
1098 2024 1150 2056 vel
1173 2034 1209 2055 a·
1216 2033 1338 2056 canone
1361 2028 1436 2056 sunt
1458 2034 1620 2065 concessa,
1644 2025 1747 2056 eciam
1771 2034 1835 2066 que
1857 2035 1948 2056 man·
1957 2065 1960 2068 Ι

288 2073 399 2105 datum
423 2063 715 2116 quantumcumque
740 2076 874 2116 exigunt
896 2074 1062 2117 speciale.
1097 2075 1385 2118 Promittimusque
1408 2086 1483 2117 per
1491 2079 1657 2117 present-es
1679 2083 1738 2107 nos
1760 2079 1889 2118 gratum
1916 2076 1962 2123 et,
2001 2071 2010 2087 *³

1966 1672 1994 1692 2⁶

286 2128 392 2171 ratum
416 2125 596 2170 habituros,
627 2126 774 2170 quitquid
797 2137 856 2168 per
878 2127 980 2169 ipsos,
1004 2127 1083 2159 duos
1106 2127 1158 2159 vel
1181 2138 1278 2159 unum
1303 2138 1415 2159 eorum
1438 2131 1546 2168 actum
1569 2127 1621 2159 vel
1644 2127 1826 2159 ordinatum
1850 2127 1967 2160 fuerit-

286 2177 319 2207 in
342 2178 507 2218 premissis
529 2188 587 2209 seu
611 2178 757 2220 quolibet
778 2177 1017 2222 premissorum.

394 2230 513 2260 Actum
530 2233 564 2261 et
580 2230 714 2261 datum'
706 2241 738 2261 ιιι
754 2229 966 2272 Haidelberg‚
982 2232 1015 2262 in
1031 2231 1142 2273 vigilia
1157 2230 1359 2263 ascensionis
1368 2230 1510 2292 Domini,
1527 2240 1610 2262 anno
1628 2229 1759 2262 Domini
1774 2228 1969 2263 millesimo

288 2280 516 2312 trecentesimo
540 2279 793 2324 quartodecimo.

359 2437 362 2439 .
391 2409 438 2439 36.
452 2427 454 2429 >
466 2410 491 2444 ¹²)
510 2391 766 2439 Iri—‘roboratas
784 2412 877 2439 desunt
893 2411 918 2439 2.
982 2392 1030 2453 1l0)
1048 2411 1222 2443 fflidolberch
1243 2412 1268 2441 2.

336 2479 339 2482 ”
390 2487 438 2516 87.
466 2488 491 2522 ι)
510 2478 579 2514 ‹10‘0'0'2
594 2488 619 2514 ρ.
649 2477 666 2531 η’
705 2485 732 2521 ¹²)
750 2479 792 2516 vei
809 2489 842 2516 2.-

1968 2186 1995 2206 35
