2190 3172
309 185 371 215 158
542 182 639 210 ACTA
658 182 772 210 REGNI
791 182 977 209 LUDEWIOI
995 182 1043 209 IV.
1061 183 1108 209 ΕΤ
1126 182 1313 210 FRIDERICI
1331 183 1381 210 111.
1418 183 1494 210 1314.
1530 183 1579 211 Nr.
1591 184 1650 211 165.
1670 183 1728 210 166.

417 272 446 301 4.
481 273 553 300 Item
571 273 770 308 promittimus,
790 273 864 307 quod
882 282 932 300 nos
950 273 1043 307 ipsum
1061 281 1155 307 regem
1174 282 1226 301 nec
1243 273 1320 300 ultra
1339 275 1447 301 montes
1465 283 1517 301 nec
1541 274 1612 302 citra
1637 274 1673 301 ad
1691 274 1896 309 parlamentum
1915 271 1962 301 ves

308 319 516 354 expeditionem
534 322 657 347 nostram
676 320 818 354 privatam
837 320 882 347 vel
900 320 1044 354 publicam
1062 320 1121 347 sine
1140 321 1200 348 eius
1218 321 1364 348 voluntate
1382 321 1423 349 ire
1442 330 1571 356 cogemus
1588 322 1664 348 ultra
1677 321 1828 356 privilegia
1846 321 1901 348 sibi
1914 321 1960 348 vel

308 371 364 399 suis
383 371 622 406 predecessoribus
640 381 657 399 a
676 372 747 398 divis
766 371 953 398 Romanorum
970 371 1084 406 regibus
1102 381 1150 399 seu
1169 371 1385 407 imperatoribus
1403 381 1534 400 concessa
1551 382 1602 401 nec
1621 375 1736 408 propter
1754 373 1807 400 hoe
1826 372 1959 400 offensam

307 425 431 450 nostram
450 424 572 457 incurret
590 423 633 450 vel
652 423 882 457 indignationem.

417 474 445 503 5.
482 476 551 503 Item
570 475 771 510 promittimus,
788 475 863 509 quod
876 475 968 509 ipsum
980 483 1074 510 regem
1095 475 1214 507 Boemie,
1234 496 1240 503 .
1255 497 1261 504 .
1279 476 1397 507 nobiles,
1415 497 1421 504 .
1437 497 1443 504 .
1462 477 1591 509 vasallos,
1610 497 1616 503 .
1630 498 1636 504 .
1656 478 1817 510 castrenses,
1837 498 1843 504 .
1857 497 1864 504 .
1881 477 1961 504 mini-

308 526 443 558 sterialeS,
463 548 469 554 .
482 547 488 554 .
508 527 590 559 cives,
611 548 617 553 .
631 547 636 553 .
656 526 813 561 oppidanos
828 528 856 553 et
869 535 1049 561 quoscunque
1061 527 1188 554 subditos
1201 527 1407 555 ecclesiasticos
1420 529 1449 555 et
1462 529 1600 556 seculares
1612 537 1676 555 suos
1688 537 1836 563 regnorum
1847 537 1959 556 suorum

308 579 338 604 et
361 577 545 605 dominiorum
568 578 740 605 servabimus
763 580 791 605 et
814 577 956 605 tuebimur
978 587 1028 612 per
1051 587 1160 605 sacrum
1179 578 1328 613 imperium
1351 578 1381 605 in
1399 579 1595 612 libertatibus,
1614 580 1695 607 bonis
1714 579 1961 607 consuetudinibus

309 630 338 655 et
356 629 471 656 statutis
489 629 545 655 suis
563 630 705 663 hucusque
724 638 774 663 per
792 638 839 656 eos
857 629 964 657 habitis
983 631 1012 657 et
1030 629 1151 657 usitatis.
1187 630 1224 657 Et
1241 630 1315 664 quod
1333 631 1441 658 nullum
1459 640 1493 658 ex
1510 631 1652 666 premissis
1676 632 1712 659 ad
1730 631 1865 659 iudicium
1884 631 1959 659 curie

308 682 402 707 nostre
425 681 603 708 evocabimus
626 690 676 708 nec
695 681 806 708 evocari
825 682 1034 716 permittemus,
1054 691 1136 716 quam
1163 683 1210 709 diu
1234 682 1308 710 idem
1333 692 1381 710 rex
1399 683 1612 717 querulantibus
1631 684 1664 711 de
1683 684 1724 711 eis
1742 685 1858 718 paratus
1876 683 1961 711 fuerit

308 732 400 759 facere
419 732 531 759 iusticie
550 733 793 767 complementum.

416 783 445 812 6.
481 784 551 811 Item
570 785 761 818 promittimus
783 794 932 820 procurare
955 787 984 812 et
1003 786 1111 813 efficere
1133 795 1184 821 pro
1202 795 1283 821 posse
1301 789 1409 820 nostro,
1428 787 1503 821 quod
1521 788 1576 814 dux
1595 788 1706 815 Austris
1725 796 1819 815 omnes
1838 788 1957 820 litteras,

308 843 377 868 quas
401 835 500 867 habet,
523 835 627 863 virtute
650 845 767 870 quarum
789 837 905 871 aliquod
926 836 969 863 ius
991 837 1047 864 sibi
1069 839 1164 872 posset
1182 837 1329 865 vendicare
1353 837 1382 865 in
1399 847 1486 873 regno
1510 838 1621 866 Boemie
1640 839 1684 866 vel
1703 839 1763 867 eius
1782 839 1959 875 appendiciis

308 889 358 913 aut
376 886 406 913 in
424 887 575 920 nobilibus,
595 888 703 916 civibus
722 891 751 915 et
768 889 869 916 incolis
887 889 958 916 dicti
976 890 1064 924 regni,
1082 889 1232 917 restituet.
1270 889 1344 920 Quas
1363 890 1448 917 etiam
1468 890 1582 918 vivente
1601 891 1713 918 domino
1727 891 1849 919 Henrico
1863 892 1961 919 Roma-

307 947 405 965 norum
423 938 591 973 imperatore
611 940 681 967 bone
699 940 831 968 memorie
849 941 964 968 reddere
983 941 1120 975 promisit.

417 989 445 1019 7.
485 991 555 1018 Item
574 992 764 1026 promittimus
788 1001 935 1026 procurare
961 994 990 1020 et
1012 993 1118 1021 efficere
1141 1002 1191 1028 pro
1216 1002 1296 1028 posse
1314 995 1420 1026 nostro,
1446 994 1520 1028 quod
1540 994 1741 1030 Rudulphus
1759 995 1815 1022 dux
1833 995 1963 1023 Bawarie

309 1051 456 1077 germanus
474 1045 569 1070 noster
587 1052 681 1070 omnes
698 1043 809 1071 litteras
828 1044 1032 1080 obligationum
1051 1046 1081 1072 et
1098 1045 1318 1080 promissionum,
1337 1054 1407 1079 quas
1425 1045 1512 1073 habet
1530 1048 1559 1073 et
1577 1046 1679 1073 habuit
1695 1047 1733 1074 ab
1747 1047 1843 1074 eodem
1854 1056 1921 1082 rege
1934 1049 1963 1075 et

308 1091 485 1122 venerabili
508 1095 692 1129 Bald(ewino)
714 1096 878 1123 Treverensi
901 1096 1114 1132 archiepiscopo
1136 1094 1281 1135 principe
1305 1097 1414 1125 nostro
1438 1094 1556 1125 dilecto
1580 1097 1682 1133 sigillis
1707 1107 1802 1126 eorum
1820 1099 1963 1133 sigillatas

307 1146 453 1173 occasione
472 1146 654 1180 promotionis
666 1147 794 1174 faciende
807 1148 841 1174 de
854 1149 950 1175 eodem
963 1157 1028 1182 rege
1042 1148 1155 1175 Boemie
1169 1148 1199 1174 in
1213 1157 1306 1183 regem
1320 1148 1505 1175 Romanorum
1519 1157 1570 1183 per
1582 1149 1674 1184 ipsum
1688 1150 1794 1182 ducem,
1807 1150 1962 1179 *restituet

417 1196 445 1226 8.
480 1198 551 1226 Item
575 1208 637 1225 cum
660 1200 716 1226 dux
740 1199 852 1226 Austrie
878 1201 974 1227 teneat
996 1200 1025 1226 iu
1049 1200 1175 1227 Moravia
1199 1200 1334 1234 quasdam
1359 1202 1461 1231 terras,
1484 1200 1618 1228 videlicet
1640 1201 1760 1228 Znoman
1787 1203 1908 1229 castrum
1933 1204 1965 1230 et

310 1250 445 1284 oppidum
464 1252 493 1277 et
512 1250 654 1277 Boarlitzss
672 1251 816 1285 oppidum,
836 1260 897 1278 cum
917 1260 1011 1278 eorum
1030 1251 1193 1278 attinenciis
1216 1260 1267 1286 pro
1287 1253 1364 1279 certa
1386 1261 1493 1279 summa
1511 1252 1630 1286 pecunie
1648 1253 1777 1288 obligata
1796 1256 1825 1280 et
1842 1254 1962 1288 quedam

308 1310 373 1336 pars
397 1302 472 1329 dicte
497 1302 614 1336 pecunie
638 1302 676 1329 sit
695 1303 799 1335 soluta,
819 1303 1010 1338 promittimus
1028 1303 1134 1331 dictum
1153 1304 1251 1331 ducem
1274 1304 1310 1331 ad
1335 1304 1389 1331 hoc
1408 1304 1546 1336 inducere,
1565 1306 1597 1332 ut
1616 1304 1706 1332 dictas
1724 1306 1821 1337 terras,
1841 1308 1964 1333 castrum

310 1354 339 1380 et
358 1353 463 1388 oppida
483 1363 545 1381 cum
563 1363 656 1381 eorum
677 1355 813 1382 universis
831 1355 994 1382 attinenciis
1013 1355 1103 1383 eidem
1121 1356 1182 1391 regi
1200 1356 1353 1383 restituatd
1374 1357 1515 1383 mediante
1534 1365 1641 1384 summa
1654 1357 1779 1392 pecunie,
1798 1359 1831 1385 ut
1843 1359 1964 1386 tenetur.

418 1405 446 1434 9.
482 1406 554 1433 Item
573 1407 775 1441 promittimus,
795 1407 869 1441 quod
888 1417 1008 1434 summas
1031 1407 1213 1442 pecuniarum
1232 1407 1382 1443 promissas
1406 1410 1435 1435 et
1457 1409 1548 1436 adhuc
1571 1409 1718 1436 solvendas
1736 1409 1878 1436 nobilibus
1897 1410 1963 1438 viris

310 1456 433 1484 Gerar-do
451 1457 548 1484 comiti
566 1458 717 1485 Iuliacensi
736 1461 764 1485 et
782 1459 914 1494 Adulpho
934 1459 1030 1487 comiti
1049 1460 1083 1487 de
1102 1460 1196 1487 Monte
1216 1462 1249 1487 et
1268 1460 1366 1488 Ottoni
1390 1460 1424 1488 de
1448 1459 1513 1488 Kfik
1536 1470 1554 1488 a
1577 1461 1652 1488 dicto
1670 1470 1736 1497 rege
1754 1461 1868 1488 Boemie
1886 1471 1962 1489 occa«

309 1508 385 1536 sione
403 1518 452 1536 sue
470 1510 655 1544 promotionis
673 1510 702 1537 in
720 1519 815 1546 regem
833 1511 1040 1538 Romanorum*
1058 1512 1163 1539 eisdem
1181 1512 1370 1546 persolvemus
1393 1511 1474 1539 iuxta
1496 1522 1608 1539 suarum
1633 1512 1837 1541 continenciam
1855 1513 1964 1541 littera-

309 1569 369 1587 rum
388 1569 405 1588 a
424 1561 500 1588 dicto
518 1570 584 1597 rege
604 1562 715 1590 Boemie
733 1562 803 1597 ipsis
822 1572 1021 1591 concessarum.
1057 1564 1114 1591 Et*
1138 1560 1245 1592 eidem
1268 1564 1359 1591 dietas
1379 1564 1492 1592 litteras
1511 1574 1575 1592 suas
1587 1564 1771 1600 obligatorias
1784 1574 1868 1600 super
1879 1565 1964 1593 dictis

310 1612 491 1646 pecuniarum
508 1613 622 1640 summis
641 1614 723 1641 datas
741 1614 845 1642 liberas
863 1614 975 1642 restitui
994 1615 1206 1649 procurabimus
1224 1617 1253 1642 et
1271 1615 1412 1643 faciemus.

420 1663 470 1693 10.
505 1665 595 1692 Item*
614 1666 789 1701 obligamus
814 1666 868 1694 sibi
893 1676 945 1701 pro
963 1667 1059 1694 decem
1077 1667 1191 1694 milibus
1208 1669 1385 1695 marcharum
1403 1668 1514 1703 argenti
1534 1671 1637 1696 terram
1655 1669 1804 1703 Egrensem
1823 1670 1852 1696 et
1870 1671 1963 1696 castra

309 1715 378 1742 Vlos
396 1718 425 1743 et
443 1716 636 1751 Barkensteyn
655 1726 718 1744 cum
735 1718 863 1746 omnibus
880 1718 1037 1754 regalibus,
1061 1719 1202 1752 dominiis,
1222 1729 1296 1747 mero
1314 1721 1344 1747 et
1363 1720 1450 1747 mixto
1468 1719 1602 1754 imperio,
1626 1720 1776 1752 fructibus,
1799 1721 1963 1754 redditibus,

310 1767 417 1794 iun‘bus
443 1770 473 1795 et
499 1768 563 1795 aliis
586 1769 798 1804 quibuscunque
824 1771 1003 1805 pertinentiis
1027 1780 1078 1806 pro
1104 1771 1233 1806 expensis
1257 1771 1341 1799 factis
1364 1779 1423 1810 per
1446 1760 1585 1801 eundem
1608 1772 1753 1800 occasione
1778 1772 1962 1808 promotionis

310 1822 403 1847 nostre
422 1817 454 1848 in
475 1817 696 1850 Romanorum
719 1829 844 1860 regem,
868 1831 1012 1857 quousque
1034 1823 1089 1850 sibi
1116 1825 1167 1851 aut
1193 1823 1250 1850 suis
1277 1824 1426 1851 heredibus
1453 1824 1487 1851 de
1513 1824 1591 1851 dieta
1614 1833 1721 1851 summa
1743 1825 1852 1859 integre
1878 1824 1964 1852 fuerit

310 1872 494 1904 satisfactum,
514 1873 701 1907 percipiendis
720 1873 775 1900 sibi
794 1876 823 1901 et
841 1874 989 1901 heredibus
1009 1874 1065 1901 suis
1083 1875 1112 1901 in
1130 1877 1233 1902 sortem
1252 1875 1364 1902 minime
1385 1875 1589 1910 computandis.

419 1921 456 1951 In
480 1931 615 1963 quorum
645 1923 786 1954 omnium
812 1923 1032 1954 testimonium
1059 1923 1118 1954 has
1145 1923 1269 1955 litteras
1298 1923 1403 1965 sigillo
1426 1924 1604 1956 maiestatis
1626 1926 1734 1956 nostre
1757 1925 1847 1966 regie
1870 1925 1964 1956 iussi·

311 1983 382 2003 mus
406 1983 603 2004 communm.

419 2032 494 2064 Dat.
519 2033 667 2074 Oolonie,
691 2034 734 2066 II.
759 2034 842 2065 Non.
865 2034 1050 2076 Decembr.‚
1075 2046 1158 2067 anno
1182 2035 1313 2067 Domini
1337 2035 1455 2068 Mcoo
1484 2036 1744 2078 quartodecimo,
1772 2037 1863 2078 regni
1885 2047 1963 2068 vero

313 2085 413 2116 nostri
437 2095 520 2116 anno
546 2086 658 2127 primo.

784 2208 865 2244 166.
909 2208 1076 2254 Obligatio
1104 2210 1236 2246 telonei.
1343 2211 1422 2247 Dec.
1441 2212 1498 2247 17.

423 2282 603 2323 Oriqz'mlia
638 2283 701 2314 duo
731 2286 744 2314 1.
776 2286 804 2315 et
835 2286 853 2315 2
891 2284 1017 2322 ibidem,
1055 2295 1190 2324 quorum
1221 2287 1240 2316 2
1277 2285 1313 2317 in
1345 2287 1439 2325 parte
1474 2286 1632 2325 superiori
1667 2285 1756 2317 valde
1793 2296 1965 2320 corrosum.

312 2334 548 2374 Descripsimus
570 2334 616 2366 vel
638 2335 828 2366 contulimus
849 2346 914 2368 nos.
961 2336 1081 2368 Pendet
1103 2337 1242 2378 sigillum
1263 2337 1454 2378 autoqraphi
1475 2340 1490 2369 1
1516 2337 1638 2369 laesum
1658 2337 1724 2377 filis
1745 2338 1855 2370 sericis
1876 2339 1967 2370 rubei

311 2386 450 2426 flavique
472 2386 591 2425 coloris,
614 2387 804 2427 autoyraphi
826 2389 844 2419 2
867 2387 942 2419 item
964 2387 1084 2420 laesum
1106 2388 1171 2420 loro
1194 2389 1436 2421 membranaceo.
1459 2407 1500 2412 ——
1523 2389 1693 2421 Ineditum.

421 2446 568 2486 Bo'hmer,
592 2447 668 2487 Rey.
683 2447 796 2479 [aadw.
813 2458 849 2488 p.
865 2448 929 2479 349
951 2459 1001 2480 nr.
1018 2451 1104 2480 3137
1127 2450 1253 2490 (Addit.
1269 2449 1356 2491 ΙΙΙ).

424 2508 511 2548 Quae
533 2508 723 2540 concordant
745 2519 816 2540 cum
828 2508 1042 2541 Promis-sione
1063 2521 1163 2550 supra
1184 2521 1235 2542 nr.
1248 2511 1298 2549 90,
1321 2521 1359 2542 ea
1380 2510 1463 2551 typis
1485 2510 1660 2542 minoribus
1681 2521 1814 2542 excussa
1834 2513 1919 2543 sunt.

423 2603 470 2646 (1)
493 2608 670 2635 Ludowicus
685 2608 738 2635 Dei
752 2609 847 2643 gratia
864 2609 1074 2636 *Romanorum
1089 2619 1147 2637 rex
1164 2616 1292 2647 semper
1307 2608 1460 2648 augustus
1476 2611 1702 2646 recognoscimus
1725 2617 1784 2649 per
1808 2613 1965 2647 presentes

314 2662 343 2687 et
373 2660 485 2695 publice
514 2660 693 2695 profitemur,
721 2661 797 2694 quod
826 2661 893 2694 quia
923 2661 1041 2688 illustris
1070 2662 1201 2696 princeps
1234 2662 1373 2689 Iohannes
1396 2662 1531 2690 Bohemie
1554 2664 1583 2690 et
1605 2663 1722 2690 Polonie
1744 2672 1794 2691 rex
1816 2659 1966 2701 princeps

314 2711 422 2739 noster
450 2708 585 2740 dilectus
612 2712 648 2739 ob
678 2714 790 2740 nostras
819 2714 849 2740 et
874 2713 987 2748 imperii
1021 2714 1166 2742 evidentes
1200 2716 1230 2742 et
1256 2716 1390 2749 urgentes
1418 2715 1601 2742 necessitates
1634 2715 1774 2750 obligavit
1803 2717 1965 2743 nostrarum

417 2810 480 2837 165.
510 2812 533 2845 0)
552 2821 566 2838 o
585 2821 666 2844 supra
685 2813 780 2838 lineam
799 2812 860 2838 add.
880 2822 917 2838 or.
1007 2812 1031 2845 d)
1050 2814 1168 2840 restituet
1186 2823 1224 2840 or.

1981 745 2006 764 1⁰

1981 1004 2006 1024 1⁶

1982 2402 2011 2422 ⁴⁰

1983 2720 2012 2740 ⁴⁵
