2184 3126
426 228 523 257 ACTA
542 227 655 256 REGNI
675 227 859 256 LUDEWICl
877 227 925 256 IV.
943 227 989 255 ET
1009 226 1195 255 FRIDERlCI
1213 226 1263 254 111.
1300 227 1375 255 1324.
1412 226 1460 255 Nr.
1472 227 1533 256 900.
1550 228 1611 256 901.
1785 230 1847 261 717

263 387 362 433 900.
391 387 488 433 901.
528 385 862 434 IOHANNIS
888 385 1046 432 XXII.
1076 385 1294 432 PAPAE
1323 385 1649 432 LITTERAE
1680 386 1773 432 AD

702 453 1035 502 DIVERSOS
1066 455 1333 502 MISSAE.

799 532 907 569 1324.
945 532 1241 578 Apr.17.-20.

397 643 485 680 900.
527 643 682 680 buteo-ae
708 644 757 680 ad
783 643 1080 690 aremepiscopum
1107 643 1362 689 Moqwntinum.
1469 644 1557 689 Apr.
1577 645 1636 680 17.

156 731 169 751 ι
300 717 400 759 Copia
415 718 471 768 (c.)
487 718 523 750 in
538 717 741 759 Reqestorum
763 717 991 750 vaticanorum
1013 717 1170 750 tabularii
1191 717 1340 750 Vaticani
1355 720 1427 751 tom.
1446 718 1509 750 112
1523 719 1557 744 11
1575 717 1631 758 sol.
1648 720 1690 750 76
1704 728 1754 750 nr.
1771 717 1844 750 910.

191 769 392 803 Gomulimus
412 779 479 802 nos.
509 768 571 802 Est
586 770 769 811 immptio:
786 769 1040 812 Archiepiscopc
1055 770 1256 812 Magantino.
1280 787 1322 793 -—
1345 769 1408 802 Ed.
1425 768 1846 811 ‘OberbayerischoeArchiv‘

187 821 216 861 I,
240 822 282 853 60
302 831 352 854 m.
370 822 411 852 19
433 831 472 854 ex
495 831 522 853 c.

294 880 442 919 Biihmer,
467 881 543 922 Rey.
566 881 678 914 Dudw.
697 892 732 922 p.
748 883 812 913 306
835 880 951 914 deste
972 891 1022 913 nr.
1039 881 1103 913 215
1125 881 1252 921 (Addit.
1269 881 1314 922 I).

296 966 346 1009 (1)
368 966 470 1000 Solita
493 967 690 1010 benignitate
706 968 888 1010 recepimus
910 967 1034 999 litteras
1050 977 1152 1009 nuper
1166 966 1258 998 nobis
1281 977 1301 1004 a
1324 970 1379 998 tua
1402 967 1603 999 fraternitate
1627 967 1845 998 transmissas¹

144 1027 171 1048 ιο
189 1022 223 1052 et
246 1029 357 1051 earum
383 1021 530 1051 tenorem
555 1019 774 1052 intelleximus
797 1019 979 1061 diligenter.
1031 1018 1117 1051 Sane
1140 1018 1215 1051 licet
1239 1018 1331 1050 multi
1352 1019 1455 1051 multa
1477 1018 1619 1051 fuerint·
1641 1018 1682 1050 de
1706 1018 1844 1050 familia-

187 1071 293 1112 ritate,
322 1080 418 1113 quam
447 1070 619 1113 magnifico
647 1071 715 1102 viro
745 1070 911 1103 Ludovico
938 1070 1011 1102 duci
1040 1069 1180 1110 Bavarie
1206 1071 1239 1102 in
1266 1079 1379 1112 regem
1405 1070 1627 1102 Romanorum
1655 1070 1762 1102 electo
1790 1074 1846 1102 tua

187 1122 373 1155 fraternitas
397 1121 576 1154 exhibebat
599 1125 633 1154 et
655 1122 798 1163 exhibet,
821 1125 929 1155 tamen
946 1125 1100 1164 quantum
1117 1131 1194 1164 erga
1209 1122 1446 1164 promotionem
1462 1125 1550 1154 tuam
1566 1122 1744 1164 apostolice
1759 1122 1845 1154 sedis

188 1174 295 1216 gratia
333 1173 516 1206 exuberans
549 1173 655 1206 fuerat
689 1174 894 1206 attendentes
929 1177 962 1206 et
995 1184 1058 1216 que
1089 1174 1173 1206 circa
1206 1174 1376 1206 materiam
1410 1174 1505 1205 istam
1533 1178 1589 1206 tna
1616 1173 1710 1205 nobis
1736 1173 1845 1215 sepius

187 1225 361 1267 prudentia
393 1226 566 1267 scripserat
594 1225 635 1258 ad
665 1227 854 1258 memoriam
883 1225 1090 1267 reducentes,
1119 1224 1252 1257 credere
1282 1224 1441 1266 nolumus,
1473 1225 1559 1268 quod
1583 1236 1604 1258 a
1626 1229 1729 1267 petra,
1758 1224 1844 1256 unde

147 1288 172 1308 u
191 1277 334 1310 abscisus
357 1276 476 1309 fuisse*
499 1278 650 1319 nosceris,
674 1277 789 1309 timore
813 1277 865 1309 vel
881 1287 992 1310 amore
1010 1276 1132 1309 debeas
1147 1277 1302 1318 separari.
1348 1276 1452 1308 Tuam
1475 1276 1585 1319 itaque
1608 1275 1845 1319 providentiam

189 1328 414 1370 exhortamur,
443 1331 479 1360 ut
501 1339 564 1370 que
589 1329 709 1371 scripto
737 1328 830 1361 nobis
857 1329 965 1371 sepius
995 1328 1152 1368 obtulisti,
1179 1329 1224 1360 sic
1251 1337 1351 1370 opere
1378 1327 1558 1370 adimplere
1585 1328 1727 1368 studeas,
1759 1327 1844 1370 quod

188 1379 276 1422 apud
291 1379 397 1412 Deum
421 1383 455 1412 et
469 1379 581 1412 sedem
598 1379 776 1422 predictam
792 1383 902 1423 gratus
918 1381 1061 1422 reputari
1076 1380 1191 1412 merito
1208 1379 1329 1412 debeas
1345 1383 1379 1412 et
1393 1379 1552 1412 uberioris
1567 1380 1672 1422 gratie
1686 1379 1844 1422 premium

188 1431 298 1464 valeas
320 1432 509 1474 promereri.
602 1433 650 1474 (2)
674 1432 826 1465 Ceterum
850 1432 927 1464 licet
950 1432 1066 1464 infeste
1089 1442 1193 1474 nuper
1215 1430 1484 1472 intellexerimus,
1513 1441 1682 1473 processus
1705 1441 1764 1473 per
1786 1442 1844 1463 nos

188 1487 300 1515 contra
323 1483 440 1516 ducem
463 1483 606 1516 eundem
636 1483 766 1516 habitos
788 1484 928 1523 noviter,
957 1485 1011 1526 qui
1040 1482 1224 1526 publicandi
1248 1493 1307 1525 per
1330 1486 1362 1515 te
1384 1493 1423 1515 ac
1446 1486 1518 1514 tuos
1541 1482 1762 1525 suffraganeos
1785 1482 1842 1515 tibi

144 1543 172 1564 ὀ
188 1544 248 1576 pro
275 1538 367 1576 parte
397 1538 506 1567 nostra
534 1536 712 1568 extiterunt
739 1534 853 1575 oblati,
883 1539 916 1567 te
944 1535 1099 1577 recipere,
1128 1534 1294 1577 publicare
1328 1543 1366 1566 ac
1394 1534 1511 1577 exequi
1541 1535 1632 1566 iuxta
1654 1534 1842 1566 mandatum

187 1586 402 1628 apostolicum
425 1586 606 1629 improvide
634 1587 788 1627 renuisse,
816 1587 922 1619 adhuc
951 1597 1120 1629 processus
1154 1586 1235 1618 alios
1266 1589 1377 1618 contra
1411 1585 1526 1618 ducem
1560 1587 1664 1628 ipsum
1698 1596 1719 1618 a
1751 1585 1844 1618 nobis

187 1637 394 1679 postmodum
422 1637 573 1670 habitos²
601 1647 661 1680 per
689 1637 744 1670 dil.
767 1637 811 1670 fil.
835 1637 975 1670 nobilem
1000 1638 1103 1669 virum
1127 1637 1276 1669 comitem
1307 1637 1349 1669 de
1372 1637 1509 1669 Buchek
1540 1648 1731 1680 germanum
1754 1642 1843 1670 tuum

187 1689 295 1722 eidem
326 1690 520 1722 fraternitati
551 1693 606 1722 tue
638 1689 788 1722 duximus
815 1689 1039 1730 destinandos,
1073 1689 1162 1721 illam
1193 1690 1346 1721 attentius
1375 1688 1601 1728 exhortantes,
1631 1690 1780 1731 quatinus
1811 1691 1843 1721 in

187 1741 329 1783 ipsorum
345 1741 565 1783 publicatione
586 1743 620 1773 et
635 1741 826 1774 executione
851 1741 950 1774 talem
970 1751 1062 1773 cures
1085 1740 1291 1773 devotionem
1314 1751 1352 1772 ac
1373 1740 1659 1783 promptitudinem
1675 1740 1842 1778 exhibere,

146 1803 171 1824 a
192 1792 279 1835 quod
303 1792 639 1835 prioris-negligentie
662 1793 713 1825 vel
737 1793 940 1825 contumacie
967 1792 1099 1824 abolere
1126 1791 1287 1824 maculam
1315 1793 1477 1824 censearis
1503 1802 1627 1835 nosque
1655 1797 1742 1824 tuam
1771 1792 1845 1824 inde

187 1843 408 1876 obedientiam
431 1843 610 1876 debeamus
631 1845 748 1876 merito
771 1844 1009 1877 commendare.

295 1899 416 1932 Datum
439 1900 636 1941 Avinion(e),
660 1899 732 1932 XV.
757 1901 830 1933 Kal.
855 1901 944 1941 Maii,
967 1911 1050 1932 anno
1075 1903 1199 1932 octavo.

467 2039 554 2076 901.
597 2039 753 2076 Litterae
781 2041 828 2076 ad
853 2040 1026 2076 civitate-m
1053 2040 1286 2077 Leodiensem.
1393 2040 1483 2085 Apr.
1502 2042 1564 2075 20.

298 2113 397 2155 Copia
429 2115 481 2156 (c.)
515 2114 627 2147 ibidem
655 2114 674 2146 l.
691 2125 717 2146 c.
745 2114 799 2154 sol.
827 2116 878 2147 76¹
905 2125 956 2148 nr.
973 2115 1046 2146 911.
1111 2114 1311 2148 Gontulimus
1338 2123 1403 2146 nos.
1458 2114 1520 2147 Est
1550 2115 1734 2156 inscriptio:
1764 2115 1843 2148 Uni·

139 2172 168 2194 ω
184 2165 337 2250 31·ξὲῐέ
347 2165 531 2250 Ῑὲἓοιέἰοῐιεί.
555 2185 596 2190 -
619 2165 683 2200 Ed.
707 2166 726 2198 l.
743 2177 768 2198 ο.
793 2166 820 2205 Ι,
842 2167 883 2197 50
904 2177 954 2198 nr.
970 2169 992 2198 3
1013 2177 1053 2198 ex
1075 2177 1121 2205 c.,·
1142 2167 1255 2208 Fayen
1277 2165 1409 2198 ‘Lettres
1430 2166 1468 2198 de
1490 2166 1572 2198 Iean
1587 2165 1710 2199 XXII’
1731 2166 1761 2205 Ι,
1780 2169 1845 2199 487

296 2277 443 2317 ΒὸῙΜιθν,
466 2276 541 2319 Rey.
565 2277 678 2310 Ludw.
696 2288 731 2318 p.
749 2278 813 2309 306
837 2277 952 2310 deste
973 2289 1024 2311 nr.
1039 2280 1105 2310 216
1127 2278 1254 2319 (Addit.
1271 2278 1315 2319 I).

294 2362 485 2395 Audivimus
497 2363 631 2405 noviter,
649 2363 736 2405 quod
749 2369 825 2396 vos·
837 2363 1056 2396 venerabilem
1071 2363 1204 2396 fratrem
1216 2366 1361 2396 nostrum
1375 2387 1382 2395 .
1397 2389 1403 2395 .
1416 2363 1633 2397 Leodiensem
1646 2364 1844 2407 episcopum,

189 2423 286 2455 quem
309 2424 368 2456 pro
391 2414 485 2446 bonis
507 2414 660 2457 operibus
683 2415 810 2448 debetis
834 2415 1022 2455 defendere,
1046 2416 1261 2457 inpugnantes
1284 2415 1409 2447 ratione
1432 2419 1613 2448 nostrorum
1636 2426 1845 2459 processuum

144 2476 170 2497 ιι
189 2467 302 2497 contra
324 2466 530 2508 magnificum
553 2467 655 2498 vinun
678 2467 879 2500 Ludovicum
907 2467 1022 2500 ducem
1045 2467 1185 2499 Bavarie
1213 2466 1405 2499 discorditer
1430 2467 1463 2499 in
1484 2466 1706 2500 Romanorum
1733 2478 1844 2510 regem

190 2516 329 2548 electum
357 2526 399 2549 ex
427 2517 560 2550 notoriis
588 2517 683 2561 culpe
711 2529 767 2551 sue
795 2518 962 2551 demeritis
989 2518 1183 2558 habitorum,
1213 2518 1329 2560 quibus
1351 2518 1439 2551 idem
1462 2519 1633 2562 episcopus
1656 2519 1847 2552 obedienter

190 2566 404 2610 obtemperat,
426 2568 532 2611 ipsum
556 2569 620 2601 iam
644 2570 756 2602 torvob
779 2571 939 2612 respicitis
962 2570 1075 2602 occulo
1098 2573 1131 2602 et
1154 2570 1284 2602 variatis
1300 2569 1470 2603 effectibus
1485 2571 1564 2603 estis
1579 2571 1610 2603 ei
1625 2571 1847 2614 multipliciter

184 2618 276 2651 ,obvii
300 2622 334 2652 et
354 2619 494 2653 molesti.
547 2620 694 2664 Cumque
723 2621 869 2663 prefatus
897 2622 1069 2664 episcopus
1097 2622 1325 2654 convenienter
1351 2622 1439 2654 aliud
1463 2623 1571 2655 facere
1594 2627 1746 2665 nequeat,
1770 2624 1846 2666 quin

290 2713 360 2742 900.
388 2714 414 2747 ·)
431 2715 511 2741 locuti
529 2715 679 2742 addendum
697 2724 750 2742 cue
767 2717 876 2743 videtur.
965 2716 990 2750 ὓ)
1008 2719 1094 2744 fuerat
1111 2727 1132 2744 c.

145 2782 173 2802 «ο
297 2769 364 2798 901.
391 2771 415 2804 ¹)
434 2771 548 2804 nequimr
565 2772 665 2798 noviter
682 2772 757 2799 delet.
776 2781 796 2799 c.
884 2772 911 2806 b)
929 2774 1042 2800 necunde·
1060 2783 1076 2800 c
1094 2775 1122 2800 in
1140 2776 1198 2801 Ioco*
1213 2783 1274 2801 meo
1294 2784 1314 2800 r.

293 2843 320 2878 1)
338 2843 510 2878 Deperdieae.
597 2844 626 2879 2)
647 2844 740 2879 Supra
756 2853 798 2872 nr.
812 2848 873 2874 881.
