2190 3172
348 192 411 222 344
582 189 679 217 ACTA
697 189 811 216 REGNI
830 188 1014 215 LUDEWICI
1032 187 1079 215 IV.
1098 187 1144 214 ΕΤ
1162 187 1347 215 FRIDERICI
1365 187 1415 214 111.
1451 187 1526 213 1317.
1563 186 1612 214 ΝΥ.
1624 186 1683 214 405.
1701 186 1760 214 406.

757 321 844 357 405.
886 320 1098 356 Mandatum
1123 321 1317 356 secundum.
1420 319 1512 354 Mai.
1531 320 1587 354 15.

461 394 620 436 Oriyinale
642 394 837 434 deperditum
846 394 868 424 ¹.
910 392 1007 433 Copia
1030 393 1084 434 (c.)
1107 393 1143 425 in
1161 392 1343 426 cartulario
1366 393 1462 425 citato
1483 403 1534 425 nr.
1551 392 1601 424 95.
1644 392 1845 426 Contulimus
1865 402 1931 425 nos.
1955 410 1997 416 —

349 448 411 480 Ed.
432 446 588 479 Devillers
611 445 629 478 l.
647 456 672 477 c.
696 445 766 483 III,
790 447 832 476 77
853 455 902 477 nr.
920 446 983 476 160
1005 455 1043 477 ex
1066 455 1092 477 c.

457 540 626 581 Philippus
658 539 721 571 Dei
758 539 862 581 gratia
894 538 1030 571 Francie
1069 541 1101 570 et
1133 538 1279 570 Navarre
1317 549 1375 570 rex
1484 539 1640 570 universis
1676 538 1801 570 litteras
1834 538 1997 580 inspectu-

349 593 392 624 ris
480 591 627 623 salutem.
2030 600 2044 619 s

456 643 577 675 Notum
593 642 738 683 facimus,
762 642 849 684 quod
870 652 942 674 cum
960 641 1096 674 dilectus
1117 645 1150 674 et
1164 641 1268 673 fidelis
1284 645 1393 673 noster
1409 652 1517 674 comes
1531 640 1752 683 Haynn(0nie)
1769 641 1857 673 illam
1872 644 1999 683 partem

350 699 435 727 terre
460 695 499 726 de
522 693 730 735 l'Ostrevant,
755 693 795 725 de
820 704 883 735 qua
905 694 990 725 inter
1011 704 1070 724 nos
1093 696 1125 726 et
1147 694 1251 735 ipsum
1275 693 1428 725 debatum
1452 694 1575 734 existit,
1611 693 1725 725 asserit
1747 703 1810 724 non
1834 692 1874 724 de
1899 703 1999 735 regno

348 750 473 787 nostro,
504 746 561 778 sed
583 745 666 778 infra
688 749 793 777 metas
815 746 942 787 imperii
966 745 1105 777 existere
1128 755 1166 776 ac
1190 745 1296 777 eidem
1319 746 1454 787 imperio
1478 745 1660 785 subiacere,
1690 744 1782 776 nobis
1806 745 2000 776 contrarium

349 798 542 839 tenentibus,
565 808 605 829 ne
628 798 713 829 inter
735 799 845 829 cetera
868 796 1015 828 collectio
1039 796 1172 828 subsidii
1195 796 1360 828 decimalis
1383 797 1476 828 nobis
1499 796 1643 828 concessi
1666 807 1723 837 pro
1747 796 1882 838 negocio
1899 795 1999 828 Terre

350 850 466 882 Sancte
493 850 525 881 in
548 849 633 880 dieto
656 859 756 891 regno
779 851 888 880 nostro
912 847 1061 879 facienda
1083 847 1210 890 prefato
1234 848 1342 879 comiti
1365 847 1582 890 preiudicialis
1606 848 1737 888 existat,
1771 847 1855 879 inter
1881 858 1939 879 nos
1967 850 2001 879 et
2018 855 2046 875 ιο

350 903 454 944 ipsum
477 904 527 934 est
549 900 655 943 quoad
678 901 740 932 hoc
762 900 871 932 taliter
893 899 1131 940 concordatum,
1155 899 1240 941 quod
1262 900 1295 931 in
1318 899 1403 931 dicta
1426 902 1512 931 terra
1535 899 1576 931 de
1599 899 1797 931 l’Ostrevant
1819 898 1999 940 predictum

351 953 509 985 decimale
539 952 715 984 subsidium
745 962 804 994 per
833 955 1023 983 executores
1053 961 1150 992 super
1179 951 1240 983 hoc
1273 962 1293 982 a
1323 951 1400 983 sede
1430 951 1606 993 apostolica
1636 950 1808 993 deputatos
1837 950 2000 992 pendente

349 1006 508 1047 inquesta,
532 1015 629 1046 quam
650 1014 709 1035 nos
732 1006 765 1035 et
781 1003 883 1034 dictus
906 1013 1015 1035 comes
1038 1002 1079 1034 ad
1095 1002 1269 1043 sciendum,
1293 1003 1320 1033 si
1343 1002 1428 1034 dicta
1450 1013 1525 1044 pars
1540 1005 1626 1034 terre
1649 1003 1690 1034 sit
1712 1002 1753 1034 de
1768 1013 1869 1044 regno
1891 1006 2000 1034 nostro

349 1057 402 1089 vel
421 1057 567 1098 imperio,
592 1056 809 1088 consensimus
824 1054 904 1094 fieri,
927 1054 1071 1094 habebit,
1096 1054 1204 1096 colligi
1227 1058 1260 1086 et
1282 1054 1392 1094 levari,
1414 1055 1460 1085 ita.
1483 1054 1569 1096 quod
1591 1064 1650 1095 per
1670 1054 1732 1086 hoc
1747 1053 1874 1096 prefato
1891 1054 2001 1085 comiti

352 1111 505 1150 quantum
529 1107 571 1138 ad
594 1106 743 1139 eamdem
766 1109 893 1148 partem
916 1108 1001 1137 terre
1026 1106 1224 1137 contentiose
1247 1105 1370 1136 nullum
1392 1105 1604 1147 preiudicium
1626 1109 1808 1147 generetur.
1854 1105 1920 1137 Sed
1941 1115 2001 1136 nos
2020 1114 2046 1134 ιι

350 1159 566 1202 promittimus
588 1169 647 1200 per
664 1160 840 1199 presentes,
864 1157 951 1199 quod
973 1158 1000 1188 si
1016 1156 1101 1188 dicta
1124 1167 1198 1199 pars
1212 1157 1312 1198 ipsius
1328 1159 1412 1189 terre
1429 1158 1628 1189 contentiose
1643 1167 1707 1188 non
1729 1157 1762 1188 in
1777 1167 1876 1198 regno
1891 1159 2000 1188 nostro

351 1211 532 1252 reperiatur
555 1210 738 1250 consistere,
763 1208 914 1250 quicquid
945 1207 985 1239 de
1014 1207 1100 1239 dicto
1124 1207 1274 1239 decimali
1297 1207 1439 1239 subsidio
1464 1208 1605 1239 levatum
1635 1207 1756 1239 ibidem
1784 1211 1820 1239 ut
1841 1208 2003 1249 prefertur

350 1263 458 1302 fuerit,
481 1261 641 1303 personis,
672 1271 691 1292 a
719 1260 834 1302 quibus
857 1261 961 1301 ipsum
985 1260 1163 1291 constiterit
1186 1260 1331 1291 extitisse
1355 1259 1512 1300 levatum,
1541 1260 1667 1301 integre
1690 1259 1815 1291 restitui
1837 1259 2001 1291 faciemus.

459 1321 533 1353 Dat.
556 1321 704 1361 Parisiis,
727 1320 800 1352 XV.
825 1320 878 1351 die
901 1320 993 1360 Maii,
1017 1330 1100 1351 anno
1123 1319 1254 1352 Domini
1277 1319 1448 1351 millesimo
1473 1318 1556 1352 000
1581 1319 1708 1351 decimo
1731 1320 1878 1361 septimo.

787 1461 875 1497 406.
917 1461 1129 1497 Mandatum
1156 1462 1302 1497 tertium.
1408 1461 1496 1496 Mai.
1514 1462 1570 1496 16.
2019 1477 2047 1498 ω

461 1535 642 1576 Oriyinale¹
659 1536 731 1576 (or.)
754 1535 790 1566 in
812 1534 970 1567 tabulario
986 1534 1147 1567 Insulensi
1169 1534 1189 1566 l.
1205 1545 1230 1567 c.
1253 1545 1302 1566 nr.
1320 1534 1414 1566 5151.
1457 1534 1655 1567 Contulimus
1668 1544 1734 1566 nos-
1772 1533 1892 1565 Pendet
1906 1532 2004 1574 siyim

347 1588 567 1630 fraqmentum
589 1587 654 1619 loro
677 1597 715 1619 ex
737 1587 809 1628 ipsa
831 1587 1012 1618 membrana
1034 1589 1163 1619 exsecto.
1220 1586 1317 1626 Copia
1341 1586 1396 1628 (c.)
1425 1586 1461 1618 in
1486 1585 1668 1618 Cartalario
1695 1586 1791 1617 citato
1818 1595 1869 1617 nr.
1885 1585 1936 1616 94.
1959 1602 2002 1607 —

350 1640 414 1672 Ed.
436 1639 590 1671 Dem‘llers
611 1638 630 1671 l.
648 1649 672 1670 c.
696 1638 768 1677 III,
792 1641 834 1670 77
855 1649 906 1670 nr.
923 1639 985 1670 161
1008 1649 1046 1670 ex
1069 1649 1096 1670 c.

464 1700 512 1738 Cf.
537 1700 629 1738 infra
652 1699 696 1731 ad
718 1709 747 1730 a.
766 1700 858 1731 1318.
882 1698 984 1731 Mart.
1003 1699 1054 1730 19.

459 1789 630 1831 Philippus
645 1788 709 1820 Dei
724 1789 827 1830 gratia
842 1788 979 1820 Francie
1003 1790 1036 1820 et
1051 1787 1196 1820 Navarre
1219 1797 1280 1819 rex
1369 1813 1375 1819 .
1394 1812 1401 1819 .
1422 1787 1549 1820 dilectis
1563 1788 1679 1819 nostris
1696 1788 1921 1819 commissariis
1937 1790 2004 1820 tam
2022 1800 2048 1820 ιι

353 1852 394 1873 ex
422 1845 514 1883 parte
541 1843 650 1872 nostra
680 1850 776 1882 quam
805 1840 913 1872 dilecti
941 1842 974 1872 et
1000 1839 1105 1877 fidelis
1126 1840 1227 1871 nostri
1250 1838 1442 1882 Gr(uillelmi)
1466 1839 1591 1871 comitis
1612 1839 1763 1871 Hanonie
1790 1849 1888 1881 super
1916 1828 2002 1871 facto

353 1893 382 1925 d'
398 1893 580 1934 Ostrevant,
605 1892 645 1924 de
669 1891 827 1924 Sollemes
850 1895 883 1924 et
906 1892 946 1923 de
969 1891 1084 1934 Faymi
1108 1891 1271 1933 deputatis
1359 1891 1496 1923 salutem
1520 1894 1554 1923 et
1576 1890 1793 1923 dilectionem.

458 1944 649 1976 Mandamus
671 1944 776 1986 vobis,
811 1945 959 1986 quatinus
982 1954 1094 1975 omnes
1117 1947 1151 1975 et
1173 1943 1314 1985 singulos
1337 1953 1428 1975 casus
1450 1943 1684 1984 superioritatis
1707 1953 1744 1974 ac
1766 1943 1913 1983 ressorti,
1948 1942 2003 1984 qui

352 1996 513 2038 pendente
543 1996 712 2028 commisso
740 1995 831 2027 vobis
859 1998 1005 2038 pretacto
1035 1996 1165 2037 negotio
1196 1995 1229 2026 in
1258 1996 1352 2026 terris
1374 1995 1606 2027 contenciosis=
1629 1994 1781 2036 predictis
1803 1994 2002 2034 emerserint,

351 2049 384 2079 in
406 2058 503 2080 manu
525 2051 632 2080 vestra
655 2048 792 2079 teneatis
820 2051 853 2079 et
880 2058 939 2089 per
968 2057 1040 2078 eam
1065 2047 1210 2078 exerceri
1233 2046 1357 2078 faciatis
1384 2047 1476 2078 iuxta
1498 2050 1645 2078 tenorem
1669 2046 1899 2078 commissionis
1921 2045 2002 2078 alias
2021 2058 2047 2078 so

352 2110 410 2141 per
433 2099 630 2131 carissimum
653 2109 843 2141 germanum
870 2102 1013 2131 nostrum
1036 2098 1266 2139 L(udovicum)
1294 2098 1451 2130 dictorum
1479 2108 1651 2139 regnorum
1677 2107 1788 2140 regem
1815 2107 1912 2140 super
1940 2097 2002 2129 hoc

352 2150 443 2182 vobis
472 2151 557 2182 facte
566 2150 589 2192 ²,
623 2151 772 2192 inquesta
803 2161 899 2193 super
930 2151 1093 2192 premissis
1122 2150 1270 2182 facienda
1296 2150 1468 2192 pendente.
1560 2149 1684 2181 Damus
1716 2152 1825 2181 autem
1854 2149 2002 2181 omnibus

351 2203 534 2234 iusticiariis
556 2212 594 2234 ac
616 2201 751 2234 subditis
773 2203 865 2244 regni
887 2203 984 2234 nostri
1006 2201 1209 2244 presentibus
1231 2202 1264 2233 in
1279 2201 1449 2243 mandatis,
1472 2204 1508 2233 ut
1529 2212 1586 2233 vos
1608 2211 1672 2233 non
1685 2200 1863 2243 impediant
1885 2201 1918 2233 in
1941 2201 2002 2232 hac

353 2257 456 2296 parte,
479 2255 555 2296 quin
577 2264 651 2295 ymo
675 2257 811 2295 pareant
833 2254 924 2286 vobis
946 2264 1043 2296 super
1064 2254 1126 2286 hoc
1153 2257 1186 2286 et
1207 2253 1375 2285 intendant
1396 2254 1568 2295 parer-ique
1591 2253 1711 2285 faciant
1733 2253 1775 2284 ab
1799 2252 1946 2285 omnibus
1969 2255 2003 2284 et

352 2305 485 2337 intendi.
2018 2316 2045 2337 ιε

459 2365 534 2397 Dat.
557 2365 704 2406 Parisiis,
728 2365 780 2397 die
803 2365 895 2398 Lune
919 2369 991 2408 post
1014 2366 1235 2398 ascensionem
1258 2364 1405 2407 Domini,
1429 2375 1512 2397 anno
1536 2365 1702 2398 eiusdem*
1723 2365 1895 2398 millesimo
1919 2363 2001 2397 000

354 2417 480 2449 decimo
504 2417 652 2458 septimo.
984 2423 986 2426 ’

396 2492 455 2524 per
477 2492 534 2513 vos
557 2481 632 2513 Bar.

456 2695 523 2722 406.
551 2696 574 2728 ¹¹)
594 2697 621 2722 in
639 2697 694 2722 loco
712 2704 772 2721 raso
791 2705 828 2722 or.

402 2811 440 2839 Su
458 2769 483 2802 1)
507 2768 576 2796 Olim
598 2769 629 2795 in
650 2768 784 2795 talmzm-io
802 2768 940 2795 Montenm·
960 2768 992 2797 in
1015 2767 1106 2801 D42,·
1131 2768 1165 2801 cf.
1184 2768 1279 2795 Saint—
1289 2767 1388 2795 Gemis
1411 2767 1466 2794 beo
1489 2775 1574 2802 supra
1598 2768 1636 2795 ad
1657 2776 1699 2795 nr.
1717 2772 1764 2796 105
1788 2767 1870 2794 citoeto
1893 2767 1920 2800 1,
1940 2769 1999 2794 244.
2017 2775 2045 2794 ιο

355 2813 382 2846 2)
436 2820 492 2846 pra
509 2820 552 2839 nr.
566 2815 627 2840 322.
