2158 3138
290 193 330 223 75
703 188 921 216 TRACTATUS
939 188 985 214 DE
1004 187 1218 214 ELECTIONE.
1255 186 1330 214 1814.
1367 187 1415 214 Nr.
1428 187 1470 214 81.
1489 187 1530 214 82.

289 277 503 318 beneplacitis
530 277 643 308 vestris
670 279 835 317 tamquam
863 275 946 306 filius
975 274 1131 305 obediens
1159 277 1193 305 et
1221 273 1368 305 subditus
1397 273 1566 312 intendere
1594 273 1730 305 velimus
1757 276 1791 304 et
1817 283 1943 314 parere.

288 327 444 359 Petentes
467 330 502 358 ut
525 337 587 368 que
612 330 705 368 grata
729 326 911 357 celsitudini
935 329 1041 356 vestre
1065 325 1193 366 fuerint,
1216 325 1309 356 nobis
1332 324 1527 356 fiducialiter
1554 327 1588 356 et
1611 323 1739 356 assidue
1762 324 1945 365 iniungatis.

398 378 550 410 Ceterum
575 379 675 409 virum
701 377 893 419 prudentem
917 378 1106 418 magistrum
1129 376 1395 408 Bartholomeum
1421 377 1461 407 de
1486 376 1599 407 Turri'·
1622 376 1811 407 canonicum
1826 375 1946 407 Vican-

289 441 357 462 sem
389 430 465 460 fidei
493 439 549 460 sue
578 429 702 459 meritis
729 428 935 469 exigentibus
963 427 1072 468 gracie
1101 431 1208 459 vestre
1235 429 1428 469 propencius
1460 426 1775 466 recommendamus,
1810 427 1850 458 de
1880 437 1944 469 quo

290 481 386 512 nichil
409 481 496 512 aliud
525 481 583 511 nisi
608 479 694 521 quod
722 490 756 511 se
784 480 934 521 legaliter
960 483 1057 520 atque
1085 479 1225 510 fideliter
1251 479 1284 510 in
1307 479 1450 520 negociis
1475 479 1588 510 vestris
1611 478 1731 520 ubique
1761 482 1794 509 et
1816 479 1847 509 in
1871 488 1946 519 pro·
1976 486 1992 510 ὀ

290 534 458 564 cui-acione
475 532 606 572 familie,
624 542 720 572 quam
737 531 777 562 ad
795 535 903 572 partes
919 534 1044 562 nostras
1060 531 1230 571 miseratis,
1251 531 1386 572 provide
1402 534 1434 561 et
1450 531 1573 561 sincere
1590 530 1737 572 gesserit,
1761 529 1945 561 attendatis.

394 584 468 615 Dat.
501 584 531 614 in
561 584 672 614 castris
700 593 801 624 prope
832 583 986 624 Lynciam
1023 583 1201 622 civitatem,
1232 585 1345 624 quarta
1374 582 1455 613 feria
1488 584 1562 623 post
1592 581 1678 612 diem
1707 581 1796 613 beati
1821 581 1946 613 Mathai

290 636 439 677 apostoli.

788 709 838 738 82.
863 708 913 738 83.
949 705 1288 738 RESPONSIONES
1310 704 1452 737 REGIS.

988 769 1078 799 1314.
1115 767 1255 799 Oet.17.
1468 789 1474 797 .
1967 773 1992 793 ιο

720 859 781 894 82.
824 859 1018 904 Responsio
1048 859 1128 894 duci
1153 859 1270 894 missa.
1377 859 1447 895 Oct.
1467 860 1524 895 17.

402 929 499 968 Copia
517 929 570 970 (c.)
594 939 707 960 coaeva
730 930 764 960 in
779 929 883 960 eodem
899 929 1056 961 tabulario
1081 929 1271 970 ‘Rapis-trum
1293 940 1342 962 nr.
1359 930 1436 961 318²
1455 929 1515 971 fol.
1533 931 1552 961 1
1574 930 1626 962 hic
1648 930 1714 962 illic
1736 931 1880 964 evanida.
1906 949 1946 955 —

291 981 352 1012 Ed.
376 981 537 1021 Zeissbery
560 980 623 1012 loco
645 991 746 1022 supra
768 981 812 1012 ad
833 991 883 1012 nr.
899 982 941 1012 44
964 981 1060 1012 citato
1080 991 1112 1020 p.
1130 983 1150 1012 7
1172 992 1221 1012 nr.
1239 981 1258 1012 1
1282 992 1321 1013 ex
1343 992 1370 1013 c.
1416 981 1597 1013 Editionem
1619 982 1798 1021 repetimus.

398 1067 517 1098 lllustri
540 1067 675 1108 principi
699 1067 868 1098 karissimo
892 1066 957 1098 filio
981 1077 1038 1098 suo
1062 1066 1236 1098 Frederico
1261 1066 1322 1098 Dei
1351 1068 1462 1109 gracia
1491 1067 1564 1099 duci
1594 1068 1723 1099 Austrie
1748 1067 1794 1111 [et
1817 1068 1947 1112 Styrie],

292 1119 420 1150 domino
450 1119 614 1159 Carniole,
645 1117 811 1161 March[i]e
845 1128 883 1149 ac
912 1118 1135 1150 Portusnaone
1223 1118 1363 1150 Iacobus
1397 1130 1455 1161 per
1487 1119 1625 1150 eandem
1659 1130 1717 1151 rex
1748 1120 1992 1162 Aragonum,1s

290 1171 458 1211 Valencie,
484 1170 669 1213 Sa[rdinie],
694 1170 824 1202 Corsice
841 1180 1013 1212 comesque
1031 1170 1234 1202 Barchinone
1252 1181 1290 1202 ac
1306 1175 1416 1202 sancte
1432 1171 1580 1202 Romane
1597 1171 1733 1202 ecclesie
1751 1172 1949 1213 vexillarius,

291 1223 478 1253 ammiratus
508 1226 540 1253 et
570 1223 757 1264 capitaneus
782 1221 966 1265 [generali]s
1055 1222 1191 1254 salutem
1222 1226 1255 1254 et
1285 1233 1356 1254 cum
1382 1226 1516 1264 paterne
1541 1223 1724 1254 affeccionis
1747 1223 1949 1264 plenitudine

293 1273 437 1305 felicium
460 1284 663 1305 successuum
689 1274 897 1305 incrementa.

399 1325 444 1366 (1)
474 1326 631 1357 Litteram
660 1326 821 1356 vestram¹
849 1336 908 1366 per
936 1325 1089 1357 dilectum
1117 1325 1334 1357 Bertrandum
1370 1325 1410 1357 de
1446 1325 1566 1357 Gallifa
1589 1326 1725 1357 militem
1756 1330 1790 1358 et
1817 1326 1947 1360 fidelem

292 1377 425 1408 Petrum
453 1377 541 1408 Lulli
570 1377 746 1408 familiares
774 1381 899 1409 nostros
929 1388 948 1408 a
978 1380 1084 1408 vestra
1112 1378 1202 1409 curia.
1235 1377 1409 1409 redeuntes
1438 1378 1563 1409 noviter
1595 1378 1627 1408 in
1653 1378 1769 1409 nostris
1799 1379 1948 1411 manibus
1965 1391 1994 1412 ω

292 1432 512 1469 presentatam
536 1440 608 1460 cum
632 1429 740 1460 leticia
763 1429 869 1460 cordis
893 1433 926 1460 et
949 1432 1116 1472 gratanter
1139 1430 1320 1471 recepimus
1350 1430 1483 1471 eiusque
1512 1430 1745 1461 continenciam
1769 1430 1950 1462 audivimus

291 1491 329 1511 ac
356 1480 576 1512 intelleximus
606 1480 786 1522 diligenter.
838 1481 881 1512 Et
908 1481 1068 1523 siquidem
1099 1482 1174 1522 quia
1206 1481 1299 1512 nobis
1333 1481 1373 1513 de
1408 1491 1563 1523 corporea
1596 1482 1752 1523 sospitate
1781 1486 1889 1514 vestra
1917 1486 1950 1514 et

292 1532 400 1563 inclite
425 1543 462 1563 ac
485 1532 655 1563 karissime
678 1533 743 1564 filie
766 1536 874 1564 nostre
898 1532 1046 1564 Elizabet
1069 1533 1224 1564 consortis
1247 1535 1354 1564 vestre
1378 1533 1528 1564 noticiam
1552 1543 1667 1564 novam
1691 1533 1832 1574 pertulit,
1856 1534 1949 1566 nobis

293 1595 409 1615 novum
442 1587 617 1625 propterea
643 1585 797 1626 gaudium
827 1586 1004 1622 nunciavit,
1033 1588 1184 1626 rogantes
1211 1584 1412 1616 Altissimum
1442 1588 1478 1615 ut
1507 1595 1563 1615 vos
1592 1587 1626 1615 et
1653 1595 1726 1615 eam
1757 1595 1829 1616 cum
1853 1585 1949 1627 plena

293 1635 525 1667 benediccione
555 1637 736 1677 graciarum
769 1636 936 1668 celestium
964 1640 1062 1678 atque
1092 1637 1292 1668 terrestrium
1323 1636 1455 1678 longum
1479 1636 1619 1668 deducat
1646 1636 1678 1667 in
1699 1640 1806 1668 evum.
1853 1637 1948 1673 Quod
1967 1647 1993 1666 ἰ

293 1691 401 1719 autem
426 1687 542 1718 eadem
572 1688 681 1718 littera
711 1688 898 1719 continebat
926 1698 983 1719 vos
1013 1691 1226 1719 memoratam
1255 1686 1483 1730 karis[s]imam
1507 1688 1606 1719 filiam
1629 1690 1788 1728 nostram,
1811 1699 1948 1721 uxorem

294 1742 435 1770 vestram
466 1740 497 1770 in
528 1740 624 1770 vestri
653 1739 770 1770 favoris
800 1739 1004 1780 amplexibus
1033 1743 1066 1770 et
1093 1739 1314 1771 benivolencie
1344 1741 1468 1780 gremio
1493 1740 1665 1771 confovere
1689 1740 1828 1781 amplius
1852 1751 1956 1784 quam·

293 1801 465 1831 personam
493 1794 632 1822 vestram
662 1791 693 1821 in
725 1790 873 1821 omnibus
903 1795 936 1822 et
966 1791 1112 1832 singulis,
1145 1790 1210 1822 dux
1238 1789 1383 1833 incl[it]e,
1416 1802 1473 1822 nos
1500 1791 1563 1822 iam
1593 1791 1654 1822 hoc
1682 1791 1950 1824 certitudinaliter

293 1842 486 1873 tenebamus
509 1853 566 1883 pro
591 1843 814 1884 constantique
839 1843 990 1883 gerimus,
1014 1843 1059 1873 ita
1084 1852 1156 1873 cam
1180 1853 1309 1873 causam
1334 1845 1507 1883 sumentes,
1532 1842 1670 1884 qualiter
1693 1853 1750 1873 vos
1765 1842 1949 1875 Altissimus

295 1893 334 1925 de
364 1904 481 1935 magno
512 1895 667 1935 sanguine
697 1894 832 1925 traxerit
863 1904 984 1935 vosque
1017 1894 1225 1925 illustraverit
1253 1896 1302 1925 tot
1334 1893 1508 1925 honoribus
1537 1897 1570 1925 et
1596 1893 1814 1925 laudabilibus
1847 1895 1948 1926 nutri·
1967 1906 1995 1925 ω

295 1946 421 1985 mentis,
447 1946 562 1986 quibus
585 1945 712 1976 habetis
740 1946 822 1976 sicut
850 1949 882 1976 et
905 1945 1010 1976 facitis
1033 1948 1246 1976 memoratam
1271 1945 1476 1977 karissimam
1499 1945 1598 1977 filiam
1621 1949 1774 1987 nostram,
1797 1946 1829 1976 in
1853 1956 1950 1988 quam

295 2007 357 2027 non
385 1997 487 2028 solum
516 1997 623 2028 mariti
652 1998 738 2028 vices
766 1996 914 2037 redditis,
943 1997 1000 2028 sed
1029 1998 1146 2038 patris,
1174 1998 1286 2028 matris
1317 2001 1350 2028 et
1376 1997 1511 2028 fratrum
1542 2008 1580 2028 ac
1608 1997 1743 2028 aliorum
1773 1998 1950 2029 amicorum

294 2058 423 2078 suorum
459 2048 499 2079 ab
532 2059 570 2080 ea
604 2048 810 2088 distancium,
845 2049 949 2090 plenis
984 2052 1017 2080 et
1050 2048 1269 2079 laudabilibus
1299 2048 1469 2080 affectibus
1496 2049 1666 2080 honorare.
1712 2048 1755 2080 Et
1785 2049 1862 2081 licet
1888 2049 1950 2081 hoc

295 2110 528 2140 supervacuum
557 2104 759 2141 reputemus,
789 2111 861 2132 cum
890 2100 967 2131 talia
997 2101 1081 2132 inter
1110 2104 1236 2142 patrem
1265 2104 1298 2131 et
1323 2101 1423 2132 filium
1454 2111 1516 2132 non
1541 2099 1733 2142 procedant,
1760 2100 1794 2131 id
1821 2104 1950 2142 gratum

295 2150 452 2182 habemus
476 2162 571 2193 quam
595 2152 767 2193 plurimum
792 2156 825 2183 et
849 2152 985 2183 eandem
1010 2152 1108 2183 filiam
1132 2155 1274 2183 nostram
1298 2153 1486 2184 karisimam
1511 2162 1551 2183 ex
1570 2152 1694 2183 'intimis
1722 2152 1827 2183 cordis
1849 2153 1949 2184 nostri
1967 2163 1998 2186 u.

295 2203 551 2243 magnifficencie
574 2208 680 2235 vestre
704 2204 895 2235 fiducialiter
924 2204 1164 2236 comendamus.
1255 2205 1301 2245 (2)
1329 2204 1379 2235 Ad
1410 2215 1449 2235 ea
1477 2214 1554 2235 vero
1584 2213 1647 2245 que
1676 2203 1878 2244 significastis
1909 2203 1951 2236 de

296 2253 381 2285 facto
415 2254 587 2285 eleccionis
617 2255 744 2296 imperii
774 2259 807 2287 et
835 2255 997 2297 quomodo
1025 2255 1205 2287 intendistis
1234 2259 1267 2287 et
1294 2256 1495 2296 processistis
1523 2265 1561 2286 ac
1585 2254 1762 2296 procedere
1786 2254 1951 2289 intenditis

296 2305 449 2343 sollicite,
482 2316 579 2347 super
607 2317 645 2337 eo
673 2306 853 2347 gaudentes
880 2307 969 2338 velut
997 2307 1051 2348 qui
1078 2307 1218 2338 honores
1249 2310 1373 2338 vestros
1401 2310 1436 2338 ut
1458 2307 1606 2348 proprios
1627 2310 1830 2348 reputamus,
1859 2307 1884 2337 si
1907 2306 1950 2340 nb

297 2357 362 2388 alto
396 2358 590 2398 processerit
624 2357 665 2388 ad
696 2358 868 2399 imperium
900 2369 957 2389 vos
985 2359 1117 2398 assumi,
1149 2358 1358 2390 sollicitamus
1388 2359 1597 2390 serenitatem
1621 2361 1776 2398 vestram,
1801 2358 1950 2399 quatinus

297 2411 451 2450 quantum
482 2419 553 2439 cum
582 2408 653 2440 Deo
685 2412 718 2440 et
741 2410 813 2449 jure
842 2410 989 2451 poteritis
1018 2411 1102 2441 circa
1127 2410 1337 2447 obtinendum
1363 2410 1513 2441 effectum
1539 2409 1633 2441 huius
1655 2410 1791 2451 negocii,
1815 2409 1908 2442 sicuti
1932 2420 1951 2441 a
1969 2421 2002 2441 ω

241 2477 243 2479 ·
298 2459 389 2490 vobis
412 2460 494 2491 bene
519 2463 648 2501 ceptum
682 2464 744 2501 est,
774 2460 958 2504 at[t]encius
986 2462 1138 2493 insistatis
1171 2472 1309 2503 eumque
1340 2461 1538 2493 laudabilem
1566 2461 1751 2503 producatis
1779 2461 1812 2493 in
1843 2461 1949 2492 finem.

296 2510 364 2542 Nos
387 2514 494 2542 autem
519 2511 712 2553 ubicumque
737 2514 913 2553 poterimus
936 2517 1042 2544 vestra
1060 2514 1195 2555 negocia
1218 2516 1254 2544 ut
1276 2513 1440 2545 benedicti
1456 2513 1618 2544 karissimi
1633 2513 1733 2544 nostri
1748 2513 1805 2544 filii
1821 2523 1952 2554 semper

296 2561 526 2606 pro[p]onimus
560 2562 757 2606 effi[caciter]
786 2563 1010 2607 [pro]movere.
1101 2565 1146 2606 (3)
1171 2564 1255 2596 Sane
1287 2566 1362 2606 quia
1394 2564 1596 2606 magnifficus
1628 2565 1777 2606 princeps
1811 2563 1951 2596 Karolus

298 2614 439 2656 Ungarie
463 2626 521 2646 rex
545 2615 636 2646 nobis
659 2626 742 2646 nunc
766 2626 824 2657 per
847 2627 937 2647 suam
961 2616 1103 2648 litteram
1126 2615 1321 2659 [nuncia]vit‚
1345 2617 1484 2658 qualiter
1507 2627 1549 2648 ex
1572 2615 1763 2659 con[tlracto
1786 2617 1871 2647 inter
1892 2626 1950 2647 vos

297 2670 330 2698 et
352 2666 471 2697 dictam
495 2666 592 2698 filiam
616 2670 758 2698 nostram
782 2668 930 2709 coniugio
954 2667 1175 2710 multipliciter
1199 2668 1357 2700 exultavit
1385 2679 1458 2700 cum
1483 2678 1586 2710 eaque
1611 2666 1862 2712 [solempnita]te
1886 2677 1949 2709 qua
1968 2679 2000 2698 ⁴³.

401 2751 449 2778 Sl.
478 2751 502 2785 ¹)
521 2754 673 2778 canonicum
693 2754 723 2778 dc
741 2755 819 2779 Merri
837 2764 874 2779 or.

403 2813 428 2844 1)
451 2812 491 2844 Cf.
510 2820 594 2845 supra
609 2821 673 2846 pay.
688 2816 724 2838 42
742 2816 795 2839 not.
810 2817 832 2839 2.
