2184 3126
352 187 416 218 488
538 183 635 211 ACTA
653 183 767 210 REGNI
784 180 970 209 LUDEWIOI
988 180 1035 207 IV.
1053 179 1099 206 ET
1117 177 1302 206 FRIDERIOI
1320 177 1369 204 111.
1405 175 1481 222 1320.
1499 176 1576 203 1321.
1612 175 1663 206 Nr.
1676 175 1735 202 612.
1754 174 1813 203 613.

355 271 475 302 dictum
498 269 710 302 Wartizlaum
733 267 834 300 subici
857 267 1018 305 volumus,
1048 264 1178 296 eciamsi
1201 263 1241 295 de
1263 262 1409 304 principe
1438 262 1566 303 imperii
1587 261 1831 303 provideremus
1857 260 2005 293 marchio

353 321 679 363 Brandemburgensi,
701 322 908 362 preterquam
923 316 1015 348 nobis
1031 318 1064 347 et
1080 325 1170 347 sacro
1182 314 1330 345 Romano
1342 313 1489 354 imperio,
1506 312 1557 344 cui
1568 311 1817 344 divinafavente
1829 311 2005 344 clementia

353 372 564 415 presidemus.
652 371 690 402 In
714 371 801 402 cuius
824 369 871 400 rei
894 367 1110 399 testimonium
1132 368 1300 408 presentes
1323 363 1480 396 conscribi
1503 367 1536 396 et
1557 366 1666 396 nostre
1689 364 1867 396 maiestatis
1897 363 2004 406 sigillo

352 425 501 456 iussimus
524 422 720 455 communiri.

460 483 579 514 Datum
602 482 635 512 in
656 480 870 520 Nfiremberg‚
894 478 934 510 V.
957 476 1123 509 Kalendas
1145 475 1297 516 Ianuarii,
1320 485 1405 506 anno
1427 474 1558 507 Domini
1580 474 1698 508 Mcco
1720 475 1883 517 vicesimo,
1910 475 2002 517 regni
2033 484 2049 504 s

355 544 433 566 vero
456 533 556 565 nostri
579 542 662 564 anno
685 531 832 572 septimo.

363 736 436 772 613.
468 732 735 771 LITTERAE
763 730 1072 768 ELIZABETH
1102 729 1342 767 REGINAE
1365 728 1441 765 AD
1465 728 1653 766 REGEM
1674 729 1992 767 ARAGONUM.

1008 798 1117 835 1321.
1158 798 1266 834 Febr.
1290 797 1348 835 15.

463 900 622 942 Oriyinale
644 899 718 942 (or.)
740 899 776 931 in
798 897 956 930 &nbulasrio
977 898 1061 938 reyio
1082 897 1319 929 Barcinonensi
1337 895 1430 928 GRD
1445 897 1539 928 6602.
1583 897 1732 938 Sigillum
1759 898 1851 930 dorso
1871 898 2003 938 impres·
2024 931 2026 933 ,

351 964 422 986 sum
443 955 521 986 erat.
543 971 585 975 —
607 951 669 984 Ed.
684 950 790 982 Finke
810 950 904 982 ‘Acta
925 949 1164 989 Araqonensia'
1186 949 1216 988 I,
1230 948 1294 980 371
1317 958 1367 980 nr.
1383 948 1448 979 250
1470 958 1509 980 ex
1531 959 1576 981 or.
1621 948 1804 981 Editionem
1823 949 2002 989 repetimus.
2021 955 2050 976 ¹⁰

465 1012 500 1044 V.
523 1021 705 1052 responsum
726 1011 808 1051 regis
829 1020 859 1042 a.
876 1009 972 1041 1321.
1005 1009 1085 1041 Jun.
1102 1010 1122 1039 9
1145 1009 1269 1047 datum,
1296 1008 1381 1048 quod
1401 1008 1446 1040 ad
1466 1011 1594 1040 nostras
1614 1018 1665 1041 res
1685 1008 1770 1041 nihil
1789 1009 1884 1048 facit,
1913 1009 2004 1049 apud

350 1064 512 1104 Zeissberq
533 1063 597 1095 loco
618 1072 718 1102 supra
739 1062 784 1093 ad
803 1071 854 1094 nr.
869 1062 913 1092 44
935 1060 1031 1092 citato
1047 1070 1082 1099 p.
1101 1061 1143 1091 67
1163 1069 1213 1091 nr.
1230 1060 1288 1098 63;
1309 1058 1352 1100 cf.
1378 1059 1491 1091 ibidem
1511 1069 1562 1092 m.
1579 1061 1630 1092 62.

457 1152 628 1194 Magnifico
652 1154 685 1182 et
707 1150 976 1183 excellentissimo
1000 1149 1136 1191 principi
1160 1149 1289 1180 domino
1312 1148 1434 1181 Iacobo
1457 1150 1528 1191 regi
1546 1149 1732 1192 Aragonum
1755 1161 1814 1182 suo
1829 1150 2003 1184 benedicto

351 1209 384 1237 et
406 1204 633 1246 gloriosissimo
657 1202 794 1244 genitori
887 1200 1035 1233 Elizabet
1063 1199 1126 1232 Dei
1157 1201 1268 1242 gracia
1296 1199 1518 1233 Romanorum
1550 1202 1663 1243 regina
1765 1202 1830 1234 vite
1864 1202 2003 1244 longave

350 1256 508 1298 spacium,
532 1254 711 1286 dilectionis
733 1252 1004 1295 pulchritudinem
1026 1252 1132 1284 filialis
1159 1255 1192 1284 et
1216 1252 1478 1285 exuberescentis
1501 1254 1725 1296 prosperitatis
1747 1253 1931 1286 continuum
1953 1254 2003 1287 in-
2021 1261 2048 1283 ιδ

350 1309 556 1339 crementum.

456 1358 500 1396 (1)
529 1356 724 1398 Recepimus
752 1365 854 1397 nuper
877 1355 1080 1396 paternitatis
1110 1358 1216 1387 vestre
1240 1356 1364 1388 litteras
1387 1355 1540 1388 ferventis
1568 1355 1721 1388 desiderii
1749 1357 1851 1389 nostri
1877 1357 2003 1390 viscera

348 1412 530 1442 recreantes
560 1408 599 1439 ad
630 1407 801 1448 gaudium,
830 1407 1029 1438 continentes
1060 1406 1147 1448 quod
1174 1417 1231 1438 vos
1260 1418 1332 1439 cum
1365 1410 1436 1439 tota
1463 1407 1559 1440 domo
1586 1409 1678 1450 regia
1702 1408 1817 1440 florida
1846 1409 2003 1450 sospitate

349 1471 517 1503 corporum
548 1460 715 1501 vigel-etis,
745 1458 829 1490 unde
863 1469 926 1490 non
957 1459 1118 1490 immerito
1145 1463 1255 1490 nostra
1283 1459 1412 1491 fuerunt
1442 1459 1563 1502 gaudia
1591 1459 1811 1502 multipliciter
1836 1463 2000 1492 renovata.

347 1513 467 1545 Petivit
490 1512 588 1543 etiam
611 1513 715 1542 vestre
739 1510 943 1551 paternitatis
966 1509 1147 1551 benignitas
1175 1510 1369 1552 predilecta‚
1400 1510 1491 1542 vobis
1520 1510 1560 1543 de
1589 1514 1676 1542 statu
1706 1515 1815 1543 nostro
1845 1521 1883 1543 ac
1911 1521 1999 1544 sere-
2018 1519 2048 1540 ιο

347 1564 468 1595 nissimi
491 1563 610 1594 domini
634 1565 666 1593 et
689 1561 884 1593 conthoralis
906 1562 1016 1602 nostri,
1040 1561 1201 1593 karissimi
1217 1561 1338 1593 domini
1353 1561 1510 1594 Friderici
1524 1562 1746 1595 Romanorum
1769 1563 1856 1604 regis
1871 1572 2002 1605 semper

347 1615 473 1656 augusti
498 1624 534 1645 ac
557 1613 731 1645 liberorum
755 1616 935 1644 nostrorum
965 1613 1142 1644 existencia
1171 1613 1397 1645 certitudinem
1429 1614 1594 1655 oportunis
1624 1614 1822 1656 temporibus
1849 1614 1999 1646 intimari.

348 1665 452 1697 Nosce
476 1675 532 1696 vos
556 1666 699 1706 cnpimus
722 1675 780 1706 pro
803 1664 922 1706 gaudio
946 1664 1110 1705 singulari,
1133 1675 1202 1706 nos,
1226 1664 1392 1696 dominum
1407 1667 1552 1697 nostrum
1567 1675 1679 1707 regem
1697 1669 1730 1697 et
1752 1668 1854 1698 totam
1870 1665 2002 1698 domum

349 1718 471 1758 regiam
495 1717 797 1758 sponsissimamque
825 1719 968 1747 nostram
997 1715 1097 1747 filiam
1125 1726 1282 1748 annorum
1309 1716 1378 1748 fere
1405 1717 1563 1758 quinque,
1592 1716 1633 1749 de
1661 1717 1750 1748 cuius
1778 1716 1939 1759 probitate
1968 1720 2003 1749 et

350 1768 502 1799 decencia
535 1767 671 1808 plurima
705 1768 876 1808 recipimus
909 1767 1023 1799 diebus
1050 1767 1183 1808 singulis
1210 1767 1348 1809 solacia,
1381 1767 1444 1799 frui
1473 1767 1611 1799 iocunda
1646 1778 1815 1810 corporum
1850 1769 1999 1800 sanitate.
2018 1776 2046 1798 π

351 1819 500 1861 Dictique
518 1819 711 1850 conthoralis
727 1820 826 1850 nostri
843 1818 971 1850 favente
987 1819 1155 1851 Altissimo
1172 1820 1308 1861 negocia
1322 1830 1476 1861 prospere
1493 1830 1531 1851 ac
1547 1819 1686 1851 feliciter
1702 1819 1891 1861 diriguntur,
1914 1819 2003 1862 quod

350 1870 391 1902 de
407 1869 497 1901 vobis
520 1880 695 1911 agnoscere
720 1870 861 1902 crebrius
878 1871 1016 1902 estuanti
1039 1871 1199 1903 desiderio
1216 1872 1404 1913 aspiramus.
1491 1871 1538 1912 (2)
1561 1871 1719 1903 Preterea
1734 1874 1875 1903 vestram
1890 1874 2001 1913 pater-

347 1922 481 1953 nitatem
504 1922 649 1953 volumus
671 1932 735 1953 non
757 1922 870 1962 latere,
895 1921 980 1963 quod
1003 1921 1069 1953 dux
1084 1922 1270 1954 Ludovicus
1284 1922 1439 1964 Bavarus,
1464 1922 1583 1964 prefati
1599 1922 1720 1954 domini
1742 1923 1842 1954 nostri
1865 1923 2001 1964 emulus,

348 1983 406 2003 rex
428 1972 600 2014 Bohemie,
625 1974 797 2014 episcopus
820 1973 1040 2014 Treverensis,
1064 1974 1253 2015 episcopus·
1277 1973 1478 2006 Guliacensis
1502 1977 1535 2005 et
1558 1974 1614 2005 alii
1636 1974 1770 2006 comites
1800 1977 1833 2006 et
1861 1974 2001 2006 barones

349 2023 395 2054 sui
419 2023 560 2055 fautores
583 2025 718 2055 termino
742 2035 824 2055 nunc
851 2027 1012 2056 transacto
1036 2024 1145 2056 taliter
1172 2025 1392 2066 conspirantes
1421 2025 1553 2065 consilio
1585 2025 1668 2057 clam
1695 2026 1791 2066 inito,
1820 2025 1908 2067 quod
1938 2026 2001 2058 sibi
2018 2035 2048 2056 w

350 2075 494 2106 civitates
517 2078 550 2106 et
579 2075 702 2107 nobiles
727 2076 854 2117 imperii
881 2086 961 2117 quos
988 2079 1120 2117 possent
1146 2076 1427 2117 promissionibus,
1458 2076 1643 2108 muneribus
1673 2079 1707 2108 et
1735 2076 1937 2108 allicionibus
1967 2081 2002 2109 et

349 2125 408 2155 viis
438 2125 507 2156 aliis
537 2126 651 2167 quibus
678 2130 809 2168 possent
842 2127 987 2159 obtinere
1015 2138 1073 2169 pro
1105 2127 1225 2159 viribus
1253 2129 1450 2170 niterentur,
1481 2129 1614 2160 tandem
1641 2129 1744 2160 omnis
1773 2138 1831 2160 sua
1853 2129 2001 2170 potentia

350 2179 544 2217 congregata
559 2180 659 2209 terras
681 2182 804 2210 nostras
819 2178 971 2210 invadere
992 2179 1192 2211 conabantur
1213 2179 1383 2221 hostiliter,
1407 2179 1496 2221 quod
1511 2180 1603 2211 iuxta
1617 2180 1811 2222 premissum
1831 2179 1999 2212 consilium

350 2225 418 2257 fere
441 2231 659 2259 consumatum
682 2229 787 2260 fuerat
809 2232 842 2261 et
865 2230 1070 2272 completum.
1116 2231 1202 2262 Nam
1231 2231 1378 2263 dominus
1404 2234 1514 2263 noster
1542 2241 1602 2263 rex
1623 2231 1790 2263 nobiscum
1812 2232 1846 2262 in
1866 2231 2000 2264 Austria

350 2276 455 2307 fuerat
478 2279 672 2310 constitutus.
718 2279 775 2311 Set
802 2280 882 2312 duce
904 2281 1066 2323 Luipoldo
1096 2281 1196 2314 fratre
1224 2285 1333 2314 nostro
1362 2285 1576 2324 cognoscente
1605 2282 1639 2314 id
1668 2283 1774 2324 ipsum
1803 2283 1836 2314 in
1867 2292 2000 2325 campos
2018 2292 2046 2313 ιι

352 2337 424 2358 cum
447 2328 510 2359 suis
533 2329 728 2363 adiutoribus
753 2334 785 2362 et
807 2332 1014 2364 servitoribus
1037 2335 1148 2365 contra
1170 2334 1257 2375 ipsos
1280 2344 1352 2366 cum
1368 2344 1487 2376 magna
1501 2334 1648 2376 potentia
1663 2333 1797 2365 viriliter
1813 2344 1847 2365 se
1863 2335 1999 2376 recepit,

349 2387 406 2408 eos
429 2378 510 2410 adeo
534 2382 765 2423 persequendo,
790 2383 876 2424 quod
898 2384 980 2416 binis
1002 2384 1125 2416 vicibus
1148 2384 1190 2416 de
1214 2386 1342 2417 civitate
1366 2388 1476 2417 nostra
1497 2385 1736 2428 Argentinensi‚
1759 2385 1793 2416 in
1815 2395 1912 2427 quam
1934 2386 2000 2418 iam

348 2428 512 2460 introitum
536 2430 738 2464 obtinuerant
761 2436 794 2465 et
816 2444 985 2476 expensas,
1009 2436 1119 2468 cuneis
1142 2437 1234 2478 quasi
1257 2436 1298 2468 ad
1321 2437 1459 2479 prelium
1475 2436 1640 2477 ordinatis,
1664 2436 1759 2468 dorsa
1781 2439 1945 2469 vertentes
1966 2437 1999 2468 in

349 2479 428 2510 locis
451 2481 520 2512 aliis
543 2484 706 2524 tamquam
728 2485 856 2527 profugi
879 2497 912 2518 se
935 2487 1090 2519 locarunt.
1137 2488 1284 2520 Tandem
1300 2488 1492 2520 adveniente
1516 2488 1646 2520 domino
1668 2491 1777 2520 nostro
1793 2498 1872 2530 rege
1895 2488 1999 2520 omni-

352 2530 412 2561 bus
440 2541 482 2562 ex
508 2534 661 2574 utraqueb
691 2539 782 2575 parte
810 2537 851 2567 ad
881 2538 1016 2579 prelium
1045 2538 1208 2581 dispositis
1235 2542 1269 2571 et
1289 2540 1433 2581 utrisque
1460 2539 1587 2571 vexillis
1613 2539 1836 2582 imperialibus
1864 2539 2000 2571 erectisv
2015 2547 2045 2568 ⁴⁰

352 2583 592 2625 evaginatisque
615 2587 828 2628 mucronibus,
851 2588 938 2620 idem
961 2589 1027 2620 dux
1049 2590 1197 2623 Bawarie
1221 2592 1330 2623 nescio
1345 2601 1408 2633 quo
1426 2591 1540 2623 ductus
1556 2591 1669 2633 spiritu
1685 2601 1758 2622 cum
1774 2591 1839 2622 suis
1852 2591 1884 2622 in
1900 2590 1999 2632 plano

351 2642 481 2674 campo,
509 2635 684 2667 accedente
708 2636 836 2669 domino
860 2643 982 2681 nostro,
1012 2643 1148 2683 turpiter
1178 2641 1268 2674 dedit
1294 2641 1406 2684 fugam
1434 2642 1539 2684 ipsam
1569 2652 1629 2684 per
1654 2641 1869 2684 quadriduum
1895 2642 1998 2674 conti—

350 2684 494 2725 nuando,
519 2685 646 2717 domino
669 2691 776 2719 nostro
799 2691 865 2720 tam
888 2690 942 2722 diu
964 2696 1190 2735 persequente.
1239 2693 1309 2725 Nec
1333 2694 1485 2735 creditur,
1510 2693 1597 2736 quod
1620 2693 1772 2726 ammodo
1794 2703 1831 2725 se
1853 2702 1997 2735 oponere

453 2777 517 2805 618.
545 2780 569 2811 ⁸)
587 2781 622 2805 sic
635 2790 687 2812 pro
704 2790 787 2808 comes
805 2792 842 2808 or.
932 2786 955 2815 Ι3)
974 2791 1098 2820 extraque
1115 2797 1153 2814 or.
1242 2788 1266 2821 ⁰)
1284 2789 1373 2815 eiectis
1391 2797 1428 2814 or.
