2190 3172
323 252 385 283 312
598 250 694 278 ACTA
714 250 827 278 REGNI
845 250 1030 278 LUDE'WICI
1049 250 1095 278 lv.
1113 249 1160 276 ET
1178 249 1364 278 FRIDERICI
1382 250 1431 295 Ill.
1468 249 1542 276 1316.
1579 248 1628 276 Nr.
1641 249 1701 276 373.

538 411 612 446 373.
646 408 959 447 ENCYCLICA
988 408 1294 447 PONTIFICIS
1321 407 1546 446 REGIBUS
1573 407 1755 444 MISSA.

1000 483 1110 519 1316.
1150 483 1250 528 Sept.
1272 483 1306 519 5.

436 592 615 633 Oriyinalia
636 595 761 623 servata
782 602 847 624 non
867 594 952 625 sunt.
994 591 1093 632 Copia
1116 591 1303 631 exemplaris
1318 591 1487 623 Ludewico
1504 591 1616 622 directi
1631 590 1680 631 (1)
1703 590 1739 621 in
1755 589 1974 630 Reyistrorum

325 644 478 676 tabularii
505 643 655 676 Vaticani
682 646 754 675 tom.
777 643 841 674 109
875 644 931 684 (=
958 643 1043 675 Secr.
1069 645 1140 674 tom.
1161 643 1184 674 Ι
1211 653 1288 674 ami.
1310 643 1344 684 I)
1373 653 1424 674 nr.
1445 644 1474 673 4.
1536 641 1678 675 Contulit
1705 641 1749 673 H.
1774 641 1973 682 Poyatscher.

328 695 426 735 Copia
442 695 628 735 exemplaris
643 695 809 727 Friderico
824 695 913 726 missi
929 695 974 735 (2)
991 695 1104 727 ibidem
1120 697 1191 727 tom.
1206 696 1248 726 63
1266 693 1325 735 fol.
1342 694 1407 725 333
1423 704 1468 734 ep.
1485 694 1523 725 dc
1546 694 1638 726 curia
1659 693 1704 725 ad
1725 704 1774 725 m·-
1792 695 1822 724 1.
1862 692 1976 725 Edidit

325 747 449 780 Rieeler
472 747 711 779 ‘Vatilcaniscke
733 747 852 779 Akten'
877 757 911 786 p.
935 749 954 778 1
986 757 1034 778 nr.
1052 748 1073 778 3
1100 757 1139 778 ex
1169 748 1198 778 2.
1255 746 1439 778 Editionem
1469 745 1688 784 adhibuimus,
1718 746 1753 777 in
1780 745 1845 784 fine
1872 745 1975 777 denuo

326 799 526 831 contulimus.
1656 827 1659 832 4

432 855 578 893 Bcher,
610 854 685 894 Rey.
701 853 814 886 Ludw.
833 864 867 895 p.
884 855 948 885 214
976 853 1091 885 destc
1116 864 1166 886 nr.
1183 853 1213 885 2.
1268 853 1372 885 ὶόἷιεφ·
1392 864 1428 894 p.
1444 855 1509 885 237
1531 864 1579 886 nr.
1596 855 1636 892 3,·
1669 852 1975 894 Preyer-Reinkens

321 917 354 946 p.
371 907 413 938 46
436 917 486 938 nr.
503 906 543 945 3;
565 906 607 944 cf.
629 906 673 938 ad
693 917 743 939 nr.
760 906 833 937 289.

434 1010 595 1042 Iohannes
619 1011 789 1052 episcopus
812 1020 924 1041 servus
947 1020 1111 1041 servorum
1133 1009 1196 1041 Dei
1285 1009 1450 1042 carissimo
1473 1010 1505 1040 in
1529 1009 1656 1041 Christo
1680 1009 1746 1041 filio

711 1064 737 1092 1.
1562 1063 1590 1093 2.

325 1114 491 1146 Ludovico
516 1113 589 1146 duci
611 1113 748 1145 Bavarie
772 1114 804 1144 in
827 1123 938 1154 regem
958 1112 1122 1144 Romano·
1177 1112 1343 1144 Friderico
1368 1111 1441 1144 duci
1464 1113 1595 1144 Austrie
1619 1113 1652 1144 in
1674 1123 1784 1155 regem
1808 1113 1973 1146 Romano*

326 1176 396 1197 rum
421 1166 525 1197 electo
1177 1175 1246 1196 rum
1271 1164 1376 1196 electo

326 1218 464 1248 salutem
488 1219 520 1248 et
543 1216 754 1257 apostolicam
776 1215 1046 1247 benedictionem.

432 1267 481 1309 (1)
504 1268 588 1299 Mira
610 1271 643 1299 et
665 1267 878 1299 inscrutabilis
897 1267 1099 1308 providentia
1114 1267 1178 1298 Dei
1194 1267 1309 1298 summi
1330 1267 1456 1298 firmam
1473 1267 1615 1299 retinens
1637 1268 1670 1299 in
1693 1278 1750 1299 sua
1766 1267 1976 1309 dispositione

325 1331 492 1352 censuram
516 1321 600 1351 circa
617 1323 851 1351 sacrosanctam
870 1319 1040 1350 ecclesiam
1057 1318 1260 1358 catholicam,
1284 1329 1380 1360 quam
1397 1318 1459 1350 sibi
1475 1319 1619 1350 caritatis
1634 1318 1790 1351 ineffabili
1807 1319 1976 1352 dulcedine

325 1373 497 1414 copulavit,
520 1373 566 1403 ita
589 1382 645 1403 sue
669 1371 876 1412 benignitatis
898 1370 1050 1402 affectum
1074 1374 1107 1402 et
1129 1372 1339 1412 protectionis
1361 1371 1518 1402 auxilium
1535 1371 1676 1412 gratiose
1692 1372 1866 1412 continuat,
1891 1371 1978 1413 quod

324 1425 380 1456 ubi
404 1435 446 1455 ex
468 1424 661 1465 insurgentis
683 1423 813 1454 fremitu
836 1423 1040 1464 tempestatis
1063 1423 1227 1464 submergi
1247 1422 1399 1463 creditur,
1423 1426 1556 1464 paratur
1574 1422 1679 1454 eidem
1704 1434 1746 1455 ex
1762 1423 1978 1456 commotione

325 1476 538 1518 tranquillitas
566 1479 599 1506 et
625 1476 657 1506 in
684 1485 795 1506 auram
819 1475 1062 1506 mitescentibus
1085 1475 1256 1516 procellosi
1279 1474 1414 1506 turbinis
1436 1474 1585 1506 fluctibus
1612 1475 1653 1506 ab
1676 1475 1868 1507 instantibus
1891 1476 1978 1517 peri-

326 1528 404 1559 culis
426 1538 556 1569 prorsus
579 1530 725 1558 servatur
747 1527 905 1558 immunis.
951 1526 1024 1558 Hoc
1048 1527 1167 1569 quippe
1191 1527 1365 1558 multifarie
1389 1527 1564 1568 multisque
1594 1526 1698 1558 modis
1725 1527 1795 1568 ipsa
1823 1527 1979 1569 magistra

325 1590 431 1611 rerum
455 1579 655 1620 experientia
679 1578 754 1610 olim
778 1578 908 1610 edocuit
936 1581 969 1610 et
997 1579 1170 1610 novissime
1198 1578 1313 1610 diebus
1341 1579 1411 1610 istis
1437 1578 1471 1610 id
1501 1579 1606 1620 ipsum
1635 1578 1802 1610 evidenter
1826 1578 1978 1620 ostendit,

326 1631 402 1663 dum
425 1632 494 1672 ipse
518 1632 589 1672 pius
612 1630 711 1662 Pater
735 1634 767 1662 et
789 1631 970 1662 misericors
992 1630 1151 1662 Dominus
1175 1630 1344 1662 ecclesiam
1369 1631 1473 1672 ipsam
1504 1631 1588 1662 inter
1615 1630 1711 1672 longe
1742 1634 1775 1662 et
1797 1630 1977 1672 periculose

325 1684 418 1714 nimis
435 1683 599 1714 viduitatis
615 1682 780 1724 angustias
795 1683 1003 1714 fluctuantem
1027 1682 1068 1714 de
1089 1693 1148 1714 suo
1164 1683 1349 1714 habitaculo
1366 1686 1540 1724 preparato
1557 1682 1650 1714 oculo
1666 1682 1806 1724 benigno
1822 1683 1976 1723 respexit.

324 1735 454 1767 Dudum
470 1735 638 1776 siquidem,
663 1736 744 1766 sicut
766 1737 855 1766 tuam
875 1735 1035 1766 credimus
1052 1735 1202 1767 noticiam
1217 1746 1280 1767 non
1296 1736 1410 1775 latere,
1433 1737 1544 1766 sancte
1560 1733 1792 1766 recordationis
1807 1733 1976 1766 Clemente

325 1798 409 1829 papa
425 1787 465 1819 V.
488 1787 718 1828 predecessore
741 1790 850 1818 nostro
882 1787 923 1818 de
952 1787 1110 1829 presentis
1133 1787 1199 1818 vite
1222 1787 1402 1818 meroribus
1425 1787 1466 1818 ad
1490 1786 1644 1818 celestem
1667 1786 1805 1827 patriam
1830 1789 1975 1827 evocato,

325 1850 382 1870 nos
415 1843 448 1870 et
480 1838 595 1870 fratres
626 1839 724 1870 nostri
759 1838 903 1870 eiusdem
937 1839 1072 1870 ecclesie
1109 1838 1302 1879 cardinales,
1336 1838 1377 1870 de
1411 1849 1546 1881 quarum
1574 1848 1707 1870 numero
1737 1840 1811 1868 tunc
1839 1848 1976 1877 eramus,

1994 1015 2019 1035 1⁰

1995 1280 2020 1300 25

325 1891 491 1932 cupientes
515 1890 622 1922 eidem
645 1890 781 1922 ecclesie
806 1890 846 1921 de
869 1893 999 1932 pastore
1024 1890 1174 1922 celeriter
1194 1890 1364 1933 providere
1381 1891 1471 1921 iuxta
1487 1890 1747 1922 constitutionem
1764 1889 1976 1930 apostolicam
2030 1900 2042 1912 κ

326 1953 422 1983 super
444 1942 505 1973 hoc
530 1942 650 1973 editam
673 1953 731 1973 nos
753 1942 938 1974 inclusimus
961 1943 993 1973 in
1017 1942 1170 1982 conclavi,
1195 1942 1281 1984 quod
1303 1943 1336 1973 in
1353 1942 1483 1973 civitate
1499 1941 1799 1983 Carpentoracensi,
1823 1941 1879 1972 ubi
1903 1944 1977 1972 tunc

325 1994 472 2025 Romana
496 1995 584 2025 curia
606 1994 780 2034 residebat,
805 1994 845 2025 ad
868 1994 929 2026 hoe
953 1995 1123 2026 exstiterat
1137 1997 1357 2036 preparatum.
1396 1993 1536 2025 Demum
1553 2003 1630 2025 vero
1647 1993 1815 2024 electionis
1830 1992 1976 2034 predicte

326 2047 460 2087 negocio
484 2046 673 2087 imperfecto
699 2056 740 2077 ex
763 2046 858 2077 certis
882 2046 986 2077 causis
1009 2046 1161 2088 legitimis
1177 2046 1330 2077 conclave
1346 2045 1526 2087 predictum
1544 2044 1655 2086 egredi
1671 2045 1863 2076 necessitate
1888 2054 1976 2076 com-

324 2098 408 2139 pulsi
431 2109 488 2129 nos
511 2098 552 2129 ad
577 2097 703 2129 diversa
725 2098 797 2129 loca
819 2098 1054 2139 transtulimus,
1084 2101 1180 2139 prout
1206 2098 1379 2139 unicuique
1406 2100 1550 2128 nostrum
1580 2096 1757 2138 expediens
1780 2096 1883 2127 visum
1906 2095 1975 2127 fuit.

326 2148 471 2191 Cumque
488 2149 694 2191 postmodum
718 2149 824 2181 diffusi
840 2150 995 2191 temporis
1016 2151 1132 2191 spatio,
1156 2150 1237 2182 sicut
1252 2149 1392 2181 Domino
1409 2149 1541 2190 placuit,
1564 2149 1731 2180 interiecto
1753 2148 1795 2179 ad
1811 2148 1976 2179 civitatem

326 2200 576 2241 Lugdunensem
600 2211 657 2242 pro
682 2201 826 2233 eiusdem
850 2201 1017 2233 electionis
1046 2202 1176 2243 negotio
1200 2201 1402 2233 concorditer
1425 2201 1639 2238 venissemus,
1669 2201 1737 2231 vias
1767 2203 1893 2232 nostras
1920 2200 1976 2232 illo

308 2252 504 2293 -dirigente,
537 2253 590 2293 qui
612 2253 715 2293 novit,
748 2256 781 2284 et
810 2253 940 2284 tandem
970 2253 1022 2285 die
1051 2254 1189 2294 septima
1212 2253 1359 2295 preteriti
1381 2253 1500 2284 mensis
1522 2252 1663 2294 Augusti
1689 2252 1721 2283 in
1743 2252 1816 2283 loco
1841 2252 1976 2284 fratrum

326 2304 445 2335 ordinis
460 2304 702 2336 Predicatorum
716 2304 876 2346 Lugdun.‚
900 2306 932 2336 in
955 2316 1018 2347 quo
1035 2305 1268 2346 residebamus,
1291 2304 1420 2336 insimul
1443 2315 1500 2345 pro
1516 2303 1644 2345 prefato
1661 2303 1828 2335 electionis
1843 2305 1976 2345 negotio

328 2355 497 2387 fuissemus
521 2356 552 2386 in
573 2355 647 2387 loco
671 2356 764 2388 solito
788 2358 986 2398 congregati,
1009 2357 1167 2399 benignus
1191 2357 1349 2398 sapientie
1373 2356 1504 2398 spiritus
1526 2356 1673 2387 nesciens
1695 2355 1788 2387 tarda
1810 2356 1977 2387 molimina

327 2411 393 2438 tam
417 2408 542 2448 prolixe
565 2408 664 2448 ipsius
685 2408 821 2439 ecclesie
845 2408 995 2440 viduitati
1018 2410 1072 2450 pie
1095 2409 1310 2450 compaciens,
1334 2419 1406 2439 eum
1431 2411 1504 2439 eam
1519 2407 1621 2438 nollet
1636 2407 1796 2438 ulterioris
1812 2406 1977 2439 viduitatis

326 2459 504 2490 incomodis
527 2459 704 2499 subiacere,
728 2460 861 2492 fratrum
884 2461 1027 2502 ipsorum
1050 2461 1147 2492 corda
1170 2461 1215 2492 sic
1238 2460 1375 2492 adduxit
1398 2459 1437 2491 ad
1456 2460 1585 2500 spiritus
1601 2459 1768 2497 unitatem,
1792 2459 1879 2500 quod
1895 2459 1976 2491 miro

326 2510 389 2542 Dei
418 2514 451 2543 et
477 2511 569 2542 nobis
596 2512 744 2543 nimirum
773 2512 931 2553 stupendo
962 2512 1093 2544 consilio
1122 2512 1164 2544 ad
1190 2512 1446 2544 imbecillitatem
1472 2514 1615 2543 nostram
1648 2511 1757 2542 oculos
1789 2510 1975 2552 dirigentes,

326 2564 384 2593 nos
407 2566 481 2593 tunc
504 2562 717 2594 Portuensem
741 2565 928 2606 episcopum
957 2565 999 2597 ad
1026 2565 1264 2606 suscipiendum
1294 2575 1373 2596 onus
1400 2563 1493 2595 nobis
1522 2574 1564 2595 ex
1591 2563 1732 2594 humano
1761 2562 1891 2594 defectu
1914 2563 1974 2594 im-

328 2613 486 2655 portabile
511 2625 618 2645 curam
642 2615 793 2647 videlicet
815 2616 1004 2648 universalis
1026 2617 1134 2658 gregis
1158 2616 1308 2648 dominici
1333 2615 1536 2647 concorditer
1558 2615 1686 2647 nemine
1710 2614 1916 2655 discrepante
1944 2614 1976 2646 in

328 2671 486 2697 summum
509 2666 692 2707 pontificem
717 2667 895 2709 elegerunt.
933 2668 1001 2699 Nos
1017 2671 1125 2700 autem
1142 2667 1366 2699 difficultatem
1383 2667 1479 2699 officii
1495 2666 1675 2708 pastoralis,
1700 2666 1841 2697 continui
1856 2666 1977 2698 laboris

327 2718 490 2758 angustias
514 2721 547 2749 et
569 2719 810 2759 precellentium
835 2720 999 2761 dignitatis
1014 2719 1192 2761 apostolice
1215 2719 1298 2751 infra
1318 2722 1428 2750 nostra
1443 2718 1613 2760 precordia
1629 2720 1835 2750 recensentes
1851 2719 1976 2748 nostra-

327 2780 461 2810 rumque
493 2770 668 2802 mecientes
698 2771 810 2802 virium
847 2773 1054 2812 parvitatem,
1093 2772 1209 2803 timore
1245 2781 1282 2802 ac
1317 2775 1457 2802 tremore
1493 2771 1638 2802 concussi
1674 2770 1882 2801 hesitavimus
1916 2779 1975 2801 nec

1995 2315 2021 2335 85

328 2821 467 2862 indigne.
519 2821 603 2856 Quid
632 2822 716 2852 enim
750 2826 815 2853 tam
850 2823 1027 2855 timendum
1055 2827 1188 2865 tamque
1216 2822 1399 2864 pavendum
1435 2833 1530 2864 quam
1565 2822 1671 2864 fragili
1699 2821 1808 2861 labor,
1842 2820 1974 2862 indigno
1992 2831 2018 2851 45

328 2871 509 2903 sublimitas
533 2876 565 2904 et
589 2872 727 2914 dignitas
749 2884 811 2904 non
835 2876 990 2906 merenti?
1035 2875 1157 2907 Verum
1184 2886 1224 2907 ne
1252 2878 1325 2916 post
1349 2874 1493 2906 eiusdem
1517 2874 1692 2906 vacationis
1715 2877 1782 2904 tam
1806 2872 1921 2904 diffusa
1943 2875 1976 2904 et
