2184 3126
157 757 182 777 10

158 1014 183 1034 15

158 1532 183 1553 25

157 2563 181 2582 ⁴⁵

436 195 533 224 ACTA
552 194 665 223 REGNI
685 195 869 224 LUDEWICI
887 194 935 222 IV.
954 194 999 222 ET
1019 193 1204 222 FRIDERICI
1223 194 1273 221 111.
1309 194 1385 222 1324.
1422 193 1470 221 Nr.
1482 193 1542 221 9⁶23.
1561 194 1620 222 924.
1795 196 1857 227 763

202 282 345 314 favorem
384 282 481 314 certis
518 285 551 314 et
588 282 678 314 iustis
714 282 820 315 causis
856 282 889 314 in
926 282 1050 314 eisdem
1089 282 1252 324 expressis
1286 281 1505 324 processibus*
1539 282 1691 314 seriosius
1729 281 1859 314 habitos

201 334 393 366 solenniter·
416 332 589 376 publicari,
614 333 852 366 venerabilibus
877 333 1029 366 fratribus
1050 333 1167 365 nostris
1189 333 1349 366 nonnullis
1372 333 1576 376 patriarchis,
1607 333 1858 376 archiepiscopis

202 390 235 417 et
257 385 416 428 episcopis
438 395 478 417 ac
499 385 625 419 dilectis
647 385 719 418 filiis
742 386 854 419 electis
878 389 911 418 et
933 386 1049 419 ceteris
1071 386 1142 418 aliis
1165 385 1310 428 personis
1325 385 1550 418 ecclesiasticis
1573 385 1718 418 diversas
1732 390 1860 417 nostras

201 436 325 469 litteras
347 440 476 469 tenores
499 437 657 470 dictorum
686 448 892 480 processum
915 437 1130 479 continentes,
1160 447 1219 480 per
1249 447 1329 480 quas
1357 438 1403 470 eis
1433 436 1561 470 dedisse
1591 437 1796 469 meminimus
1825 437 1859 468 in

202 488 372 530 mandatis,
395 492 431 521 ut
454 488 586 521 eosdem
611 499 780 531 processus
802 499 861 532 per
882 500 918 522 se
942 490 989 521 et2
1011 489 1092 522 alios
1114 489 1276 522 seculares
1299 492 1332 521 et
1354 488 1523 531 religiosos
1546 492 1717 531 exemptos
1740 491 1774 520 et
1795 499 1858 520 non

202 542 386 582 exemptos,
417 539 458 572 de
483 540 599 583 quibus
621 541 777 583 expedire
801 545 1046 584 cognoscerent,
1076 540 1292 584 publicarent,
1323 541 1364 573 ad
1387 541 1449 574 hoc
1471 540 1532 573 sibi
1555 540 1780 573 nichilominus
1802 550 1861 573 eos

201 591 393 624 auctoritate
418 595 526 624 nostra
545 592 764 635 appellatione
787 593 966 636 postposita
981 592 1208 635 compellendi,
1232 592 1486 635 quibuscumque
1510 592 1725 634 exemptionis
1741 595 1775 624 et
1788 591 1862 623 aliis

201 643 377 686 privilegiis
396 643 582 685 apostolicis
597 654 802 687 nequaquam
826 643 1037 686 obstantibus,
1060 654 1213 676 concessa
1235 647 1398 686 potestate
1414 645 1569 687 plenaria,
1594 644 1744 676 duximus
1759 643 1859 675 desti-

202 693 335 726 nandas.
381 694 503 726 Verum
527 705 600 727 cum
623 696 706 727 sicut
729 695 936 739 displicenter
958 695 1138 728 audivimus
1154 706 1213 738 per
1227 696 1397 728 nonnullos
1420 697 1584 729 seculares
1599 700 1633 728 et
1648 695 1817 738 religiosos

200 746 232 778 in
256 746 386 779 civitate
409 748 444 779 et
466 745 587 778 diocesi
611 746 780 779 Basiliensi

200 797 314 830 nociva
335 797 535 840 negligentia
558 798 643 830 circa
665 798 915 841 publicationem
943 798 1126 831 huiusmodi
1150 799 1399 840 committaturu,
1426 809 1485 831 nos
1508 799 1674 841 cupientes
1697 798 1739 830 de
1762 808 1858 841 opor-

201 852 278 881 tuno
311 859 409 892 super
439 849 501 882 hoc
529 850 674 882 remedio
709 851 893 893 providere,
926 851 1126 883 universitati
1159 853 1267 883 vestre
1300 851 1332 882 in
1364 851 1481 883 virtute
1517 850 1702 882 obedientie
1734 853 1768 882 et
1798 849 1859 882 sub

201 901 420 943 suspensionis
443 904 476 934 et
499 902 843 935 excommunicationis
865 902 957 945 penis
979 906 1013 935 et
1035 902 1216 943 sententiis,
1244 912 1324 944 quas
1351 902 1447 934 nullis
1475 902 1691 944 exemptionis
1712 901 1765 934 vel
1788 901 1860 933 aliis

201 952 457 995 quibuscumque
480 953 657 996 privilegiis
679 954 866 996 apostolicis
887 954 982 996 locis,
1009 953 1174 986 ordinibus
1202 957 1258 986 aut
1286 953 1450 996 quibusvis
1476 953 1622 996 personis
1644 952 1860 995 singularibus

201 1003 260 1036 sub
295 1014 498 1047 quacumque
533 1004 637 1037 forma
663 1005 715 1038 vel
746 1005 955 1048 expressione
982 1005 1152 1038 verborum
1187 1006 1347 1038 concessis
1374 1005 1466 1038 vobis
1493 1009 1568 1038 aut'
1590 1008 1732 1037 vestrum
1763 1004 1858 1036 alicui

201 1055 452 1098 suffragantibus
474 1056 506 1088 in
529 1056 590 1089 hac
614 1061 720 1099 parte,
743 1067 800 1090 vos
823 1061 857 1090 et
880 1060 1020 1090 vestrum
1043 1056 1199 1100 singulos,
1227 1057 1282 1099 qui
1308 1057 1451 1099 presenti
1478 1055 1632 1089 mandato
1660 1060 1769 1088 nostro
1796 1066 1859 1088 non

202 1108 387 1150 parueritis,
411 1118 483 1140 cum
508 1107 626 1141 effectu
650 1109 812 1141 incurrere
835 1108 982 1141 volumus
1004 1109 1074 1151 ipso
1098 1108 1199 1150 facto,
1228 1108 1404 1141 districtius
1425 1107 1636 1151 precipiendo
1658 1107 1860 1148 mandamus,

203 1159 352 1202 quatinus
376 1159 539 1201 predictos
561 1170 732 1202 processus
753 1170 791 1193 ac
815 1170 916 1203 penas
939 1164 973 1193 et
995 1161 1171 1194 sententias
1193 1162 1251 1192 et'
1267 1160 1352 1192 alia⁸
1368 1160 1400 1192 in
1423 1161 1489 1193 eisy
1505 1163 1666 1200 contenta,
1690 1169 1762 1191 cum
1786 1170 1860 1201 pro-

203 1221 311 1243 cessus
335 1210 467 1243 eosdem
491 1210 543 1244 vel
566 1210 690 1244 litteras
712 1211 856 1254 ipsorum
879 1212 995 1244 seriem
1019 1212 1219 1244 continentes
1241 1211 1332 1243 vobis
1354 1222 1414 1254 per

201 1262 422 1295 venerabilem
446 1262 579 1295 fratrem
600 1266 744 1295 nostrum
765 1287 795 1296 ..
821 1264 1007 1306 episcopum
1062 1262 1240 1295 ordinarios
1262 1266 1296 1295 et
1318 1274 1430 1296 eorum

202 1313 413 1346 Basiliensem
437 1317 493 1346 aut
515 1314 585 1346 eius

202 1365 338 1398 vicarios
360 1369 393 1398 et
415 1365 569 1398 officiales
592 1367 782 1398 transmitti⁸
803 1366 855 1399 vel
877 1376 938 1409 per
959 1366 1060 1399 alios·
1082 1366 1259 1408 presentari
1283 1364 1485 1407 contingerit,
1508 1364 1541 1396 in
1563 1364 1643 1396 locis
1665 1363 1802 1406 publicis
1826 1368 1859 1396 et

201 1416 386 1450 solennibus
410 1417 523 1450 diebus
543 1417 711 1450 dominicis
734 1420 767 1451 et
789 1417 923 1459 festivis,
946 1417 988 1450 de
1011 1417 1128 1461 quibus
1143 1416 1335 1460 expedierit,
1359 1417 1535 1449 solenniter
1550 1415 1716 1458 publicare
1730 1417 1859 1456 curetis,

202 1469 325 1501 nullum
353 1468 621 1511 impedimentum
650 1479 710 1512 per
732 1479 790 1503 vos
812 1470 865 1502 vel
894 1470 993 1502 alium
1022 1480 1080 1502 seu
1107 1469 1188 1502 alios
1216 1469 1338 1501 directe
1361 1468 1414 1501 vel
1446 1467 1617 1507 indirecte,
1649 1466 1778 1509 publice
1805 1467 1858 1499 vel

203 1521 339 1562 occulte,
363 1521 532 1563 quominus
556 1520 631 1553 dicti
655 1531 826 1563 processus
848 1531 886 1554 ac
910 1524 1076 1564 presentes
1098 1524 1208 1553 nostre

203 1572 344 1615 dictique
367 1573 510 1615 episcopi
1066 1572 1289 1614 dictorumque
1313 1571 1546 1604 ordinariorum

203 1634 240 1656 ac
267 1625 460 1657 vicariorum
489 1627 523 1657 ct
548 1623 733 1657 officialium
760 1625 910 1657 suorumb
936 1624 1044 1657 littere
1073 1635 1170 1667 super
1198 1623 1353 1666 predictis
1382 1623 1529 1656 confecte
1559 1622 1650 1655 vobis
1678 1623 1856 1665 presentari

201 1675 304 1708 libere
327 1678 384 1708 etw
407 1675 494 1708 dicta
515 1676 585 1708 fieri
608 1676 783 1719 publicatio
806 1676 950 1717 valeant,
981 1675 1226 1719 quomodolibet
1254 1675 1417 1718 prestituri
1444 1686 1504 1708 nec
1533 1675 1674 1717 passuri,
1702 1679 1857 1718 quantum

202 1728 235 1759 in
256 1727 349 1760 vobis
371 1727 483 1768 fuerit,
510 1728 597 1770 quod
620 1731 781 1770 prestetur
803 1738 862 1770 per
884 1728 965 1760 alios
988 1727 1210 1771 quovismodo.
1263 1727 1357 1765 Quod
1385 1727 1411 1759 si
1439 1736 1531 1759 secus
1558 1726 1666 1759 facero
1688 1736 1858 1768 presump-

202 1779 318 1820 seritis,
342 1789 398 1811 vos
421 1779 552 1812 easdem
576 1789 677 1821 penas
700 1782 733 1812 et
754 1780 931 1812 sententias
954 1780 1117 1812 incurrere
1139 1779 1286 1811 volumus
1309 1789 1349 1811 eo
1372 1779 1453 1821 ipso.
1497 1777 1564 1811 Per
1586 1778 1647 1810 hoc
1670 1781 1777 1810 autem

202 1832 356 1873 episcopo
379 1831 525 1873 predicto
548 1830 708 1874 derogare
1057 1830 1216 1873 derogare
1239 1830 1393 1873 predictis
1415 1829 1586 1862 ordinariis

201 1893 264 1914 non
296 1882 505 1923 intendimus,
535 1883 704 1925 quominus
735 1883 822 1925 ipse⁰
845 1886 956 1915 contra
982 1892 1040 1914 vos
1069 1882 1191 1925 possit⁴¹
1216 1882 1408 1925 procedere,
1437 1882 1463 1914 si
1495 1892 1592 1924 super
1618 1881 1771 1924 predictis
1801 1892 1858 1914 vos

200 1933 467 1967 inhobedientes⁹
489 1934 662 1977 repererit‘
683 1934 817 1967 forsitan
839 1934 891 1966 vel
914 1933 1064 1967 rebelles.

1097 1985 1218 2018 Datum
1242 1985 1441 2027 Avinion(e),
1465 1984 1505 2016 V.
1523 1984 1618 2017 Kal.¹3
1633 1984 1726 2018 Iunii.
1750 1985 1856 2026 ponti-

1053 2036 1167 2069 ficatus
1190 2037 1288 2069 nostri
1312 2046 1396 2069 anno
1419 2040 1545 2069 octavo.

242 2089 344 2121 Item
367 2090 403 2121 in
432 2089 598 2121 eundem
628 2089 780 2121 modum
811 2089 842 2120 in
870 2089 1000 2121 civitate

200 2146 234 2175 et
255 2140 338 2173 dioc.
363 2139 588 2173 Constancien.

243 2193 340 2226 Item
370 2192 407 2224 in
438 2192 601 2225 eundem
628 2191 777 2224 modum
808 2192 840 2223 in
870 2192 1000 2224 civitate

199 2248 234 2278 et
255 2245 337 2277 dioc.
360 2244 538 2287 Augusten.

243 2295 344 2329 Item
366 2296 403 2327 in
426 2295 588 2328 eundem
610 2294 761 2327 modum
785 2319 817 2327 ..
841 2295 1000 2338 archiepi-

201 2357 298 2390 scopo
343 2345 571 2389 Salzeburgen.
615 2347 749 2389 eiusque
790 2346 1001 2390 suffraganeis

199 2399 330 2432 mutatis
352 2398 513 2431 mutandis

243 2451 343 2484 Item
374 2450 414 2482 in
447 2449 622 2482 eundem
651 2449 802 2482 modum
832 2449 853 2491 [.
875 2448 895 2491 .]
929 2450 998 2491 epi-

199 2512 298 2545 scopo
320 2501 486 2534 Patavien.

243 2553 363 2586 Datum
371 2552 568 2594 Avinion(e),
576 2552 616 2584 V.
627 2551 704 2584 Idus
712 2551 805 2593 Iunii,
813 2562 896 2584 anno
905 2551 998 2584 VIII.

302 2722 369 2751 928.
387 2721 454 2749 ⁹24.
483 2723 504 2756 ¹)
517 2731 585 2757 proc.
598 2730 668 2756 expr.
682 2722 713 2748 B.
796 2720 817 2755 ⁸)
830 2722 964 2756 sollempn.
977 2730 1077 2755 semper
1089 2722 1121 2749 B.
1204 2722 1223 2752 θ)
1243 2730 1273 2748 ιο
1286 2722 1318 2748 B.
1401 2722 1426 2755 ¹¹)
1438 2722 1605 2749 committitur
1618 2723 1646 2747 B.
1740 2723 1764 2753 ⁷)
1779 2727 1808 2747 et
1822 2721 1853 2746 B.

200 2767 230 2800 ¹¹)
248 2775 279 2793 ac
297 2767 329 2793 Β.
418 2766 444 2798 ¹)
460 2767 520 2793 aliis
538 2766 570 2792 B.
658 2765 682 2798 r)
699 2766 791 2792 eidem
810 2765 843 2792 B.
930 2766 952 2798 ¹)
972 2766 1108 2799 contigerit
1121 2767 1196 2799 ponit
1213 2766 1254 2791 Ιιίσ
1268 2766 1299 2792 Β.
1381 2766 1405 2797 ·)
1423 2766 1521 2791 etiam
1541 2765 1602 2790 add.
1617 2764 1649 2790 B.
1732 2764 1756 2795 b)
1776 2765 1855 2797 ipso-

200 2819 268 2835 rum
288 2810 320 2836 B.
409 2810 432 2842 c)
451 2810 513 2844 ipsi
531 2809 564 2835 B.
653 2807 678 2841 δ)
695 2810 823 2843 possint
840 2808 872 2835 B.
962 2809 985 2841 ο)
1004 2810 1072 2836 inob.
1086 2809 1118 2835 B.
1206 2808 1225 2841 s)
1244 2811 1419 2843 repererint
1438 2808 1470 2834 B.
1541 2808 1567 2839 Ι)
1587 2808 1623 2833 ita
1638 2816 1689 2840 pro
1708 2808 1769 2834 Idus
1788 2807 1820 2832 B.

1598 2859 1647 2885 968
