2184 3126
291 156 354 185 452
527 153 625 180 ACTA
643 153 758 180 REGNI
777 153 961 180 LUDEWICI
980 152 1026 179 IV.
1045 152 1091 179 ET
1111 152 1296 180 FRIDERICI
1316 153 1364 181 111.
1402 153 1476 181 1320.
1512 153 1562 181 Nr.
1574 134 1633 181 563.
1652 154 1710 182 564.

290 241 348 281 sui,
374 240 461 282 quod
477 239 620 271 habebat
636 251 655 271 a
671 239 775 280 nobis,
801 240 924 271 scilicet
940 243 1118 271 castrorum
1135 238 1294 281 Stalberg,
1312 239 1480 277 Stalekke,
1495 239 1693 282 Brfinshorn,
1717 241 1806 283 opidi
1820 241 1948 274 Bache-

290 292 378 330 rach,
401 291 495 323 vallis
518 291 674 332 eiusdem,
697 291 818 323 Rinbul
842 294 875 322 et
891 291 1131 322 attinentiarum
1149 291 1337 331 eorundem,
1361 294 1457 333 prout
1479 292 1544 323 iam
1569 302 1609 323 ea
1625 292 1780 334 possidet,
1804 293 1950 335 exceptis

290 343 442 375 theloniis
464 343 548 375 Reni
573 346 605 374 et
629 343 843 374 officiatorum
867 343 1081 382 institucione,
1106 343 1202 374 cessit
1224 343 1339 374 illustri
1359 343 1495 375 Iohanni
1511 344 1647 375 Boemie
1670 348 1704 376 et
1718 344 1855 376 Polonie
1878 345 1949 386 regi

290 395 401 436 nepoti
433 406 506 434 suo,
545 398 640 436 prout
670 395 702 425 in
735 394 850 425 litteris
879 404 976 435 super
1005 394 1067 425 hoc
1099 394 1185 425 inter
1212 404 1267 426 eos
1294 394 1450 426 confectis
1477 392 1603 436 plenius
1626 396 1839 436 continetur1,
1873 407 1949 437 pro-

290 447 446 478 mittimus
470 446 577 477 eidem
602 446 845 487 archiepiscopo
869 445 954 477 bona
976 445 1041 476 fide
1065 455 1122 476 suo
1147 448 1181 476 et
1203 455 1424 478 successorum
1448 457 1579 478 suorum
1603 447 1803 488 ecclesieque
1827 447 1948 479 Treve-

290 498 392 528 rensis
420 498 549 528 nomine
574 500 714 527 castrum
737 495 1003 536 Ffirstemberch,
1037 495 1186 537 Diepach
1214 507 1286 527 cum
1309 496 1413 537 valle,
1444 501 1571 539 partem
1599 502 1742 530 nostram
1770 499 1803 530 in
1829 498 1950 530 Rinbfil

290 558 363 579 cum
378 548 511 587 iuribus,
535 547 809 579 iurisdictionibus
826 557 864 578 ac
879 557 991 578 eorum
1008 547 1184 578 attinentiis
1200 548 1366 586 universis,
1391 559 1487 590 quam
1505 550 1642 591 primum
1658 549 1772 580 haberi
1787 552 1948 591 poterunt,

289 601 454 642 assignare
479 603 511 631 et
536 599 717 630 deliberare
741 598 893 630 habenda
923 602 956 630 et
987 598 1127 630 tenenda
1155 600 1238 630 sicut
1260 599 1405 640 predicta
1428 600 1564 642 pignora
1599 601 1630 631 in
1663 601 1816 632 cessionis
1839 601 1948 632 huius-

289 651 377 683 modi
399 662 656 693 recompensam.
695 650 729 682 Si
752 661 840 690 vero,
865 653 1039 692 antequam
1063 653 1204 682 castrum
1228 651 1258 681 in
1275 650 1508 693 Ffirstemberg
1529 651 1711 693 predictum
1727 662 1948 694 assequamur,

289 707 430 734 castrum
447 703 561 734 Chube
585 702 802 741 habuerimus,
827 701 948 733 dictum
972 704 1111 733 castrum
1133 698 1246 734 Chiibe
1271 712 1343 733 cum
1367 702 1435 733 eius
1457 703 1634 734 attinentiis
1657 703 1764 735 eidem
1788 703 1949 745 archiepi-

288 765 387 796 scopo
408 755 538 786 nomine
563 764 626 796 quo
644 764 740 795 supra
757 754 922 795 assignare
939 753 1123 785 tenebimur
1145 756 1179 785 et
1195 754 1420 795 promittimus,
1444 765 1610 796 quousque
1627 758 1767 787 castrum
1783 755 1948 787 Furstem-

288 806 369 848 berg
391 809 427 838 ut
451 806 571 837 dictum
597 809 647 837 est
670 805 731 836 sibi
755 805 858 837 detur.
898 805 1035 841 Quando
1061 806 1146 837 enim
1169 805 1256 837 idem
1273 805 1535 848 archiepiscopus
1556 817 1615 848 pro
1638 810 1786 848 tempore
1810 807 1949 839 alterum

289 858 446 889 dictorum
473 861 649 889 castrorum
674 857 800 889 scilicet
821 857 1053 899 Furstemberg
1076 857 1128 889 vel
1151 856 1264 889 Chfibe
1288 857 1452 898 habuerit,
1483 858 1603 899 poterit
1632 859 1658 890 si
1681 858 1819 890 voluerit
1844 859 1950 900 ipsum

290 920 362 941 cum
386 909 567 941 redditibus
591 910 643 941 vel
667 910 735 940 sine
759 909 939 940 redditibus
968 912 1001 940 et
1024 909 1202 940 attinentiis
1233 909 1319 940 dicto
1349 909 1419 950 regi
1443 909 1578 941 Boemie
1600 909 1652 941 vel
1679 910 1748 941 eius
1774 909 1950 942 heredibus

289 962 322 993 in
345 962 501 993 comitatu
524 972 582 992 suo
606 961 898 1002 Lutzemburgensi
922 961 1040 992 cedere
1069 963 1102 992 et
1124 970 1183 1002 per
1206 960 1267 992 hoc
1290 961 1468 992 cessionem
1492 960 1589 992 aliam
1613 961 1698 993 dicto
1722 962 1792 1004 regi
1814 961 1949 994 Boemie

290 1013 409 1045 factam
433 1016 469 1044 ut
491 1023 588 1054 supra
613 1012 764 1044 scribitur
787 1022 974 1044 ammovere
1004 1016 1037 1044 et
1063 1012 1216 1054 predictis
1241 1012 1427 1053 pignoribus
1450 1012 1552 1044 libere
1576 1013 1638 1053 nti,
1668 1013 1750 1044 sicut
1775 1017 1851 1045 ante
1874 1023 1949 1055 pre-

290 1064 409 1096 dictam
434 1066 613 1096 cessionem
635 1067 766 1107 poterat
796 1068 829 1096 et
857 1064 1008 1096 debebat.
1062 1063 1133 1095 Nec
1162 1064 1339 1105 poterimus
1366 1064 1513 1105 predicta
1542 1064 1678 1106 pignora
1709 1068 1742 1095 et
1770 1064 1950 1096 thelonium

289 1127 349 1157 per
378 1126 436 1147 nos
461 1116 546 1147 dicto
571 1116 707 1147 Boemie
735 1117 805 1157 regi
836 1115 1014 1156 obligatum
1043 1118 1254 1157 augmentare
1289 1118 1345 1146 aut
1379 1116 1484 1147 carius
1520 1115 1665 1157 obligare
1699 1116 1766 1147 sine
1795 1125 1950 1157 expressa

289 1168 455 1199 voluntate
480 1168 715 1209 archiepiscopi
740 1167 926 1208 supradicti.
973 1167 1090 1198 Actum
1121 1170 1171 1198 est
1198 1167 1296 1198 etiam
1325 1166 1560 1208 sollempniter,
1591 1165 1678 1208 quod
1707 1166 1792 1198 dicta
1815 1167 1951 1209 pignora

289 1219 493 1251 adherebunt
519 1229 657 1261 persone
689 1219 765 1250 dicti
794 1218 1029 1260 archiepiscopi
1062 1218 1092 1249 in
1122 1228 1325 1260 quocumque
1355 1221 1441 1249 statu
1468 1218 1565 1250 fuerit
1594 1217 1702 1260 quoad
1725 1218 1855 1259 vixerit,
1889 1218 1950 1249 nisi

289 1272 377 1312 prius
400 1270 572 1312 redempta
596 1271 733 1311 fuerint,
766 1273 802 1301 ut
829 1271 860 1300 in
891 1270 962 1301 aliis
992 1270 1108 1301 litteris
1136 1270 1326 1301 continetur.
1371 1269 1529 1302 Volumus
1557 1270 1690 1311 insuper
1718 1269 1798 1301 alias
1823 1273 1950 1301 nostras

289 1323 414 1355 litteras
437 1322 673 1364 precedentes²
697 1323 728 1353 in
752 1333 809 1353 suo
838 1321 954 1353 robore
984 1332 1191 1363 permanere,
1226 1322 1286 1352 nisi
1315 1324 1470 1362 quantum
1497 1331 1651 1363 expresse
1682 1322 1714 1352 in
1746 1321 1951 1363 presentibus

290 1376 481 1407 continetur.

398 1434 473 1466 Dat.
498 1435 530 1466 in
553 1434 705 1476 Pinguia,
738 1434 812 1465 VII.
835 1433 950 1464 Kalen.
973 1433 1096 1474 Martii,
1126 1443 1209 1464 anno
1238 1432 1369 1464 Domini
1397 1432 1598 1473 MCCCXX,
1629 1433 1721 1474 regni
1743 1443 1820 1464 vero
1850 1433 1951 1465 nostri

291 1496 374 1518 anno
398 1489 501 1517 sexto.

360 1651 435 1686 564.
471 1650 714 1688 EIUSDEM
742 1650 1010 1687 LITTERAE
1038 1650 1210 1687 SUPER
1234 1649 1463 1687 COMITIA
1488 1649 1711 1687 TREMON
1717 1649 1811 1686 IEN
1821 1648 1882 1686 SI.

953 1718 1061 1754 1320.
1103 1718 1211 1754 Febr.
1232 1717 1292 1753 27.

406 1799 454 1841 Cfi
478 1810 579 1839 supra
602 1811 651 1831 nr.
668 1802 732 1832 370
755 1803 784 1832 et
807 1801 880 1831 371.

406 1859 588 1900 Oriyinalia
611 1860 674 1892 duo
700 1863 714 1891 1
740 1863 770 1892 et
793 1862 812 1891 2
835 1860 871 1891 in
895 1859 1054 1891 tabulario
1073 1859 1213 1891 civitatis
1230 1859 1471 1891 Tremoniensis.
1514 1858 1712 1891 Contulimus
1726 1869 1791 1891 nos.
1830 1859 1950 1890 Pendet

290 1914 461 1951 utrumque
485 1911 625 1950 siyillum
644 1911 712 1951 fere
735 1911 879 1943 illaesum
902 1911 967 1942 loro
986 1911 1228 1943 membranaceo.
1252 1927 1294 1932 -
1317 1909 1379 1941 Ed.
1395 1909 1497 1941 Rabel
1512 1909 1738 1942 ‘Dortmunder
1759 1910 1947 1944 Urkunden-

291 1963 385 1994 buch'
408 1963 437 2000 1,
459 1963 524 1994 264
546 1973 596 1994 nr.
614 1963 678 1994 379
701 1973 740 1994 ex
765 1965 779 1993 1
805 1965 834 1994 et
858 1965 887 1994 2.

400 2022 547 2058 Bb'hmer,
571 2022 646 2063 Req.
664 2022 778 2054 Ludw.
797 2033 832 2062 p.
850 2024 913 2053 354
936 2033 986 2054 nr.
1003 2023 1090 2054 3187
1112 2023 1240 2062 (Addit.
1257 2023 1341 2064 III).

403 2082 451 2123 Cf.
475 2083 567 2121 infra
590 2083 634 2113 ad
656 2093 686 2114 a.
704 2082 798 2113 1324.
822 2083 914 2115 Febr.
930 2083 981 2114 27.

400 2159 595 2191 Ludowicus
619 2160 683 2191 Dei
712 2160 817 2201 gratia
844 2160 1064 2191 Romanorum
1094 2169 1154 2190 rex
1181 2169 1310 2201 semper
1339 2162 1494 2200 augustus
1581 2159 1793 2201 prudentibus
1815 2160 1891 2191 viris
1915 2184 1922 2191 .
1940 2184 1948 2192 .

293 2210 497 2242 consulibus²
521 2214 554 2242 et
576 2212 734 2242 universis
758 2211 905 2252 opidanis
930 2211 1018 2253 opidi
1041 2211 1294 2250 Tremoniensis,
1322 2210 1471 2242 fidelibus
1499 2211 1563 2241 suis
1591 2211 1716 2243 dilectis
1811 2212 1949 2253 gratiam

292 2273 382 2293 suam
409 2266 441 2293 et
465 2272 560 2293 omne
584 2262 713 2294 bonum.

402 2313 482 2345 Cum
511 2314 630 2355 regalis
660 2314 858 2346 celsitudinis
889 2315 1054 2356 proprium
1086 2315 1204 2346 existat
1233 2324 1348 2355 pacem
1376 2317 1587 2345 manutenere
1619 2317 1652 2345 et
1679 2314 1890 2356 dissipatamb
1917 2315 1949 2346 in

292 2364 428 2396 subditis
451 2365 644 2406 reformare,
678 2376 748 2397 cum
779 2367 889 2407 itaque
918 2377 959 2397 ex
980 2369 1086 2397 -morte
1110 2366 1253 2397 strennui
1276 2366 1334 2396 viri
1358 2364 1499 2397 Cflnradi
1527 2365 1689 2407 quondam
1713 2366 1838 2398 comitis
1862 2365 1949 2408 opidi

292 2416 392 2447 vestri
414 2417 498 2447 inter
520 2416 659 2448 heredes
689 2418 788 2458 ipsius
817 2428 914 2459 super
942 2418 1093 2458 comicia,
1127 2428 1188 2459 que
1220 2427 1239 2448 a
1266 2427 1356 2448 sacro
1385 2417 1522 2458 imperio
1550 2416 1592 2448 ab
1619 2418 1751 2459 antiquo
1775 2417 1948 2459 dependet,

293 2467 449 2498 dissensio
474 2468 514 2498 sit
538 2468 684 2508 suborta,
708 2479 765 2500 nos
785 2469 932 2500 volentes
955 2470 1025 2500 iura
1047 2472 1157 2500 nostra
1181 2472 1213 2500 et
1236 2469 1318 2500 sacri
1341 2469 1468 2510 imperii
1492 2469 1522 2499 in
1547 2478 1658 2500 eorum
1676 2472 1762 2500 statu
1785 2472 1818 2500 et
1833 2468 1950 2501 robore

292 2529 483 2560 permanere
506 2520 745 2561 inviolabiliter,
769 2521 851 2552 sicut
875 2524 924 2552 est
940 2521 1116 2562 antiquitus
1131 2520 1357 2559 introductum,
1381 2531 1418 2551 ac
1436 2519 1594 2551 dictorum
1610 2520 1767 2552 heredum
1792 2531 1833 2552 ex
1857 2519 1949 2552 offitii

291 2571 393 2602 nostri
416 2570 526 2602 debito
557 2571 750 2603 discordiam
779 2576 963 2614 amputare,
995 2573 1086 2604 vobis
1114 2573 1218 2614 ipsam
1242 2573 1410 2603 comiciam
1442 2583 1513 2604 cum
1546 2573 1611 2603 suis
1640 2573 1762 2604 iuribus
1790 2576 1824 2604 et
1850 2573 1948 2615 perti-

291 2622 408 2653 nentiis
431 2623 587 2654 universis
611 2624 693 2654 intra
717 2624 849 2665 opidum
874 2628 906 2656 et
929 2627 1021 2656 extra
1044 2624 1219 2656 tenendam
1243 2627 1276 2655 et
1299 2623 1475 2665 regendam
1505 2625 1537 2655 in
1562 2625 1647 2656 omni
1671 2628 1758 2656 statu
1785 2629 1818 2657 et
1839 2624 1947 2664 modo,

395 2706 461 2734 564.
489 2707 513 2741 ⁸)
533 2727 538 2733 .
552 2727 559 2734 .
578 2709 640 2734 add.
660 2718 697 2734 or.
785 2709 810 2739 b)
831 2711 988 2744 dissapatam
1007 2709 1030 2735 2.

397 2767 422 2800 1)
442 2766 533 2800 Supra
551 2775 592 2794 nr.
606 2771 660 2795 562.
758 2769 784 2802 2)
807 2769 848 2804 Cf.
863 2770 1031 2803 prooemium
1049 2770 1087 2796 ad
1103 2777 1146 2796 nr.
1160 2772 1213 2796 562.

1969 714 1994 733 10

1971 971 1994 990 u

1967 1920 1992 1939 80

1967 2483 1994 2503 40

1966 2774 1992 2794 45
