2190 3172
494 150 592 179 ACTA
609 149 723 179 REGNI
742 150 924 179 LUDEWICI
943 149 990 178 IV.
1008 149 1055 178 ΕΤ
1074 149 1260 179 FRIDERICI
1278 150 1327 178 111.
1366 150 1439 179 1316.
1477 151 1526 178 Nr.
1538 150 1598 179 378.
1616 152 1675 180 379.
1849 156 1912 186 319

283 307 384 354 378.
412 308 512 355 379.
554 308 880 355 LITTERAE
914 308 1253 356 LUDEWICI
1286 308 1416 356 PRO
1445 308 1883 357 THEODERICO

837 373 924 419 DE
955 371 1325 420 ISENBURG.

799 454 908 491 1316.
948 454 1049 500 Sept.
1075 454 1288 492 19.—oct.
1310 454 1371 491 20.

682 574 768 611 378.
809 575 1009 620 Assiqnatio
1030 575 1211 621 pecuniae.
1317 573 1408 620 Sept.
1427 575 1483 610 19.

222 659 233 678 ο
367 646 528 689 Oriqinale
550 648 586 680 in
609 647 767 680 tabulario
789 649 873 690 reyio
899 648 1130 688 Confluentino.
1175 647 1414 690 Descripsimus
1435 658 1502 681 nos.
1549 647 1709 689 Siqillum,
1737 649 1823 689 quod
1843 648 1910 682 loro

252 699 489 732 membranam
506 699 672 740 pendebat,
695 700 788 739 deest,
807 701 1026 743 foraminibus
1046 699 1174 733 relictis.
1199 720 1240 724 —
1267 700 1439 732 Inedae'tum.

360 758 507 798 nemer,
531 759 607 801 περ.
624 760 736 793 Luam.
756 770 789 801 p.
805 760 870 792 351
893 771 944 793 nr.
962 760 1048 793 3162
1070 760 1197 802 (Addit.
1214 760 1302 802 ΠΙ).

360 845 428 877 Nos
444 842 638 878 Ludowicus
653 845 716 878 Dei
739 846 845 888 gratia
860 846 1081 879 Romanorum
1105 856 1164 878 rex
1187 856 1317 888 semper
1337 849 1492 888 augustus
1515 844 1558 876 ad
1581 846 1802 878 universorum
1826 848 1908 879 sacri

250 896 392 929 Romani
414 896 542 939 imperii
565 896 710 929 fidelium
734 898 887 930 noticiam
910 897 1056 930 volumus
1079 897 1264 940 pervenire,
1293 897 1380 940 quod
1407 907 1465 929 nos
1488 896 1588 928 nobili
1611 897 1679 928 viro
1703 897 1908 930 Theoderico

210 956 236 976 ιο
253 948 294 981 de
310 946 499 980 Isemburcli
522 947 611 980 fideli
634 952 743 981 nostro
767 949 885 981 dilecto
909 950 942 981 in
961 948 1102 982 solutum
1118 958 1248 981 suorum
1265 948 1447 981 debitorum
1463 948 1615 980 videlicet
1630 951 1769 990 quatuor
1784 949 1907 982 milium

251 999 406 1032 librarum
429 993 650 1042 Halicanum,
680 1001 712 1032 in
742 1001 859 1043 quibus
889 1001 1019 1033 racione
1048 1000 1194 1043 obsequii
1220 1000 1314 1032 nobis
1337 1010 1396 1042 per
1418 1000 1523 1042 ipsum
1546 1000 1671 1042 prestiti
1696 1001 1726 1032 ei
1749 1004 1907 1041 tenemur,

251 1051 334 1084 duos
349 1051 576 1084 Thuronenses
591 1062 721 1094 grossos
743 1053 775 1084 in
790 1052 990 1093 Bacheraco,
1015 1062 1095 1095 quos
1111 1051 1253 1084 thelonio
1274 1054 1383 1084 nostro
1398 1050 1519 1084 ibidem
1536 1051 1619 1084 ultra
1635 1061 1762 1084 cursum
1777 1052 1906 1084 solitum

253 1102 421 1143 adicimus,
445 1107 546 1146 usque
562 1103 604 1135 ad
620 1104 846 1137 exolucionem
861 1104 996 1137 totalem
1013 1104 1167 1136 levandos
1187 1107 1221 1136 et
1236 1103 1463 1146 percipiendos
1478 1102 1681 1146 presentibus
1696 1104 1905 1146 assignamus.

253 1154 327 1188 Hoc
356 1155 453 1187 modo
483 1153 571 1198 quod
604 1155 631 1187 si
665 1155 844 1188 thelonium
873 1166 990 1188 novum
1023 1156 1056 1188 in
1091 1155 1235 1188 inferiori
1269 1159 1362 1198 parte
1396 1155 1481 1188 alvei
1507 1154 1591 1187 Reni
1621 1154 1729 1187 medio
1759 1158 1905 1198 tempore

209 1215 234 1236 u
252 1207 438 1245 surrexerit,
461 1209 556 1249 prout
578 1207 643 1239 iam
666 1207 787 1239 dudum
811 1207 1011 1240 decrevimus
1034 1207 1215 1250 principum
1236 1210 1418 1239 nostrorum
1442 1206 1574 1239 consilio
1598 1209 1632 1238 et
1654 1217 1796 1247 assensu,
1820 1207 1907 1250 quod

252 1261 370 1291 extunc
395 1257 553 1291 dictorum
577 1257 837 1291 Thuronensium
860 1260 1075 1302 percepcione
1105 1261 1252 1292 cessante
1280 1258 1361 1291 duos
1385 1256 1635 1302 T[h]uronenses
1662 1268 1790 1300 grossos
1818 1258 1906 1291 idem

251 1308 472 1342 Theodericus
500 1310 532 1342 in
559 1310 698 1342 solutum
733 1313 768 1342 ut
795 1321 893 1354 supra
921 1312 1057 1353 recipiat
1090 1311 1122 1343 in
1151 1309 1294 1343 thelonio
1322 1311 1448 1342 noviter
1474 1310 1630 1342 instituto.
1675 1309 1713 1342 In
1743 1311 1832 1342 cuius
1859 1313 1907 1343 rei

251 1361 470 1394 testimonium
493 1360 552 1393 has
575 1358 700 1394 litteras
723 1362 880 1395 conscribi
903 1366 937 1394 et
958 1365 1067 1394 nostro
1091 1362 1196 1405 sigillo
1219 1362 1368 1393 iussimus
1392 1361 1590 1394 communiri.

359 1412 434 1446 Dat.
458 1413 491 1445 in
518 1413 630 1445 castris
656 1423 758 1456 prope
780 1413 999 1456 Ezzelffigam,
1029 1413 1124 1446 XIII.
1145 1413 1259 1446 Kalen.
1285 1413 1435 1455 Octobr.‚
1465 1423 1549 1445 anno
1573 1412 1703 1445 Domini
1733 1412 1904 1447 millesimo

207 1472 234 1493 2⁰
251 1465 479 1498 trecentesimo
502 1463 736 1506 sextodecimo,
763 1466 854 1508 regni
877 1476 954 1498 vero
977 1466 1077 1498 nostri
1099 1475 1184 1497 anno
1207 1463 1358 1497 secundo.

636 1605 723 1642 879.
765 1605 920 1641 Dormtio
947 1605 1047 1649 feudi
1073 1605 1268 1640 castrensis.
1375 1604 1447 1640 Oct.
1469 1606 1529 1639 20.

363 1678 525 1720 Oriqinale
539 1678 663 1711 ibidem.
702 1678 940 1720 Desmpsimus
954 1689 1021 1712 nos,
1061 1677 1209 1720 Sigillum
1232 1677 1353 1710 laesum
1371 1678 1487 1720 pendet
1510 1677 1574 1710 loro
1596 1677 1839 1711 membranaceo.
1864 1697 1904 1701 —

252 1731 506 1825 Inedazrgiimer,
532 1785 608 1827 Rey.
624 1784 736 1819 Ludw.
755 1796 789 1827 p.
807 1786 870 1818 351
893 1796 944 1818 nr.
959 1786 1046 1818 3163
1067 1785 1194 1826 (Addit.
1211 1785 1299 1827 111).

206 1878 232 1899 2⁸
358 1872 553 1904 Ludowicus
575 1871 639 1904 Dei
661 1872 767 1914 gratia
783 1871 1003 1905 Romanorum
1028 1883 1086 1904 rex
1109 1881 1238 1913 semper
1260 1875 1415 1913 augustus
1494 1870 1595 1903 nobili
1617 1872 1684 1903 viro
1701 1870 1904 1903 'theodorico

251 1924 293 1957 de
317 1923 505 1957 Isemburoh
529 1923 616 1956 fideli
639 1933 697 1955 suo
721 1922 840 1955 dilecto
929 1925 1067 1966 gratiam
1090 1934 1181 1955 suam
1205 1927 1238 1955 et
1261 1933 1356 1955 omne
1380 1923 1511 1955 bonum.

359 1975 534 2008 Probitatis
561 1978 615 2007 tue
643 1974 774 2015 merita,
807 1986 870 2018 que
901 1985 1073 2017 personam
1101 1978 1189 2006 tuam
1221 1974 1308 2015 apud
1335 1975 1539 2007 maiestatem
1566 1978 1707 2005 nostram
1732 1973 1904 2016 plurimum

249 2026 519 2067 conmendarunt‚
554 2037 678 2059 necnon
712 2029 806 2069 grata
840 2026 1015 2068 fideliaque
1050 2025 1205 2068 obsequia
1240 2026 1332 2058 nobis
1366 2029 1399 2058 et
1430 2026 1567 2067 imperio
1601 2035 1660 2067 per
1693 2028 1725 2057 te
1760 2024 1905 2057 exhibita

250 2078 406 2112 hactenus
438 2081 471 2110 et
502 2088 565 2120 que
597 2077 718 2120 poteris
752 2077 907 2110 exhibere
934 2076 1133 2119 temporibus
1160 2077 1326 2119 oportunis
1360 2076 1470 2109 debite
1504 2076 1769 2109 considerationis
1798 2075 1904 2108 studio

205 2137 233 2158 ⁸⁰
250 2133 440 2172 pensantes,
478 2129 609 2162 domum
644 2133 787 2161 nostram
820 2132 854 2162 et
887 2129 1014 2171 imperii
1047 2129 1142 2160 sitam
1180 2129 1211 2160 in
1246 2128 1366 2171 oppido
1402 2128 1539 2160 Sinzehe
1574 2138 1699 2160 necnon
1733 2127 1903 2160 duodecim

250 2181 370 2214 Iudeos
404 2181 548 2223 hospites
581 2181 612 2213 in
648 2181 764 2213 eodem
799 2181 920 2223 oppido
956 2181 1139 2213 continuam
1173 2175 1389 2212 residenciam
1422 2180 1579 2212 facientes
1613 2180 1675 2211 tuis
1709 2183 1743 2211 et
1777 2184 1903 2211 tuorum

249 2231 406 2264 heredum
428 2232 539 2264 usibus
562 2232 793 2264 deserviendos
816 2235 975 2274 perpetuo
1004 2231 1062 2263 tibi
1090 2235 1124 2263 et
1153 2232 1216 2263 tuis
1238 2231 1413 2264 heredibus
1440 2231 1481 2263 de
1504 2241 1640 2274 corpore
1663 2235 1719 2263 tuo
1745 2231 1903 2273 legittime

249 2282 518 2316 descendentibus
540 2284 573 2315 in
596 2283 728 2316 feodum
751 2287 914 2316 castrense
939 2282 1185 2315 deserviendum
1208 2283 1336 2315 statutis
1359 2282 1569 2326 temporibus,
1593 2287 1687 2325 prout
1710 2287 1903 2325 oportunum

250 2333 362 2376 fuerit,
392 2334 425 2367 in
454 2335 576 2377 oppido
598 2339 778 2368 memorato
807 2335 848 2367 de
876 2334 1080 2367 liberalitatis
1110 2338 1218 2367 nostre
1245 2335 1469 2367 munificencia
1497 2334 1676 2367 liberaliter
1698 2333 1904 2366 concedimus

206 2391 234 2412 ⁸⁸
252 2388 286 2418 et
309 2385 475 2418 donamus.
513 2385 679 2419 Universis
701 2387 817 2419 nostris
840 2390 874 2419 et
896 2387 1023 2428 imperii
1046 2386 1196 2418 fidelibus
1218 2386 1353 2418 firmiter
1368 2385 1576 2428 precipiendo
1600 2385 1800 2425 mandantes,
1825 2395 1903 2427 qua-

252 2437 337 2469 tinus
359 2439 392 2469 te
415 2440 551 2480 tuosque
566 2437 704 2470 heredes
718 2438 881 2481 predictos
903 2438 935 2470 in
951 2437 1135 2469 huiusmodi
1151 2438 1357 2470 concessione
1381 2441 1415 2469 et
1434 2437 1612 2470 donacione
1629 2437 1716 2469 feodi
1733 2438 1904 2469 castrensis

251 2491 363 2520 contra
397 2491 543 2521 tenorem
573 2491 774 2531 presencium
803 2489 988 2532 aliqualiter
1021 2500 1084 2521 non
1119 2489 1298 2531 impediant
1323 2489 1468 2522 indebite
1497 2489 1550 2522 vel
1583 2488 1787 2531 perturbent,
1822 2489 1903 2520 sicut

251 2539 510 2583 indignacionem
534 2541 657 2583 regiam
679 2541 840 2574 voluerint
862 2542 994 2573 evitare.

358 2590 435 2623 Dat.
457 2591 491 2623 in
513 2591 684 2634 Ingolstat,
718 2592 813 2625 XIII.
834 2592 951 2625 Kalen.
975 2590 1164 2633 Novembr.‚
1199 2602 1282 2624 anno
1306 2591 1436 2624 Domini
1461 2591 1678 2626 mcccxvl.
1711 2592 1802 2633 regni
1825 2601 1901 2623 vero

210 2655 236 2675 ω
257 2643 357 2674 nostri
380 2652 464 2675 anno
486 2642 636 2676 secundo.
