2184 3126
189 732 214 752 10

190 990 214 1010 1³

516 172 609 200 ACTA
627 172 742 201 REGNI
761 173 946 201 LUDEWICI
966 173 1011 200 IV.
1031 173 1076 201 ET
1096 173 1282 201 FRIDEBICI
1302 174 1349 202 ΙΙΙ.
1387 174 1461 202 1822.
1499 174 1547 202 Nr.
1561 175 1620 202 653.
1829 179 1892 209 517

232 260 377 300 comites,
401 258 547 301 barones,
571 259 715 301 vicarios,
739 262 881 293 rectores
904 261 1068 293 civitatum
1086 263 1118 293 et
1141 261 1296 301 locorum,
1319 261 1532 293 comunitates
1557 265 1590 293 et
1607 263 1894 304 comprovinciales

234 321 388 352 personas
410 310 502 343 nobis
529 314 562 344 et
584 312 720 353 imperio
743 311 905 343 subiectos
928 312 1093 344 hortamur
1115 316 1253 352 attente,
1281 312 1506 344 nichilominus
1529 313 1652 345 eisdem
1676 314 1807 346 astricte
1831 314 1891 346 sub

232 361 396 394 fidelitatis
419 362 528 394 debito
553 362 752 403 mandantes,
776 364 925 405 quatinus
949 363 1128 406 predictum
1151 363 1352 396 Fridericum
1374 364 1552 406 predictam
1577 364 1694 396 vallem
1717 365 1836 397 intrare
1861 370 1894 397 et

233 413 398 455 possidere
422 418 518 456 atque
542 414 677 446 viriliter
699 417 907 447 manutenere
931 414 1092 447 adiuvent.
1138 416 1187 447 Ac
1211 415 1318 447 eidem
1342 415 1481 458 benigne
1505 416 1709 457 conferimus,
1733 420 1768 448 ut
1783 417 1893 448 huius·

232 464 319 496 modi
344 475 467 497 merum
492 468 526 496 et
548 466 684 497 mixtum
708 466 877 508 imperium
894 467 995 509 possit
1010 469 1044 499 et
1058 467 1167 499 valeat
1181 477 1240 509 per
1255 477 1290 498 se
1306 467 1358 498 vel
1373 467 1472 499 alium
1487 478 1652 500 exercere.
1741 468 1792 510 (3)
1808 468 1893 501 Con·

233 515 374 548 ferentes
390 516 495 548 eidem
513 519 547 548 et
562 516 734 549 heredibus
750 518 814 549 suis
832 528 873 549 ex
896 517 1035 550 uberiori
1059 518 1245 561 largicione,
1261 518 1346 561 quod
1364 529 1384 550 a
1399 520 1571 551 sentenciis
1587 523 1654 551 tam
1669 520 1895 561 personalibus

233 578 329 609 quam
353 567 492 600 realibus
514 577 573 610 per
596 576 652 600 eos
675 568 748 600 latis
771 569 802 600 in
827 569 912 601 dicta
928 570 1012 602 valle
1029 570 1095 602 sive
1119 580 1178 612 per
1200 580 1292 602 suum
1309 570 1491 611 officialem,
1515 571 1742 614 qualicumque
1763 573 1892 604 nomine

232 622 442 662 nuncupetur,
466 630 506 652 ne
530 619 600 661 quis
623 619 666 651 ad
688 620 828 662 aliquem
853 622 1007 653 vicarium
1031 621 1082 653 vel
1106 621 1279 653 officialem
1303 625 1445 654 nostrum
1468 626 1502 654 et
1525 623 1650 665 imperii
1674 634 1733 665 per
1755 624 1894 655 cuiusvis

232 671 353 703 tenoris
376 670 498 703 litteras
521 672 727 703 constitutum
751 682 813 703 non
839 672 994 705 facientes
1009 672 1050 705 de
1066 672 1269 715 presentibus
1284 674 1492 715 mentionem,
1515 674 1574 705 nisi
1600 685 1709 706 coram
1733 675 1893 717 imperiali

231 723 411 762 maiestate,
434 722 626 765 ubicumque
650 723 756 764 fuerit,
780 734 814 755 se
838 724 946 756 valeat
968 724 1146 767 appellare.
1191 723 1348 756 Volentes
1374 726 1472 767 igitur
1494 725 1554 757 sibi
1578 730 1612 758 et
1633 727 1698 758 suis
1721 726 1894 758 heredibus

231 774 326 806 huius
352 777 460 806 nostre
490 773 692 807 liberalitatis
718 777 860 818 graciam
890 777 1062 819 ampliare,
1091 776 1296 818 indulgemus
1326 776 1413 818 quod
1440 776 1546 808 nullus
1574 778 1676 819 ipsum
1705 781 1760 809 aut
1790 777 1893 810 dictos

231 825 370 858 heredes
392 835 489 875 super
510 826 631 858 iuribus
654 830 687 859 et
710 827 980 859 iurisdictionibus
1002 827 1193 870 supradictis
1223 827 1254 859 in
1286 838 1415 860 causam
1449 828 1592 867 trahere,
1616 830 1717 860 citare
1741 829 1792 861 vel
1816 840 1892 861 con-

231 877 340 909 venire
365 875 566 919 quacumque
599 879 790 911 auctoritate
817 890 926 912 coram
950 889 1152 922 quocumque
1175 880 1310 919 vicario,
1341 879 1447 911 iudice
1478 883 1535 911 aut
1562 880 1691 912 officiali
1723 881 1804 922 alio,
1833 882 1892 912 nisi

231 928 335 960 solum
359 929 390 959 in
414 928 574 971 imperiali
597 930 671 962 aula
695 930 802 962 valeat
825 930 1062 973 quoquomodo.
1082 951 1085 954 <
1108 930 1364 964 corroborantes
1387 942 1429 963 ex
1452 936 1541 963 certa
1564 932 1704 963 sciencia
1727 943 1766 964 ac
1782 936 1892 964 aucto-

232 980 328 1012 ritate
352 981 442 1022 regia
465 981 689 1014 confirmantes
713 993 826 1014 omnes
849 983 1032 1025 empciones
1055 986 1088 1015 et
1111 982 1342 1025 acquisiciones
1364 993 1422 1025 per
1437 993 1511 1015 eum
1533 987 1566 1015 et
1581 987 1803 1016 antecessores
1818 995 1893 1015 suos

233 1031 336 1064 factas
359 1036 392 1064 et
415 1033 589 1074 acquisitas
612 1043 650 1065 ac
673 1044 732 1076 per
754 1034 858 1076 ipsum
881 1045 1019 1077 suosque
1042 1033 1180 1066 heredes
1203 1034 1326 1066 fiendas
1349 1034 1381 1065 in
1405 1034 1545 1066 futurum
1570 1038 1603 1066 et
1627 1035 1839 1077 acquirendas
1862 1037 1892 1067 in

230 1083 314 1115 valle
338 1085 561 1125 prenominata
584 1085 635 1116 vel
658 1085 744 1117 alibi.
792 1085 977 1118 Statuentes
1000 1087 1090 1129 regia
1106 1086 1298 1118 auctoritate
1316 1089 1348 1118 et
1364 1085 1436 1128 lege
1452 1090 1611 1128 perpetuo
1627 1087 1765 1119 valitura
1781 1087 1893 1120 decer-

230 1132 353 1175 nentes,
370 1135 456 1177 quod
470 1135 554 1168 bona
570 1140 603 1168 et
618 1138 838 1179 possessiones
854 1147 913 1180 per
929 1148 1002 1170 eum
1019 1141 1052 1170 et
1068 1141 1289 1170 antecessores
1306 1148 1380 1169 suos
1396 1141 1515 1184 empta,
1533 1141 1670 1180 emptas,
1686 1140 1844 1181 acquisita
1860 1143 1894 1170 et

231 1187 404 1229 acquisitas
420 1197 478 1219 seu
493 1198 555 1230 que
573 1187 614 1220 de
633 1191 742 1220 cetero
754 1199 813 1231 per
825 1199 899 1221 eum
911 1193 966 1221 aut
979 1189 1118 1221 heredes
1133 1199 1208 1221 suos
1220 1192 1368 1221 ementur
1384 1192 1418 1220 et
1429 1189 1644 1231 acquirentur,
1658 1190 1893 1232 prescripcione

231 1238 340 1280 aliqua
363 1240 517 1281 temporis
541 1250 603 1272 non
626 1241 814 1282 amitantur,
844 1240 971 1283 legibus
994 1240 1046 1272 vel
1069 1240 1352 1272 consuetudinibus
1375 1251 1439 1272 non
1462 1240 1663 1272 obstantibus
1686 1241 1892 1283 quibuscum-

231 1300 304 1332 que.
405 1291 451 1331 (4)
485 1290 528 1322 Et
562 1292 637 1333 quia
668 1292 787 1334 regalis
821 1292 960 1334 dignitas
990 1295 1079 1324 tante
1108 1292 1284 1324 clemencie
1314 1302 1385 1324 esse
1416 1292 1627 1334 dignoscitur,
1659 1293 1746 1335 quod
1778 1294 1894 1325 merita

231 1341 375 1374 fidelium
398 1353 527 1374 suorum
551 1346 648 1385 atque
672 1343 803 1374 servitia
819 1343 917 1386 digna
940 1343 1156 1375 retribucione
1179 1354 1348 1376 munerare
1372 1345 1547 1385 consuevit,
1571 1344 1711 1386 ideoque
1728 1344 1768 1377 de
1784 1346 1893 1387 gracia

231 1393 365 1436 speciali
389 1394 448 1426 sibi
474 1397 507 1426 et
529 1395 595 1426 suis
617 1394 793 1426 heredibus
816 1395 1020 1438 indulgemus
1036 1399 1134 1438 atque
1150 1396 1354 1436 remittimus,
1377 1395 1463 1437 quod
1479 1396 1700 1428 investituram
1725 1397 1893 1429 feodorum

231 1456 359 1478 suorum
388 1456 407 1477 a
434 1445 526 1477 nobis
555 1445 606 1477 vel
638 1446 873 1478 successoribus
902 1447 1018 1478 nostris
1046 1450 1158 1489 petere
1188 1449 1357 1479 teneantur
1385 1447 1596 1479 existentibus
1626 1447 1830 1480 solummodo
1860 1449 1891 1479 in

230 1497 394 1540 provincia
417 1497 622 1529 Lombardie.
669 1497 703 1529 Si
726 1507 802 1530 vero
827 1497 946 1530 dictam
970 1499 1190 1530 investituram
1214 1509 1277 1530 non
1302 1501 1452 1541 peterent
1474 1498 1566 1530 nobis
1582 1499 1631 1531 vel
1656 1500 1893 1532 successoribus

230 1549 346 1581 nostris
372 1548 631 1580 conmorantibus
654 1552 747 1581 extra
770 1550 968 1591 provinciam
991 1550 1198 1590 Lombardie,
1223 1550 1309 1592 quod
1333 1554 1466 1593 propter
1488 1550 1549 1582 hoc
1568 1561 1630 1582 non
1647 1551 1764 1583 cadant
1787 1563 1806 1584 a
1822 1553 1891 1583 iure

230 1600 399 1633 feodorum
430 1611 568 1632 suorum.
622 1601 727 1638 Quam
755 1601 979 1633 investituram
1008 1606 1120 1643 petere
1151 1602 1273 1644 possint
1302 1613 1360 1643 per
1388 1612 1422 1633 se
1451 1602 1501 1633 vel
1533 1601 1711 1644 legitimum
1742 1613 1891 1644 procura-

230 1654 345 1684 torem.
434 1652 480 1694 (5)
504 1651 738 1685 Oonfirmantes
762 1652 802 1685 de
826 1653 1026 1695 plenitudine
1049 1654 1138 1696 regie
1166 1654 1336 1696 potestatis
1363 1664 1402 1685 ac
1431 1664 1471 1685 ex
1501 1657 1590 1685 certa
1619 1654 1758 1686 sciencia
1782 1655 1890 1686 termi-

231 1703 399 1739 nacionem
426 1702 547 1736 factam
576 1705 660 1736 inter
687 1705 881 1736 territorium
911 1706 1056 1737 comunis
1079 1705 1276 1737 Veronensis
1307 1709 1340 1737 et
1366 1706 1467 1747 ipsius
1494 1706 1639 1737 comunis
1667 1705 1823 1738 sindicum
1851 1717 1892 1738 ex

232 1765 295 1787 una
318 1758 411 1797 parte
435 1757 469 1787 et
491 1756 595 1798 ipsum
619 1755 818 1788 Fridericum
843 1759 876 1788 et
898 1757 1094 1788 territorium
1120 1757 1205 1788 dicte
1229 1757 1322 1788 vallis
1345 1767 1386 1788 ex
1410 1757 1526 1796 altera,
1550 1757 1639 1788 salvo
1663 1757 1731 1789 iure
1754 1758 1892 1799 imperii,

231 1806 406 1850 privilegiis
434 1810 468 1838 et
494 1807 753 1840 concessionibus
787 1808 1041 1850 quibuscumque
1076 1809 1169 1840 factis
1203 1819 1262 1850 per
1295 1808 1368 1840 dive
1403 1809 1558 1840 memorie
1590 1809 1803 1850 imperatores
1836 1813 1892 1841 aut

231 1869 325 1901 reges
357 1858 578 1891 Romanorum
610 1859 856 1902 predecessores
892 1863 1017 1892 nostros
1046 1859 1066 1903 [
1083 1859 1103 1903 J
1138 1861 1245 1892 comiti
1281 1860 1367 1902 olym
1402 1859 1510 1892 Sancti
1543 1859 1701 1891 Bonifaeii
1737 1864 1769 1892 et
1794 1885 1825 1892 ..
1850 1860 1891 1892 dc

231 1909 416 1943 Turisendis
439 1910 480 1942 de
503 1911 663 1954 Ursanigo
692 1914 725 1942 et
748 1911 912 1953 quibusvis
939 1911 1010 1942 aliis
1037 1910 1212 1943 rebellibus
1239 1911 1355 1943 nostris
1386 1915 1419 1943 et
1446 1912 1571 1953 imperii
1600 1922 1663 1943 non
1691 1911 1892 1944 obstantibus

186 1956 187 1959 ¹
231 1961 469 2004 quoquomodo.
523 1962 646 1995 Cuncta
675 1963 794 1995 etenim
825 1962 910 1994 bona
937 1963 1070 1995 mobilia
1098 1967 1131 1994 et
1164 1963 1342 1995 immobilia
1374 1964 1473 2006 ipsius
1507 1963 1662 1995 Friderici
1696 1975 1891 2007 suorumque

230 2012 387 2045 heredum
411 2013 469 2046 sub
492 2017 601 2046 nostra
625 2018 658 2046 et
681 2015 807 2056 imperii
835 2015 1041 2056 proteccione
1071 2015 1255 2056 recipimus.
1344 2015 1432 2046 Nulli
1463 2025 1541 2056 ergo
1570 2016 1698 2047 omnino
1727 2015 1891 2047 hominum

229 2063 327 2097 liceat
354 2065 436 2097 hanc
463 2066 615 2108 paginam
641 2069 748 2098 nostre
777 2066 978 2107 donacionis,
1006 2066 1220 2098 concessionis
1250 2070 1282 2099 et
1311 2067 1552 2098 constitucionis
1578 2067 1752 2109 infringere
1780 2067 1831 2099 vel
1861 2067 1891 2098 ei

230 2126 310 2148 ausu
339 2117 510 2149 temerario
538 2118 708 2151 contraire.
754 2116 788 2148 Si
816 2117 887 2159 quis
916 2121 1025 2149 autem
1054 2117 1115 2149 hoc
1143 2121 1338 2160 attemptare
1367 2118 1611 2160 presumpserit,
1633 2118 1891 2160 indignacionem

230 2170 372 2200 nostram
395 2171 429 2201 et
454 2179 572 2211 penam
599 2168 688 2200 mille
717 2179 898 2201 marcarum
930 2170 1019 2201 auri·
1046 2180 1104 2211 pro
1140 2169 1316 2201 medietate
1351 2170 1428 2201 fisco
1463 2174 1573 2201 nostro
1607 2173 1640 2201 et
1673 2180 1731 2212 pro
1766 2170 1891 2212 reliqua

186 2220 188 2222 ’
230 2218 407 2252 medietate
444 2230 539 2262 passo
570 2221 718 2252 iniuriam
749 2220 975 2252 solvendarum
1004 2232 1038 2253 se
1068 2222 1194 2253 noverit
1222 2222 1432 2253 incursurum.
1536 2221 1573 2253 In
1608 2222 1698 2254 cuius
1726 2223 1772 2254 rei
1800 2223 1890 2254 testi-

186 2278 212 2298 40

230 2271 373 2303 monium
396 2275 564 2313 presentes
586 2272 710 2304 litteras
733 2272 890 2304 conscribi
914 2277 947 2304 et
969 2276 1077 2305 nostre
1101 2273 1279 2305 maiestatis
1301 2273 1407 2315 sigillo
1431 2273 1580 2304 iussimus
1603 2274 1801 2305 communiri.

338 2330 459 2363 Datum
483 2331 626 2373 Monaci,
658 2332 689 2363 in
719 2331 772 2364 die
797 2333 992 2364 invencionis
1021 2338 1131 2364 sancte
1155 2332 1279 2371 Crucis,
1310 2343 1394 2364 anno
1418 2332 1547 2364 Domini
1570 2332 1741 2365 millesimo
1765 2337 1890 2366 trecen-

232 2381 346 2414 tesimo
370 2383 522 2415 vicesimo
546 2383 698 2425 secundo,
723 2384 814 2426 regni
837 2394 914 2416 vero
938 2385 1037 2416 nostri
1060 2395 1143 2416 anno
1167 2390 1290 2416 octavo.

335 2731 402 2761 ⁶58.
429 2735 452 2765 ⁸)
470 2741 605 2760 aurearum
622 2733 662 2760 ed.
