2158 3138
378 183 476 228 AC'I'A¹
495 172 610 212 REGNI
629 184 812 213 LUDEwml
832 186 879 214 lv.
898 186 944 214 m·
964 187 1147 216 FRIDERICI
1169 189 1215 216 111.
1253 189 1328 218 1314.
1365 191 1485 220 Nr.108.
1506 194 1562 221 109.
1584 195 1641 222 110.
1778 202 1834 231 107

182 267 217 301 si
238 279 315 301 vero
339 269 460 302 dictum
482 270 761 314 archiepiscopum
784 273 925 315 aliquem
949 274 1113 307 defectum
1143 276 1174 307 in
1198 276 1379 309 redditibus
1404 283 1534 311 centum
1558 292 1738 315 marcarum
1763 295 1835 326 pre-

179 319 339 353 dictarum
371 320 493 354 habere
527 323 744 365 contingeret,
778 323 868 356 illum
903 324 1066 358 defectum
1101 327 1162 359 sibi
1196 329 1227 359 in
1260 329 1414 362 theloneo
1448 335 1556 363 nostro
1589 334 1618 363 in
1647 333 1835 367 Bacheraco

180 371 327 414 plenarie
343 372 556 415 supplendum
573 373 756 406 tenebimur
771 374 938 418 deputare.
1022 377 1070 418 (2)
1085 377 1326 411 Renunciantes
1342 381 1373 412 in
1389 383 1553 423 premissis
1570 386 1753 426 exceptioni
1770 386 1835 418 doli

178 424 267 466 mali,
289 434 354 456 non
375 427 559 466 numerate,
582 436 644 458 non
669 426 804 467 tradite,
828 438 891 459 non
915 428 1019 460 solute
1043 431 1196 471 pecunie,
1224 432 1343 463 actioni
1366 433 1398 464 in
1422 433 1545 466 factum
1569 438 1602 466 et
1625 436 1757 468 cuilibet
1779 438 1834 469 alii

147 488 159 507 a
179 476 364 518 exceptioni
397 486 456 508 seu
487 477 565 508 iuris
599 476 756 509 beneficio
791 479 911 521 scripto
940 480 993 511 vel
1022 491 1085 512 non
1114 483 1249 524 scripto,
1279 483 1320 515 de
1350 495 1413 526 quo
1443 486 1542 517 etiam
1572 486 1721 519 facienda
1749 493 1836 521 esset

176 527 326 569 specialis
347 528 489 566 mencio,
513 539 576 571 que
603 529 696 561 nobis
718 532 830 562 contra
861 532 1051 572 premissam
1081 533 1313 575 obligationem
1343 540 1476 577 possent
1501 538 1747 579 quomodolibet
1769 541 1834 572 suf-

175 577 304 621 fragari.
393 579 430 612 In
455 580 545 612 cuius
567 581 615 612 rei
638 581 855 613 testimonium
879 586 1046 624 presentes
1069 583 1194 616 litteras
1216 586 1278 618 sibi
1301 586 1452 620 dedimus
1472 589 1578 631 sigillo
1596 592 1718 622 nostri·
1733 593 1835 623 comi·

176 629 289 672 uatus)
312 630 446 673 palatini
467 630 552 665 Beni
575 631 710 664 ducatus
733 632 893 674 Bawarie,
918 635 994 676 quia
1016 634 1122 667 adhuc
1145 637 1286 678 sigillum
1311 639 1438 681 regium
1454 651 1517 672 non
1538 641 1720 683 habuimus,
1744 653 1833 675 com·

178 682 327 714 munitas.

135 745 160 765 ιο
220 760 226 761 ff
278 732 408 767 *Datum
416 732 598 777 Maguntie,
618 745 702 767 anno
718 734 848 768 Domini
865 736 1034 770 millesimo
1051 738 1134 771 OOC
1150 740 1405 782 quartodecimo,
1428 742 1507 774 1111.
1525 743 1640 776 Kalen.
1658 745 1833 778 Novembr.

444 922 526 959 109.
567 923 742 970 Scriptum
761 937 830 970 pro
857 925 965 961 nobili
991 927 1033 962 de
1059 926 1295 971 Liclccenberq.
1403 929 1474 965 Oct.
1493 932 1556 965 24.

283 993 444 1036 Oriqinale
460 997 535 1038 (or.)
549 997 585 1030 in
600 998 760 1031 tabulario
776 998 1044 1033 Darmstadiensi.
1085 1001 1286 1034 Contulimus
1300 1013 1365 1034 noe.
1407 1003 1526 1036 Pendet
1549 1005 1689 1046 siqillum
1711 1006 1833 1039 laesum

172 1045 237 1078 loro
258 1047 500 1082 membranaceo.
524 1067 566 1073 ——
588 1049 650 1081 Ed.
675 1050 810 1083 Bohmer
832 1052 926 1083 ‘Acta
948 1052 1089 1092 imperii'
1108 1063 1141 1094 p.
1159 1054 1222 1084 481
1245 1065 1294 1086 nr.
1315 1056 1377 1086 691
1401 1066 1440 1087 ex
1465 1068 1509 1088 or.

279 1106 425 1147 Bo'hmer,
450 1108 525 1150 Περ.
541 1110 652 1143 Ludw.
670 1121 706 1151 p.
724 1111 788 1143 31⁷
809 1122 859 1144 nr.
875 1113 961 1144 2934
984 1113 1112 1154 (Addit.
1131 1114 1196 1154 ΙΙ).

129 1212 154 1232 ιι
279 1202 348 1235 Nos
378 1204 551 1237 Ludwicus
577 1205 640 1238 Dei
673 1208 784 1249 gracia
817 1208 849 1239 in
883 1207 1104 1240 Romanorum
1136 1219 1249 1252 regem
1283 1210 1404 1242 electus
1433 1213 1710 1253 recognoscimus,
1741 1214 1828 1255 quod

150 1253 271 1295 ¹nobili
294 1255 362 1287 viro
384 1255 521 1289 Iohanni
544 1257 585 1289 de
609 1258 852 1302 Lychtenberg,
875 1271 934 1302 pro
959 1271 998 1292 eo
1022 1261 1109 1303 quod
1132 1261 1224 1292 nobis
1251 1271 1350 1303 super
1372 1261 1583 1303 adipiscendo
1607 1263 1827 1297 Romanorum

171 1314 272 1348 regno
298 1306 330 1337 in
356 1306 590 1340 Frankenvord
618 1319 691 1341 cum
718 1311 849 1352 triginta
877 1311 1047 1344 dextrariis
1083 1312 1224 1344 fideliter
1255 1313 1357 1344 astitit
1386 1318 1420 1345 et
1446 1315 1530 1346 inter
1561 1316 1771 1356 Argentinam
1795 1321 1829 1349 et

171 1356 274 1399 Aquis
301 1357 414 1390 fraude
442 1362 475 1391 et
501 1359 576 1391 dolo
604 1361 744 1393 exclusis
772 1362 888 1394 abhinc
911 1373 1013 1405 usque
1041 1363 1082 1395 ad
1110 1363 1228 1396 festum
1251 1364 1339 1396 beati
1362 1364 1491 1397 Martini
1517 1368 1698 1408 proximum
1723 1372 1756 1400 et
1779 1370 1826 1400 in·
1843 1378 1942 1401 Noun.

171 1411 268 1440 antea
291 1409 333 1441 ad
356 1420 454 1442 unum
477 1421 595 1443 annum
618 1414 769 1445 continuo
793 1414 1046 1456 subsequentem
1070 1415 1129 1447 sub
1153 1417 1269 1447 nostris
1292 1416 1440 1458 dampnis
1468 1421 1502 1448 et
1535 1420 1685 1460 expensis
1709 1421 1828 1452 serviet

128 1469 153 1489 ιο
172 1462 206 1492 et
233 1461 374 1503 assistet,
403 1461 492 1494 mille
519 1473 646 1495 marcas
673 1465 744 1506 puri
770 1467 897 1507 argenti
928 1466 1005 1498 dare
1035 1468 1237 1509 promisimus
1267 1471 1300 1499 et
1327 1469 1544 1509 promittimus
1567 1481 1626 1512 per
1647 1476 1826 1512 presentes.

172 1509 270 1544 Cuius
298 1514 433 1555 pecunie
462 1514 671 1548 medietatem
699 1517 731 1548 in
759 1516 842 1549 festo
870 1519 1046 1550 nativitatis
1069 1519 1199 1550 Domini
1222 1520 1386 1561 proximo,
1414 1520 1577 1552 residuam
1601 1532 1677 1554 vero
1701 1523 1825 1555 medie·
1841 1527 1939 1551 [κο-Ἀ

170 1565 272 1596 tatem
302 1565 334 1596 in
361 1564 444 1597 festo
466 1565 594 1599 Pasche
624 1568 841 1610 subsequente
869 1569 976 1602 eidem
1005 1570 1104 1602 nobili
1134 1570 1312 1602 liberaliter
1335 1571 1566 1613 persolvemus.
1613 1573 1738 1606 Dantes
1762 1574 1822 1606 sibi
1838 1573 1945 1619 „222⁵ss

170 1614 228 1647 has
251 1615 374 1649 litteras
396 1617 501 1659 sigillo
524 1622 633 1651 nostro
657 1621 828 1652 comitatus
851 1621 984 1663 palatini
1008 1622 1090 1654 Reni
1115 1621 1250 1654 ducatus
1265 1622 1413 1655 Bawarie
1437 1624 1591 1665 signatas,
1619 1626 1694 1667 quia
1717 1626 1823 1658 adhuc

170 1667 293 1709 regium
317 1678 381 1700 non
403 1668 570 1707 habemus,
594 1671 627 1702 in
649 1672 870 1704 testimonium
893 1683 991 1715 super
1014 1684 1064 1705 eo.

125 1727 150 1747 π
277 1718 351 1752 Dat.
374 1720 407 1752 in
427 1722 542 1766 eastris
565 1723 652 1764 apud
667 1722 911 1766 Frankenvord,
928 1735 1010 1757 anno
1027 1725 1157 1757 Domini
1173 1724 1290 1757 MGCC
1307 1726 1563 1768 quartodecimo,
1580 1739 1664 1759 nono
1682 1729 1819 1761 Kalend.

167 1769 343 1803 Novembr.

215 1868 298 1904 110.
337 1868 511 1915 δ’σνίριιωη
531 1883 599 1916 pro
624 1883 702 1917 reqe
728 1873 913 1909 Bohemiae
940 1877 970 1909 et
997 1874 1252 1919 archiepiscopo
1284 1874 1491 1910 Trevirensi.
1626 1876 1698 1912 Oct.
1719 1879 1780 1912 26.

276 1941 437 1984 Oriqinale
458 1944 655 1984 depertitum.
700 1946 799 1987 Copia
823 1947 878 1989 (c.)
901 1957 1014 1979 coaeva
1039 1948 1073 1979 in
1092 1947 1241 1987 Copiario
1257 1947 1418 1980 Balduini
1440 1948 1671 1989 archiepiscopi
1694 1952 1751 1991 qui
1773 1955 1818 1983 est

164 1993 371 2026 comitum'de
393 1995 588 2028 Kesselstadt
606 2007 640 2037 p.
656 1998 729 2030 512.
775 1998 1012 2039 Descripsimus
1034 2010 1099 2031 nos.
1125 2018 1165 2022 —
1188 2000 1359 2032 Ineditum.

121 2066 147 2087 ω
271 2053 415 2094 Bohmer,
439 2055 516 2096 Rey.
532 2056 645 2089 Ludw.
664 2068 698 2098 p.
715 2059 779 2090 349
801 2069 850 2090 nr.
869 2059 955 2090 3132
976 2059 1103 2099 (Addit.
1120 2059 1205 2100 III).

268 2143 319 2185 (1)
342 2143 409 2176 Nos
431 2145 631 2188 Lud(wicus)
655 2147 717 2179 Dei
740 2150 846 2191 gratia
868 2150 899 2180 in
924 2160 1035 2190 regem
1059 2149 1278 2181 Romanorum
1302 2150 1424 2181 electus
1449 2152 1710 2192 recognoscimus
1735 2153 1814 2194 pub-

162 2193 223 2226 lice
246 2197 280 2226 et
301 2196 503 2237 presentibus
526 2198 724 2240 profitemur,
748 2200 834 2242 quod
858 2201 934 2242 quia
956 2200 1086 2232 illustris
1109 2201 1258 2243 princeps
1274 2201 1436 2232 Iohannes
1451 2201 1609 2233 Bohemie
1633 2207 1666 2233 et
1681 2202 1818 2236 Polonie

162 2255 221 2277 rex
245 2245 286 2278 ob
309 2250 434 2280 nostras
457 2251 491 2280 et
512 2250 639 2291 imperii
656 2250 824 2283 evidentes
847 2254 880 2283 et
902 2255 1055 2294 urgentes
1071 2253 1299 2284 neccessitates
1316 2252 1472 2295 obligavit
1487 2258 1667 2285 nostrarum
1686 2266 1816 2296 precum

161 2297 342 2330 interventu
366 2299 552 2332 theloneum
576 2312 668 2333 suum
692 2303 723 2334 in
747 2303 923 2335 Brabantia
947 2303 1033 2345 apud
1057 2303 1241 2346 Andwerpe
1265 2315 1323 2345 pro
1345 2306 1441 2336 certis
1459 2306 1668 2346 pecuniarum
1684 2309 1817 2338 summis

119 2361 142 2381 »a
160 2349 193 2380 in
222 2352 363 2382 nostram
398 2354 432 2383 et
467 2353 593 2394 imperii
620 2354 794 2386 utilitatem
823 2356 984 2387 conversis
1015 2358 1048 2387 et
1080 2355 1319 2395 convertendis,
1348 2355 1455 2387 eidem
1483 2357 1514 2387 in
1546 2356 1661 2388 XVIII
1689 2358 1818 2390 milibus

163 2399 343 2441 libem-um)
375 2401 623 2445 Hallen(sium),
659 2405 837 2438 Turonensi
872 2417 983 2448 grosso
1013 2417 1072 2448 pro
1104 2406 1206 2438 XIIII
1236 2406 1471 2447 Hall(ensibus)
1502 2413 1706 2449 computato,
1738 2411 1814 2441 item

163 2451 293 2484 domino
317 2452 508 2487 Treverensi
536 2456 779 2500 archiepiscopo
803 2458 1020 2499 Bald(ewino)
1051 2458 1120 2490 eius
1150 2461 1282 2500 patruo,
1314 2459 1389 2500 quia
1417 2460 1566 2500 exposuit
1599 2464 1632 2491 et
1656 2471 1815 2502 expensas

162 2502 240 2535 fecit
260 2505 435 2538 insistendo
458 2509 574 2539 nostris
597 2508 759 2551 obsequiis
783 2509 870 2551 apud
890 2509 1115 2542 Frankenvort
1138 2510 1222 2541 ultra
1245 2511 1416 2542 terminum
1440 2510 1532 2542 nobis
1556 2513 1757 2553 promissum,
1783 2515 1813 2545 in

161 2565 220 2586 sex
251 2556 379 2589 milibus
407 2557 586 2600 lib(rarum)
621 2559 706 2592 dicte
734 2565 864 2593 monete
899 2562 1158 2603 recognoscimus
1192 2561 1315 2593 eisdem
1345 2573 1403 2593 nos
1437 2563 1539 2594 teneri
1573 2567 1606 2594 et
1639 2563 1814 2596 efficaciter

115 2621 142 2641 ιο
161 2616 232 2639 esse
267 2607 436 2650 obligatos.
525 2612 570 2652 (2)
599 2611 663 2643 Pro
692 2612 807 2654 quibus
841 2613 1047 2654 pecuniarum
1080 2614 1212 2644 summis
1246 2614 1323 2655 ipsis
1357 2613 1579 2655 persolvendis
1614 2614 1736 2646 eisdem
1770 2616 1811 2647 de

160 2657 312 2691 theloneo
334 2664 443 2693 nostro
466 2663 648 2705 antiquiori,
672 2663 824 2696 videlicet
847 2664 887 2696 de
911 2675 970 2696 sex
993 2665 1111 2707 grossis
1128 2664 1368 2696 Turonensibus
1383 2665 1470 2707 apud
1487 2665 1694 2697 Bacherachc.
1716 2678 1809 2708 supra

159 2709 287 2742 Renum
316 2711 386 2743 1111
415 2722 545 2754 grossos
569 2714 772 2748 Turonenses
800 2715 967 2755 levandos,
997 2716 1223 2758 percipiendos
1257 2720 1290 2748 et
1320 2716 1518 2758 colligendos
1548 2728 1606 2758 per
1629 2717 1710 2748 duos
1738 2730 1812 2749 suos

263 2804 328 2831 108·
356 2806 380 2838 Ι)
398 2807 425 2832 ἐπ
444 2808 499 2833 Ioco
517 2817 578 2834 rato
596 2818 633 2835 er.

1557 2862 1602 2887 14‘
