2184 3126
344 221 406 252 568
545 217 642 245 ACTA
660 215 775 243 REGNI
793 213 978 242 LUDEWICI
996 212 1043 240 IV.
1062 211 1108 238 ET
1128 210 1313 238 FRIDERICI
1331 210 1380 236 111.
1418 209 1494 236 1323.
1529 208 1579 235 Nr.
1592 208 1651 235 727.
1670 207 1729 235 728.
1748 208 1806 236 729.

453 306 482 337 6.
512 304 555 336 Et
576 306 611 335 ut
633 302 694 334 hec
718 302 825 333 omnia
853 304 886 340 et
908 299 1048 341 singula,
1078 298 1160 329 sicut
1182 297 1328 338 superius
1351 298 1424 327 sunt
1447 296 1628 337 conscripta
1657 306 1677 327 a
1698 295 1792 327 nobis
1814 295 1942 339 integra
1964 300 1999 330 et

343 358 529 397 incorrupta
550 356 761 397 permaneant
776 352 908 392 eisdem,
933 351 1062 382 domino
1077 348 1243 380 Friderico
1259 348 1481 379 Romanorum
1503 347 1574 389 regi
1597 350 1631 378 et
1654 347 1724 378 aliis
1740 347 1806 379 suis
1828 357 1866 379 ae
1880 349 1998 380 nostris

344 407 494 439 fratribus
517 406 649 438 ducibus
665 405 795 436 Austris
819 406 852 435 et
874 403 970 434 Stirie
994 404 1060 432 tam
1082 401 1198 432 litteris
1222 410 1319 441 quam
1332 399 1514 430 iuramento
1536 399 1663 439 nostris,
1695 399 1777 431 sicut
1799 409 1818 431 e
1842 409 1997 432 converso

344 460 406 501 ipsi
429 470 463 491 se
486 458 578 490 nobis
601 457 826 496 astrinxerunt,
853 465 911 485 nos
934 453 1156 494 cognoscimus
1178 461 1238 493 per
1260 453 1427 492 presentes
1450 453 1609 492 perpetuo
1632 451 1829 491 astrinxisse,
1852 450 1999 484 volentes

345 521 404 552 per
426 510 484 541 has
507 511 631 540 nostras
654 508 778 538 litteras
801 515 859 537 seu
882 505 1039 546 promissa
1063 502 1275 535 anterioribus
1297 502 1415 533 nostris
1437 501 1563 543 litteris,
1593 502 1782 534 iuramentis
1805 505 1839 534 ct
1860 504 1998 544 promis-
2028 510 2042 530 δ

346 561 487 593 sionibus
509 559 692 591 nullatenus
719 557 888 598 derogare,
912 555 969 587 sed
992 555 1079 596 ipsas
1103 554 1214 595 pocius
1237 556 1270 585 et
1292 563 1350 584 suo
1374 552 1492 585 robore
1515 555 1602 585 ratas
1626 555 1659 585 et
1681 553 1790 585 firmas
1812 564 1872 595 per
1891 555 1999 587 omnia

344 611 572 644 inviolabiliter
593 619 771 642 remanere.
853 612 859 615 '

451 662 489 693 In
521 662 609 693 ouius
636 659 871 702 promissionis,
901 658 1047 689 amicicie
1078 660 1112 688 et
1143 656 1355 698 obligacionis
1386 655 1588 688 evidenciam
1617 657 1797 698 pleniorem
1824 657 2000 700 sepedictis

345 714 472 745 domino
496 712 660 743 Friderico
683 711 903 742 Romanorum
930 710 1000 750 regi
1029 712 1062 740 et
1093 708 1230 740 dominis
1259 707 1444 749 Leopold0‚
1474 707 1626 748 Alberto‚
1655 708 1798 741 Henrico
1825 712 1860 741 et
1887 709 2000 742 Ottoni

345 763 478 796 ducibus
505 763 635 794 Austrie
667 765 701 794 et
731 762 841 802 Stirie‚
874 761 1026 792 fratribus
1057 760 1174 791 nostris
1203 759 1380 791 karissimis
1407 761 1576 802 presentes
1604 760 1730 792 litteras
1755 761 1875 803 regalis
1902 762 1999 804 sigilli
2018 769 2044 789 ιο

343 816 443 847 nostri
465 816 538 846 novi
561 817 594 846 et
616 814 769 846 autentici
785 813 959 844 munimine
983 822 1055 843 cum
1071 811 1264 853 specialibus
1286 810 1403 842 litteris
1419 811 1644 853 episcoporum
1668 815 1702 844 et
1726 811 1884 845 baronum
1906 815 1999 857 regni

343 867 457 907 nostri,
488 866 542 907 qui
565 866 672 896 omnia
696 867 729 896 et
752 864 877 906 singula
900 863 1085 905 supradicta
1107 862 1274 894 nobiscum
1305 861 1478 894 observare
1503 865 1536 894 et
1557 861 1738 905 adimplere
1760 864 1901 897 fideliter
1922 876 1998 908 pro—

343 917 528 956 miserunt¹‚
552 916 706 948 tradimus
730 916 943 957 consignatas.

450 968 571 1000 Datum
600 969 631 999 in
661 967 839 999 Waradino
870 967 977 1006 Petri,
1011 967 1043 997 in
1077 965 1249 997 Dominica
1277 965 1516 1007 Reminiscere,
1551 976 1635 998 anno
1665 966 1797 999 Domini
1826 967 1999 1000 millesimo

345 1019 492 1052 OOGXX
515 1020 623 1051 tercio.
2017 1027 2044 1049 ιθ

366 1178 440 1214 728.
470 1175 739 1214 LUDEWICI
762 1175 1007 1213 REMISSIO
1030 1175 1323 1213 STURARUM
1345 1175 1452 1213 PRO
1477 1174 1732 1213 CIVITATE
1755 1175 1988 1215 IMPERII.

1001 1245 1110 1280 1323.
1151 1244 1259 1281 Febr.
1281 1245 1342 1281 26.

453 1336 615 1377 Oriqinale
643 1336 678 1367 in
707 1335 865 1368 tabulario
887 1335 1157 1368 Darmstadiensi.
1206 1335 1350 1369 Contulit
1376 1336 1410 1369 J.
1428 1336 1468 1368 R.
1486 1335 1660 1370 Dieterich.
1708 1336 1829 1369 Pendet
1859 1336 2000 1378 siyillum

342 1387 461 1420 laesum
484 1387 548 1419 loro
569 1387 809 1419 membranaceo.

449 1447 594 1486 Bo'hmer,
618 1447 693 1488 Ray.
709 1447 821 1481 Ludw.
835 1458 872 1487 p.
887 1448 953 1479 273
974 1458 1024 1479 nr.
1040 1447 1126 1479 2659
1148 1448 1277 1488 (Addit.
1291 1448 1328 1488 I)
1351 1464 1391 1475 =
1410 1458 1446 1490 p.
1461 1448 1506 1479 32
1526 1459 1575 1480 nr.
1593 1448 1667 1480 539.
2017 1453 2044 1474 Μ

449 1534 641 1565 Ludowicus
669 1534 731 1565 Dei
757 1535 867 1576 gracia
894 1533 1116 1566 Romanorum
1143 1544 1202 1566 rex
1230 1545 1359 1576 semper
1385 1537 1542 1576 augustus
1645 1534 1803 1567 universis
1833 1538 2001 1576 presentes

341 1586 465 1617 litteras
487 1586 678 1628 inspecturis
769 1586 911 1627 graciam
935 1596 1026 1618 suam
1050 1589 1084 1618 et
1106 1596 1202 1618 omne
1225 1585 1355 1618 bonum.

450 1637 698 1669 Considerantes
715 1637 884 1679 dispendia
900 1639 1012 1679 gravia
1029 1641 1062 1669 et
1077 1637 1206 1669 labores
1220 1637 1416 1680 multiplices
1433 1640 1531 1680 atque
1547 1648 1672 1680 graves,
1692 1637 1807 1680 quibus
1823 1638 2001 1680 prudentes

343 1689 402 1720 viri
428 1689 514 1720 cives
537 1688 777 1730 Wimpinenses
806 1688 918 1720 fideles
942 1689 1041 1720 nostri
1066 1689 1176 1721 dilecti
1205 1699 1247 1721 ex
1269 1699 1467 1731 gwerrarum
1491 1689 1784 1721 disturbacionibus
1810 1700 1870 1731 per
1898 1700 1999 1731 annos

343 1740 496 1781 plurimos
518 1743 590 1771 sunt
614 1740 776 1781 oppressi,
805 1740 837 1771 in
861 1741 1130 1772 restaurationem
1153 1740 1328 1783 aliqualem
1350 1741 1429 1782 ipsis
1453 1751 1494 1773 ex
1516 1741 1714 1773 liberalitate
1740 1742 1831 1783 regia
1859 1742 1998 1783 gratiam
2017 1751 2044 1771 as

345 1792 478 1824 facimus
505 1792 755 1833 infrascriptam,
787 1792 833 1823 sic
862 1792 949 1834 quod
981 1792 1024 1823 ad
1056 1793 1157 1824 instar
1186 1792 1452 1834 predecessorum
1487 1796 1668 1825 nostrorum
1701 1794 1935 1835 imperatorum
1966 1795 2000 1824 et

344 1853 457 1885 regum
479 1843 699 1875 Romanorum
726 1855 784 1885 pro
812 1846 930 1875 stewra
958 1854 1070 1875 eorum
1098 1844 1193 1876 solita
1222 1848 1256 1876 et
1279 1848 1441 1876 consweta
1464 1846 1629 1877 annuatim
1658 1845 1702 1877 nil
1733 1845 1872 1886 amplius
1902 1854 2000 1886 quam

345 1895 498 1926 ducentas
521 1895 619 1926 libras
641 1895 846 1927 Hallensium
877 1896 1088 1937 requiremus.
1177 1895 1216 1927 In
1245 1896 1335 1927 cuius
1361 1896 1409 1928 rei
1431 1897 1652 1929 testimonium
1679 1899 1847 1938 presentes
1874 1895 2000 1928 litteras

344 1946 501 1978 conscribi
524 1949 557 1978 et
579 1950 685 1978 nostre
709 1948 886 1979 maiestatis
910 1947 1016 1989 sigillo
1039 1947 1188 1979 iussimus
1211 1947 1410 1979 communiri.
1819 1987 1824 1991 ,

450 1998 569 2029 Datum
593 1999 625 2029 in
641 1999 810 2040 Ingolstat‚
834 1998 911 2030 IIII.
931 1998 1047 2030 Kalen.
1065 1999 1189 2039 Marcii,
1213 2009 1296 2031 anno
1315 1998 1446 2031 Domini
1468 1999 1641 2031 millesimo
1665 1999 1893 2031 trecentesimo
1913 2000 2000 2032 vice-
2018 2008 2046 2029 ao

345 2050 423 2081 simo
447 2051 557 2090 tercio,
581 2051 671 2092 regni
695 2061 772 2082 vero
795 2051 895 2082 nostri
919 2061 1002 2082 anno
1025 2061 1120 2083 nono.

501 2250 574 2286 729.
608 2252 840 2289 EIUSDEM
864 2251 1151 2290 COMMISSIO
1175 2250 1502 2288 VICARIATUS
1528 2251 1844 2290 GENERALIS

689 2307 1064 2356 LOMBARDIAE,
1087 2305 1326 2354 TUSCIAE‚
1348 2306 1650 2344 MARCHIAE.

1019 2376 1128 2413 1323.
1164 2375 1272 2412 Mart.
1294 2376 1328 2411 2.

459 2463 658 2496 Transsumti
683 2476 713 2497 a.
740 2466 834 2498 1324.
863 2467 947 2508 Auy.
965 2468 1017 2499 18.
1047 2467 1151 2506 facti²
1178 2467 1270 2507 copia
1299 2466 1354 2509 (c.)
1383 2467 1420 2498 in
1450 2467 1554 2499 codiee
1580 2467 1779 2500 ‘Docunwnti
1806 2468 2001 2510 Triviqiani’
2019 2482 2046 2504 ιε,

349 2513 470 2545 comitis
493 2513 589 2546 Scotti
611 2526 660 2547 nr.
678 2518 697 2547 6
720 2517 918 2550 bibliothecae
936 2518 1128 2556 Tervisinae,
1152 2520 1262 2550 ‘tratta
1285 2518 1328 2550 da
1350 2528 1418 2550 wna
1442 2519 1627 2559 beryamena
1649 2519 1723 2552 dell’
1749 2520 1900 2552 Archivio
1922 2519 2001 2553 dello

452 2606 478 2638 1)
497 2606 530 2632 A.
545 2610 614 2634 1321.
634 2608 698 2635 Nov.
712 2612 756 2642 23;
781 2611 901 2644 Bo'hmer,
921 2612 984 2646 1309.
998 2611 1092 2638 Ludw.
1108 2619 1138 2645 p.
1151 2615 1198 2639 255
1216 2611 1410 2639 Radissachen
1427 2620 1470 2639 nr.
1483 2615 1543 2640 203.
1640 2613 1668 2648 2)
1690 2613 1774 2641 Verba
1793 2614 1954 2641 tramam&
1970 2613 2003 2640 in

349 2647 526 2675 adnotatione
539 2657 638 2682 ponere
656 2651 749 2678 liceat:

452 2695 510 2730 Ego
524 2696 676 2724 Zambonus
694 2700 832 2732 quondam
851 2701 956 2728 domini
969 2703 1101 2730 Zamboni
1121 2703 1154 2730 de
1165 2702 1317 2730 Villanova
1336 2703 1370 2730 de
1383 2703 1510 2732 Bononia
1529 2704 1671 2740 imperiali
1688 2705 1859 2733 auctoritate
1875 2704 2002 2735 notarius

348 2738 466 2764 formam
484 2740 513 2765 et
531 2741 652 2767 tenorem
672 2743 854 2778 suprascripti
872 2745 1006 2776 mandati,
1027 2745 1179 2773 vicariatus
1203 2746 1387 2774 concessionis
1405 2748 1434 2774 et
1452 2746 1598 2783 privilegii
1615 2749 1713 2781 visam,
1731 2749 1872 2776 attentam
1891 2749 1921 2775 et
1939 2756 2002 2774 cum
2019 2758 2048 2778 ω

349 2789 453 2815 magna
467 2781 615 2815 diligentia
627 2785 800 2817 recensitam,
820 2795 881 2813 cum
900 2787 970 2814 illud
989 2790 1018 2815 et
1036 2788 1116 2815 illam
1132 2789 1271 2822 vidissem,
1291 2789 1423 2825 legissem
1442 2792 1472 2818 et
1490 2790 1641 2826 diligenter
1653 2791 1858 2819 examinassem
1869 2799 1926 2818 una
1938 2799 2001 2818 cum

349 2823 411 2850 Iaso
438 2824 548 2851 notario
575 2825 752 2861 infrascripto
777 2830 805 2855 et
827 2829 857 2855 in
879 2830 1021 2863 presentia
1043 2831 1145 2858 iudicis
1167 2832 1340 2867 infrascripti
1373 2834 1402 2860 et
1426 2833 1542 2860 testium
1565 2834 1807 2870 infrascriptorum
1836 2833 2001 2866 videntium»

2172 2403 2184 2428 u·
