2190 3172
439 180 536 209 ACTA
555 180 669 213 amm
687 180 871 209 LUDEWIGI
890 180 936 208 IV.
955 180 1002 208 ET
1020 179 1205 208 anmucl
1226 180 1275 208 111.
1311 181 1387 208 1315.
1425 180 1472 207 Nr.
1484 181 1544 208 264.
1563 181 1622 208 265.
1641 181 1700 208 266.
1831 184 1893 214 227

347 267 521 301 Serenitati
543 270 649 300 vestre
673 267 849 300 deferimus
872 277 931 310 per
953 270 1130 310 presentes,
1154 278 1212 299 nos
1234 268 1396 310 recepisse
1420 267 1544 299 litteras
1561 292 1567 299 .
1587 292 1593 299 .
1613 268 1636 299 .¹
1660 267 1771 299 scribit
1794 268 1893 301 vobis.

237 319 307 352 Nos
335 320 446 362 itaque
473 319 598 352 litteras
625 319 735 361 ipsas²
757 319 955 362 providimus
978 318 1069 351 vobis
1097 329 1157 361 per
1182 318 1319 351 latorem
1346 320 1544 361 presentium
1572 319 1745 354 destinare.
1792 320 1896 363 Igitur

238 371 474 404 fraternitatem
497 373 636 403 vestram
659 381 810 413 rogamus
832 374 951 411 ateute,
975 374 1133 413 quatenus
1156 370 1358 403 considerato
1381 370 1504 412 debito,
1525 382 1588 414 quo
1612 372 1756 414 prefatus
1772 372 1895 405 Roma·

237 433 351 455 norum
374 433 433 455 rex
455 422 549 455 nobis
571 425 605 455 et
627 422 719 454 vobis
741 423 890 454 astrictus
918 425 951 455 et
978 432 1123 455 annexus
1147 425 1210 463 est,
1238 422 1363 454 litteras
1391 423 1478 465 ipsas
1507 433 1603 455 manu
1636 424 1702 456 leta
1732 425 1896 466 recipiatis

206 486 219 506 s
238 473 465 519 aud[iatis]que
481 475 582 517 gratis
604 477 638 507 et
661 474 832 518 diligenter
854 485 894 507 ea
912 484 974 517 que
998 474 1202 506 continentur
1225 475 1255 505 in
1280 475 1336 515 eis,
1360 475 1543 517 responsuri
1567 475 1673 507 eidem
1698 477 1766 518 regi
1790 477 1894 508 curia-

236 526 320 567 liter,
343 529 440 568 prout
462 529 552 558 tanto
576 526 645 568 regi
668 526 759 558 vobis
782 526 852 558 fore
875 525 1036 558 videbitur
1058 525 1328 568 respondendum.
1375 526 1417 558 Et
1440 526 1466 557 si
1489 527 1574 559 forte
1598 527 1688 559 vobis
1711 538 1774 559 non
1799 528 1896 560 fuerit

238 580 454 620 opportunum
476 578 603 610 mittere
627 577 714 610 dicto
736 577 958 610 Romanorum
981 578 1051 619 regi
1073 581 1215 609 vestram
1238 577 1380 609 litteram
1403 579 1639 620 responsivam,
1663 579 1798 611 mittatis
1821 590 1893 612 eam

236 629 344 670 nobis,
374 629 526 672 quoniam
555 639 628 670 nos,
660 629 714 671 qui
741 630 850 671 sepius
873 629 1030 661 mittimus
1052 629 1176 661 litteras
1200 633 1340 670 nostras,
1370 630 1472 671 ipsam
1504 633 1643 662 vestram
1674 632 1894 673 responsivam

237 680 324 713 dicto
346 682 417 723 regi
439 680 684 722 procurabimus
707 680 878 713 destinare.

193 743 219 764 10
345 731 467 764 Datum
490 733 531 763 in
546 731 734 773 Modiliano,
757 732 801 764 11.
826 731 992 764 Kalendas
1015 731 1126 773 Madii,
1150 742 1233 764 anno
1257 731 1412 774 predicto.

345 805 488 847 P(etrus)
511 805 693 848 Lupp(eti).
738 805 832 838 Idem
854 809 891 838 ut
913 816 1011 848 supra
1033 806 1065 837 in
1088 805 1153 838 alia
1175 805 1284 838 littera
1307 807 1454 848 proxime
1479 807 1660 850 registrata.

613 930 701 966 265.
741 929 898 965 Litterae
925 930 972 965 ad
997 929 1246 965 consiliarium.
1354 930 1443 975 Apr.
1463 931 1519 965 30.

349 1005 448 1046 Copia
471 1004 526 1047 (c.)
550 1004 664 1036 ibidem
686 1003 704 1036 l.
722 1014 747 1036 c.
770 1003 825 1043 sol.
842 1005 871 1035 7.
898 1022 938 1028 —
971 1003 1033 1035 Ed.
1051 1002 1212 1043 Zeissbery
1240 1002 1260 1034 l.
1276 1013 1302 1036 c.
1320 1014 1356 1044 p.
1373 1003 1416 1035 25
1438 1014 1488 1036 nr.
1507 1004 1549 1036 17
1571 1014 1611 1036 esc
1634 1015 1661 1036 c.
1714 1004 1895 1037 Editionem

238 1057 417 1099 repetimus.

193 1135 217 1156 ιο
344 1125 484 1159 Iacobus
506 1128 568 1158 etc.
635 1124 754 1156 dilecto
778 1123 960 1156 consiliario
982 1126 1091 1155 nostro
1114 1122 1342 1167 B[e]rtr[a]ndo
1366 1123 1407 1155 de
1431 1122 1595 1167 Can[e]llis
1669 1124 1807 1156 salutem
1832 1130 1893 1157 etc.

342 1177 506 1210 Noveritis
528 1187 586 1208 nos
608 1176 770 1218 recepisse
792 1174 917 1207 litteras
940 1185 960 1207 a
981 1175 1185 1207 serenissimo
1209 1175 1352 1216 principe
1370 1174 1544 1206 Frederico
1561 1175 1624 1207 Dei
1647 1177 1758 1218 gracia
1771 1176 1893 1208 Roma-

235 1241 350 1262 norum
373 1239 451 1272 rege
474 1228 644 1260 karissimo
666 1237 787 1270 genero
809 1230 929 1266 nostro,
952 1227 985 1258 in
1009 1226 1124 1269 quibus
1146 1226 1238 1258 nobis
1261 1226 1454 1268 significavit
1476 1230 1595 1259 statum
1619 1238 1711 1259 suum
1735 1231 1769 1260 et
1792 1239 1892 1270 nego-

236 1283 358 1314 ciorum
381 1291 510 1313 suorum
533 1290 722 1322 prosperum
746 1282 779 1311 et
800 1277 984 1311 iocundum.
1029 1277 1117 1310 Misit
1139 1278 1238 1310 etiam
1261 1277 1354 1310 nobis
1380 1277 1462 1309 alias
1484 1278 1609 1310 litteras
1638 1280 1734 1310 suas¹
1758 1290 1891 1321 presen-

235 1333 352 1366 tandas
374 1332 488 1364 illustri
510 1331 686 1364 Frederico
708 1331 779 1372 regi
801 1329 911 1362 Sicilie
934 1330 1104 1362 karissimo
1132 1329 1221 1361 fratri
1249 1332 1374 1370 nostro,
1403 1339 1484 1371 quas
1514 1340 1573 1371 per
1604 1341 1662 1362 nos
1692 1331 1775 1362 mitti
1805 1331 1892 1363 dicto

191 1397 218 1418 sn
236 1384 327 1417 fratri
349 1387 458 1416 nostro
481 1383 708 1415 instantissime
732 1382 915 1424 postulavit.
961 1381 1029 1413 Nos
1051 1382 1161 1423 itaque
1184 1381 1309 1413 litteras
1331 1381 1418 1423 ipsas
1445 1381 1539 1412 simul
1563 1392 1635 1413 cum
1660 1382 1800 1424 quadam
1828 1383 1894 1415 alia

235 1436 345 1468 littera
374 1434 514 1475 Πυθίη-83,
545 1445 641 1477 quam
671 1433 838 1476 dirigimus
868 1433 954 1465 dicto
983 1432 1074 1464 fratri
1101 1436 1225 1473 nostro,
1257 1432 1416 1464 involutas
1445 1433 1476 1464 in
1505 1432 1644 1474 quadam
1675 1443 1773 1475 capsa
1800 1434 1892 1465 vobis

235 1489 392 1520 mittimus
413 1497 473 1529 per
493 1487 577 1519 hunc
601 1496 763 1518 cursorem
787 1488 930 1517 nostrum
954 1485 1156 1527 presencium
1179 1487 1389 1526 portatorem.
1434 1483 1503 1515 Vos
1532 1484 1630 1526 igitur
1652 1485 1739 1526 ipsas
1767 1485 1892 1517 litteras

235 1540 281 1571 sic
303 1539 463 1571 involutas
491 1539 524 1570 in
547 1537 633 1569 dicta
655 1547 754 1579 capsa
777 1537 862 1568 dicto
886 1536 976 1568 fratri
998 1539 1108 1567 nostro
1131 1546 1190 1578 per
1212 1545 1384 1577 personam
1411 1538 1520 1567 notam
1549 1539 1582 1567 et
1610 1535 1770 1578 ydoneam
1795 1546 1891 1578 quam

235 1591 334 1624 cicius
357 1593 390 1623 et
413 1590 550 1622 celerius
572 1589 720 1632 poteritis
743 1589 871 1621 mittere
896 1586 1087 1631 festin[eti]s.

191 1654 217 1676 π
343 1641 465 1674 Datum
487 1645 524 1674 ut
546 1651 652 1683 supra.

407 1800 493 1849 2'66.
534 1811 725 1857 Responsio
752 1812 842 1856 regis
868 1810 1007 1846 Siciliae
1035 1810 1216 1845 Friderico
1243 1811 1315 1854 reqi
1343 1809 1579 1845 Romanorum
1606 1812 1723 1847 missa.

777 1870 891 1914 (inter
917 1871 1006 1916 Apr.
1027 1871 1085 1905 30.
1109 1873 1144 1905 ‘et
1172 1870 1251 1905 Iun.
1271 1871 1353 1913 18.)

347 1947 446 1988 Copia
473 1946 528 1989 (c.)
559 1945 672 1978 ibidem
703 1944 796 1978 CBD
815 1944 928 1976 10227
957 1943 1046 1976 valde
1077 1954 1214 1976 corrosa.
1244 1963 1282 1967 —
1316 1943 1379 1975 Ed.
1403 1943 1509 1976 Finke
1537 1944 1632 1976 ‘Acca
1656 1945 1891 1985 Araqonemia‘

235 1999 264 2040 I,
286 1999 352 2032 352
371 2008 420 2031 nr.
437 1998 501 2030 239
523 2008 562 2030 ex
585 2008 611 2030 c.
656 1997 840 2029 Editionem
862 1996 1040 2036 repetimus.

194 2073 220 2095 ω
348 2059 479 2100 Copiam
500 2058 583 2091 hanc
609 2059 676 2099 reyi
697 2058 885 2098 Araqonum
911 2057 1041 2088 missam
1069 2067 1133 2089 esse
1163 2056 1203 2088 ab
1234 2057 1302 2098 ipso
1329 2066 1397 2097 reye
1420 2055 1552 2088 Siciliae
1577 2066 1608 2088 a.
1630 2058 1722 2089 1315.
1747 2058 1823 2090 Iun.
1841 2060 1892 2097 18,

239 2113 329 2144 notat
349 2110 454 2144 Finke
476 2110 496 2143 l.
512 2120 538 2143 c.
562 2109 591 2149 I,
613 2111 679 2142 353
699 2111 764 2142 not.
787 2109 831 2140 ad
851 2119 901 2140 nr.
918 2108 990 2140 239.

343 2196 628 2230 Excellentissimo
651 2195 787 2238 principi
810 2194 941 2226 domino
964 2193 1138 2226 Frederico
1160 2193 1381 2226 Romanorum
1404 2194 1473 2235 regi
1490 2204 1618 2235 semper
1633 2198 1779 2235 augusto,
1802 2194 1890 2226 affini

237 2259 295 2280 suo
322 2247 492 2280 karissimo
596 2246 788 2279 Fredericus
817 2246 880 2278 Dei
909 2246 1018 2288 gracia
1045 2256 1103 2277 rex
1131 2244 1238 2278 Sicilie
1337 2255 1410 2276 cum
1442 2245 1583 2276 fraterna
1613 2244 1786 2278 dilectione
1819 2272 1825 2278 .
1851 2272 1857 2278 .
1882 2271 1889 2278 .

238 2302 349 2343 optate
372 2299 582 2332 exaltacionis
605 2302 789 2341 aug-menta.

194 2362 220 2383 u
345 2350 391 2393 (l)
414 2350 652 2393 Magnificentie
680 2354 786 2382 vestre
814 2348 969 2389 litteras2,
1003 2359 1083 2391 quas
1117 2348 1209 2380 nobis
1236 2349 1388 2391 nuperius
1416 2348 1591 2387 direxistis,
1623 2347 1702 2390 ylari
1738 2348 1827 2380 vultu
1859 2353 1892 2380 et

238 2403 345 2435 animo
368 2402 518 2444 iocun[d0
541 2401 750 2445 rece]pimus‚
781 2405 814 2433 et
844 2411 907 2443 que
931 2402 1072 2443 ipsarum
1095 2401 1223 2442 aperuit
1245 2401 1359 2439 series,
1388 2403 1510 2432 attente
1534 2399 1714 2431 audivimus
1738 2404 1771 2431 et
1794 2400 1890 2441 pleno

238 2453 426 2496 collegimus
452 2453 627 2486 intellectu.
673 2453 739 2485 Per
770 2463 850 2495 quas
876 2453 1043 2484 insinuatis
1065 2452 1157 2484 nobis
1180 2451 1328 2483 felicibus
1351 2453 1466 2483 vestris
1495 2451 1695 2483 successibus
1723 2462 1761 2482 ac
1784 2456 1890 2483 vestre

238 2505 452 2547 promocionis
480 2506 631 2547 auspiciis
660 2505 702 2537 ad
726 2504 865 2536 Romani
888 2505 979 2547 regni
1003 2505 1145 2546 apicem,
1169 2513 1266 2546 quam
1289 2504 1367 2535 estis
1390 2503 1540 2534 divinitus
1564 2503 1717 2541 assecuti,
1742 2502 1835 2534 nobis
1858 2502 1891 2534 id

239 2555 335 2588 cessit
356 2555 398 2588 ad
421 2556 583 2588 cumulum
607 2556 799 2598 gaudiorum
823 2566 860 2588 ac
883 2556 915 2587 in
939 2555 999 2587 hoe
1022 2555 1191 2587 laudamus
1211 2558 1244 2586 et
1259 2554 1476 2596 glorificamus
1493 2554 1705 2589 Altissimum,
1722 2558 1890 2595 sperantes

195 2617 222 2638 ιο
239 2606 271 2638 in
301 2616 340 2639 eo
366 2607 515 2649 firmiter,
545 2609 598 2650 qui
629 2618 672 2640 ex
701 2607 756 2639 alti
786 2607 909 2639 consilii
939 2606 1153 2649 disposicione
1182 2606 1228 2638 rei
1259 2606 1387 2648 publice
1415 2605 1554 2637 Romani
1584 2605 1709 2645 imperii
1742 2605 1782 2636 de
1807 2605 1890 2636 advo

240 2657 336 2700 digno
364 2661 397 2690 et
425 2659 595 2692 sufficienti
618 2663 743 2691 rectore
774 2663 807 2691 et
829 2658 1044 2702 gubernatore
1077 2658 1231 2701 providit,
1265 2668 1324 2699 per
1358 2668 1454 2699 quem
1489 2658 1558 2698 ipsa
1593 2667 1644 2687 res
1672 2656 1801 2697 puplica
1833 2667 1890 2697 per

239 2708 384 2742 eiusdem
406 2710 533 2752 imperii
557 2710 680 2742 emulos
703 2713 736 2742 et
758 2709 898 2742 rebelles
921 2720 941 2741 a
964 2710 1067 2752 longis
1083 2710 1251 2741 retroactis
1267 2709 1467 2750 temporibus
1482 2708 1633 2740 lacessita
1649 2707 1890 2739 rcformacionis

343 2802 370 2837 1)
389 2802 434 2829 lea
446 2802 477 2830 in
489 2802 618 2837 editione,·
635 2804 670 2836 cr.
683 2811 769 2838 supra
782 2811 845 2838 paq.
859 2806 906 2830 226
918 2802 966 2830 lin.
976 2807 1006 2830 18
1020 2817 1051 2823 —
1064 2803 1112 2830 lin.
1125 2806 1166 2830 23.
1246 2803 1273 2836 2)
1292 2802 1456 2836 Deperdieae
1468 2804 1540 2828 sunt.
1619 2801 1646 2833 3)
1669 2800 1759 2834 Sapra
1780 2809 1819 2827 nr.
1833 2805 1888 2827 26⁴.

1635 2852 1682 2878 29·
