<?xml version="1.0" encoding="UTF-8"?>
<!DOCTYPE html PUBLIC "-//W3C//DTD XHTML 1.0 Transitional//EN"
    "http://www.w3.org/TR/xhtml1/DTD/xhtml1-transitional.dtd">
<html xmlns="http://www.w3.org/1999/xhtml" xml:lang="en" lang="en">
 <head>
  <title>
</title>
<meta http-equiv="Content-Type" content="text/html;charset=utf-8" />
  <meta name='ocr-system' content='tesseract 3.04.00' />
  <meta name='ocr-capabilities' content='ocr_page ocr_carea ocr_par ocr_line ocrx_word'/>
</head>
<body>
  <div class='ocr_page' id='page_1' title='image "./monumentagerma05geseuoft_0323.png"; bbox 0 0 2190 3172; ppageno 0'>
   <div class='ocr_carea' id='block_1_1' title="bbox 446 182 1909 219">
    <p class='ocr_par' dir='ltr' id='par_1_1' title="bbox 446 182 1909 219">
     <span class='ocr_line' id='line_1_1' title="bbox 446 182 1909 219; baseline 0.001 -9"><span class='ocrx_word' id='word_1_1' title='bbox 446 182 544 210; x_wconf 82' lang='lat' dir='ltr'>ACTA</span> <span class='ocrx_word' id='word_1_2' title='bbox 563 182 677 211; x_wconf 70' lang='lat' dir='ltr'><strong>REGNI</strong></span> <span class='ocrx_word' id='word_1_3' title='bbox 696 183 882 212; x_wconf 79' lang='lat' dir='ltr'><strong>LUDwacl</strong></span> <span class='ocrx_word' id='word_1_4' title='bbox 897 183 947 211; x_wconf 85' lang='lat' dir='ltr'><strong>1v.</strong></span> <span class='ocrx_word' id='word_1_5' title='bbox 964 183 1012 211; x_wconf 76' lang='lat' dir='ltr'><strong>ET</strong></span> <span class='ocrx_word' id='word_1_6' title='bbox 1029 183 1215 212; x_wconf 77' lang='lat' dir='ltr'><strong>FRIDERICI</strong></span> <span class='ocrx_word' id='word_1_7' title='bbox 1234 184 1282 212; x_wconf 87' lang='lat'><strong>111.</strong></span> <span class='ocrx_word' id='word_1_8' title='bbox 1320 184 1394 212; x_wconf 86' lang='lat'><strong>1315.</strong></span> <span class='ocrx_word' id='word_1_9' title='bbox 1414 183 1490 212; x_wconf 78' lang='lat'><strong>1816.</strong></span> <span class='ocrx_word' id='word_1_10' title='bbox 1526 184 1575 212; x_wconf 86' lang='lat' dir='ltr'><strong>Nr.</strong></span> <span class='ocrx_word' id='word_1_11' title='bbox 1587 184 1646 212; x_wconf 81' lang='lat'><strong>334.</strong></span> <span class='ocrx_word' id='word_1_12' title='bbox 1664 184 1723 211; x_wconf 84' lang='lat'><strong>335.</strong></span> <span class='ocrx_word' id='word_1_13' title='bbox 1846 188 1909 219; x_wconf 72' lang='lat'><strong>283</strong></span> 
     </span>
    </p>
   </div>
   <div class='ocr_carea' id='block_1_2' title="bbox 299 306 1865 414">
    <p class='ocr_par' dir='ltr' id='par_1_2' title="bbox 299 306 1865 414">
     <span class='ocr_line' id='line_1_2' title="bbox 299 306 1865 347; baseline 0.001 -2"><span class='ocrx_word' id='word_1_14' title='bbox 299 307 374 345; x_wconf 85' lang='lat'><strong>334.</strong></span> <span class='ocrx_word' id='word_1_15' title='bbox 409 307 686 346; x_wconf 82' lang='lat' dir='ltr'>SCRIPTUM</span> <span class='ocrx_word' id='word_1_16' title='bbox 708 307 959 346; x_wconf 88' lang='lat' dir='ltr'>EIUSDEM</span> <span class='ocrx_word' id='word_1_17' title='bbox 982 307 1086 346; x_wconf 90' lang='lat' dir='ltr'><strong>PRO</strong></span> <span class='ocrx_word' id='word_1_18' title='bbox 1111 306 1368 346; x_wconf 86' lang='lat' dir='ltr'><strong>CIVITATE</strong></span> <span class='ocrx_word' id='word_1_19' title='bbox 1392 308 1865 347; x_wconf 79' lang='lat' dir='ltr'><strong>NORIMBERGENSI.</strong></span> 
     </span>
     <span class='ocr_line' id='line_1_3' title="bbox 929 376 1243 414; baseline 0.003 -1"><span class='ocrx_word' id='word_1_20' title='bbox 929 377 1038 414; x_wconf 86' lang='lat'><strong>1315.</strong></span> <span class='ocrx_word' id='word_1_21' title='bbox 1074 376 1161 414; x_wconf 87' lang='lat' dir='ltr'><strong>Dec.</strong></span> <span class='ocrx_word' id='word_1_22' title='bbox 1185 377 1243 414; x_wconf 92' lang='lat'><strong>17.</strong></span> 
     </span>
    </p>
   </div>
   <div class='ocr_carea' id='block_1_3' title="bbox 258 467 1908 563">
    <p class='ocr_par' dir='ltr' id='par_1_3' title="bbox 258 467 1908 563">
     <span class='ocr_line' id='line_1_4' title="bbox 369 467 1908 511; baseline 0.002 -10"><span class='ocrx_word' id='word_1_23' title='bbox 369 467 531 510; x_wconf 75' lang='lat' dir='ltr'><strong>Oriyinale</strong></span> <span class='ocrx_word' id='word_1_24' title='bbox 553 467 628 511; x_wconf 87' lang='lat' dir='ltr'><strong>(or.)</strong></span> <span class='ocrx_word' id='word_1_25' title='bbox 652 468 687 500; x_wconf 82' lang='lat' dir='ltr'><strong>in</strong></span> <span class='ocrx_word' id='word_1_26' title='bbox 710 467 869 500; x_wconf 82' lang='lat' dir='ltr'><strong>tabulario</strong></span> <span class='ocrx_word' id='word_1_27' title='bbox 889 467 1030 509; x_wconf 77' lang='lat' dir='ltr'><strong>yenerali</strong></span> <span class='ocrx_word' id='word_1_28' title='bbox 1052 468 1141 510; x_wconf 76' lang='lat' dir='ltr'><strong>reyni</strong></span> <span class='ocrx_word' id='word_1_29' title='bbox 1155 468 1322 501; x_wconf 82' lang='lat' dir='ltr'><strong>Bawarici</strong></span> <span class='ocrx_word' id='word_1_30' title='bbox 1343 468 1436 502; x_wconf 88' lang='lat' dir='ltr'><strong>KLS</strong></span> <span class='ocrx_word' id='word_1_31' title='bbox 1458 479 1507 501; x_wconf 79' lang='lat' dir='ltr'><strong>nr.</strong></span> <span class='ocrx_word' id='word_1_32' title='bbox 1524 470 1576 502; x_wconf 88' lang='grc'><strong>83.</strong></span> <span class='ocrx_word' id='word_1_33' title='bbox 1625 468 1823 502; x_wconf 75' lang='lat' dir='ltr'><strong>Contulimus</strong></span> <span class='ocrx_word' id='word_1_34' title='bbox 1842 481 1908 504; x_wconf 79' lang='lat' dir='ltr'><strong>nos.</strong></span> 
     </span>
     <span class='ocr_line' id='line_1_5' title="bbox 258 518 1908 563; baseline 0.002 -12"><span class='ocrx_word' id='word_1_35' title='bbox 258 519 379 552; x_wconf 77' lang='lat' dir='ltr'><strong>Pendet</strong></span> <span class='ocrx_word' id='word_1_36' title='bbox 399 518 496 560; x_wconf 61' lang='lat' dir='ltr'><strong>siaiui</strong></span> <span class='ocrx_word' id='word_1_37' title='bbox 514 519 734 562; x_wconf 73' lang='lat' dir='ltr'><strong>fraymentum</strong></span> <span class='ocrx_word' id='word_1_38' title='bbox 753 519 818 552; x_wconf 84' lang='lat' dir='ltr'><strong>loro</strong></span> <span class='ocrx_word' id='word_1_39' title='bbox 832 520 1075 553; x_wconf 79' lang='lat' dir='ltr'><strong>membranaceo.</strong></span> <span class='ocrx_word' id='word_1_40' title='bbox 1100 538 1143 544; x_wconf 89' lang='lat'>—</span> <span class='ocrx_word' id='word_1_41' title='bbox 1164 520 1226 553; x_wconf 74' lang='lat' dir='ltr'><strong>Ea.</strong></span> <span class='ocrx_word' id='word_1_42' title='bbox 1244 520 1382 553; x_wconf 74' lang='lat' dir='ltr'><strong>Bo‘hmer</strong></span> <span class='ocrx_word' id='word_1_43' title='bbox 1405 521 1499 553; x_wconf 78' lang='lat' dir='ltr'><strong>‘Acta</strong></span> <span class='ocrx_word' id='word_1_44' title='bbox 1514 521 1642 561; x_wconf 77' lang='lat' dir='ltr'><strong>imperii</strong></span> <span class='ocrx_word' id='word_1_45' title='bbox 1656 520 1777 553; x_wconf 75' lang='lat' dir='ltr'><strong>selecta’</strong></span> <span class='ocrx_word' id='word_1_46' title='bbox 1794 533 1829 563; x_wconf 84' lang='lat' dir='ltr'><strong>p.</strong></span> <span class='ocrx_word' id='word_1_47' title='bbox 1846 523 1908 555; x_wconf 75' lang='lat'><strong>484</strong></span> 
     </span>
    </p>
   </div>
   <div class='ocr_carea' id='block_1_4' title="bbox 225 573 1036 665">
    <p class='ocr_par' dir='ltr' id='par_1_4' title="bbox 225 573 1036 665">
     <span class='ocr_line' id='line_1_6' title="bbox 225 573 514 608; baseline 0 -4"><span class='ocrx_word' id='word_1_48' title='bbox 225 589 237 608; x_wconf 68' lang='lat'><strong>³</strong></span> <span class='ocrx_word' id='word_1_49' title='bbox 256 581 306 604; x_wconf 80' lang='lat' dir='ltr'><strong>nr.</strong></span> <span class='ocrx_word' id='word_1_50' title='bbox 323 573 387 604; x_wconf 85' lang='lat'><strong>696</strong></span> <span class='ocrx_word' id='word_1_51' title='bbox 408 582 447 604; x_wconf 76' lang='lat' dir='ltr'><strong>ex</strong></span> <span class='ocrx_word' id='word_1_52' title='bbox 469 582 514 604; x_wconf 89' lang='lat' dir='ltr'><strong>or.</strong></span> 
     </span>
     <span class='ocr_line' id='line_1_7' title="bbox 365 623 1036 665; baseline -0.001 -9"><span class='ocrx_word' id='word_1_53' title='bbox 365 623 512 663; x_wconf 77' lang='lat' dir='ltr'><strong>Bo&#39;hmer,</strong></span> <span class='ocrx_word' id='word_1_54' title='bbox 535 623 611 665; x_wconf 65' lang='lat' dir='ltr'><strong>Ray.</strong></span> <span class='ocrx_word' id='word_1_55' title='bbox 627 623 741 656; x_wconf 84' lang='lat' dir='ltr'><strong>Ludw.</strong></span> <span class='ocrx_word' id='word_1_56' title='bbox 758 634 794 664; x_wconf 78' lang='lat' dir='ltr'><strong>p.</strong></span> <span class='ocrx_word' id='word_1_57' title='bbox 812 623 853 655; x_wconf 92' lang='lat'><strong>11</strong></span> <span class='ocrx_word' id='word_1_58' title='bbox 875 633 925 655; x_wconf 83' lang='lat' dir='ltr'><strong>nr.</strong></span> <span class='ocrx_word' id='word_1_59' title='bbox 944 624 1036 655; x_wconf 85' lang='lat'><strong>171¹.</strong></span> 
     </span>
    </p>
   </div>
   <div class='ocr_carea' id='block_1_5' title="bbox 211 695 2001 1415">
    <p class='ocr_par' dir='ltr' id='par_1_5' title="bbox 211 695 2001 1415">
     <span class='ocr_line' id='line_1_8' title="bbox 364 695 1909 743; baseline 0.002 -14"><span class='ocrx_word' id='word_1_60' title='bbox 364 696 558 730; x_wconf 87' lang='lat' dir='ltr'><strong>Ludowicus</strong></span> <span class='ocrx_word' id='word_1_61' title='bbox 584 696 648 730; x_wconf 91' lang='lat' dir='ltr'><strong>Dei</strong></span> <span class='ocrx_word' id='word_1_62' title='bbox 677 697 782 739; x_wconf 79' lang='lat' dir='ltr'><strong>gratia</strong></span> <span class='ocrx_word' id='word_1_63' title='bbox 809 695 1029 729; x_wconf 87' lang='lat' dir='ltr'><strong>Romanorum</strong></span> <span class='ocrx_word' id='word_1_64' title='bbox 1056 706 1115 729; x_wconf 90' lang='lat' dir='ltr'><strong>rex</strong></span> <span class='ocrx_word' id='word_1_65' title='bbox 1145 707 1274 739; x_wconf 86' lang='lat' dir='ltr'><strong>semper</strong></span> <span class='ocrx_word' id='word_1_66' title='bbox 1302 701 1458 740; x_wconf 78' lang='lat' dir='ltr'><strong>augustus</strong></span> <span class='ocrx_word' id='word_1_67' title='bbox 1551 699 1708 732; x_wconf 87' lang='lat' dir='ltr'><strong>universis</strong></span> <span class='ocrx_word' id='word_1_68' title='bbox 1741 704 1909 743; x_wconf 75' lang='lat' dir='ltr'>presentes</span> 
     </span>
     <span class='ocr_line' id='line_1_9' title="bbox 256 748 1436 790; baseline -0.001 -8"><span class='ocrx_word' id='word_1_69' title='bbox 256 748 380 782; x_wconf 79' lang='lat' dir='ltr'><strong>litteras</strong></span> <span class='ocrx_word' id='word_1_70' title='bbox 402 749 516 781; x_wconf 84' lang='lat' dir='ltr'><strong>visuris</strong></span> <span class='ocrx_word' id='word_1_71' title='bbox 538 748 590 782; x_wconf 86' lang='lat' dir='ltr'><strong>vel</strong></span> <span class='ocrx_word' id='word_1_72' title='bbox 613 748 768 781; x_wconf 75' lang='lat' dir='ltr'>audituris</span> <span class='ocrx_word' id='word_1_73' title='bbox 856 749 993 790; x_wconf 81' lang='lat' dir='ltr'><strong>gratiam</strong></span> <span class='ocrx_word' id='word_1_74' title='bbox 1017 758 1107 780; x_wconf 87' lang='lat' dir='ltr'><strong>suam</strong></span> <span class='ocrx_word' id='word_1_75' title='bbox 1131 751 1165 780; x_wconf 91' lang='lat' dir='ltr'><strong>et</strong></span> <span class='ocrx_word' id='word_1_76' title='bbox 1187 759 1281 781; x_wconf 90' lang='lat' dir='ltr'><strong>omne</strong></span> <span class='ocrx_word' id='word_1_77' title='bbox 1305 748 1436 781; x_wconf 90' lang='lat' dir='ltr'><strong>bonum.</strong></span> 
     </span>
     <span class='ocr_line' id='line_1_10' title="bbox 342 799 1907 844; baseline 0.001 -10"><span class='ocrx_word' id='word_1_78' title='bbox 342 800 460 842; x_wconf 79' lang='lat' dir='ltr'><strong>Grata,</strong></span> <span class='ocrx_word' id='word_1_79' title='bbox 489 800 598 833; x_wconf 89' lang='lat' dir='ltr'><strong>fidelia</strong></span> <span class='ocrx_word' id='word_1_80' title='bbox 625 802 659 833; x_wconf 89' lang='lat' dir='ltr'><strong>et</strong></span> <span class='ocrx_word' id='word_1_81' title='bbox 687 802 822 842; x_wconf 86' lang='lat' dir='ltr'><strong>accepta</strong></span> <span class='ocrx_word' id='word_1_82' title='bbox 851 799 1021 842; x_wconf 87' lang='lat' dir='ltr'><strong>obsequia,</strong></span> <span class='ocrx_word' id='word_1_83' title='bbox 1052 810 1116 843; x_wconf 89' lang='lat' dir='ltr'><strong>que</strong></span> <span class='ocrx_word' id='word_1_84' title='bbox 1146 799 1239 832; x_wconf 90' lang='lat' dir='ltr'><strong>nobis</strong></span> <span class='ocrx_word' id='word_1_85' title='bbox 1268 803 1301 832; x_wconf 89' lang='lat' dir='ltr'><strong>et</strong></span> <span class='ocrx_word' id='word_1_86' title='bbox 1328 801 1463 843; x_wconf 83' lang='lat' dir='ltr'><strong>imperio</strong></span> <span class='ocrx_word' id='word_1_87' title='bbox 1487 801 1663 844; x_wconf 80' lang='lat' dir='ltr'>prudentes</span> <span class='ocrx_word' id='word_1_88' title='bbox 1685 804 1743 836; x_wconf 88' lang='lat' dir='ltr'><strong>viri</strong></span> <span class='ocrx_word' id='word_1_89' title='bbox 1766 804 1853 836; x_wconf 85' lang='lat' dir='ltr'><strong>cives</strong></span> <span class='ocrx_word' id='word_1_90' title='bbox 1875 805 1907 837; x_wconf 91' lang='lat' dir='ltr'><strong>in</strong></span> 
     </span>
     <span class='ocr_line' id='line_1_11' title="bbox 213 851 1910 898; baseline 0.003 -15"><span class='ocrx_word' id='word_1_91' title='bbox 213 863 238 883; x_wconf 82' lang='grc' dir='ltr'><strong>ιο</strong></span> <span class='ocrx_word' id='word_1_92' title='bbox 255 852 489 894; x_wconf 74' lang='lat' dir='ltr'><strong>Nuremberch‚</strong></span> <span class='ocrx_word' id='word_1_93' title='bbox 508 851 622 885; x_wconf 85' lang='lat' dir='ltr'><strong>fideles</strong></span> <span class='ocrx_word' id='word_1_94' title='bbox 637 852 738 884; x_wconf 88' lang='lat' dir='ltr'><strong>nostri</strong></span> <span class='ocrx_word' id='word_1_95' title='bbox 753 851 862 884; x_wconf 87' lang='lat' dir='ltr'><strong>dilecti</strong></span> <span class='ocrx_word' id='word_1_96' title='bbox 879 851 1018 884; x_wconf 80' lang='lat' dir='ltr'><strong>fideliter</strong></span> <span class='ocrx_word' id='word_1_97' title='bbox 1033 851 1260 894; x_wconf 88' lang='lat' dir='ltr'><strong>impenderunt</strong></span> <span class='ocrx_word' id='word_1_98' title='bbox 1279 855 1312 884; x_wconf 90' lang='lat' dir='ltr'><strong>et</strong></span> <span class='ocrx_word' id='word_1_99' title='bbox 1327 863 1390 895; x_wconf 88' lang='lat' dir='ltr'><strong>que</strong></span> <span class='ocrx_word' id='word_1_100' title='bbox 1406 853 1537 886; x_wconf 83' lang='lat' dir='ltr'><strong>inantea</strong></span> <span class='ocrx_word' id='word_1_101' title='bbox 1551 854 1740 897; x_wconf 90' lang='lat' dir='ltr'><strong>impendere</strong></span> <span class='ocrx_word' id='word_1_102' title='bbox 1755 859 1910 898; x_wconf 83' lang='lat' dir='ltr'><strong>poterunt</strong></span> 
     </span>
     <span class='ocr_line' id='line_1_12' title="bbox 255 902 1908 948; baseline 0.002 -11"><span class='ocrx_word' id='word_1_103' title='bbox 255 905 408 948; x_wconf 81' lang='lat' dir='ltr'><strong>gratiora,</strong></span> <span class='ocrx_word' id='word_1_104' title='bbox 431 904 641 937; x_wconf 78' lang='lat' dir='ltr'><strong>serenitatem</strong></span> <span class='ocrx_word' id='word_1_105' title='bbox 662 906 804 935; x_wconf 88' lang='lat' dir='ltr'><strong>nostram</strong></span> <span class='ocrx_word' id='word_1_106' title='bbox 828 903 951 946; x_wconf 86' lang='lat' dir='ltr'><strong>regiam</strong></span> <span class='ocrx_word' id='word_1_107' title='bbox 975 902 1150 936; x_wconf 82' lang='lat' dir='ltr'><strong>efficaciter</strong></span> <span class='ocrx_word' id='word_1_108' title='bbox 1171 908 1358 936; x_wconf 76' lang='lat' dir='ltr'><strong>ammonent</strong></span> <span class='ocrx_word' id='word_1_109' title='bbox 1380 908 1414 936; x_wconf 90' lang='lat' dir='ltr'><strong>et</strong></span> <span class='ocrx_word' id='word_1_110' title='bbox 1436 905 1581 946; x_wconf 89' lang='lat' dir='ltr'><strong>invitant,</strong></span> <span class='ocrx_word' id='word_1_111' title='bbox 1604 910 1639 938; x_wconf 88' lang='lat' dir='ltr'><strong>ut</strong></span> <span class='ocrx_word' id='word_1_112' title='bbox 1661 906 1761 938; x_wconf 88' lang='lat' dir='ltr'><strong>simus</strong></span> <span class='ocrx_word' id='word_1_113' title='bbox 1784 907 1908 941; x_wconf 89' lang='lat' dir='ltr'><strong>eisdem</strong></span> 
     </span>
     <span class='ocr_line' id='line_1_13' title="bbox 255 954 1907 1002; baseline 0.001 -13"><span class='ocrx_word' id='word_1_114' title='bbox 255 957 288 989; x_wconf 90' lang='lat' dir='ltr'><strong>in</strong></span> <span class='ocrx_word' id='word_1_115' title='bbox 311 955 515 989; x_wconf 81' lang='lat' dir='ltr'><strong>conferendis</strong></span> <span class='ocrx_word' id='word_1_116' title='bbox 537 955 648 998; x_wconf 84' lang='lat' dir='ltr'><strong>gratiis</strong></span> <span class='ocrx_word' id='word_1_117' title='bbox 670 954 832 988; x_wconf 85' lang='lat' dir='ltr'><strong>liberales.</strong></span> <span class='ocrx_word' id='word_1_118' title='bbox 871 955 1077 998; x_wconf 81' lang='lat' dir='ltr'><strong>Quapropter</strong></span> <span class='ocrx_word' id='word_1_119' title='bbox 1098 955 1180 987; x_wconf 87' lang='lat' dir='ltr'><strong>scire</strong></span> <span class='ocrx_word' id='word_1_120' title='bbox 1203 955 1349 988; x_wconf 82' lang='lat' dir='ltr'><strong>volumus</strong></span> <span class='ocrx_word' id='word_1_121' title='bbox 1371 957 1537 989; x_wconf 86' lang='lat' dir='ltr'><strong>universos</strong></span> <span class='ocrx_word' id='word_1_122' title='bbox 1559 959 1758 1000; x_wconf 88' lang='lat' dir='ltr'><strong>presentium</strong></span> <span class='ocrx_word' id='word_1_123' title='bbox 1781 959 1907 1002; x_wconf 87' lang='lat' dir='ltr'><strong>inspec-</strong></span> 
     </span>
     <span class='ocr_line' id='line_1_14' title="bbox 256 1006 2001 1054; baseline 0.002 -13"><span class='ocrx_word' id='word_1_124' title='bbox 256 1012 353 1047; x_wconf 81' lang='lat' dir='ltr'><strong>tores,</strong></span> <span class='ocrx_word' id='word_1_125' title='bbox 375 1019 435 1040; x_wconf 91' lang='lat' dir='ltr'><strong>nos</strong></span> <span class='ocrx_word' id='word_1_126' title='bbox 456 1007 698 1040; x_wconf 81' lang='lat' dir='ltr'><strong>universitatem</strong></span> <span class='ocrx_word' id='word_1_127' title='bbox 721 1006 939 1049; x_wconf 84' lang='lat' dir='ltr'><strong>predictorum</strong></span> <span class='ocrx_word' id='word_1_128' title='bbox 962 1007 1078 1039; x_wconf 83' lang='lat' dir='ltr'><strong>civium</strong></span> <span class='ocrx_word' id='word_1_129' title='bbox 1101 1006 1143 1039; x_wconf 91' lang='lat' dir='ltr'><strong>ab</strong></span> <span class='ocrx_word' id='word_1_130' title='bbox 1167 1006 1341 1049; x_wconf 86' lang='lat' dir='ltr'><strong>epiphania</strong></span> <span class='ocrx_word' id='word_1_131' title='bbox 1363 1007 1494 1040; x_wconf 87' lang='lat' dir='ltr'><strong>Domini</strong></span> <span class='ocrx_word' id='word_1_132' title='bbox 1518 1009 1665 1051; x_wconf 85' lang='lat' dir='ltr'><strong>proxime</strong></span> <span class='ocrx_word' id='word_1_133' title='bbox 1687 1010 1827 1043; x_wconf 85' lang='lat' dir='ltr'><strong>affutura</strong></span> <span class='ocrx_word' id='word_1_134' title='bbox 1850 1022 1909 1054; x_wconf 89' lang='lat' dir='ltr'><strong>per</strong></span> <span class='ocrx_word' id='word_1_135' title='bbox 1922 1007 2001 1053; x_wconf 57' lang='lat'><strong>1232</strong></span> 
     </span>
     <span class='ocr_line' id='line_1_15' title="bbox 257 1058 1906 1101; baseline 0.001 -8"><span class='ocrx_word' id='word_1_136' title='bbox 257 1061 441 1093; x_wconf 86' lang='lat' dir='ltr'><strong>continuum</strong></span> <span class='ocrx_word' id='word_1_137' title='bbox 464 1059 628 1091; x_wconf 91' lang='lat' dir='ltr'><strong>biennium</strong></span> <span class='ocrx_word' id='word_1_138' title='bbox 650 1058 692 1091; x_wconf 89' lang='lat' dir='ltr'><strong>ab</strong></span> <span class='ocrx_word' id='word_1_139' title='bbox 716 1058 802 1091; x_wconf 91' lang='lat' dir='ltr'><strong>omni</strong></span> <span class='ocrx_word' id='word_1_140' title='bbox 825 1062 948 1098; x_wconf 84' lang='lat' dir='ltr'><strong>steura,</strong></span> <span class='ocrx_word' id='word_1_141' title='bbox 977 1059 1151 1091; x_wconf 82' lang='lat' dir='ltr'><strong>exaccione</strong></span> <span class='ocrx_word' id='word_1_142' title='bbox 1175 1063 1208 1091; x_wconf 90' lang='lat' dir='ltr'><strong>et</strong></span> <span class='ocrx_word' id='word_1_143' title='bbox 1230 1059 1392 1101; x_wconf 84' lang='lat' dir='ltr'><strong>peticione</strong></span> <span class='ocrx_word' id='word_1_144' title='bbox 1414 1059 1552 1093; x_wconf 83' lang='lat' dir='ltr'><strong>reddere</strong></span> <span class='ocrx_word' id='word_1_145' title='bbox 1576 1060 1697 1094; x_wconf 89' lang='lat' dir='ltr'><strong>liberos</strong></span> <span class='ocrx_word' id='word_1_146' title='bbox 1719 1066 1753 1094; x_wconf 87' lang='lat' dir='ltr'><strong>et</strong></span> <span class='ocrx_word' id='word_1_147' title='bbox 1775 1063 1906 1095; x_wconf 87' lang='lat' dir='ltr'><strong>solutos.</strong></span> 
     </span>
     <span class='ocr_line' id='line_1_16' title="bbox 213 1110 1908 1155; baseline 0.002 -10"><span class='ocrx_word' id='word_1_148' title='bbox 213 1120 238 1141; x_wconf 61' lang='grc' dir='ltr'><strong>ιδ</strong></span> <span class='ocrx_word' id='word_1_149' title='bbox 254 1112 451 1145; x_wconf 85' lang='lat' dir='ltr'><strong>Profitemur</strong></span> <span class='ocrx_word' id='word_1_150' title='bbox 479 1112 578 1143; x_wconf 90' lang='lat' dir='ltr'><strong>etiam</strong></span> <span class='ocrx_word' id='word_1_151' title='bbox 601 1110 765 1153; x_wconf 86' lang='lat' dir='ltr'><strong>predictos</strong></span> <span class='ocrx_word' id='word_1_152' title='bbox 788 1110 874 1142; x_wconf 86' lang='lat' dir='ltr'><strong>cives</strong></span> <span class='ocrx_word' id='word_1_153' title='bbox 896 1110 988 1142; x_wconf 90' lang='lat' dir='ltr'><strong>nobis</strong></span> <span class='ocrx_word' id='word_1_154' title='bbox 1015 1114 1048 1142; x_wconf 88' lang='lat' dir='ltr'><strong>et</strong></span> <span class='ocrx_word' id='word_1_155' title='bbox 1070 1110 1249 1143; x_wconf 87' lang='lat' dir='ltr'><strong>conthorali</strong></span> <span class='ocrx_word' id='word_1_156' title='bbox 1271 1114 1379 1143; x_wconf 91' lang='lat' dir='ltr'><strong>nostre</strong></span> <span class='ocrx_word' id='word_1_157' title='bbox 1403 1111 1572 1144; x_wconf 72' lang='lat' dir='ltr'><strong>karissime</strong></span> <span class='ocrx_word' id='word_1_158' title='bbox 1595 1114 1787 1155; x_wconf 81' lang='lat' dir='ltr'><strong>quingentas</strong></span> <span class='ocrx_word' id='word_1_159' title='bbox 1810 1115 1908 1148; x_wconf 85' lang='lat' dir='ltr'><strong>libras</strong></span> 
     </span>
     <span class='ocr_line' id='line_1_17' title="bbox 255 1161 1909 1209; baseline 0.002 -13"><span class='ocrx_word' id='word_1_160' title='bbox 255 1164 460 1196; x_wconf 90' lang='lat' dir='ltr'><strong>Hallensium</strong></span> <span class='ocrx_word' id='word_1_161' title='bbox 483 1162 670 1196; x_wconf 86' lang='lat' dir='ltr'><strong>exsolvisse.</strong></span> <span class='ocrx_word' id='word_1_162' title='bbox 708 1161 845 1204; x_wconf 81' lang='lat' dir='ltr'><strong>Insuper</strong></span> <span class='ocrx_word' id='word_1_163' title='bbox 866 1161 1022 1194; x_wconf 84' lang='lat' dir='ltr'><strong>adicimus</strong></span> <span class='ocrx_word' id='word_1_164' title='bbox 1045 1162 1210 1204; x_wconf 80' lang='lat' dir='ltr'><strong>sepefatos</strong></span> <span class='ocrx_word' id='word_1_165' title='bbox 1233 1163 1319 1195; x_wconf 84' lang='lat' dir='ltr'><strong>cives</strong></span> <span class='ocrx_word' id='word_1_166' title='bbox 1341 1173 1376 1194; x_wconf 91' lang='lat' dir='ltr'><strong>se</strong></span> <span class='ocrx_word' id='word_1_167' title='bbox 1399 1162 1549 1196; x_wconf 82' lang='lat' dir='ltr'><strong>benivole</strong></span> <span class='ocrx_word' id='word_1_168' title='bbox 1571 1165 1767 1207; x_wconf 76' lang='lat' dir='ltr'><strong>astrinxisse,</strong></span> <span class='ocrx_word' id='word_1_169' title='bbox 1791 1170 1827 1198; x_wconf 92' lang='lat' dir='ltr'><strong>ut</strong></span> <span class='ocrx_word' id='word_1_170' title='bbox 1849 1177 1909 1209; x_wconf 89' lang='lat' dir='ltr'><strong>per</strong></span> 
     </span>
     <span class='ocr_line' id='line_1_18' title="bbox 255 1213 1908 1260; baseline 0.001 -12"><span class='ocrx_word' id='word_1_171' title='bbox 255 1226 373 1249; x_wconf 85' lang='lat' dir='ltr'><strong>aunum</strong></span> <span class='ocrx_word' id='word_1_172' title='bbox 403 1215 587 1247; x_wconf 88' lang='lat' dir='ltr'><strong>continuum</strong></span> <span class='ocrx_word' id='word_1_173' title='bbox 619 1214 851 1257; x_wconf 74' lang='lat' dir='ltr'><strong>quinquaginta</strong></span> <span class='ocrx_word' id='word_1_174' title='bbox 880 1213 1106 1256; x_wconf 89' lang='lat' dir='ltr'><strong>stipendiarios</strong></span> <span class='ocrx_word' id='word_1_175' title='bbox 1133 1214 1279 1246; x_wconf 86' lang='lat' dir='ltr'><strong>forenses</strong></span> <span class='ocrx_word' id='word_1_176' title='bbox 1305 1215 1432 1256; x_wconf 86' lang='lat' dir='ltr'><strong>equites</strong></span> <span class='ocrx_word' id='word_1_177' title='bbox 1460 1215 1582 1248; x_wconf 85' lang='lat' dir='ltr'><strong>habere</strong></span> <span class='ocrx_word' id='word_1_178' title='bbox 1606 1216 1747 1249; x_wconf 89' lang='lat' dir='ltr'><strong>debeant</strong></span> <span class='ocrx_word' id='word_1_179' title='bbox 1768 1219 1908 1260; x_wconf 88' lang='lat' dir='ltr'><strong>propriis</strong></span> 
     </span>
     <span class='ocr_line' id='line_1_19' title="bbox 255 1265 1906 1311; baseline 0.001 -11"><span class='ocrx_word' id='word_1_180' title='bbox 255 1268 320 1300; x_wconf 90' lang='lat' dir='ltr'><strong>suis</strong></span> <span class='ocrx_word' id='word_1_181' title='bbox 336 1267 486 1311; x_wconf 87' lang='lat' dir='ltr'><strong>expensis</strong></span> <span class='ocrx_word' id='word_1_182' title='bbox 508 1266 600 1299; x_wconf 89' lang='lat' dir='ltr'><strong>nobis</strong></span> <span class='ocrx_word' id='word_1_183' title='bbox 622 1267 655 1298; x_wconf 93' lang='lat' dir='ltr'><strong>in</strong></span> <span class='ocrx_word' id='word_1_184' title='bbox 678 1266 868 1308; x_wconf 89' lang='lat' dir='ltr'><strong>obsequium</strong></span> <span class='ocrx_word' id='word_1_185' title='bbox 888 1266 1029 1308; x_wconf 87' lang='lat' dir='ltr'><strong>ipsisque</strong></span> <span class='ocrx_word' id='word_1_186' title='bbox 1048 1266 1214 1308; x_wconf 84' lang='lat' dir='ltr'><strong>proprium</strong></span> <span class='ocrx_word' id='word_1_187' title='bbox 1237 1266 1269 1298; x_wconf 88' lang='lat' dir='ltr'><strong>in</strong></span> <span class='ocrx_word' id='word_1_188' title='bbox 1289 1265 1480 1308; x_wconf 86' lang='lat' dir='ltr'><strong>profectum.</strong></span> <span class='ocrx_word' id='word_1_189' title='bbox 1568 1267 1606 1300; x_wconf 92' lang='lat' dir='ltr'><strong>In</strong></span> <span class='ocrx_word' id='word_1_190' title='bbox 1623 1279 1758 1310; x_wconf 86' lang='lat' dir='ltr'><strong>quorum</strong></span> <span class='ocrx_word' id='word_1_191' title='bbox 1774 1268 1906 1301; x_wconf 82' lang='lat' dir='ltr'><strong>eviden-</strong></span> 
     </span>
     <span class='ocr_line' id='line_1_20' title="bbox 256 1317 1427 1362; baseline -0.002 -9"><span class='ocrx_word' id='word_1_192' title='bbox 256 1320 333 1353; x_wconf 76' lang='lat' dir='ltr'><strong>tiam</strong></span> <span class='ocrx_word' id='word_1_193' title='bbox 356 1321 525 1362; x_wconf 87' lang='lat' dir='ltr'><strong>presentes</strong></span> <span class='ocrx_word' id='word_1_194' title='bbox 546 1318 624 1360; x_wconf 88' lang='lat' dir='ltr'><strong>ipsis</strong></span> <span class='ocrx_word' id='word_1_195' title='bbox 647 1317 795 1350; x_wconf 85' lang='lat' dir='ltr'><strong>dedimus</strong></span> <span class='ocrx_word' id='word_1_196' title='bbox 818 1319 996 1351; x_wconf 81' lang='lat' dir='ltr'><strong>maiestatis</strong></span> <span class='ocrx_word' id='word_1_197' title='bbox 1019 1322 1127 1351; x_wconf 92' lang='lat' dir='ltr'><strong>nostre</strong></span> <span class='ocrx_word' id='word_1_198' title='bbox 1151 1319 1256 1362; x_wconf 80' lang='lat' dir='ltr'><strong>sigillo</strong></span> <span class='ocrx_word' id='word_1_199' title='bbox 1279 1320 1427 1351; x_wconf 86' lang='lat' dir='ltr'><strong>munitas.</strong></span> 
     </span>
     <span class='ocr_line' id='line_1_21' title="bbox 211 1369 1906 1415; baseline 0.001 -13"><span class='ocrx_word' id='word_1_200' title='bbox 211 1377 238 1398; x_wconf 72' lang='lat'><strong>2⁰</strong></span> <span class='ocrx_word' id='word_1_201' title='bbox 363 1371 438 1403; x_wconf 88' lang='lat' dir='ltr'><strong>Dat.</strong></span> <span class='ocrx_word' id='word_1_202' title='bbox 461 1371 494 1402; x_wconf 90' lang='lat' dir='ltr'><strong>in</strong></span> <span class='ocrx_word' id='word_1_203' title='bbox 516 1369 692 1411; x_wconf 80' lang='lat' dir='ltr'><strong>Amberoh,</strong></span> <span class='ocrx_word' id='word_1_204' title='bbox 715 1369 805 1404; x_wconf 86' lang='lat' dir='ltr'><strong>XVI.</strong></span> <span class='ocrx_word' id='word_1_205' title='bbox 822 1370 961 1403; x_wconf 84' lang='lat' dir='ltr'><strong>Kalend.</strong></span> <span class='ocrx_word' id='word_1_206' title='bbox 978 1370 1129 1412; x_wconf 81' lang='lat' dir='ltr'><strong>Ianuarii,</strong></span> <span class='ocrx_word' id='word_1_207' title='bbox 1153 1381 1236 1403; x_wconf 90' lang='lat' dir='ltr'><strong>anno</strong></span> <span class='ocrx_word' id='word_1_208' title='bbox 1251 1370 1382 1403; x_wconf 89' lang='lat' dir='ltr'><strong>Domini</strong></span> <span class='ocrx_word' id='word_1_209' title='bbox 1406 1371 1524 1405; x_wconf 82' lang='lat' dir='ltr'>MCOC</span> <span class='ocrx_word' id='word_1_210' title='bbox 1541 1371 1792 1415; x_wconf 88' lang='lat' dir='ltr'><strong>quintodecimo,</strong></span> <span class='ocrx_word' id='word_1_211' title='bbox 1815 1373 1906 1415; x_wconf 84' lang='lat' dir='ltr'><strong>regni</strong></span> 
     </span>
    </p>
   </div>
   <div class='ocr_carea' id='block_1_6' title="bbox 255 1421 734 1456">
    <p class='ocr_par' dir='ltr' id='par_1_6' title="bbox 255 1421 734 1456">
     <span class='ocr_line' id='line_1_22' title="bbox 255 1421 734 1456; baseline -0.004 0"><span class='ocrx_word' id='word_1_212' title='bbox 255 1433 332 1456; x_wconf 87' lang='lat' dir='ltr'><strong>vero</strong></span> <span class='ocrx_word' id='word_1_213' title='bbox 354 1423 454 1455; x_wconf 85' lang='lat' dir='ltr'><strong>nostri</strong></span> <span class='ocrx_word' id='word_1_214' title='bbox 477 1432 560 1454; x_wconf 90' lang='lat' dir='ltr'><strong>anno</strong></span> <span class='ocrx_word' id='word_1_215' title='bbox 583 1421 734 1454; x_wconf 89' lang='lat' dir='ltr'><strong>secundo.</strong></span> 
     </span>
    </p>
   </div>
   <div class='ocr_carea' id='block_1_7' title="bbox 443 1562 1719 1678">
    <p class='ocr_par' dir='ltr' id='par_1_7' title="bbox 443 1562 1719 1678">
     <span class='ocr_line' id='line_1_23' title="bbox 443 1562 1719 1611; baseline 0.002 -2"><span class='ocrx_word' id='word_1_216' title='bbox 443 1563 691 1609; x_wconf 83' lang='lat'><strong>335—340.</strong></span> <span class='ocrx_word' id='word_1_217' title='bbox 733 1562 1058 1608; x_wconf 87' lang='lat' dir='ltr'><strong>LITTERAE</strong></span> <span class='ocrx_word' id='word_1_218' title='bbox 1091 1562 1298 1610; x_wconf 85' lang='lat' dir='ltr'>REGIS</span> <span class='ocrx_word' id='word_1_219' title='bbox 1326 1563 1719 1611; x_wconf 87' lang='lat' dir='ltr'><strong>ARAGONUM.</strong></span> 
     </span>
     <span class='ocr_line' id='line_1_24' title="bbox 894 1640 1277 1678; baseline 0.005 -2"><span class='ocrx_word' id='word_1_220' title='bbox 894 1640 1002 1677; x_wconf 88' lang='lat'><strong>1316.</strong></span> <span class='ocrx_word' id='word_1_221' title='bbox 1043 1641 1277 1678; x_wconf 79' lang='lat' dir='ltr'><strong>lan.7.-8.</strong></span> 
     </span>
    </p>
   </div>
   <div class='ocr_carea' id='block_1_8' title="bbox 456 1743 1661 1790">
    <p class='ocr_par' dir='ltr' id='par_1_8' title="bbox 456 1743 1661 1790">
     <span class='ocr_line' id='line_1_25' title="bbox 456 1743 1661 1790; baseline -0.001 -10"><span class='ocrx_word' id='word_1_222' title='bbox 456 1763 461 1766; x_wconf 95' lang='lat'>·</span> <span class='ocrx_word' id='word_1_223' title='bbox 510 1743 595 1780; x_wconf 86' lang='lat'><strong>335.</strong></span> <span class='ocrx_word' id='word_1_224' title='bbox 635 1743 791 1779; x_wconf 81' lang='lat' dir='ltr'><strong>Litterae</strong></span> <span class='ocrx_word' id='word_1_225' title='bbox 811 1743 952 1789; x_wconf 77' lang='lat' dir='ltr'><strong>priores</strong></span> <span class='ocrx_word' id='word_1_226' title='bbox 980 1745 1027 1780; x_wconf 83' lang='lat' dir='ltr'><strong>ad</strong></span> <span class='ocrx_word' id='word_1_227' title='bbox 1054 1744 1235 1780; x_wconf 63' lang='lat' dir='ltr'><strong>Elisabeth</strong></span> <span class='ocrx_word' id='word_1_228' title='bbox 1261 1745 1424 1790; x_wconf 66' lang='lat' dir='ltr'><strong>reginam.</strong></span> <span class='ocrx_word' id='word_1_229' title='bbox 1530 1745 1608 1781; x_wconf 82' lang='lat' dir='ltr'><strong>Ian.</strong></span> <span class='ocrx_word' id='word_1_230' title='bbox 1629 1746 1661 1780; x_wconf 88' lang='lat'><strong>7.</strong></span> 
     </span>
    </p>
   </div>
   <div class='ocr_carea' id='block_1_9' title="bbox 214 1809 1904 1903">
    <p class='ocr_par' dir='ltr' id='par_1_9' title="bbox 214 1809 1904 1903">
     <span class='ocr_line' id='line_1_26' title="bbox 214 1809 1904 1852; baseline -0.001 -8"><span class='ocrx_word' id='word_1_231' title='bbox 214 1823 240 1844; x_wconf 66' lang='lat' dir='ltr'><strong>aa</strong></span> <span class='ocrx_word' id='word_1_232' title='bbox 369 1810 467 1851; x_wconf 78' lang='lat' dir='ltr'><strong>Copia</strong></span> <span class='ocrx_word' id='word_1_233' title='bbox 496 1809 552 1852; x_wconf 90' lang='lat' dir='ltr'><strong>(c.)</strong></span> <span class='ocrx_word' id='word_1_234' title='bbox 581 1810 617 1842; x_wconf 80' lang='lat' dir='ltr'><strong>in</strong></span> <span class='ocrx_word' id='word_1_235' title='bbox 647 1809 805 1842; x_wconf 78' lang='lat' dir='ltr'><strong>tabulario</strong></span> <span class='ocrx_word' id='word_1_236' title='bbox 834 1810 917 1850; x_wconf 74' lang='lat' dir='ltr'><strong>reyio</strong></span> <span class='ocrx_word' id='word_1_237' title='bbox 944 1809 1181 1842; x_wconf 75' lang='lat' dir='ltr'><strong>Barcinonensi</strong></span> <span class='ocrx_word' id='word_1_238' title='bbox 1209 1810 1400 1851; x_wconf 75' lang='lat' dir='ltr'><strong>‘Reyistrum</strong></span> <span class='ocrx_word' id='word_1_239' title='bbox 1431 1821 1481 1842; x_wconf 79' lang='lat' dir='ltr'><strong>nr.</strong></span> <span class='ocrx_word' id='word_1_240' title='bbox 1497 1810 1575 1842; x_wconf 81' lang='lat'><strong><em>318’</em></strong></span> <span class='ocrx_word' id='word_1_241' title='bbox 1602 1809 1657 1849; x_wconf 83' lang='lat' dir='ltr'><strong>sol.</strong></span> <span class='ocrx_word' id='word_1_242' title='bbox 1673 1812 1740 1842; x_wconf 74' lang='lat'><strong>43¹.</strong></span> <span class='ocrx_word' id='word_1_243' title='bbox 1772 1829 1812 1834; x_wconf 96' lang='lat'><strong>—</strong></span> <span class='ocrx_word' id='word_1_244' title='bbox 1841 1810 1904 1843; x_wconf 76' lang='lat' dir='ltr'><strong>Ed.</strong></span> 
     </span>
     <span class='ocr_line' id='line_1_27' title="bbox 257 1860 1716 1903; baseline -0.001 -9"><span class='ocrx_word' id='word_1_245' title='bbox 257 1860 417 1903; x_wconf 73' lang='lat' dir='ltr'><strong>Zeissbery</strong></span> <span class='ocrx_word' id='word_1_246' title='bbox 438 1860 502 1894; x_wconf 79' lang='lat' dir='ltr'><strong>loco</strong></span> <span class='ocrx_word' id='word_1_247' title='bbox 523 1871 624 1902; x_wconf 77' lang='lat' dir='ltr'><strong>supra</strong></span> <span class='ocrx_word' id='word_1_248' title='bbox 646 1861 690 1893; x_wconf 83' lang='lat' dir='ltr'><strong>ad</strong></span> <span class='ocrx_word' id='word_1_249' title='bbox 711 1871 760 1893; x_wconf 80' lang='lat' dir='ltr'><strong>nr.</strong></span> <span class='ocrx_word' id='word_1_250' title='bbox 776 1862 819 1892; x_wconf 77' lang='lat'><strong>44</strong></span> <span class='ocrx_word' id='word_1_251' title='bbox 841 1861 936 1893; x_wconf 76' lang='lat' dir='ltr'><strong>citato</strong></span> <span class='ocrx_word' id='word_1_252' title='bbox 954 1872 987 1902; x_wconf 77' lang='lat' dir='ltr'><strong>p.</strong></span> <span class='ocrx_word' id='word_1_253' title='bbox 1004 1862 1045 1893; x_wconf 79' lang='lat'><strong>45</strong></span> <span class='ocrx_word' id='word_1_254' title='bbox 1068 1872 1119 1894; x_wconf 78' lang='lat' dir='ltr'><strong>nr.</strong></span> <span class='ocrx_word' id='word_1_255' title='bbox 1135 1863 1179 1894; x_wconf 86' lang='grc'><strong>38</strong></span> <span class='ocrx_word' id='word_1_256' title='bbox 1200 1872 1239 1894; x_wconf 74' lang='lat' dir='ltr'><strong>ex</strong></span> <span class='ocrx_word' id='word_1_257' title='bbox 1261 1872 1288 1894; x_wconf 94' lang='lat' dir='ltr'><strong>c.</strong></span> <span class='ocrx_word' id='word_1_258' title='bbox 1333 1861 1516 1894; x_wconf 79' lang='lat' dir='ltr'><strong>Editionem</strong></span> <span class='ocrx_word' id='word_1_259' title='bbox 1538 1862 1716 1902; x_wconf 75' lang='lat' dir='ltr'><strong>repetimus.</strong></span> 
     </span>
    </p>
   </div>
   <div class='ocr_carea' id='block_1_10' title="bbox 368 1916 644 1957">
    <p class='ocr_par' dir='ltr' id='par_1_10' title="bbox 368 1916 644 1957">
     <span class='ocr_line' id='line_1_28' title="bbox 368 1916 644 1957; baseline 0 -7"><span class='ocrx_word' id='word_1_260' title='bbox 368 1917 418 1957; x_wconf 83' lang='lat' dir='ltr'><strong>Cf.</strong></span> <span class='ocrx_word' id='word_1_261' title='bbox 440 1916 460 1950; x_wconf 84' lang='lat' dir='ltr'><strong>l.</strong></span> <span class='ocrx_word' id='word_1_262' title='bbox 477 1928 502 1950; x_wconf 88' lang='lat' dir='ltr'><strong>c.</strong></span> <span class='ocrx_word' id='word_1_263' title='bbox 525 1927 575 1950; x_wconf 76' lang='lat' dir='ltr'><strong>nr.</strong></span> <span class='ocrx_word' id='word_1_264' title='bbox 591 1918 644 1950; x_wconf 88' lang='grc'><strong>39.</strong></span> 
     </span>
    </p>
   </div>
   <div class='ocr_carea' id='block_1_11' title="bbox 210 1989 1904 2653">
    <p class='ocr_par' dir='ltr' id='par_1_11' title="bbox 210 1989 1904 2653">
     <span class='ocr_line' id='line_1_29' title="bbox 362 1989 643 2033; baseline -0.004 -11"><span class='ocrx_word' id='word_1_265' title='bbox 362 1989 478 2023; x_wconf 85' lang='lat' dir='ltr'><strong>Eidem</strong></span> <span class='ocrx_word' id='word_1_266' title='bbox 499 1989 643 2033; x_wconf 73' lang='lat' dir='ltr'><strong>regine&#39;.</strong></span> 
     </span>
     <span class='ocr_line' id='line_1_30' title="bbox 362 2042 1904 2086; baseline 0.001 -11"><span class='ocrx_word' id='word_1_267' title='bbox 362 2042 519 2075; x_wconf 88' lang='lat' dir='ltr'><strong>Litteram</strong></span> <span class='ocrx_word' id='word_1_268' title='bbox 544 2045 695 2083; x_wconf 81' lang='lat' dir='ltr'><strong>vestram,</strong></span> <span class='ocrx_word' id='word_1_269' title='bbox 716 2051 776 2084; x_wconf 91' lang='lat' dir='ltr'><strong>per</strong></span> <span class='ocrx_word' id='word_1_270' title='bbox 799 2052 895 2084; x_wconf 86' lang='lat' dir='ltr'><strong>quam</strong></span> <span class='ocrx_word' id='word_1_271' title='bbox 919 2042 1104 2084; x_wconf 86' lang='lat' dir='ltr'><strong>postulastis</strong></span> <span class='ocrx_word' id='word_1_272' title='bbox 1127 2053 1147 2075; x_wconf 90' lang='lat' dir='ltr'><strong>a</strong></span> <span class='ocrx_word' id='word_1_273' title='bbox 1169 2042 1270 2083; x_wconf 88' lang='lat' dir='ltr'><strong>nobis,</strong></span> <span class='ocrx_word' id='word_1_274' title='bbox 1294 2046 1330 2074; x_wconf 89' lang='lat' dir='ltr'><strong>ut</strong></span> <span class='ocrx_word' id='word_1_275' title='bbox 1351 2053 1410 2075; x_wconf 89' lang='lat' dir='ltr'><strong>nos</strong></span> <span class='ocrx_word' id='word_1_276' title='bbox 1432 2047 1465 2075; x_wconf 90' lang='lat' dir='ltr'><strong>et</strong></span> <span class='ocrx_word' id='word_1_277' title='bbox 1487 2043 1665 2086; x_wconf 88' lang='lat' dir='ltr'><strong>principem</strong></span> <span class='ocrx_word' id='word_1_278' title='bbox 1690 2044 1904 2077; x_wconf 87' lang='lat' dir='ltr'><strong>excellentem</strong></span> 
     </span>
     <span class='ocr_line' id='line_1_31' title="bbox 212 2093 1904 2136; baseline 0.002 -12"><span class='ocrx_word' id='word_1_279' title='bbox 212 2102 239 2124; x_wconf 74' lang='grc' dir='ltr'><strong>ιο</strong></span> <span class='ocrx_word' id='word_1_280' title='bbox 255 2093 463 2127; x_wconf 82' lang='lat' dir='ltr'><strong>Fredericum</strong></span> <span class='ocrx_word' id='word_1_281' title='bbox 489 2093 708 2126; x_wconf 83' lang='lat' dir='ltr'><strong>Romanorum</strong></span> <span class='ocrx_word' id='word_1_282' title='bbox 738 2103 850 2136; x_wconf 85' lang='lat' dir='ltr'><strong>regem</strong></span> <span class='ocrx_word' id='word_1_283' title='bbox 885 2104 1013 2136; x_wconf 87' lang='lat' dir='ltr'><strong>semper</strong></span> <span class='ocrx_word' id='word_1_284' title='bbox 1044 2098 1215 2136; x_wconf 80' lang='lat' dir='ltr'><strong>augustum</strong></span> <span class='ocrx_word' id='word_1_285' title='bbox 1245 2095 1449 2127; x_wconf 85' lang='lat' dir='ltr'><strong>karissimum</strong></span> <span class='ocrx_word' id='word_1_286' title='bbox 1479 2100 1622 2127; x_wconf 87' lang='lat' dir='ltr'><strong>nostrum</strong></span> <span class='ocrx_word' id='word_1_287' title='bbox 1651 2095 1767 2136; x_wconf 80' lang='lat' dir='ltr'><strong>filium,</strong></span> <span class='ocrx_word' id='word_1_288' title='bbox 1800 2097 1904 2128; x_wconf 79' lang='lat' dir='ltr'><strong>virum</strong></span> 
     </span>
     <span class='ocr_line' id='line_1_32' title="bbox 256 2146 1904 2189; baseline 0.002 -13"><span class='ocrx_word' id='word_1_289' title='bbox 256 2148 396 2178; x_wconf 83' lang='lat' dir='ltr'><strong>vestrum</strong></span> <span class='ocrx_word' id='word_1_290' title='bbox 433 2156 496 2178; x_wconf 88' lang='lat' dir='ltr'><strong>non</strong></span> <span class='ocrx_word' id='word_1_291' title='bbox 530 2156 728 2178; x_wconf 86' lang='lat' dir='ltr'><strong>cessaremus</strong></span> <span class='ocrx_word' id='word_1_292' title='bbox 763 2146 932 2178; x_wconf 88' lang='lat' dir='ltr'><strong>comittere</strong></span> <span class='ocrx_word' id='word_1_293' title='bbox 965 2146 1151 2178; x_wconf 89' lang='lat' dir='ltr'><strong>reverendis</strong></span> <span class='ocrx_word' id='word_1_294' title='bbox 1188 2147 1331 2189; x_wconf 86' lang='lat' dir='ltr'><strong>patribus</strong></span> <span class='ocrx_word' id='word_1_295' title='bbox 1364 2147 1502 2180; x_wconf 87' lang='lat' dir='ltr'><strong>dominis</strong></span> <span class='ocrx_word' id='word_1_296' title='bbox 1536 2148 1752 2180; x_wconf 81' lang='lat' dir='ltr'><strong>cardinalibus</strong></span> <span class='ocrx_word' id='word_1_297' title='bbox 1788 2149 1904 2180; x_wconf 82' lang='lat' dir='ltr'><strong>nostris</strong></span> 
     </span>
     <span class='ocr_line' id='line_1_33' title="bbox 256 2196 1903 2243; baseline 0.002 -14"><span class='ocrx_word' id='word_1_298' title='bbox 256 2196 432 2238; x_wconf 70' lang='lat' dir='ltr'><strong>fautoribus</strong></span> <span class='ocrx_word' id='word_1_299' title='bbox 454 2200 489 2229; x_wconf 87' lang='lat' dir='ltr'><strong>et</strong></span> <span class='ocrx_word' id='word_1_300' title='bbox 510 2197 635 2238; x_wconf 86' lang='lat' dir='ltr'><strong>amicis,</strong></span> <span class='ocrx_word' id='word_1_301' title='bbox 658 2201 694 2230; x_wconf 86' lang='lat' dir='ltr'><strong>ut</strong></span> <span class='ocrx_word' id='word_1_302' title='bbox 716 2200 835 2229; x_wconf 84' lang='lat' dir='ltr'><strong>statum</strong></span> <span class='ocrx_word' id='word_1_303' title='bbox 859 2197 936 2230; x_wconf 87' lang='lat' dir='ltr'><strong>dicti</strong></span> <span class='ocrx_word' id='word_1_304' title='bbox 958 2198 1044 2240; x_wconf 87' lang='lat' dir='ltr'><strong>regis</strong></span> <span class='ocrx_word' id='word_1_305' title='bbox 1067 2202 1302 2241; x_wconf 78' lang='lat' dir='ltr'><strong>prosequantur</strong></span> <span class='ocrx_word' id='word_1_306' title='bbox 1323 2200 1433 2241; x_wconf 80' lang='lat' dir='ltr'><strong>gracia</strong></span> <span class='ocrx_word' id='word_1_307' title='bbox 1456 2203 1490 2231; x_wconf 87' lang='lat' dir='ltr'><strong>et</strong></span> <span class='ocrx_word' id='word_1_308' title='bbox 1512 2199 1637 2241; x_wconf 85' lang='lat' dir='ltr'><strong>favore,</strong></span> <span class='ocrx_word' id='word_1_309' title='bbox 1661 2211 1719 2232; x_wconf 93' lang='lat' dir='ltr'><strong>nos</strong></span> <span class='ocrx_word' id='word_1_310' title='bbox 1742 2201 1903 2243; x_wconf 82' lang='lat' dir='ltr'><strong>recepisse</strong></span> 
     </span>
     <span class='ocr_line' id='line_1_34' title="bbox 255 2249 1903 2294; baseline 0.002 -13"><span class='ocrx_word' id='word_1_311' title='bbox 255 2249 406 2282; x_wconf 84' lang='lat' dir='ltr'><strong>noveritis</strong></span> <span class='ocrx_word' id='word_1_312' title='bbox 433 2251 467 2281; x_wconf 83' lang='lat' dir='ltr'><strong>et</strong></span> <span class='ocrx_word' id='word_1_313' title='bbox 488 2249 574 2292; x_wconf 90' lang='lat' dir='ltr'><strong>quod</strong></span> <span class='ocrx_word' id='word_1_314' title='bbox 603 2252 670 2281; x_wconf 88' lang='lat' dir='ltr'><strong>tam</strong></span> <span class='ocrx_word' id='word_1_315' title='bbox 693 2260 790 2291; x_wconf 88' lang='lat' dir='ltr'><strong>super</strong></span> <span class='ocrx_word' id='word_1_316' title='bbox 812 2250 974 2292; x_wconf 87' lang='lat' dir='ltr'><strong>premissis</strong></span> <span class='ocrx_word' id='word_1_317' title='bbox 998 2260 1094 2292; x_wconf 86' lang='lat' dir='ltr'><strong>quam</strong></span> <span class='ocrx_word' id='word_1_318' title='bbox 1124 2250 1195 2282; x_wconf 87' lang='lat' dir='ltr'><strong>aliis</strong></span> <span class='ocrx_word' id='word_1_319' title='bbox 1221 2249 1307 2294; x_wconf 91' lang='lat' dir='ltr'><strong>[que]</strong></span> <span class='ocrx_word' id='word_1_320' title='bbox 1330 2251 1516 2283; x_wconf 85' lang='lat' dir='ltr'><strong>continebat</strong></span> <span class='ocrx_word' id='word_1_321' title='bbox 1538 2252 1634 2294; x_wconf 90' lang='lat' dir='ltr'><strong>plene</strong></span> <span class='ocrx_word' id='word_1_322' title='bbox 1657 2252 1837 2284; x_wconf 75' lang='lat' dir='ltr'><strong>audivimus</strong></span> <span class='ocrx_word' id='word_1_323' title='bbox 1865 2263 1903 2285; x_wconf 89' lang='lat' dir='ltr'><strong>ac</strong></span> 
     </span>
     <span class='ocr_line' id='line_1_35' title="bbox 256 2299 1902 2346; baseline 0.002 -14"><span class='ocrx_word' id='word_1_324' title='bbox 256 2299 473 2332; x_wconf 84' lang='lat' dir='ltr'><strong>intelleximus</strong></span> <span class='ocrx_word' id='word_1_325' title='bbox 486 2300 667 2343; x_wconf 79' lang='lat' dir='ltr'><strong>diligenter.</strong></span> <span class='ocrx_word' id='word_1_326' title='bbox 712 2301 765 2333; x_wconf 87' lang='lat' dir='ltr'><strong>Ad</strong></span> <span class='ocrx_word' id='word_1_327' title='bbox 789 2311 851 2343; x_wconf 89' lang='lat' dir='ltr'><strong>que</strong></span> <span class='ocrx_word' id='word_1_328' title='bbox 874 2301 1024 2333; x_wconf 87' lang='lat' dir='ltr'><strong>filiacioni</strong></span> <span class='ocrx_word' id='word_1_329' title='bbox 1048 2305 1153 2334; x_wconf 85' lang='lat' dir='ltr'><strong>vestre</strong></span> <span class='ocrx_word' id='word_1_330' title='bbox 1176 2301 1284 2334; x_wconf 90' lang='lat' dir='ltr'><strong>taliter</strong></span> <span class='ocrx_word' id='word_1_331' title='bbox 1299 2302 1541 2344; x_wconf 88' lang='lat' dir='ltr'><strong>respondemus,</strong></span> <span class='ocrx_word' id='word_1_332' title='bbox 1564 2303 1651 2346; x_wconf 91' lang='lat' dir='ltr'><strong>quod</strong></span> <span class='ocrx_word' id='word_1_333' title='bbox 1666 2304 1802 2346; x_wconf 82' lang='lat' dir='ltr'><strong>negocia</strong></span> <span class='ocrx_word' id='word_1_334' title='bbox 1825 2303 1902 2336; x_wconf 80' lang='lat' dir='ltr'><strong>dicti</strong></span> 
     </span>
     <span class='ocr_line' id='line_1_36' title="bbox 213 2351 1902 2398; baseline 0.003 -16"><span class='ocrx_word' id='word_1_335' title='bbox 213 2359 238 2380; x_wconf 69' lang='lat' dir='ltr'><strong>aa</strong></span> <span class='ocrx_word' id='word_1_336' title='bbox 255 2351 342 2393; x_wconf 77' lang='lat' dir='ltr'><strong>regis</strong></span> <span class='ocrx_word' id='word_1_337' title='bbox 373 2354 408 2384; x_wconf 89' lang='lat' dir='ltr'><strong>et</strong></span> <span class='ocrx_word' id='word_1_338' title='bbox 433 2355 540 2384; x_wconf 82' lang='lat' dir='ltr'><strong>vestra</strong></span> <span class='ocrx_word' id='word_1_339' title='bbox 570 2355 606 2384; x_wconf 88' lang='lat' dir='ltr'><strong>ut</strong></span> <span class='ocrx_word' id='word_1_340' title='bbox 627 2355 737 2384; x_wconf 74' lang='lat' dir='ltr'><strong>nostra</strong></span> <span class='ocrx_word' id='word_1_341' title='bbox 759 2353 888 2395; x_wconf 85' lang='lat' dir='ltr'><strong>propria</strong></span> <span class='ocrx_word' id='word_1_342' title='bbox 916 2363 974 2385; x_wconf 91' lang='lat' dir='ltr'><strong>seu</strong></span> <span class='ocrx_word' id='word_1_343' title='bbox 1001 2353 1139 2384; x_wconf 83' lang='lat' dir='ltr'><strong>filiorum</strong></span> <span class='ocrx_word' id='word_1_344' title='bbox 1161 2356 1341 2385; x_wconf 90' lang='lat' dir='ltr'><strong>nostrorum</strong></span> <span class='ocrx_word' id='word_1_345' title='bbox 1369 2354 1485 2386; x_wconf 85' lang='lat' dir='ltr'><strong>merito</strong></span> <span class='ocrx_word' id='word_1_346' title='bbox 1508 2358 1695 2397; x_wconf 82' lang='lat' dir='ltr'><strong>reputantes</strong></span> <span class='ocrx_word' id='word_1_347' title='bbox 1722 2356 1786 2387; x_wconf 84' lang='lat' dir='ltr'><strong>iam</strong></span> <span class='ocrx_word' id='word_1_348' title='bbox 1816 2355 1902 2398; x_wconf 87' lang='lat' dir='ltr'><strong>apud</strong></span> 
     </span>
     <span class='ocr_line' id='line_1_37' title="bbox 257 2401 1901 2450; baseline 0.003 -16"><span class='ocrx_word' id='word_1_349' title='bbox 257 2401 359 2434; x_wconf 85' lang='lat' dir='ltr'><strong>dictos</strong></span> <span class='ocrx_word' id='word_1_350' title='bbox 374 2401 520 2435; x_wconf 86' lang='lat' dir='ltr'><strong>dominos</strong></span> <span class='ocrx_word' id='word_1_351' title='bbox 535 2403 715 2436; x_wconf 84' lang='lat' dir='ltr'><strong>cardinales</strong></span> <span class='ocrx_word' id='word_1_352' title='bbox 731 2404 954 2436; x_wconf 89' lang='lat' dir='ltr'><strong>comissionem</strong></span> <span class='ocrx_word' id='word_1_353' title='bbox 970 2404 1152 2436; x_wconf 85' lang='lat' dir='ltr'><strong>huiusmodi</strong></span> <span class='ocrx_word' id='word_1_354' title='bbox 1168 2404 1303 2437; x_wconf 80' lang='lat' dir='ltr'><strong>fecimus</strong></span> <span class='ocrx_word' id='word_1_355' title='bbox 1318 2409 1351 2437; x_wconf 92' lang='lat' dir='ltr'><strong>et</strong></span> <span class='ocrx_word' id='word_1_356' title='bbox 1366 2405 1509 2447; x_wconf 85' lang='lat' dir='ltr'><strong>ulterius,</strong></span> <span class='ocrx_word' id='word_1_357' title='bbox 1531 2407 1684 2449; x_wconf 84' lang='lat' dir='ltr'><strong>quociens</strong></span> <span class='ocrx_word' id='word_1_358' title='bbox 1699 2407 1901 2450; x_wconf 83' lang='lat' dir='ltr'><strong>profuturum</strong></span> 
     </span>
     <span class='ocr_line' id='line_1_38' title="bbox 257 2452 1901 2498; baseline 0.003 -12"><span class='ocrx_word' id='word_1_359' title='bbox 257 2463 328 2486; x_wconf 88' lang='lat' dir='ltr'><strong>esse</strong></span> <span class='ocrx_word' id='word_1_360' title='bbox 357 2452 457 2497; x_wconf 80' lang='lat' dir='ltr'><strong>[thile</strong></span> <span class='ocrx_word' id='word_1_361' title='bbox 487 2458 520 2487; x_wconf 90' lang='lat' dir='ltr'><strong>et</strong></span> <span class='ocrx_word' id='word_1_362' title='bbox 547 2458 762 2498; x_wconf 88' lang='lat' dir='ltr'><strong>opportunum</strong></span> <span class='ocrx_word' id='word_1_363' title='bbox 786 2455 974 2493; x_wconf 83' lang='lat' dir='ltr'><strong>viderimus,</strong></span> <span class='ocrx_word' id='word_1_364' title='bbox 1004 2456 1168 2488; x_wconf 82' lang='lat' dir='ltr'><strong>faciemus.</strong></span> <span class='ocrx_word' id='word_1_365' title='bbox 1213 2456 1313 2488; x_wconf 85' lang='lat' dir='ltr'><strong>Filios</strong></span> <span class='ocrx_word' id='word_1_366' title='bbox 1335 2460 1466 2489; x_wconf 77' lang='lat' dir='ltr'><strong>autem·</strong></span> <span class='ocrx_word' id='word_1_367' title='bbox 1487 2458 1605 2491; x_wconf 87' lang='lat' dir='ltr'><strong>dilecte</strong></span> <span class='ocrx_word' id='word_1_368' title='bbox 1628 2462 1735 2491; x_wconf 89' lang='lat' dir='ltr'><strong>nostre</strong></span> <span class='ocrx_word' id='word_1_369' title='bbox 1758 2458 1901 2491; x_wconf 86' lang='lat' dir='ltr'><strong>Blanche</strong></span> 
     </span>
     <span class='ocr_line' id='line_1_39' title="bbox 256 2504 1901 2552; baseline 0.004 -15"><span class='ocrx_word' id='word_1_370' title='bbox 256 2504 297 2537; x_wconf 91' lang='lat' dir='ltr'><strong>de</strong></span> <span class='ocrx_word' id='word_1_371' title='bbox 313 2504 470 2538; x_wconf 85' lang='lat' dir='ltr'><strong>Oalderiis</strong></span> <span class='ocrx_word' id='word_1_372' title='bbox 492 2509 526 2538; x_wconf 86' lang='lat' dir='ltr'><strong>et</strong></span> <span class='ocrx_word' id='word_1_373' title='bbox 540 2506 765 2539; x_wconf 82' lang='lat' dir='ltr'><strong>Adamandam</strong></span> <span class='ocrx_word' id='word_1_374' title='bbox 781 2511 988 2540; x_wconf 84' lang='lat' dir='ltr'><strong>materteram</strong></span> <span class='ocrx_word' id='word_1_375' title='bbox 1006 2507 1154 2540; x_wconf 76' lang='lat' dir='ltr'><strong>Cardono</strong></span> <span class='ocrx_word' id='word_1_376' title='bbox 1172 2509 1335 2540; x_wconf 86' lang='lat' dir='ltr'><strong>servitoris</strong></span> <span class='ocrx_word' id='word_1_377' title='bbox 1349 2510 1458 2550; x_wconf 84' lang='lat' dir='ltr'><strong>vestri,</strong></span> <span class='ocrx_word' id='word_1_378' title='bbox 1481 2511 1564 2542; x_wconf 84' lang='lat' dir='ltr'><strong>sicut</strong></span> <span class='ocrx_word' id='word_1_379' title='bbox 1579 2511 1717 2552; x_wconf 81' lang='lat' dir='ltr'><strong>rogastis</strong></span> <span class='ocrx_word' id='word_1_380' title='bbox 1739 2511 1771 2542; x_wconf 89' lang='lat' dir='ltr'><strong>in</strong></span> <span class='ocrx_word' id='word_1_381' title='bbox 1794 2511 1901 2543; x_wconf 80' lang='lat' dir='ltr'><strong>littera</strong></span> 
     </span>
     <span class='ocr_line' id='line_1_40' title="bbox 255 2555 915 2599; baseline 0.005 -10"><span class='ocrx_word' id='word_1_382' title='bbox 255 2555 448 2599; x_wconf 86' lang='lat' dir='ltr'><strong>supradicta,</strong></span> <span class='ocrx_word' id='word_1_383' title='bbox 470 2556 662 2591; x_wconf 84' lang='lat' dir='ltr'><strong>habebimus</strong></span> <span class='ocrx_word' id='word_1_384' title='bbox 683 2559 915 2592; x_wconf 84' lang='lat' dir='ltr'><strong>comendatos.-</strong></span> 
     </span>
     <span class='ocr_line' id='line_1_41' title="bbox 210 2607 1856 2653; baseline 0.004 -14"><span class='ocrx_word' id='word_1_385' title='bbox 210 2618 237 2638; x_wconf 77' lang='grc' dir='ltr'>ω</span> <span class='ocrx_word' id='word_1_386' title='bbox 359 2607 482 2644; x_wconf 72' lang='lat' dir='ltr'><strong>‚Datum</strong></span> <span class='ocrx_word' id='word_1_387' title='bbox 503 2609 715 2651; x_wconf 85' lang='lat' dir='ltr'><strong>Barchinone,</strong></span> <span class='ocrx_word' id='word_1_388' title='bbox 739 2611 812 2644; x_wconf 87' lang='lat' dir='ltr'><strong>VII.</strong></span> <span class='ocrx_word' id='word_1_389' title='bbox 829 2611 906 2644; x_wconf 91' lang='lat' dir='ltr'><strong>Idus</strong></span> <span class='ocrx_word' id='word_1_390' title='bbox 929 2611 1080 2653; x_wconf 84' lang='lat' dir='ltr'><strong>Ianuarii,</strong></span> <span class='ocrx_word' id='word_1_391' title='bbox 1103 2622 1186 2644; x_wconf 89' lang='lat' dir='ltr'><strong>anno</strong></span> <span class='ocrx_word' id='word_1_392' title='bbox 1209 2612 1339 2645; x_wconf 88' lang='lat' dir='ltr'><strong>Domini</strong></span> <span class='ocrx_word' id='word_1_393' title='bbox 1361 2612 1555 2646; x_wconf 76' lang='lat' dir='ltr'><strong>Moccxv.</strong></span> <span class='ocrx_word' id='word_1_394' title='bbox 1734 2613 1824 2646; x_wconf 78' lang='lat' dir='ltr'><strong>idem</strong></span> <span class='ocrx_word' id='word_1_395' title='bbox 1833 2614 1856 2645; x_wconf 83' lang='lat'><strong>⁸.</strong></span> 
     </span>
    </p>
   </div>
   <div class='ocr_carea' id='block_1_12' title="bbox 358 2684 1900 2774">
    <p class='ocr_par' dir='ltr' id='par_1_12' title="bbox 358 2684 1900 2774">
     <span class='ocr_line' id='line_1_42' title="bbox 358 2684 580 2713; baseline 0.005 -1"><span class='ocrx_word' id='word_1_396' title='bbox 358 2684 424 2712; x_wconf 77' lang='lat'><strong>⁸8⁵.</strong></span> <span class='ocrx_word' id='word_1_397' title='bbox 451 2690 465 2705; x_wconf 76' lang='lat'>⁸</span> <span class='ocrx_word' id='word_1_398' title='bbox 491 2694 524 2713; x_wconf 73' lang='grc' dir='ltr'><strong>ω</strong></span> <span class='ocrx_word' id='word_1_399' title='bbox 540 2687 580 2713; x_wconf 80' lang='lat' dir='ltr'><strong>sd.</strong></span> 
     </span>
     <span class='ocr_line' id='line_1_43' title="bbox 358 2686 1900 2774; baseline 0.003 -11"><span class='ocrx_word' id='word_1_400' title='bbox 358 2737 385 2769; x_wconf 90' lang='lat'><strong>1)</strong></span> <span class='ocrx_word' id='word_1_401' title='bbox 405 2686 480 2771; x_wconf 38' lang='lat' dir='ltr'><strong>Quat</strong></span> <span class='ocrx_word' id='word_1_402' title='bbox 497 2739 628 2765; x_wconf 63' lang='lat' dir='ltr'><strong>adamo·</strong></span> <span class='ocrx_word' id='word_1_403' title='bbox 645 2738 721 2774; x_wconf 61' lang='lat' dir='ltr'><strong>apta!</strong></span> <span class='ocrx_word' id='word_1_404' title='bbox 733 2739 855 2772; x_wconf 67' lang='lat' dir='ltr'><strong>Bohnoer,</strong></span> <span class='ocrx_word' id='word_1_405' title='bbox 875 2739 939 2774; x_wconf 64' lang='lat'><strong>1³29.</strong></span> <span class='ocrx_word' id='word_1_406' title='bbox 952 2739 1045 2767; x_wconf 77' lang='lat' dir='ltr'><strong>Ludw.</strong></span> <span class='ocrx_word' id='word_1_407' title='bbox 1061 2747 1089 2773; x_wconf 79' lang='lat' dir='ltr'><strong>p.</strong></span> <span class='ocrx_word' id='word_1_408' title='bbox 1104 2744 1133 2766; x_wconf 85' lang='lat'><strong>11</strong></span> <span class='ocrx_word' id='word_1_409' title='bbox 1152 2747 1192 2766; x_wconf 75' lang='lat' dir='ltr'><strong>nr.</strong></span> <span class='ocrx_word' id='word_1_410' title='bbox 1208 2743 1260 2773; x_wconf 56' lang='lat'><strong>11⁸2,</strong></span> <span class='ocrx_word' id='word_1_411' title='bbox 1278 2741 1386 2768; x_wconf 68' lang='lat' dir='ltr'><strong>our-nino</strong></span> <span class='ocrx_word' id='word_1_412' title='bbox 1403 2741 1517 2768; x_wconf 75' lang='lat' dir='ltr'><strong>delenda</strong></span> <span class='ocrx_word' id='word_1_413' title='bbox 1535 2744 1607 2769; x_wconf 72' lang='lat' dir='ltr'><strong>sunt.</strong></span> <span class='ocrx_word' id='word_1_414' title='bbox 1638 2741 1722 2769; x_wconf 74' lang='lat' dir='ltr'><strong>FuLso</strong></span> <span class='ocrx_word' id='word_1_415' title='bbox 1740 2742 1900 2769; x_wconf 67' lang='lat' dir='ltr'><strong>iudicantur</strong></span> 
     </span>
    </p>
   </div>
   <div class='ocr_carea' id='block_1_13' title="bbox 253 2778 1898 2820">
    <p class='ocr_par' dir='ltr' id='par_1_13' title="bbox 253 2778 1898 2820">
     <span class='ocr_line' id='line_1_44' title="bbox 253 2778 1898 2820; baseline 0.003 -14"><span class='ocrx_word' id='word_1_416' title='bbox 253 2778 334 2813; x_wconf 64' lang='lat' dir='ltr'><strong>culm</strong></span> <span class='ocrx_word' id='word_1_417' title='bbox 351 2779 522 2815; x_wconf 71' lang='lat' dir='ltr'><strong>Rcyzstorum</strong></span> <span class='ocrx_word' id='word_1_418' title='bbox 540 2780 700 2815; x_wconf 68' lang='lat' dir='ltr'><strong>Boicmm,</strong></span> <span class='ocrx_word' id='word_1_419' title='bbox 719 2790 787 2816; x_wconf 76' lang='lat' dir='ltr'><strong>quae</strong></span> <span class='ocrx_word' id='word_1_420' title='bbox 805 2783 862 2810; x_wconf 80' lang='lat' dir='ltr'><strong>loco</strong></span> <span class='ocrx_word' id='word_1_421' title='bbox 880 2782 933 2810; x_wconf 70' lang='lat' dir='ltr'><strong>illic</strong></span> <span class='ocrx_word' id='word_1_422' title='bbox 951 2782 1042 2809; x_wconf 76' lang='lat' dir='ltr'><strong>adlato</strong></span> <span class='ocrx_word' id='word_1_423' title='bbox 1059 2782 1245 2809; x_wconf 62' lang='lat' dir='ltr'><strong>documentum</strong></span> <span class='ocrx_word' id='word_1_424' title='bbox 1263 2783 1348 2810; x_wconf 71' lang='lat' dir='ltr'><strong>citant</strong></span> <span class='ocrx_word' id='word_1_425' title='bbox 1366 2785 1395 2810; x_wconf 75' lang='lat' dir='ltr'><strong>in</strong></span> <span class='ocrx_word' id='word_1_426' title='bbox 1414 2784 1550 2811; x_wconf 56' lang='lat' dir='ltr'><strong>tab-dario</strong></span> <span class='ocrx_word' id='word_1_427' title='bbox 1566 2785 1686 2820; x_wconf 64' lang='lat' dir='ltr'><strong>generali</strong></span> <span class='ocrx_word' id='word_1_428' title='bbox 1707 2786 1782 2819; x_wconf 69' lang='lat' dir='ltr'><strong>requi</strong></span> <span class='ocrx_word' id='word_1_429' title='bbox 1801 2785 1898 2811; x_wconf 73' lang='lat' dir='ltr'><strong>Bam-</strong></span> 
     </span>
    </p>
   </div>
   <div class='ocr_carea' id='block_1_14' title="bbox 253 2821 1691 2894">
    <p class='ocr_par' dir='ltr' id='par_1_14' title="bbox 253 2821 1691 2894">
     <span class='ocr_line' id='line_1_45' title="bbox 253 2821 1691 2881; baseline 0.006 -33"><span class='ocrx_word' id='word_1_430' title='bbox 253 2821 303 2849; x_wconf 77' lang='lat' dir='ltr'><strong>n&#39;ci</strong></span> <span class='ocrx_word' id='word_1_431' title='bbox 320 2821 396 2849; x_wconf 73' lang='lat' dir='ltr'><strong>haud</strong></span> <span class='ocrx_word' id='word_1_432' title='bbox 411 2823 529 2850; x_wconf 57' lang='lat' dir='ltr'><strong>mm.</strong></span> <span class='ocrx_word' id='word_1_433' title='bbox 616 2825 643 2858; x_wconf 76' lang='lat'><strong>2)</strong></span> <span class='ocrx_word' id='word_1_434' title='bbox 661 2824 797 2852; x_wconf 54' lang='lat' dir='ltr'><strong>&amp;accedit</strong></span> <span class='ocrx_word' id='word_1_435' title='bbox 815 2833 856 2852; x_wconf 79' lang='lat' dir='ltr'><strong>nr.</strong></span> <span class='ocrx_word' id='word_1_436' title='bbox 869 2828 930 2853; x_wconf 70' lang='lat'><strong>340.</strong></span> <span class='ocrx_word' id='word_1_437' title='bbox 1018 2826 1044 2859; x_wconf 79' lang='lat'><strong>8)</strong></span> <span class='ocrx_word' id='word_1_438' title='bbox 1065 2826 1106 2858; x_wconf 79' lang='lat' dir='ltr'><strong>Cf.</strong></span> <span class='ocrx_word' id='word_1_439' title='bbox 1121 2835 1188 2860; x_wconf 75' lang='lat' dir='ltr'><strong>pay.</strong></span> <span class='ocrx_word' id='word_1_440' title='bbox 1202 2830 1250 2854; x_wconf 77' lang='lat'><strong>286</strong></span> <span class='ocrx_word' id='word_1_441' title='bbox 1267 2827 1314 2854; x_wconf 72' lang='lat' dir='ltr'><strong>lin.</strong></span> <span class='ocrx_word' id='word_1_442' title='bbox 1328 2831 1366 2855; x_wconf 85' lang='lat'><strong>10.</strong></span> <span class='ocrx_word' id='word_1_443' title='bbox 1678 2868 1691 2881; x_wconf 51' lang='lat'><strong>⁸</strong></span> 
     </span>
     <span class='ocr_line' id='line_1_46' title="bbox 1642 2867 1675 2894; baseline 0 -18"><span class='ocrx_word' id='word_1_444' title='bbox 1642 2867 1675 2894; x_wconf 55' lang='lat'><strong>36</strong></span> 
     </span>
    </p>
   </div>
  </div>
 </body>
</html>
