2184 3126
229 2027 288 2052 Sept.
300 2029 330 2047 23.

349 191 410 220 310
513 162 519 167 ὓ
580 184 677 211 ACTA
695 182 807 209 REGNI
827 180 1012 208 LUDEWICI
1032 179 1078 208 lV.
1097 179 1144 206 ΕΤ
1163 177 1349 205 FRIDERICI
1369 178 1418 204 111.
1455 177 1531 204 1324,
1567 176 1615 203 Nr.
1629 177 1688 204 977.
1706 176 1765 203 978.

348 274 474 304 litteras
497 270 690 312 apostolicas
717 269 749 299 in
778 268 843 299 suis
873 267 1018 299 ecclesiis
1045 269 1078 297 et
1106 265 1255 296 domibus
1283 263 1543 296 christifidelibus
1570 262 1711 294 fideliter
1737 262 1940 304 publicarent
1967 266 2001 296 et

349 326 500 355 contenta
523 323 554 353 in
577 321 729 353 mandato
752 320 828 361 ipsis
853 319 974 350 directo
999 317 1184 349 execucioni
1208 315 1317 347 debite
1341 314 1584 347 demandarent.

455 401 570 431 Actum
595 399 625 429 in
649 398 720 429 loco
744 396 903 438 predicto,
932 395 990 426 sub
1014 405 1096 426 anno
1120 393 1266 431 Domini,
1294 392 1483 432 indictione,
1512 402 1637 432 mense,
1666 391 1718 422 <lie
1742 394 1776 423 et
1797 392 1878 423 hora
1900 392 2000 424 tercia

349 463 410 493 que
439 451 563 482 duravit
593 459 692 490 usque
725 448 765 479 ad
794 449 905 478 horam
937 456 1053 478 nonam
1081 445 1242 487 predictis.
1294 443 1505 476 Presentibus
1535 442 1715 474 reverendo
1745 446 1838 484 patre
1867 442 1999 475 domino

347 503 533 534 Hermanno
572 501 705 532 ecclesie
743 499 976 531 Belonvilensis
1014 498 1166 539 episcopo
1204 496 1324 527 vicario
1362 496 1393 526 in
1431 494 1669 536 pontificalibus
1706 493 1877 526 reverendi
1915 495 2000 536 patri

349 558 382 585 et
405 553 524 585 domini
548 552 666 583 domini
691 577 696 582 .
716 576 723 583 .
748 549 981 591 archiepiscopi
999 548 1199 580 Coloniensis
1221 547 1358 588 predicti
1382 556 1420 578 ac
1436 546 1676 578 venerabilibus
1699 550 1733 578 et
1755 545 1902 579 discretis
1923 546 2000 578 viris

348 605 484 636 dominis
507 603 649 634 Iohanne
680 603 720 634 de
749 602 847 634 Cleve
875 601 997 632 decano
1027 604 1060 631 et
1087 598 1313 631 archidiacono
1338 597 1538 638 Coloniensi,
1566 597 1675 630 Sancti
1698 597 1932 630 Panthaleonis
1960 608 2000 630 ac

348 655 455 687 Sancti
487 655 613 686 Martini
649 654 862 693 Coloniensis,
898 652 1075 684 Tuiciensis
1111 654 1143 682 et
1177 649 1401 681 Bruwilrensis
1433 649 1599 682 Colonien.
1631 649 1713 682 dioc.
1745 649 1866 682 ordinis
1898 650 1999 685 sancti

346 706 513 738 Benedicti
543 706 808 736 monasteriorum
839 704 1018 743 abbatibus,
1043 702 1150 734 Sancti
1175 701 1348 741 Gereonis,
1379 700 1489 732 Sancti
1512 701 1654 742 Andree,
1685 701 1802 734 Sancte
1826 701 1929 733 Maria
1957 701 1999 733 ad

348 758 483 797 Gradus,
507 757 615 789 Sancti
637 756 809 788 Kuniberti
833 759 865 787 et
887 756 996 787 Sancti
1013 754 1145 795 Georgii
1169 754 1379 786 ecclesiarum
1397 751 1791 785 Coloniensium·decanis
1815 756 1849 785 et
1870 777 1877 785 .
1894 777 1902 784 .
1926 763 1998 786 sco·

347 810 466 840 lasticis
489 808 663 840 earundem
687 808 894 839 ecclesiarum
919 817 956 838 ac
973 807 1163 838 Sanctorum
1181 805 1424 846 Apostolorum,
1449 803 1568 837 Sancte
1584 804 1753 843 Oolumbe,
1777 804 1886 837 Sancti
1902 805 1999 847 Lupi,

347 860 454 891 Sancti
483 860 666 900 Kuniberti,
697 858 805 890 Sancti
832 858 1011 897 Laurentii,
1044 857 1152 889 Sancti
1181 856 1305 898 lacobi,
1343 855 1453 888 Sancti
1480 855 1592 897 Pauli,
1625 855 1733 888 Sancti
1765 855 1998 898 Christophori,

347 911 463 943 Sancte
490 911 636 952 Brigide,
669 910 776 942 Sancti
804 910 907 950 Petri,
945 909 1054 940 Sancti
1085 908 1218 947 Albani,
1253 907 1371 939 Sancte
1397 907 1500 939 Marie
1527 907 1824 950 Indulgentiarum,
1861 909 1998 940 ecclesie

346 963 514 1004 Lysolphi,
545 963 653 994 Sancti
683 962 835 993 Iohannis
866 962 1026 1002 Baptiste,
1058 960 1166 992 Sancti
1195 959 1347 991 Iohannis
1375 970 1472 1001 super
1502 960 1623 991 curiam
1653 962 1687 991 et
1713 959 1811 992 beate
1833 960 1936 992 Maris
1964 959 1998 991 in

347 1015 478 1056 pasculo
502 1014 739 1046 Coloniensium
763 1014 968 1045 ecclesiarum
996 1012 1245 1054 parrochialium
1273 1011 1420 1052 plebanis
1444 1011 1511 1042 sive
1539 1011 1718 1043 rectoribus
1747 1014 1780 1043 et
1807 1011 1879 1043 aliis
1901 1021 1998 1044 cano-

347 1066 425 1097 nicis
448 1066 664 1105 ecclesiarum,
688 1065 852 1096 monachis
874 1065 1150 1104 monasteriorum,
1174 1063 1326 1094 fratribus
1343 1062 1512 1094 domorum
1528 1062 1796 1104 Mendicancium,
1817 1062 1943 1094 clericis
1966 1065 1999 1095 et

347 1117 446 1157 laycis
468 1118 500 1147 in
524 1116 727 1148 multitudine
751 1117 890 1157 copiosa.

455 1185 498 1224 (S.
515 1184 566 1224 N.)
595 1184 637 1215 Et
660 1195 720 1226 ego
744 1184 948 1216 Burchardus
972 1184 1012 1215 de
1037 1183 1178 1215 Camene
1203 1183 1338 1215 clericus
1362 1184 1528 1216 Colonien.
1553 1183 1644 1226 dyoc.
1669 1183 1816 1226 publicus
1838 1183 1999 1226 imperiali

346 1238 535 1268 auctoritate
559 1238 714 1276 notarius,
744 1237 818 1278 quia
841 1237 1004 1278 premissis
1026 1235 1174 1267 omnibus
1198 1238 1231 1267 et
1254 1235 1387 1277 singulis
1410 1235 1503 1267 factis
1527 1235 1586 1267 sub
1609 1246 1693 1268 anno
1717 1235 1866 1276 Domini,
1895 1235 1998 1268 indic·

347 1288 442 1329 tione,
465 1299 585 1328 mense,
610 1288 671 1330 die,
695 1289 781 1319 horis
804 1292 837 1319 et
859 1288 930 1319 loco
954 1287 1106 1329 predictis
1130 1287 1204 1318 dum
1227 1290 1403 1329 agerentur
1425 1298 1489 1319 una
1512 1297 1584 1319 cum
1607 1287 1839 1330 prenominatis
1861 1287 1999 1320 testibus

346 1349 476 1380 presens
503 1340 632 1371 interfui
662 1350 764 1381 eaque
792 1340 857 1371 vidi
881 1343 914 1371 et
936 1338 1057 1379 audivi,
1088 1338 1208 1370 idcirco
1232 1340 1302 1380 ipsa
1325 1339 1503 1380 publicavi,
1536 1339 1711 1381 conscripsi
1738 1339 1878 1372 fideliter
1904 1342 1938 1372 et
1965 1339 1998 1373 in

346 1391 427 1422 hanc
450 1390 609 1432 publicam
633 1391 769 1422 formam
794 1391 920 1433 redegi,
952 1401 1047 1432 quam
1070 1399 1143 1421 meo
1168 1391 1258 1431 signo
1283 1394 1436 1422 consueto
1467 1394 1500 1422 et
1522 1392 1650 1424 nomine
1674 1390 1797 1433 signavi
1821 1401 1840 1423 a
1862 1391 1998 1433 prefatis

347 1442 481 1473 dominis
506 1467 538 1474 ..
562 1443 786 1474 commissariis
810 1446 949 1484 rogatus

403 1592 488 1626 978.
530 1593 796 1627 lustramentum
822 1603 927 1636 saper
948 1592 1178 1637 publicatione
1205 1593 1242 1627 in
1270 1593 1407 1628 ecclesia
1434 1593 1587 1636 fratrum
1615 1591 1793 1628 Minornm
1821 1591 1958 1629 habim

875 1653 1075 1697 confectum.
1182 1653 1270 1698 Sept.
1290 1654 1466 1688 ,23.—30.

456 1726 612 1766 Oriyt‘nalc
636 1727 709 1766 (or.)
731 1726 767 1757 in
788 1727 852 1765 fine
873 1737 1029 1765 mancum,
1052 1727 1135 1767 quod
1157 1727 1231 1759 olim
1253 1728 1300 1759 rei
1316 1728 1465 1767 privatae
1487 1730 1566 1766 erat,
1589 1727 1655 1760 iam
1677 1727 1714 1758 in
1733 1727 1891 1760 tabulario
1913 1705 1999 1772 rapio

346 1777 629 1816 Dusseldorpz'ensi.
678 1777 875 1809 Contulimus
897 1788 962 1810 nos.
997 1797 1040 1800 —
1078 1778 1138 1810 Ed.
1162 1778 1386 1811 Winkclmann
1414 1779 1508 1810 ‘Acta
1536 1779 1659 1818 imperii
1684 1779 1824 1811 inedita’
1857 1779 1912 1819 II,
1935 1778 2000 1812 787

346 1839 397 1862 ur.
413 1829 495 1860 1125
518 1839 556 1860 ex
579 1840 622 1860 or.

453 1915 489 1945 In
512 1915 640 1946 nomine
662 1915 792 1946 Domini
815 1926 919 1947 amen.

454 1966 494 2008 (I)
529 1967 620 1997 Anno
648 1968 822 1999 nativitatis
850 1968 995 1999 eiusdem
1018 1967 1134 2000 MGOO
1157 1969 1310 2000 vicesimo
1335 1971 1464 2010 quarto,
1498 1968 1672 2000 indictione
1699 1969 1851 2011 septima,
1877 1969 1999 2002 mensis

347 2017 524 2059 Septembr.
550 2018 601 2049 die
625 2019 775 2050 vicesima
798 2020 904 2060 tertia,
928 2030 990 2061 que
1015 2023 1064 2051 est
1087 2019 1156 2052 dies
1179 2020 1267 2052 beati
1290 2020 1362 2052 Lini
1385 2031 1470 2062 pape
1495 2024 1527 2052 et
1549 2021 1703 2062 martiris,
1726 2021 1806 2053 hora
1828 2023 1923 2053 sexta
1945 2019 1998 2052 vel

347 2070 450 2110 quasi,
475 2070 663 2101 constitutus
688 2071 897 2111 personaliter
920 2072 1088 2113 religiosus
1111 2073 1159 2104 vir
1186 2072 1286 2104 frater
1307 2072 1458 2104 Andreas
1480 2072 1522 2104 de
1543 2072 1696 2115 Dusburg
1719 2072 1840 2105 ordinis
1862 2072 1998 2104 fratrum

346 2120 503 2151 Minorum
527 2121 638 2152 domus
654 2120 854 2154 Coloniensis
876 2124 909 2154 in
926 2123 1064 2155 ecclesia
1087 2123 1244 2155 dictorum
1267 2124 1402 2155 fratrum
1424 2127 1498 2166 post
1520 2125 1640 2156 lectum
1662 2124 1877 2166 ewangelium
1900 2125 1997 2157 misse

347 2171 474 2202 maioris
498 2176 530 2203 et
553 2173 583 2203 in
605 2173 676 2204 loco
699 2173 764 2204 alto
788 2174 938 2206 videlicet
960 2175 991 2206 in
1015 2174 1172 2206 ambone*
1187 2175 1219 2206 in
1242 2175 1410 2216 presencia
1432 2175 1497 2207 mei
1519 2176 1636 2207 notarii
1659 2175 1780 2218 publici
1802 2175 1997 2218 infrascripti

350 2226 382 2252 ct
403 2224 531 2254 testium
555 2224 803 2265 subscriptorum
828 2226 984 2267 quasdam
1012 2226 1136 2258 litteras
1159 2227 1315 2268 sigillatas
1338 2226 1444 2269 sigillo
1471 2228 1587 2259 maiori
1614 2227 1812 2270 rever(endi)
1840 2229 1941 2270 patris
1964 2231 1998 2260 et

349 2273 467 2304 domini
490 2274 606 2306 domini
623 2275 754 2307 Henrici
777 2281 886 2308 sancte
904 2277 1103 2309 Ooloniensis
1127 2279 1263 2310 ecclesie
1287 2279 1522 2321 archiepiscopi
1545 2280 1746 2311 continentes
1767 2279 1808 2312 de
1831 2280 1932 2312 verbo
1954 2279 1998 2311 ad

348 2324 478 2356 verbum
503 2326 696 2366 quarundam
719 2328 896 2360 litterarum
920 2329 1168 2370 apostolicarum
1191 2331 1285 2362 trium
1310 2331 1340 2361 in
1357 2341 1490 2363 numero
1507 2332 1574 2363 sive
1589 2341 1798 2372 processuum
1814 2331 1997 2363 habitorum

350 2386 406 2416 per
436 2378 665 2409 sanctissimum
694 2383 818 2420 patrem
850 2384 882 2411 et
913 2381 1075 2413 dominum
1107 2381 1271 2413 dominum
1300 2382 1479 2414 Iohannem
1507 2383 1616 2415 divina
1643 2383 1852 2425 providencia
1877 2393 1998 2425 papam

350 2427 534 2458 vicesimum
564 2430 734 2461 secundum
764 2435 873 2463 contra
894 2433 1099 2474 magnificum
1128 2434 1229 2465 virum
1260 2434 1425 2466 dominum
1447 2435 1658 2467 Lodewicum
1687 2434 1803 2467 ducem
1826 2434 1996 2468 Bauwarie

351 2477 538 2510 discorditer
564 2481 594 2510 in
623 2491 730 2522 regem
761 2482 977 2515 Romanorum
1007 2485 1145 2516 electum
1173 2489 1206 2517 et
1232 2489 1342 2517 contra
1367 2486 1562 2528 Galiacium,
1592 2487 1755 2529 Marcum,
1781 2487 1940 2519 Lucinum
1964 2489 1998 2519 et

351 2529 430 2559 alios
452 2529 533 2561 filios
557 2532 715 2571 quondam
740 2533 912 2576 dampnate
936 2537 1091 2568 memorie
1114 2537 1235 2569 Mathei
1260 2537 1301 2569 de
1317 2538 1572 2570 Vicecomitibus
1595 2538 1636 2570 de
1659 2538 1844 2571 Mediolano
1868 2548 1996 2570 eorum-

352 2590 412 2620 que
437 2581 586 2622 fautores,
611 2583 787 2625 valiatores,
812 2587 1018 2619 auxiliatores
1042 2592 1075 2620 et
1098 2588 1301 2630 adherentes,
1326 2599 1459 2631 quarum
1484 2591 1587 2632 prima
1610 2591 1655 2622 sic
1676 2591 1803 2632 incipit:

457 2639 626 2673 ‘Iohannes
650 2645 816 2686 episcopus
840 2658 948 2679 servus
971 2659 1134 2681 servorum
1158 2650 1220 2682 Dei
1314 2651 1579 2693 vener(abilibus)
1604 2650 1756 2683 fratribus
1779 2676 1788 2684 .
1805 2674 1812 2682 .
1835 2650 1997 2692 archiepi-

351 2701 448 2731 scopo
473 2692 652 2724 Coloniensi
677 2696 806 2737 eiusque
831 2699 1056 2741 suffraganeis-11
1127 2702 1263 2734 salutem
1287 2705 1320 2734 et
1343 2703 1555 2744 apostolicam
1578 2703 1849 2735 benedictionem.

454 2793 520 2820 978.
548 2796 571 2827 ³)
591 2801 731 2823 atramento
750 2800 855 2831 sicsciori
870 2808 927 2834 poe!
946 2803 1067 2829 Insertum
1085 2815 1122 2831 or.

2013 2815 2044 2834 45>
