2190 3172
310 173 370 204 136
541 170 639 197 ACTA
659 170 773 197 REGNI
794 171 979 199 LUDEWICI
997 170 1045 198 IV.
1063 170 1110 198 ΕΤ
1129 170 1314 198 FRIDERICI
1332 171 1384 198 ΙΙΙ.
1419 170 1495 198 1314.
1531 170 1580 197 Nr.
1593 171 1653 198 141.
1672 170 1730 197 142.

379 347 613 392 141—166.
655 344 1060 391 PRIVILEGIA
1092 344 1427 391 LUDEWICI
1457 342 1893 391 PRINCIPIBUS

713 408 1172 456 ELECTORIBUS
1205 407 1571 455 CONCESSA.

931 493 1040 531 1314.
1085 493 1172 530 Dec.
1197 494 1281 530 1.—
1290 493 1350 530 23.

539 617 718 647 141—153.
754 614 943 647 SCRIPTA
965 614 1055 646 PRO
1078 614 1439 648 ARCHIEPISOOPO
1462 614 1742 648 MOGUNTINO.

959 680 1051 711 1314.
1085 678 1314 712 Dec.1.—23.
1992 693 2004 713 ε

517 793 599 829 141.
641 793 817 839 Scriptum
843 805 947 839 super
972 793 1143 838 fructibus
1170 794 1276 830 castri
1302 794 1518 838 Lindenfels.
1624 794 1708 830 Dec.
1727 795 1760 829 1.

420 871 580 912 Originale
608 872 682 915 (or.)
710 873 747 904 in
778 872 935 905 tabulario
960 872 1102 913 yenerali
1128 873 1217 913 reyni
1243 872 1409 904 Bawarici
1440 872 1531 905 KLS
1556 883 1606 905 nr.
1624 873 1674 904 10.
1728 871 1966 912 Descripsimus

306 934 373 955 nos.
419 923 539 955 Pendet
561 923 702 964 siyillum
720 923 789 964 fere
811 923 956 955 illaesum
979 923 1044 956 loro
1065 924 1309 956 membranaceo.
1354 924 1398 956 In
1420 934 1506 956 verso
1528 924 1681 964 scripmm
1703 926 1764 956 est:
1787 923 1882 956 lecta.

415 979 563 1018 Bohmer,
587 979 663 1019 Rey.
681 979 792 1011 Ludw.
809 990 847 1019 p,
864 981 884 1010 1
906 990 956 1011 nr.
974 979 1025 1012 12.

421 1036 510 1076 Quae
532 1035 724 1067 concordam
745 1046 817 1067 cum
839 1035 966 1075 Scripto
987 1045 1087 1075 supra
1109 1046 1159 1067 nr.
1177 1036 1227 1074 60,
1250 1045 1288 1067 ea
1310 1035 1394 1076 typis
1416 1035 1591 1067 minoribus
1612 1045 1746 1067 excussa
1767 1037 1851 1068 sunt.
1983 1052 2009 1073 10

415 1130 599 1157 *Ludewieus
633 1130 686 1157 Dei
719 1130 816 1165 gracia
849 1125 1070 1157 Romanorum
1104 1135 1163 1157 rex
1197 1135 1327 1166 semper
1360 1128 1516 1166 augustus
1549 1130 1793 1165 recognoscimus,
1826 1131 1903 1165 quod
1935 1131 1966 1159 in

307 1182 479 1210 tractatibus
501 1182 578 1209 inter
599 1190 651 1209 nos
675 1183 704 1208 et
727 1177 940 1209 venerabilem*
959 1182 1073 1209 Petrum
1097 1179 1207 1208 sancte
1230 1181 1408 1216 Moguntiue
1431 1176 1517 1208 sedis
1540 1181 1784 1216 archiepiscopum
1807 1178 1890 1209 sacri
1905 1179 1964 1211 im-

307 1230 390 1271 perii
417 1239 476 1271 per
506 1228 715 1261 Germaniam
743 1228 1063 1260 archicancellarium
1091 1229 1268 1270 principem
1298 1231 1332 1260 et
1359 1228 1570 1262 secretarium
1592 1231 1736 1261 nostrum
1759 1229 1964 1263 karissimum

307 1285 414 1313 habitis
437 1286 532 1312 actum
556 1286 600 1312 est
622 1286 652 1312 et
674 1286 838 1317 tractatum,
862 1285 938 1319 quod
961 1285 992 1312 in
1015 1284 1194 1319 obligacione
1217 1284 1304 1312 castri
1326 1284 1418 1312 nostri
1441 1284 1622 1312 Lindenfels¹
1645 1293 1708 1312 cum
1730 1285 1818 1314 ‚bonis
1840 1285 1966 1321 acceptis

307 1337 342 1364 de
365 1336 485 1363 abbacia
506 1336 535 1363 in
559 1336 636 1369 Lora,
660 1345 715 1370 que
738 1336 795 1363 iam
818 1336 972 1364 actualiter
994 1336 1099 1364 ibidem
1122 1336 1299 1369 deserviunt,
1323 1337 1353 1364 et
1375 1336 1439 1363 aliis
1463 1336 1521 1363 suis
1543 1336 1742 1371 pertinenciis,
1765 1345 1851 1372 quam
1873 1338 1965 1367 eidem
1987 1344 2009 1364 n

308 1388 549 1422 *archiepiscope
573 1387 646 1415 sicut
667 1387 699 1414 in
721 1387 785 1414 aliis
807 1387 914 1417 nostris
935 1388 1042 1415 litteris
1065 1387 1254 1422 promisimus,
1277 1387 1370 1415 facere
1393 1389 1555 1421 tenemur,
1575 1383 1706 1416 *fructus
1728 1388 1757 1416 in
1781 1390 1887 1416 nortem
1907 1398 1967 1418 non
1991 1417 1995 1420 ,

305 1440 411 1467 debent
433 1439 592 1474 conputari,
615 1447 686 1473 quos
710 1439 818 1466 fructus
840 1439 896 1475 ipsi
916 1434 1151 1474 *archiepiscopo
1175 1441 1205 1467 et
1228 1439 1346 1467 ecclesie
1362 1439 1530 1474 Moguntine
1553 1448 1664 1468 exnunc
1685 1440 1785 1467 damus
1807 1440 1966 1469 liberaliter

306 1494 335 1519 et
357 1492 495 1519 donamus
503 1492 525 1518 *.
615 1492 648 1518 ln
671 1491 750 1518 cuius
772 1491 815 1519 rei
837 1492 1033 1520 testimonium
1056 1493 1218 1527 presentes
1241 1492 1364 1519 litteras
1386 1487 1566 1519 maiestatis
1588 1489 1697 1519 nostre
1713 1488 1841 1529 typario
1865 1488 1966 1521 tradi-

305 1549 377 1570 mus
400 1538 621 1570 communitas.

414 1594 535 1626 Datum
564 1594 713 1636 Oolonie,
748 1605 831 1627 anno
865 1594 997 1626 Domini
1027 1594 1200 1627 millesimo
1238 1595 1467 1627 trecentesimo
1501 1594 1764 1636 quartodecimo,
1798 1594 1965 1628 Kalendas
1984 1605 2010 1626 ιο

306 1645 490 1686 Decembr.‚
514 1646 604 1688 regni
628 1656 704 1677 vero
728 1646 828 1678 nostri
851 1657 934 1678 anno
958 1646 1072 1688 primo.

688 1794 770 1831 142.
812 1794 1038 1839 Confirmatio
1059 1796 1343 1840 promissionum.
1450 1795 1532 1831 Dec.
1552 1797 1589 1831 2.

418 1871 599 1912 Oriyinalia
622 1873 684 1905 duo
703 1876 716 1905 1
744 1875 772 1905 et
796 1875 814 1904 2
838 1873 953 1905 ibidem
975 1873 1066 1905 KLS
1085 1884 1135 1906 nr.
1154 1874 1195 1904 13
1217 1876 1246 1905 et
1269 1874 1319 1905 19.
1357 1873 1595 1913 Descripsimus
1616 1873 1664 1905 vel
1685 1873 1876 1907 contulimus
1897 1885 1964 1907 nos.

309 1923 428 1955 Pendet
449 1923 588 1964 siyillum
612 1924 804 1965 autoqraphi
829 1927 842 1956 1
875 1925 942 1965 fere
967 1925 1112 1957 illaesum
1138 1925 1204 1965 filis
1225 1925 1335 1957 sericis
1361 1925 1513 1963 caerulei,
1542 1925 1645 1964 rubei,
1671 1925 1750 1965 fhzvi
1771 1926 1898 1965 ooloris;
1928 1927 1965 1959 in
1994 1919 1997 1922 ’

307 1985 393 2006 verso
421 1977 575 2015 scriptum
602 1979 663 2008 est:
689 1977 784 2008 lecta.
873 1977 1076 2017 Autoqraphi
1096 1979 1115 2009 2
1138 1977 1279 2018 siyillum
1301 1976 1420 2009 laesum
1446 1977 1559 2017 pendet
1585 1977 1659 2009 item
1680 1977 1746 2017 filis
1767 1978 1885 2010 sericis.
1922 1996 1965 2001 -—
1983 1989 2008 2009 π

307 2027 350 2058 In
373 2027 478 2066 forma
501 2027 606 2059 latina
628 2027 793 2059 ineditum.

414 2083 645 2123 Autoyraphon
663 2086 677 2115 1
703 2083 810 2115 eadem
833 2094 932 2116 manu
954 2085 1109 2124 scriptum
1131 2087 1176 2116 est
1198 2094 1236 2116 ac
1258 2095 1308 2118 nr.
1325 2084 1397 2116 141.

416 2138 563 2177 Bo'hmer,
588 2138 664 2179 Rey.
681 2139 795 2172 Ludw.
812 2150 848 2179 p.
866 2140 884 2170 1
907 2151 958 2172 nr.
977 2142 1028 2172 13.

420 2195 508 2235 Quae
530 2195 720 2227 concordant
742 2206 814 2227 cum
837 2195 1052 2228 Promis-sione
1074 2205 1174 2236 supra
1195 2206 1246 2227 nr.
1264 2195 1315 2234 57,
1343 2205 1380 2227 ea
1408 2195 1493 2236 typis
1518 2195 1695 2228 minoribus
1723 2206 1856 2228 eoecussa
1878 2199 1963 2230 sumt.

420 2287 445 2316 1.
476 2288 670 2316 *Ludowious
685 2289 738 2316 Dei
760 2289 855 2324 gratia
870 2285 1090 2317 Romanorum
1114 2295 1173 2317 rex
1194 2295 1324 2327 semper
1343 2289 1499 2327 augustus
1514 2289 1749 2325 recognoscimus,
1773 2291 1848 2325 quod
1864 2291 1963 2326 Deum,
1982 2298 2009 2317 ao

307 2339 458 2373 iusticiam,
483 2340 640 2374 equitatem
663 2349 774 2368 necnon
796 2341 908 2368 fidelem
929 2341 1111 2376 diligenciam
1135 2343 1165 2368 et
1187 2341 1350 2369 devocionis
1373 2341 1523 2376 purissime
1547 2341 1749 2375 constanciam,
1773 2351 1858 2377 quam
1881 2352 1963 2372 vene-

307 2391 405 2418 rabilis
424 2386 545 2419 *Petrus
568 2393 665 2419 sancte
687 2392 856 2427 Moguntine
885 2393 958 2420 sedis
986 2393 1215 2428 archiepiscopus
1238 2393 1311 2420 sacri
1335 2387 1468 2428 *imperii
1495 2402 1546 2427 per
1569 2393 1750 2420 Germaniam
1773 2393 1961 2422 archicancel-

307 2443 395 2470 larius
425 2439 575 2480 princeps
604 2442 637 2470 et
666 2440 858 2471 secretarius
888 2443 997 2471 noster
1024 2440 1213 2471 karissimus
1241 2444 1315 2472 circa
1343 2453 1395 2472 nos
1425 2446 1455 2472 et
1480 2445 1572 2472 nostri
1595 2445 1801 2473 exaltacionem
1823 2445 1912 2473 habet
1934 2447 1964 2474 et

308 2494 410 2521 habuit
432 2503 495 2521 cum
518 2495 628 2528 effectu,
651 2497 749 2522 nostre
772 2495 1010 2523 consideracionis
1034 2496 1122 2523 oculis
1146 2497 1345 2530 preponentes,
1368 2495 1549 2531 promisimus
1572 2497 1602 2523 et
1622 2496 1815 2531 promittimus
1833 2497 1962 2532 fideliter,

308 2546 394 2573 immo
419 2547 520 2580 sponte
544 2548 579 2574 et
602 2546 758 2574 liberaliter
780 2556 832 2574 nos
855 2556 906 2582 per
928 2547 1011 2574 fidem
1034 2549 1161 2575 nostram
1186 2549 1215 2574 et
1237 2547 1427 2575 iuramentum
1450 2549 1579 2575 nostrum
1603 2548 1679 2582 quod
1701 2548 1821 2583 desuper
1837 2549 1962 2584 prestiti·
1982 2557 2007 2577 ³5

308 2607 369 2624 mus
394 2597 580 2632 corporaliter
601 2598 686 2625 tactis
710 2599 897 2626 sacrosanctis
921 2599 1092 2634 obligamus,
1119 2599 1195 2633 quod
1219 2595 1293 2636 quia
1317 2599 1414 2626 divina.
1436 2599 1619 2634 providencia
1642 2599 1811 2634 disponente
1835 2599 1868 2627 et
1890 2597 1961 2638 ipso

308 2644 552 2686 archiepiscopo
581 2645 623 2676 ad
650 2645 711 2676 hoc
739 2645 878 2677 fideliter
909 2649 1121 2688 promovente
1151 2651 1188 2677 ad
1210 2651 1356 2686 fastigium
1380 2651 1439 2678 sive
1463 2651 1574 2678 culmen
1592 2651 1674 2686 'regie
1697 2651 1857 2679 maiestatis
1879 2652 1960 2687 regni

307 2700 499 2728 Romanorum
532 2701 673 2736 provecti
706 2708 829 2737 sumuS‚
864 2711 898 2729 ea
926 2711 981 2736 que
1009 2702 1127 2730 inferius
1157 2704 1224 2730 suut
1254 2704 1390 2730 contenta
1416 2705 1533 2737 propter
1563 2711 1661 2730 causas
1690 2702 1792 2736 iustas,
1822 2711 1903 2730 veras
1935 2705 1966 2731 et

413 2789 477 2816 141.
505 2790 529 2824 ὃ)
548 2793 662 2817 secunda
680 2800 696 2816 n
715 2800 783 2818 corr.
802 2800 833 2817 ex
850 2793 859 2817 l
879 2802 915 2818 or.
