2184 3126
148 791 173 812 w

147 1051 171 1071 1³

145 2223 172 2244 40

145 2438 171 2458 ss

468 227 566 257 ACTA
582 224 699 256 naam
718 227 902 256 LUDEWICI
921 227 968 255 lv.
986 226 1033 255 m·
1052 226 1237 255 PRIDERICI
1255 226 1305 255 111.
1343 226 1418 254 1324.
1455 226 1502 255 Nr.
1516 226 1576 254 89¹1.
1788 228 1851 260 713

192 314 403 358 Groyspaehv
430 318 464 348 et
492 314 651 348 Friderici
674 318 732 347 ac·
760 315 920 348 sententia
947 317 1060 347 contra
1087 314 1176 356 ipsos
1202 312 1408 356 promulgata
1440 314 1473 346 in
1504 312 1668 356 publicam
1697 314 1850 346 noticiam

193 366 404 407 deducantur,
428 366 561 399 eosdem
585 366 684 399 fuisse
707 369 741 399 et
763 376 834 399 esse
850 366 1004 407 fautores,
1027 365 1190 408 conplices
1206 367 1240 397 et
1255 364 1444 397 defensores
1459 364 1617 397 dictorum
1633 364 1850 398 hereticorum

192 418 339 461 publicos
372 421 406 451 et
430 419 574 451 notorios
607 429 645 451 ac
678 422 853 462 propterea
879 418 1221 450 excommunicationis
1252 417 1413 449 sententie
1451 420 1485 449 et
1517 420 1676 459 perpetue
1717 416 1850 449 infamio

193 469 360 503 subiacere
383 480 559 513 omnesque
589 470 670 502 alias
697 480 798 512 penas
824 469 930 502 reales
956 472 990 502 et
1016 468 1214 511 personales,
1241 468 1426 511 spirituales
1453 471 1488 501 et
1514 467 1712 510 temporales
1738 471 1851 501 contra

191 521 344 563 fautores,
375 522 538 565 conplices
565 524 599 554 et
625 521 812 554 defensores
839 521 1054 554 hereticorum
1085 520 1190 554 editas
1217 521 1401 562 incurrisse,
1434 520 1476 552 de
1504 519 1640 552 fratrum
1667 523 1850 552 nostrorum

192 573 326 606 consilio
348 574 542 607 auctoritate
565 573 744 616 apostolica
767 574 949 606 nuntiamus
977 576 1011 606 et
1037 572 1238 615 publicamus
1265 576 1416 615 presente
1444 572 1505 604 hac
1532 570 1738 604 multitudine
1768 571 1849 604 iide-

192 625 272 658 lium
293 626 434 668 copiosa.

299 679 330 710 2.
361 677 514 710 Ceterum
532 674 619 719 'quia
654 677 829 709 multorum
858 676 1030 710 insinuatio
1064 675 1228 718 fldedigna
1258 675 1300 708 ad
1334 675 1534 718 apostolatus
1563 675 1663 707 nostri
1697 674 1851 717 perduxit

191 729 347 770 auditum,
371 728 458 772 quod
481 728 567 762 idem
591 728 788 761 Bertholdus
810 728 851 761 de
874 728 1055 761 Marsteron
1078 727 1182 760 dictus
1205 727 1246 759 de
1269 726 1378 759 Niffen
1400 731 1475 769 post
1498 731 1531 760 et
1553 731 1666 759 contra
1680 737 1851 769 processus

191 783 318 814 nostros
339 790 438 823 super
464 780 524 812 hiis
553 779 682 812 habitos
710 783 744 813 et
770 781 802 812 in
830 780 893 812 illis
916 779 1061 823 partibus
1089 779 1312 821 sollempniter
1338 779 1521 821 publicatos
1543 779 1633 811 velut
1655 779 1793 811 vicarius
1815 783 1851 812 ut

190 832 368 876 predicitur
389 833 422 864 in
436 831 581 875 partibus
596 832 725 864 Ytalie·
739 832 835 865 electi
858 831 1006 874 predicti,
1029 841 1126 874 quem
1149 841 1261 874 regem
1277 831 1443 863 nominant
1458 830 1720 873 Roman(oru1n)‚
1736 834 1851 874 gentes

191 884 368 927 armigeras
391 887 424 916 et
447 884 625 917 exercitum
649 884 858 927 congregavit
879 886 913 917 et
935 886 1113 926 congregat
1128 882 1169 915 de
1185 882 1320 915 diversis
1343 881 1537 923 civitatibus,
1561 882 1683 923 castris,
1707 882 1801 914 terris
1816 886 1851 915 et

190 936 289 968 locisb
312 937 344 968 in
368 935 526 968 dictorum
549 935 696 968 Galeacii
720 939 754 967 et
781 936 916 968 fratrum
943 945 1073 967 suorum
1102 934 1262 973 favorem,
1291 933 1467 976 presidium
1497 936 1531 965 et
1559 934 1710 966 iuvamen
1738 938 1851 966 contra

191 988 370 1021 exercitum
393 987 537 1020 fidelium
561 987 697 1020 ecclesie
727 990 904 1020 memorate
933 990 1044 1019 contra
1074 986 1219 1029 prefatos
1247 985 1409 1018 hereticos
1438 994 1617 1027 eorumque
1644 985 1787 1018 fautores
1817 990 1851 1018 et

191 1039 380 1072 defensores
402 1049 461 1082 per
484 1040 588 1081 ipsam
611 1039 781 1072 ecclesiam
805 1038 987 1071 ordinatum
1010 1041 1044 1070 et
1066 1037 1152 1081 quod
1175 1047 1247 1070 cum
1270 1037 1422 1080 gentibus
1443 1037 1507 1069 illis
1529 1047 1593 1069 non
1616 1036 1739 1079 absque
1754 1037 1850 1069 here-

190 1092 325 1124 ticorum
349 1091 567 1134 predictorum
591 1091 730 1123 fautoris.
751 1091 878 1123 notoria
901 1094 934 1122 et
953 1090 1087 1133 sequela
1103 1088 1249 1122 eiusdem
1265 1089 1401 1122 ecclesie
1417 1091 1533 1131 gentes
1548 1089 1665 1120 invasit
1680 1091 1714 1121 et
1728 1088 1849 1121 bellum

190 1143 293 1176 movit
315 1146 348 1175 et
371 1143 518 1175 exercuit
540 1146 574 1174 et
589 1146 721 1175 exercet
737 1146 848 1175 contra
871 1151 937 1183 eas,
961 1151 1020 1174 nec
1035 1140 1098 1173 hiis
1121 1144 1289 1173 contentus
1312 1140 1354 1173 ad
1377 1139 1592 1183 frangendum
1616 1143 1692 1172 vota
1706 1140 1850 1173 fidelium

190 1195 386 1237 presumpsit
409 1198 442 1227 et
467 1194 624 1237 presumit
638 1195 746 1227 facere
763 1193 916 1226 mandata
932 1192 1218 1226 communitatibus
1233 1196 1267 1224 et
1281 1192 1427 1234 personis
1442 1191 1660 1234 singularibus
1674 1192 1851 1232 civitatum,

191 1248 368 1278 castrorum
392 1248 426 1278 et
447 1246 582 1278 aliorum
610 1245 754 1278 locorum
778 1245 904 1277 illarum
933 1245 1073 1287 partium
1101 1243 1160 1276 sub
1183 1244 1336 1287 gravibus
1367 1245 1475 1286 penis,
1505 1254 1546 1276 ne
1576 1244 1646 1286 ipse
1673 1247 1708 1276 et
1735 1248 1851 1286 gentes

295 1314 362 1342 8⁰⁷.
390 1316 414 1347 r)
433 1316 576 1349 Greispsch
596 1315 618 1353 ¹:
706 1314 728 1348 Ι)
747 1319 773 1341 et
791 1323 812 1341 c.
901 1316 925 1346 ι)
944 1314 1017 1340 Italic
1034 1313 1059 1340 2.
1137 1313 1174 1346 ’11)
1192 1314 1255 1339 locis
1273 1318 1298 1339 et
1315 1313 1390 1339 terris
1407 1313 1433 1339 2.

191 1400 228 1428 ad
238 1408 332 1429 eorum
343 1400 488 1435 captiones
498 1399 633 1428 destinati
642 1400 756 1435 possent
766 1401 795 1427 et
805 1399 914 1434 possint
923 1399 1029 1426 intrare
1040 1397 1187 1426 civitatem
1197 1397 1465 1431 Mediolanensem),
1475 1398 1504 1425 in
1517 1406 1573 1432 qna
1583 1397 1744 1426 dominatur
1753 1397 1852 1426 Galea-

190 1443 249 1472 tius
261 1442 401 1471 hereticus
414 1443 601 1478 supradictus,
620 1443 676 1470 imo
688 1451 739 1471 nec
752 1442 789 1470 ad
801 1441 892 1477 ipsam
905 1450 956 1477 pro
974 1441 1140 1476 inquirendo
1153 1442 1183 1468 et
1200 1440 1338 1476 capiendo
1357 1449 1489 1476 personas
1507 1440 1646 1469 dictorum
1664 1441 1851 1469 hereticorum

190 1488 220 1515 et
241 1494 304 1514 ossa
325 1485 396 1514 dicti
418 1486 544 1514 defuncti
562 1485 670 1514 Mathei
694 1485 813 1514 heretici
836 1484 1076 1520 appropinquare,
1100 1492 1163 1512 cum
1184 1484 1269 1511 armis
1292 1486 1322 1511 et
1346 1483 1479 1511 violentis
1505 1483 1621 1511 ausibus
1650 1483 1799 1519 prohibere
1822 1487 1852 1512 et

190 1529 283 1557 adhuc
293 1529 399 1557 intrare
409 1528 514 1557 dictam
525 1528 670 1556 civitatem
678 1527 935 1562 Mediolan(ensem)
943 1527 1103 1563 prohibent,
1157 1535 1208 1555 nos
1218 1526 1399 1562 inquisitores
1409 1526 1514 1562 prefati
1523 1526 1651 1554 nolentes
1661 1535 1711 1554 nec
1724 1527 1852 1555 valentes

192 1573 236 1600 tot
254 1574 283 1600 et
307 1574 389 1600 tanta.
413 1571 535 1600 nefanda
557 1572 662 1599 scelera
685 1571 826 1607 impunita
849 1571 1007 1606 relinquere
1029 1573 1063 1598 ⁴et
1082 1579 1116 1598 ne
1135 1570 1207 1598 forte
1231 1570 1354 1605 ipsorum
1376 1570 1531 1605 impunitas
1550 1569 1651 1598 ceteris
1669 1570 1851 1605 delinquendi

189 1614 299 1643 tribnat
317 1614 497 1647 incentivum,
517 1614 620 1642 Christi
638 1614 750 1642 nomine
768 1614 909 1645 invocato,
927 1613 1055 1642 sedentes
1073 1615 1103 1641 et
1121 1613 1305 1648 procedentes
1323 1613 1474 1641 secundum
1493 1613 1644 1640 canonicas
1661 1615 1691 1641 et
1709 1613 1852 1649 legitimas

190 1658 332 1686 santiones
358 1666 392 1686 ac
414 1657 501 1685 etiam
521 1657 672 1693 privilegia
690 1657 780 1685 offitio
799 1656 989 1692 inquisitionis
1007 1664 1145 1689 concessa,
1173 1665 1269 1685 omnes
1286 1665 1321 1684 ac
1339 1656 1466 1692 singulos
1484 1656 1694 1691 prenominatos
1717 1665 1768 1692 per
1790 1665 1851 1685 sen-

190 1701 310 1729 tentiam
329 1701 491 1733 iudicamus,
511 1700 726 1736 pronunciamus
745 1702 775 1729 et
792 1700 967 1729 declaramus
990 1700 1113 1728 fautores
1136 1702 1165 1728 et
1183 1700 1343 1728 defensores
1366 1699 1553 1727 hereticorum
1578 1699 1804 1735 supradictorum
1822 1702 1853 1728 et

191 1743 488 1772 excommunicationis
507 1744 646 1772 sententie
664 1746 694 1772 et
712 1746 848 1779 perpetue
868 1743 982 1771 infamis
1001 1743 1154 1771 subicimus
1172 1751 1220 1771 seu
1239 1742 1414 1771 decernimus
1432 1742 1578 1770 subiacere
1597 1751 1631 1770 ac
1649 1742 1737 1770 etiam
1756 1751 1851 1771 omnes

190 1796 277 1823 penas
294 1787 384 1815 reales
406 1789 436 1819 et
458 1787 630 1822 personales,
653 1786 816 1822 spirituales
838 1789 867 1815 et
895 1786 1064 1822 temporales
1094 1788 1191 1814 contra
1218 1787 1341 1814 fautores
1370 1786 1556 1814 hereticorum
1585 1785 1675 1814 editas
1702 1785 1851 1814 incurrisse

189 1830 363 1858 decernimus
381 1832 410 1859 et
423 1830 630 1858 sententialiter
643 1830 810 1858 iudicamus.
845 1829 947 1858 Omnis.
965 1829 1080 1865 insuper
1092 1830 1165 1857 bona
1178 1837 1272 1857 eorum
1285 1829 1404 1856 mobilia
1417 1831 1446 1857 et
1458 1828 1624 1861 immobilia,
1643 1828 1852 1857 iurisdictiones

189 1875 219 1902 et
227 1873 298 1907 iura,
307 1873 468 1908 ubicunque
477 1876 506 1901 et
516 1873 545 1900 in
556 1873 768 1908 quibuscunque
778 1873 942 1906 consistant,
952 1881 1004 1908 per
1013 1873 1086 1901 hanc
1096 1874 1220 1900 nostram
1229 1872 1400 1900 sententiam
1411 1873 1593 1900 confiscamus
1603 1874 1633 1900 et
1638 1872 1729 1900 offitio
1736 1872 1851 1907 inquisi-

188 1917 275 1945 tionis
292 1916 405 1944 nomine
422 1919 521 1944 sancte
534 1916 659 1944 Romane
677 1916 795 1944 ecclesie
807 1916 993 1951 applicamus,
1011 1918 1124 1944 retenta
1135 1915 1217 1944 nobis
1228 1915 1401 1943 auctoritate
1413 1915 1619 1950 interpretandi
1631 1917 1661 1943 et
1670 1915 1851 1950 permutandi

188 1959 218 1987 in
230 1959 308 1987 dicta
318 1958 461 1987 sententia
473 1960 503 1987 et
515 1958 681 1994 penitentia,
700 1961 783 1993 prout
800 1958 881 1986 nobis
893 1958 1045 1986 secundnm
1059 1959 1146 1986 Deum
1166 1958 1309 1986 videbitur
1326 1958 1467 1993 expedire.
1538 1958 1572 1985 In
1589 1966 1708 1992 quorum
1726 1959 1850 1986 omnium

189 2001 381 2031 testimonium
394 2003 552 2037 presentem
565 2001 735 2030 sententiam
747 2011 798 2037 per
810 2001 1020 2037 infrascriptum
1032 2001 1174 2029 notarium
1187 2001 1334 2036 publicum
1353 2001 1438 2029 scribi
1452 2003 1482 2029 et
1495 2001 1637 2036 publicari
1656 2001 1851 2029 mandavimus

189 2054 223 2074 ac
241 2045 307 2074 inde
325 2044 423 2073 confici
441 2044 558 2080 publica
576 2044 762 2073 instrumenta
780 2047 809 2073 et
827 2046 983 2073 nostrorum
1002 2044 1160 2080 sigillorum
1178 2044 1353 2080 appensione
1373 2044 1485 2072 muniri.

291 2088 386 2120 Lecta.
405 2088 466 2116 lata
488 2090 518 2116 et
540 2088 727 2123 pronunciata
750 2088 804 2115 fuit
826 2087 855 2115 in
879 2087 994 2122 scriptis
1012 2087 1153 2115 sententia
1170 2087 1335 2123 supradicta
1358 2096 1408 2122 per
1433 2086 1597 2122 religiosum
1622 2086 1711 2115 virum
1735 2087 1850 2115 fratrem

188 2131 342 2159 Honestum
374 2130 568 2166 inquisitorem
594 2130 752 2166 predictum
782 2131 925 2159 sedentem
950 2131 1010 2158 vice
1032 2139 1083 2158 sua
1107 2131 1137 2158 et
1159 2130 1262 2165 prefati
1289 2130 1395 2157 domini
1420 2129 1518 2158 fratris
1544 2130 1672 2158 Barnabe
1695 2129 1798 2165 prioris
1820 2131 1851 2158 et

186 2173 363 2210 inquisitoris
381 2174 470 2202 etiam
488 2173 611 2202 sedentis
629 2175 706 2209 apud
724 2182 787 2202 eum
810 2174 838 2201 in
863 2173 1019 2209 episcopali
1043 2174 1153 2208 palatio
1172 2173 1373 2207 Placent(in0)‚
1399 2173 1448 2201 ubi
1475 2175 1520 2201 est
1541 2173 1683 2201 habitatio
1704 2173 1850 2201 reverendi

188 2217 280 2252 patri·
297 2216 403 2246 domiui
422 2217 571 2245 Bertrandi
589 2217 641 2245 Dei
659 2217 757 2253 gracia
775 2217 855 2245 tituli
873 2217 970 2244 Sancti
989 2216 1117 2244 Marcelli
1136 2216 1294 2251 presbyteri
1313 2216 1465 2244 cardinalis
1484 2215 1641 2251 apostolice
1658 2215 1733 2244 sedis
1751 2215 1850 2251 legati.

189 2259 247 2287 Sub
265 2268 338 2288 anno
356 2260 467 2288 Domini
486 2260 636 2288 millesimo
654 2259 850 2288 trecentesimo
871 2260 1001 2288 vicesimo
1019 2260 1112 2292 tertio.
1136 2259 1291 2287 indictione
1309 2262 1398 2292 sexta.
1421 2259 1467 2287 die
1485 2259 1583 2288 Ianne‘¹
1603 2259 1735 2287 vicesimo
1758 2259 1850 2294 primo

189 2301 292 2330 mensis
309 2302 396 2335 Iunii,
418 2302 600 2338 pontificatus
619 2302 788 2330 sanctissimi
807 2303 898 2338 patris
916 2302 1022 2330 domini
1041 2303 1171 2330 Iohannis
1195 2311 1269 2338 pape
1288 2302 1377 2330 XXII.
1397 2311 1470 2330 anno
1497 2301 1627 2337 septimo.
1670 2302 1850 2330 Presentibus

191 2344 400 2373 venerabilibus
417 2345 547 2381 patribus
566 2345 684 2373 dominis
704 2345 869 2382 Hugucione
883 2345 1078 2380 Novarien(si).
1097 2345 1184 2373 tratre
1203 2346 1305 2373 Iacobo
1319 2345 1504 2380 Mantuan(c),
1525 2344 1652 2373 Gnidone
1665 2345 1850 2380 Regin(eusi),

189 2387 276 2416 fratre
293 2387 385 2416 Leone
402 2387 564 2423 Lauden(si)
582 2391 611 2417 et
629 2388 756 2416 Guidone
775 2388 950 2423 Mutinen(si)
970 2397 1003 2416 ac
1024 2388 1163 2424 Hugolinc
1183 2388 1350 2423 Parmen(si)
1369 2389 1517 2424 episcopis.
1541 2388 1688 2423 Stephano
1705 2388 1849 2424 Hugoneti

191 2430 325 2459 canonico
346 2430 529 2466 Mimaten(si)
552 2431 658 2459 domini
682 2440 756 2467 pape
783 2432 951 2467 cappellano
979 2433 1008 2459 et
1034 2431 1124 2467 ipsius
1150 2431 1223 2459 sacri
1248 2431 1351 2467 palatii
1377 2432 1509 2466 curisque
1534 2431 1604 2459 dicti
1627 2431 1734 2459 domini
1759 2432 1849 2467 legati

191 2482 337 2502 causarum
355 2474 504 2508 auditori·‚
528 2474 635 2503 Uberto
652 2474 730 2503 Nota
747 2475 782 2503 de
800 2475 961 2503 Mediolano
984 2475 1158 2503 decretorum
1176 2475 1290 2503 doctore
1307 2475 1463 2510 apostolice
1481 2474 1556 2503 sedis
1581 2475 1738 2511 capellano,
1761 2475 1849 2503 fiatre

191 2516 348 2545 Lari-anche
365 2517 469 2546 abbate
487 2517 650 2546 monasterii
663 2517 762 2546 Sancti
774 2518 930 2546 Salvatoris
948 2520 977 2546 et
990 2517 1120 2546 Nicolino
1139 2517 1282 2553 preposito
1301 2518 1418 2546 ecclesie
1433 2518 1530 2546 Sancti
1544 2518 1666 2546 Iuventii
1681 2518 1850 2554 Papien(sis)

189 2568 223 2588 ac
241 2559 359 2588 aliorum
378 2559 445 2588 cleri
463 2562 492 2588 et
509 2560 609 2596 populi
626 2561 808 2589 multitudine
828 2561 949 2596 copiosa.

292 2620 330 2655 (S.
341 2619 388 2655 N.)
410 2619 446 2648 Et
461 2629 514 2657 ego
527 2620 662 2649 Paulinus
674 2620 710 2649 de
726 2621 755 2648 la
768 2621 854 2650 Porta
871 2621 964 2649 dictus
982 2621 1016 2649 de
1029 2621 1154 2649 Caurono
1167 2621 1285 2649 clericus
1298 2621 1536 2657 Mediolanen(sis)
1555 2621 1687 2658 publicus
1706 2622 1848 2657 imperiali

189 2661 361 2698 auctoritate
378 2662 504 2692 notarius
522 2663 646 2697 lectioni,
664 2663 818 2699 prolationi
835 2666 866 2692 et
883 2663 1068 2692 declarationi
1079 2664 1242 2699 supradicte
1253 2664 1394 2693 sententie
1407 2665 1594 2700 omnibusque
1606 2665 1750 2701 premissis
1763 2665 1848 2692 factis

189 2707 222 2733 ut
239 2705 367 2741 superius
385 2706 546 2734 continetur
562 2715 644 2739 anno.
662 2707 768 2741 indict„
785 2716 886 2741 mense,
908 2707 963 2739 die,
987 2707 1048 2735 loco
1066 2709 1098 2734 et
1116 2709 1195 2742 pont.
1213 2707 1349 2743 predictis
1367 2717 1425 2736 una
1444 2717 1507 2736 cum
1526 2708 1660 2743 predictis
1678 2708 1800 2736 testibus
1819 2710 1848 2735 et

189 2747 372 2776 multitudine
391 2748 458 2776 cleri
477 2750 507 2777 et
524 2749 623 2785 populi
641 2750 756 2785 copiosa
773 2758 886 2785 presens
898 2749 1014 2778 interfui
1033 2752 1063 2778 et
1081 2750 1116 2778 de
1128 2750 1262 2778 mandato
1274 2751 1448 2786 prefatorum
1461 2751 1635 2779 dominorum
1649 2751 1846 2786 inquisitorum

189 2791 242 2819 hoc
260 2791 474 2820 instrumentum
493 2792 556 2820 inde
575 2793 690 2824 confeci.
709 2793 854 2828 publicavi
872 2795 902 2821 et
919 2793 1018 2829 scripsi
1035 2801 1153 2828 meoque
1170 2793 1251 2830 signo
1269 2795 1402 2822 consueto
1419 2794 1538 2830 signavi.

292 2851 318 2885 Ιἲ)
336 2853 372 2879 oie
390 2862 428 2880 or.
516 2852 540 2887 ⁸)
559 2863 626 2881 corr.
639 2862 691 2881 esse
707 2854 809 2881 vidum·
826 2863 858 2881 a
875 2855 1037 2881 auditoribus
1054 2863 1076 2882 c.

291 2912 329 2930 u..
347 2911 559 2931 coss-rumiens
578 2913 599 2931 v.
1603 2907 1638 2934 90
