2190 3172
145 2421 172 2443 4⁰

145 2636 172 2657 u

431 143 528 172 ACTA
545 143 660 172 amm
678 144 813 172 LUDEW
815 144 863 172 101
882 145 930 172 lv.
949 144 997 173 m·
1016 145 1199 174 mmmm!
1219 146 1268 174 111.
1306 146 1381 174 1315.
1417 147 1465 175 Nr.
1478 147 1538 176 801.
1556 148 1615 176 ³02.
1788 152 1847 183 261

304 229 449 263 Litterae
469 231 553 272 reyis
574 230 748 264 Bohemiae
768 231 983 273 autoyraphae
1006 234 1052 273 (2)
1076 232 1200 265 ibidem.
1249 233 1448 266 Contulimus
1469 244 1534 267 nos.
1580 234 1738 276 Siqiuum,
1767 237 1853 276 quod

195 281 264 322 filie
284 282 396 315 sericis
411 282 577 323 pendebat,
600 282 810 317 desideratur.

304 337 447 371 Litterae
473 337 702 379 archiepiscopi
723 338 910 380 Moyumtiwi
935 339 1124 380 deperditae.
1175 340 1239 372 Ed.
1264 340 1430 383 Schdttqen
1455 344 1485 374 et
1507 342 1645 383 Kreysiq
1671 342 1850 383 ‘Diploma-

195 389 296 422 taria’
320 389 376 429 ΙΙ,
399 390 463 421 593
484 390 541 430 (--
565 391 610 432 3).
661 389 855 423 Eoetractum
883 390 928 423 ad
952 390 1139 431 Copiarium
1160 402 1241 424 saec.
1260 391 1359 424 XIV.
1382 403 1430 424 ex.
1450 393 1498 425 ed.
1519 393 1690 426 Brstckner
1712 394 1851 427 ‘Herme-

195 440 367 482 beryisehes
394 440 658 474 Urlcundenbuch’
689 441 722 480 V,
737 442 780 474 29
802 452 854 476 nr.
869 442 922 474 51.

302 495 445 529 Litterae
458 496 687 537 archiepiscopi
703 496 900 530 Trevirorum
914 497 988 530 item
1002 497 1193 538 deperditae.
1227 498 1420 531 Extractum
1439 499 1486 532 ed.
1503 499 1524 531 l.
1540 510 1566 532 e.
1584 500 1634 538 ΙΙ,
1651 502 1716 532 593
1731 505 1787 541 (=
1805 505 1822 534 4
1821 504 1848 543 ).

302 581 370 614 Nos
400 580 561 614 Rfldolfus
591 582 656 615 Dei
689 584 800 625 gracia
834 594 943 616 comes
975 584 1137 626 palatinus
1163 584 1248 617 Reni
1287 584 1353 617 dux
1380 584 1548 618 Bawarie·
1574 589 1684 618 notum
1714 586 1850 619 facimus

194 634 398 676 presencium
421 633 656 675 inspectoribus
678 635 850 677 universis,
881 635 969 677 quod
997 636 1093 678 quia»
1116 636 1269 679 inspectis
1292 639 1326 668 et
1348 635 1560 668 consideratis
1583 636 1731 669 fidelibus
1754 638 1849 670 obse-

194 685 288 727 quiis,
313 694 376 727 que
399 683 587 726 spectabilis
610 685 658 717 vir
679 685 873 718 Bertoldus⁰
896 697 1005 719 comes
1036 687 1077 719 de
1103 687 1338 730 Hennemberg
1366 698 1458 720 sacro
1486 689 1622 730 imperio
1646 689 1794 721 exhibuit
1817 694 1850 721 et

193 735 300 768 adhuc
324 734 458 768 exhibet
477 735 685 778 incessanter,
709 738 932 770 serenissimus
948 738 1096 771 dominus
1110 742 1221 771 noster
1236 739 1384 771 dominus
1399 739 1613 771 Ludowiousd
1629 740 1849 773 Romanorum

192 796 252 820 rex
275 797 405 829 semper
427 790 582 828 augustus
604 787 687 819 hanc
710 789 853 830 graciam
877 790 938 831 ipsi
961 789 1118 822 Bertoldo
1148 794 1181 823 et
1207 791 1272 822 suis
1294 790 1470 823 heredibus
1499 791 1540 823 dc
1568 792 1658 834 regie
1681 794 1850 834 potestatis

192 837 392 882 plenitudine
424 838 537 870 statuit
565 838 782 881 largiendam,
817 840 969 873 videlicet
999 841 1086 884 quod
1120 842 1314 884 quicumque
1344 842 1498 874 adversus
1527 853 1603 874 suos
1634 847 1690 875 aut
1718 854 1849 876 suorum

192 889 350 922 heredum
373 889 532 931 homines,
556 890 786 933 cuiuscumque
809 895 912 924 status
935 892 987 924 vel
1011 892 1208 925 condicionis
1232 894 1383 934 existant,
1407 903 1505 936 super
1526 904 1727 936 quacumque
1752 905 1850 927 causa

193 941 278 975 civili
305 941 358 974 vel
389 942 546 974 criminali
575 942 719 975 actiones
746 942 888 976 habeat⁶
915 943 1090 987 aliquales,
1121 945 1148 977 is
1177 945 1264 987 ipsos
1292 944 1439 977 homines
1466 955 1574 977 coram
1603 946 1673 988 ipso
1701 950 1758 978 aut
1784 947 1850 978 suis

191 992 368 1026 heredibus
397 996 430 1026 et
455 993 544 1026 nullo
571 1004 701 1036 prorsus
732 994 797 1027 alio
826 995 932 1028 iudice
964 1006 1022 1039 pro
1051 997 1176 1029 iusticie
1207 997 1437 1038 prosecucione
1461 996 1582 1029 debeat
1603 998 1751 1039 primitus
1773 1009 1849 1030 con-

191 1045 313 1086 venire,
385 1048 419 1077 et
441 1045 469 1076 si
492 1044 625 1077 forsitan
648 1046 719 1088 ipse
735 1045 910 1079 Bertoldus
933 1052 990 1080 aut
1011 1048 1060 1079 sui
1083 1047 1222 1080 heredes
1245 1047 1407 1090 prehabiti
1430 1048 1462 1080 in
1485 1048 1653 1081 reddenda
1669 1049 1849 1091 querelanti

191 1095 245 1128 vel
267 1095 510 1138 querelantibus
533 1097 660 1129 iusticia
682 1098 886 1141 negligentes
909 1099 1030 1131 fuerint
1051 1099 1103 1131 vel
1125 1100 1266 1140 remissi,
1290 1103 1408 1132 extunc
1430 1099 1543 1141 iidem,
1568 1100 1684 1142 quibus
1708 1101 1738 1132 in
1762 1102 1849 1143 ipsos

190 1147 311 1190 prefati
333 1148 461 1180 comitis
488 1151 544 1180 aut
572 1158 702 1181 suorum
726 1148 883 1182 heredum
913 1150 1061 1183 homines
1088 1155 1277 1193 competunt
1299 1152 1458 1192 actiones,
1490 1151 1637 1184 homines
1664 1151 1847 1184 huiusmodi

191 1208 300 1231 coram
323 1198 411 1241 ipso‘
433 1199 563 1232 domino
586 1206 686 1243 rege¹
707 1211 765 1233 seu
787 1200 894 1233 iudice
918 1203 1006 1234 curie
1029 1213 1086 1235 sue
1109 1203 1164 1245 qui
1187 1213 1246 1244 pro
1263 1206 1410 1245 tempore
1426 1203 1522 1235 fuerit
1537 1214 1597 1235 nec
1612 1203 1690 1235 alibi
1706 1203 1848 1236 debeant

191 1250 361 1283 convenire
386 1253 420 1282 et
443 1250 565 1283 ibidem
586 1251 707 1284 debeat
729 1253 830 1295 recipi
853 1263 873 1285 a
896 1254 1041 1295 partibus
1064 1254 1137 1286 hinc
1161 1254 1246 1296 inde,
1270 1255 1356 1296 quod
1372 1254 1543 1287 dictaverit
1561 1255 1637 1286 iuris
1654 1255 1743 1295 ordo,
1814 1259 1848 1288 et

192 1301 220 1334 si
242 1301 313 1344 quis
337 1304 448 1334 contra
471 1301 654 1335 huiusmodi
669 1304 778 1346 gracie
802 1305 920 1346 regalis
937 1304 1055 1337 donum
1080 1308 1113 1338 et
1128 1309 1273 1338 tenorem
1290 1305 1431 1348 aliquem
1455 1306 1507 1338 vel
1530 1306 1655 1348 aliquos
1678 1316 1719 1338 ex
1742 1306 1846 1338 homi-

191 1352 285 1385 nibus
308 1353 454 1386 comitis*
480 1354 532 1387 vel
554 1354 711 1387 heredum
734 1366 865 1388 suorum
888 1357 1117 1398 premissorum
1140 1367 1248 1389 coram
1271 1357 1378 1389 alieno
1401 1356 1506 1389 iudice
1523 1361 1578 1389 vet
1593 1357 1710 1389 iudicio
1726 1368 1846 1389 vexare

192 1403 246 1436 vel
269 1405 515 1447 quomodolibet
539 1406 709 1438 convenire
733 1411 936 1448 presumeret
966 1411 1000 1439 et
1026 1408 1134 1440 iudicii
1162 1418 1331 1450 processus
1353 1419 1412 1440 seu
1438 1409 1613 1441 sententias
1644 1409 1770 1451 aliquas
1797 1410 1845 1441 in-

191 1454 292 1488 ferret
315 1456 501 1498 aliqualiter
528 1460 640 1488 contra
668 1457 770 1500 ipsos,
804 1461 922 1490 extunc
954 1459 1015 1501 ipsi
1049 1469 1218 1500 processus
1251 1470 1309 1492 seu
1337 1461 1496 1492 sententie
1525 1460 1591 1492 late
1619 1466 1730 1492 contra
1760 1461 1846 1502 ipsos

193 1505 340 1539 homines
364 1508 489 1540 comitis
513 1511 546 1540 et
568 1508 723 1540 heredum
748 1519 879 1541 suorum
902 1510 1121 1552 predictorum
1145 1511 1265 1543 nullam
1285 1522 1414 1554 prorsus
1430 1511 1551 1544 habere
1567 1511 1708 1543 debeant
1723 1511 1846 1543 roboris

190 1558 378 1590 firmitatem
402 1570 462 1591 nec
485 1560 563 1601 ipsis
585 1559 768 1592 hominibus
791 1562 822 1593 in
846 1562 915 1593 iure
939 1572 997 1594 suo
1014 1567 1240 1594 nocumentum
1257 1563 1389 1605 aliquod
1405 1567 1461 1595 aut
1476 1563 1687 1605 preiudicium
1705 1563 1846 1595 debeant

191 1612 247 1642 aut
269 1610 399 1642 valeant
421 1610 605 1652 aliqualiter
627 1622 795 1653 generare,
899 1623 957 1644 nos
980 1614 1086 1655 igitur,
1110 1624 1182 1645 cum
1206 1625 1268 1646 non
1292 1615 1439 1647 inmerito
1463 1616 1504 1646 sit
1519 1625 1658 1656 persona
1676 1614 1847 1646 laudabilis

190 1659 276 1692 dono
301 1660 458 1693 laudabili
480 1662 685 1704 premianda,
715 1664 747 1694 in
777 1663 960 1696 huiusmodi
987 1665 1096 1706 gracie
1126 1665 1245 1707 regalis
1274 1666 1392 1698 donum
1420 1666 1566 1708 predicto
1589 1666 1698 1697 comiti
1726 1669 1759 1697 et
1781 1667 1846 1697 suis

189 1711 365 1744 heredibus
387 1713 457 1745 iure
481 1717 639 1756 perpetuo
663 1714 816 1747 collatum
840 1716 1057 1747 consentimus
1079 1719 1113 1748 et
1135 1717 1239 1758 ipsum
1262 1717 1487 1749 nichilominus
1503 1717 1705 1759 presentibus
1728 1728 1846 1760 appro-

190 1761 315 1795 bamus.
364 1756 488 1797 Dantes
518 1765 580 1807 ipsi
607 1758 901 1798 Bertoldo'comiti
933 1767 1118 1809 prehabito¹
1142 1772 1310 1809 presentes
1339 1780 1397 1810 pro
1425 1769 1591 1801 evidencia
1622 1769 1718 1811 sigilli
1746 1770 1845 1801 nostri

195 1815 372 1847 munimine
397 1815 438 1848 de
461 1820 550 1848 certa
574 1816 694 1849 nostri*
717 1818 858 1850 sciencia
880 1818 1064 1860 legiptime¹
1088 1819 1265 1851 roboratas.

298 1865 401 1899 Dat.==
417 1866 608 1909 Kfifsteym,
636 1879 719 1900 anno
743 1869 874 1901 Domini
897 1869 1068 1902 millesimo
1092 1872 1319 1903 trecentesimo
1347 1872 1585 1914 quintodecimo
1614 1873 1645 1903 in
1676 1871 1729 1903 die
1757 1871 1845 1903 beati

190 1917 302 1950 Iacobi
325 1919 475 1961 apostoli.

649 2018 737 2054 302.
779 2018 952 2064 Scriptum
981 2020 1130 2055 tertium.
1235 2019 1307 2055 Iul.
1327 2022 1387 2055 12.

303 2089 465 2131 On'yinale
486 2090 611 2123 ibidem.
652 2091 853 2124 Contulimus
874 2103 940 2125 nos.
980 2092 1129 2133 Sfiqillum
1147 2093 1218 2135 sere
1240 2093 1384 2126 illaesum
1401 2094 1518 2134 pendet
1539 2093 1605 2134 filis
1626 2095 1737 2126 sericis
1756 2095 1846 2126 rubei

187 2139 324 2182 flavique
346 2141 467 2174 coloris.

297 2195 445 2235 Biihmer,
467 2196 542 2238 Rey.
560 2197 674 2230 Ludw.
693 2208 727 2238 p.
745 2199 765 2229 9
787 2209 836 2231 nr.
855 2200 927 2231 135.

298 2273 491 2306 Ludowious
506 2274 570 2307 Dei
586 2276 696 2317 gracia
711 2275 931 2309 Romanorum
947 2287 1006 2309 rex
1022 2287 1151 2319 semper
1166 2281 1320 2320 augustus
1397 2278 1565 2320 spectabili
1582 2280 1649 2311 viro
1666 2278 1844 2310 Bertholdo

190 2325 300 2357 comiti
316 2324 357 2357 de
372 2324 616 2369 Hennemberg,
641 2327 822 2359 consiliario
844 2331 878 2360 et
895 2328 984 2360 fideli
1005 2339 1062 2361 suo
1079 2328 1198 2361 dilecto
1285 2330 1428 2371 graciam
1447 2340 1537 2362 suam
1555 2334 1588 2362 et
1604 2341 1698 2362 omne
1715 2330 1843 2362 bonum.

293 2414 361 2443 801.
390 2416 414 2449 ι)
432 2417 571 2443 intimatio
589 2417 618 2443 in
636 2416 667 2443 2.·
691 2419 743 2444 Nos
756 2419 917 2444 Iohannes
938 2420 970 2446 D.
981 2427 1022 2452 gr.
1040 2421 1166 2446 Boemie
1183 2424 1213 2446 et
1230 2420 1361 2446 Polonie
1379 2429 1435 2446 rex
1453 2429 1574 2447 necnon
1594 2422 1844 2454 Lucemburgen-

190 2457 238 2484 sis
256 2466 374 2490 comesff
396 2459 424 2485 in
442 2458 471 2485 3.·
498 2460 550 2486 Nos
568 2460 683 2486 Petrus
701 2461 731 2487 D.
751 2469 789 2494 gr.
809 2466 918 2487 sancte
936 2462 1125 2495 moguntino
1147 2463 1230 2488 sedis
1251 2464 1516 2497 archiepiscopus
1539 2466 1619 2490 ucri
1643 2465 1771 2497 imperii
1791 2473 1844 2497 per

189 2501 390 2528 Germaniem
408 2503 748 2535 archicancellarius,-
771 2504 840 2530 6214:
859 2505 1132 2531 NoeBaldewinus
1150 2506 1181 2531 D.
1193 2513 1231 2538 gr.
1245 2507 1461 2532 Treverorum
1479 2507 1741 2540 archiepiscopus
1759 2507 1843 2532 sacri

189 2541 316 2577 imperii
335 2553 389 2579 per
407 2545 544 2572 Galliam
562 2547 894 2574 archicancellarius.
986 2547 1012 2580 b)
1030 2549 1099 2574 deest
1115 2548 1140 2574 3.
1229 2549 1252 2581 ε)
1269 2550 1355 2575 Ber-th.
1374 2549 1391 2575 3
1409 2558 1515 2583 semper.
1603 2549 1629 2579 ί1)
1647 2551 1800 2575 Ludowious
1818 2549 1843 2575 2.

192 2586 216 2619 θ)
235 2587 350 2613 habeant
367 2587 392 2614 2.
490 2587 511 2620 ἲ)
530 2589 653 2622 pref-to
670 2589 695 2616 2.
713 2589 738 2616 3.
826 2590 852 2622 Β)
871 2591 1078 2617 Romanorum
1097 2592 1160 2617 add.
1178 2591 1203 2617 2.
1220 2590 1247 2618 3.
1339 2591 1366 2625 1Ι)
1385 2593 1478 2618 excidit
1495 2591 1519 2618 2.
1616 2592 1633 2620 ί)
1653 2593 1800 2625 predicto
1818 2592 1842 2617 3.

189 2626 216 2661 k)
234 2629 359 2656 nonme.
438 2629 458 2663 ¹)
476 2631 601 2665 legittime
612 2631 637 2658 2.
649 2630 674 2658 8.
766 2632 798 2663 ¹¹)
810 2633 998 2659 uehaeocolton
1011 2635 1038 2659 in
1050 2634 1079 2660 2:
1098 2635 1155 2660 Det.
1170 2635 1283 2668 Prnge,
1302 2643 1327 2661 a.
1337 2636 1369 2661 D.
1382 2636 1529 2668 MCCCXV,
1549 2636 1622 2661 Idus
1634 2636 1843 2669 Septembris:

189 2670 260 2697 32⁸8:
278 2673 375 2699 Datum
393 2682 416 2700 ι.
426 2674 458 2700 D.
472 2675 563 2700 MCCC
575 2676 804 2707 sextodecimo,
823 2677 853 2702 in
871 2677 1033 2702 dominica
1046 2678 1272 2708 Remini-cere,
1291 2678 1321 2703 in
1339 2679 1432 2711 opido
1445 2679 1640 2711 Nurcnberg:
1661 2679 1687 2703 in
1700 2678 1727 2703 4:
1748 2679 1842 2703 Datum

189 2713 397 2749 Nuremberg‚
415 2725 438 2742 ι.
452 2717 483 2742 D.
501 2718 594 2743 MCCC
612 2719 841 2751 sextodecimo,
860 2721 892 2745 in
911 2721 1068 2746 dominice
1087 2721 1307 2747 Reminiscere.
1402 2723 1428 2747 ¹¹)
1443 2727 1532 2754 ponec
1550 2727 1685 2747 exaratum
1704 2730 1756 2746 ene
1775 2721 1842 2746 ride-

191 2759 234 2782 aar
250 2757 284 2789 1,-
300 2759 335 2791 el'.
349 2759 517 2792 prooemium.
