2184 3126
225 966 251 986 1⁰

224 1225 248 1244 15

220 2000 245 2019 80

222 2418 247 2438 ³5

220 2841 248 2862 4⁰

508 212 605 241 ACTA
623 212 736 240 REGNI
755 211 939 241 LUDEWICI
958 211 1005 239 IV.
1024 211 1071 239 ΕΤ
1090 210 1273 239 FRIDEBICI
1292 211 1341 239 111.
1379 211 1454 239 1319.
1491 211 1539 238 ΝΥ.
1551 211 1610 239 536.
1629 211 1688 238 537.
1856 214 1919 245 427

401 362 476 399 536.
510 362 748 400 EIUSDEM
774 360 1040 400 RECEPTIO
1062 361 1299 399 ABBATIS
1327 362 1385 399 IN
1411 359 1787 399 CAPELLANUM.

943 434 1052 472 1319.
1092 435 1199 472 Mart.
1219 434 1255 471 4.

381 534 480 576 Copia
497 534 553 578 (c.)
575 535 612 566 in
626 534 729 566 codice
745 534 993 567 Seitenstettensi
1006 544 1087 567 saec.
1098 533 1196 566 XIV.
1219 534 1264 566 in.
1283 534 1343 576 fol.
1355 534 1409 567 27.
1449 533 1627 575 Descripsit
1646 534 1860 568 Wattenbach.
1879 554 1923 558 —

270 587 332 621 Ed.
349 587 476 620 ‘Fontes
496 596 603 618 rerum
626 586 886 619 Austriacarum’
911 585 944 618 B
965 585 1136 624 XXXIII,
1161 586 1223 618 164
1245 597 1294 619 nr.
1312 587 1376 618 152
1400 597 1438 619 ez·
1462 597 1488 620 c.

376 646 524 686 Bo’hmer,
546 646 623 688 Rey.
639 646 752 679 Ludw.
771 657 805 686 p.
821 647 885 678 386
907 646 1075 678 Friedrich
1097 657 1146 679 nr.
1162 647 1236 679 357.

379 707 428 750 Cf.
451 706 470 740 l.
486 717 512 741 c.
534 717 585 740 nr.
600 706 674 739 358.

375 797 558 831 Fridericus
580 797 643 830 Dei
665 797 770 840 gratia
793 797 1012 830 Romanorum
1036 808 1094 830 rex
1117 807 1246 840 semper
1268 801 1423 840 augustus
1499 798 1654 830 universis
1677 798 1759 830 sacri
1782 798 1921 831 Romani

268 851 394 894 imperii
416 849 565 884 fidelibus
587 852 755 892 presentes
777 849 901 882 litteras
923 850 1114 892 inspecturis
1179 850 1316 892 gratiam
1339 860 1429 882 suam
1453 853 1487 881 et
1509 860 1604 882 omne
1627 849 1757 882 bonum.

375 902 509 945 Regalis
538 901 668 934 honoris
698 901 877 933 sublimitas
906 901 1040 944 provida
1070 901 1280 934 meditatione
1309 901 1493 944 gubernans
1521 902 1692 943 imperium
1727 902 1922 934 sublimioris

268 955 388 998 fastigii
409 954 541 996 suscipit
555 954 754 986 incrementa
778 957 811 985 et
834 954 902 985 eius
922 954 1120 986 immensitas
1136 964 1195 996 per
1210 953 1322 985 orbem
1338 953 1434 986 latins
1449 953 1644 996 predicatur,
1668 953 1745 985 dum
1760 953 1922 995 pollentes

268 1008 352 1040 viros
366 1006 523 1039 bonorum
546 1016 679 1049 operum
703 1008 880 1037 sectatores
897 1006 1094 1048 exquirimus
1117 1009 1150 1038 et
1173 1005 1295 1038 eisdem
1310 1008 1402 1048 grate
1419 1005 1646 1038 familiaritatis
1660 1005 1921 1038 benevolentiam

267 1059 464 1103 inpertimur.
508 1058 593 1090 Nam
621 1068 663 1090 ex
686 1068 725 1090 eo
748 1058 860 1099 utique
884 1057 1011 1100 imperii
1033 1067 1151 1090 nomen
1174 1057 1314 1089 nascitur
1335 1057 1510 1099 gloriosum
1536 1060 1569 1089 et
1598 1058 1630 1089 in
1654 1061 1800 1099 tempore
1824 1068 1919 1099 opor-

267 1114 345 1143 tuno
368 1111 464 1143 sumit
487 1109 643 1152 obsequia
666 1109 838 1141 fructuosa.
878 1108 962 1141 Sane
986 1119 1059 1140 cum
1082 1109 1274 1142 venerabilis
1298 1108 1531 1142 Gundacherus
1554 1109 1656 1141 abbas
1680 1109 1865 1141 monasterii
1888 1109 1921 1141 in

268 1161 475 1205 Sytansteten
498 1161 617 1194 ordinis
640 1162 741 1193 sancti
763 1160 931 1192 Benedicti
958 1161 990 1192 in
1013 1161 1136 1193 sincere
1160 1160 1339 1193 dilectionis
1366 1164 1400 1193 et
1421 1160 1498 1193 fidei
1519 1161 1660 1204 puritate
1683 1162 1833 1193 continuo
1862 1171 1921 1192 nos

268 1218 302 1247 et
324 1224 448 1247 sacrum
463 1213 646 1246 Romanum
662 1215 833 1245 veneretur
856 1213 1026 1255 imperium
1050 1216 1239 1255 amatorque
1255 1213 1407 1245 virtutum
1431 1214 1559 1254 existat,
1582 1217 1678 1255 prout
1699 1212 1792 1244 nobis
1814 1212 1921 1245 adhuc

266 1267 300 1299 in
322 1265 499 1299 minoribus
522 1266 700 1298 constitutis
723 1265 864 1297 constitit
887 1269 920 1297 et
942 1275 1024 1296 nunc
1046 1265 1218 1297 laudabilis
1245 1264 1331 1297 fame
1355 1266 1542 1307 preconium
1574 1275 1632 1297 nos
1660 1264 1827 1306 informat,
1861 1274 1921 1295 nos

267 1319 299 1350 in
332 1318 432 1360 ipsius
464 1317 634 1360 probitatis
669 1317 821 1359 operibus
852 1316 1006 1349 delectati
1040 1317 1144 1359 ipsum
1177 1317 1211 1348 in
1244 1316 1444 1359 capellanum
1481 1320 1514 1350 et
1548 1317 1741 1349 familiarem
1775 1318 1918 1348 nostrum

267 1370 442 1412 specialem
457 1369 604 1410 libenter,
624 1368 802 1401 liberaliter
822 1371 855 1400 et
871 1368 1093 1401 desideranter
1109 1368 1258 1400 duximus
1274 1369 1511 1401 assumendum.
1542 1368 1584 1400 Et
1599 1369 1751 1411 quoniam
1767 1378 1831 1400 non
1847 1371 1920 1400 sunt

267 1421 398 1464 indigne
421 1421 462 1454 ab
486 1421 632 1454 omnibus
653 1420 838 1461 venerandi,
862 1421 977 1462 quibus
1000 1421 1108 1462 regius
1130 1420 1222 1452 favor
1244 1421 1332 1452 favet
1354 1431 1412 1463 per
1435 1431 1579 1463 quosque
1607 1420 1726 1462 regalis
1749 1419 1922 1452 decoratur

267 1474 356 1506 curia
378 1473 497 1516 quique
526 1474 558 1504 in
581 1473 678 1505 domo
707 1473 797 1515 regia
820 1472 986 1504 ambulant
1015 1483 1087 1504 cum
1111 1483 1281 1513 consensu,
1308 1473 1551 1505 universitatem
1575 1476 1715 1504 vestram
1743 1473 1775 1503 in
1798 1482 1920 1514 genere

267 1535 306 1557 ac
332 1525 364 1557 in
394 1526 502 1567 specie
530 1527 654 1556 attente
686 1524 877 1566 requirimus
908 1527 941 1556 et
966 1535 1118 1566 rogamus
1140 1524 1286 1556 volentes
1311 1524 1434 1566 pariter
1461 1527 1494 1556 et
1520 1524 1739 1565 mandantes·,
1770 1524 1922 1566 quatinus

267 1577 407 1610 eundem
428 1577 581 1609 abbatem
598 1579 751 1619 tanquam
773 1581 916 1608 nostrum
933 1576 1135 1618 capellanum
1159 1576 1334 1618 specialem
1358 1587 1416 1618 pro
1432 1580 1540 1608 nostre
1557 1576 1723 1618 petitionis
1739 1576 1921 1607 reverentia

266 1628 422 1661 studeatis
444 1628 580 1660 ubilibet
603 1629 772 1670 prevenire
795 1628 958 1660 favoribus
982 1631 1015 1660 et
1030 1628 1204 1660 honoribus
1227 1629 1378 1671 prosequi
1401 1629 1560 1670 gratiosis.
1597 1628 1670 1660 Non
1694 1628 1921 1670 permittentes

266 1682 382 1723 ipsum,
405 1691 501 1723 quem
525 1691 597 1712 cum
621 1680 769 1712 omnibus
785 1680 878 1712 bonis
901 1682 965 1712 suis
988 1681 1020 1712 in
1043 1684 1184 1712 nostram
1208 1684 1240 1712 et
1262 1681 1390 1723 imperii
1405 1681 1639 1722 protectionem
1662 1680 1862 1721 suscipimus,
1886 1680 1919 1711 in

237 1742 247 1758 ⁵
266 1742 418 1775 persona,
448 1731 571 1764 familia
602 1733 669 1765 sive
700 1732 796 1764 rebus
819 1733 884 1764 suis
906 1732 1106 1772 iniuriarum,
1135 1731 1397 1764 molestationum
1428 1742 1485 1764 seu
1515 1733 1737 1774 gravaminum
1767 1731 1920 1763 oneribus

266 1785 461 1828 pregravariL
507 1784 546 1816 In
573 1784 634 1816 hoc
662 1784 842 1816 celsitudini
869 1784 959 1826 regie
983 1783 1178 1816 exhibebitis
1206 1783 1396 1826 obsequium
1420 1783 1504 1816 bene
1527 1787 1664 1826 gratum.
1760 1782 1919 1815 Volumus

265 1837 363 1870 etiam
387 1840 419 1869 et
443 1847 485 1868 ex
507 1836 640 1878 speciali
664 1837 768 1878 gratia
791 1835 938 1878 predicto
963 1860 970 1867 .
988 1861 995 1867 .
1019 1835 1129 1867 abbati
1145 1835 1344 1877 benignitate
1360 1836 1450 1878 regia
1466 1835 1688 1868 favorabiliter
1702 1834 1917 1877 indulgemus,

265 1891 301 1921 ut
323 1890 349 1920 si
372 1888 466 1921 alicui
489 1891 546 1920 aut
567 1888 729 1930 aliquibus
752 1898 793 1919 ex
808 1887 901 1919 vobis
924 1890 1034 1919 contra
1057 1888 1162 1929 ipsum
1185 1887 1339 1919 abbatem
1362 1891 1418 1919 aut
1440 1898 1532 1919 suum
1555 1888 1786 1919 monasterium
1809 1887 1920 1929 aliqua

265 1943 428 1983 competat
450 1941 534 1972 actio
557 1943 613 1972 aut
628 1943 814 1982 competere
829 1939 986 1980 videatur,
1011 1950 1119 1971 coram
1142 1939 1235 1971 nobis
1257 1943 1314 1971 aut
1328 1939 1420 1971 nobis
1435 1939 1623 1971 absentibus
1639 1949 1747 1971 coram
1765 1964 1772 1971 .
1786 1964 1793 1971 .
1809 1939 1917 1971 fratri-

263 1993 323 2025 bus
345 1993 460 2024 nostris
482 1991 659 2024 illustribus
682 1991 815 2023 ducibus
831 1991 961 2024 Austrie
985 1994 1019 2023 et
1039 1985 1143 2032 'Styrie
1167 1995 1223 2023 aut
1245 2001 1354 2023 coram
1378 2016 1385 2023 .
1402 2015 1410 2023 .
1433 1991 1609 2023 marscalco
1626 1991 1758 2023 Austrie
1782 1991 1838 2033 qui
1858 2001 1919 2033 pro

264 2047 411 2087 tempore
434 2044 540 2085 fuerit,
564 2043 734 2076 dumtaxat
755 2044 804 2075 ius
829 2054 921 2074 suum
945 2044 1056 2085 exigat
1079 2046 1112 2074 et
1135 2043 1278 2085 requirat
1301 2046 1334 2075 et
1356 2053 1416 2085 per
1437 2043 1546 2075 omnia
1567 2045 1791 2085 prosequatur.

371 2104 491 2136 Datum
508 2102 612 2146 Styre,
635 2103 713 2135 1111.
730 2103 812 2136 Non.
829 2103 948 2144 Martii,
972 2114 1054 2135 anno
1070 2103 1200 2135 Domini
1215 2102 1478 2144 MCOCXVIIII,
1501 2103 1592 2145 regni
1612 2113 1688 2134 vero
1711 2104 1811 2135 nostri
1833 2114 1917 2135 anno

264 2157 384 2199 quinto.

265 2337 365 2383 537.
393 2335 492 2381 538.
541 2335 865 2381 LITTERAE
900 2335 1268 2450 [Ifssglglgglls
1285 2335 1365 2380 ET
1400 2334 1916 2384 ARCHIEPISCOPI

829 2490 937 2527 1319.
975 2490 1080 2526 Mart.
1102 2490 1137 2526 9.
1152 2509 1202 2515 -
1216 2489 1299 2526 Mai.
1318 2489 1354 2526 4.

754 2611 840 2647 537.
883 2611 1038 2647 Litterae
1064 2612 1162 2656 regis.
1269 2610 1378 2646 Mart.
1397 2613 1431 2646 9.

374 2667 473 2724 Copia
499 2682 558 2726 (ο.)
591 2684 627 2716 in
660 2684 725 2717 cod.
751 2684 824 2716 mst.
852 2695 901 2717 nr.
924 2685 989 2716 247
1015 2684 1226 2726 (Peutinyer.)
1259 2685 1284 2723 f-
1306 2686 1379 2717 ηδ’
1409 2685 1609 2718 bazeotha-ae
1640 2686 1913 2728 Stuteqardiensis.

269 2734 468 2768 Contulimus
489 2745 555 2767 nos.
580 2753 619 2758 —
643 2735 705 2768 Ed.
729 2735 951 2769 Wnkelmam·
974 2737 1066 2768 ‘Acta
1089 2736 1215 2778 imperii
1237 2736 1373 2769 inedita'
1395 2737 1445 2776 II,
1467 2739 1532 2770 298
1555 2748 1604 2770 nr.
1620 2739 1686 2770 473
1707 2750 1746 2771 ex
1768 2750 1794 2771 c.

367 2837 433 2865 586.
461 2837 485 2871 ΙΙ)
503 2839 653 2866 mandamus
671 2848 692 2866 c.

1655 2894 1704 2919 54·
