2190 3172
336 207 398 238 340
609 204 706 232 ACTA
726 203 839 231 REGNI
858 203 1043 230 LUDEWICI
1061 203 1108 231 lV.
1128 204 1174 231 ET
1194 203 1380 231 FRIDERICI
1399 204 1448 231 111.
1485 204 1560 232 1317.
1595 203 1644 232 Nx.
1656 204 1717 232 401.

417 364 491 400 401.
527 363 710 400 BULLA
740 361 1007 399 IOHANNIS
1035 362 1365 454 ὶΙζΒὶὲΙΙξΕΙΙΞίἅΙΡΑΕ
1397 362 1575 399 SUPER
1603 361 1908 400 VICARIATU

995 490 1103 526 1317.
1144 490 1250 527 Mart.
1273 491 1332 526 31.

448 599 546 639 Copia
561 598 616 640 (c.)
633 598 667 629 in
684 597 887 638 Reyestorum
903 597 1056 630 tabularii
1075 598 1222 630 Vaticani
1242 602 1312 631 tom.
1326 600 1368 630 63
1382 610 1418 639 p.
1433 600 1510 630 352‘
1526 610 1572 639 ep.
1588 599 1626 631 de
1640 610 1706 631 cur.
1720 601 1771 632 76.
1810 599 1988 640 Descripsi-

335 662 407 684 mus
427 651 475 683 vel
496 649 686 682 contulimus
707 659 774 681 nos.
2017 664 2030 683 ὅ

445 710 592 749 Bo'hmer,
617 709 692 750 Rey.
710 709 821 741 Ludw.
839 720 875 749 p.
889 709 954 740 214
978 709 1091 742 Pc'z'bste
1113 721 1163 742 nr.
1178 711 1207 742 5.

445 771 487 803 In
513 771 647 810 Corpore
671 770 753 801 iuris
776 769 923 801 canonici
944 773 1067 810 recepta
1090 773 1135 802 est
1157 781 1183 803 c.
1199 781 1254 802 un.
1279 771 1412 803 Extrav.
1436 771 1504 803 Iob.
1520 771 1639 804 XXII.
1664 772 1692 804 5.

444 861 615 904 [Iohannes
639 859 712 903 etc]
801 859 855 891 Ad
878 860 1019 892 futurum
1042 861 1090 892 rei
1112 861 1311 892 memoriam.

449 925 474 954 1.
507 921 541 953 Si
568 921 702 952 fratrum
732 923 765 953 et
793 921 1055 962 coepiscoporum
1085 923 1266 952 nostrorum
1299 923 1332 952 et
1359 922 1495 954 aliorum
1522 923 1739 964 quorumlibet
1765 924 1835 955 iura
1863 923 1987 955 illibata

336 975 457 1007 servari
493 976 526 1005 et
560 973 601 1005 ab
634 973 719 1004 omni
752 972 822 1003 fore
851 971 1019 1014 dispendio
1049 971 1267 1003 diminutionis
1296 975 1452 1005 extranea
1479 974 1624 1015 cupimus
1656 977 1688 1006 et
1717 975 1759 1006 ad
1788 975 1822 1006 id
1848 975 1989 1007 libenter
2006 987 2032 1007 ιο

336 1030 444 1059 nostre
467 1024 689 1057 sollicitudinis
713 1023 854 1056 studium
877 1023 1082 1065 adhibemus,
1116 1024 1217 1055 multo
1242 1024 1354 1055 fortius
1377 1025 1528 1066 equidem
1559 1036 1616 1067 pro
1639 1027 1755 1058 nostris
1785 1029 1818 1058 et
1840 1026 1987 1058 Romane

337 1078 472 1110 ecclesie
495 1086 612 1119 sponse
636 1079 744 1108 nostre
767 1075 888 1107 iuribus
913 1078 945 1106 et
967 1074 1142 1106 honoribus
1165 1075 1391 1107 conservandis
1414 1086 1456 1108 ex
1477 1077 1617 1109 iniuncto
1640 1077 1732 1109 nobis
1756 1078 1853 1110 officii
1876 1077 1987 1110 debito

336 1130 514 1172 apostolice
543 1128 734 1170 provisionis
768 1130 877 1169 partes
910 1129 1058 1158 tenemur
1084 1126 1288 1167 impendere,
1323 1137 1364 1158 ne
1395 1128 1594 1169 temporibus
1626 1130 1742 1161 nostris
1772 1130 1988 1172 usurpationis

336 1182 484 1213 iniuriam
508 1179 645 1211 subeant
674 1182 730 1210 aut
752 1178 980 1210 detrimentum
1003 1178 1141 1209 cuiusvis
1165 1177 1384 1220 derogationis
1407 1179 1578 1211 incurrant.
1623 1179 1708 1212 Sane
1735 1182 1767 1212 in
1790 1184 1931 1213 nostram
1955 1183 1989 1213 et

336 1234 469 1265 fratrum
494 1234 676 1263 nostrorum
697 1229 872 1262 deductum
895 1232 944 1261 est
967 1229 1054 1261 fama
1078 1229 1263 1271 divulgante
1287 1230 1444 1270 notitiam,
1468 1231 1555 1272 quod
1577 1231 1654 1263 licet
1676 1231 1717 1264 de
1740 1233 1808 1264 iure
1832 1233 1873 1264 sit
1894 1232 1987 1275 liqui·
2007 1246 2032 1265 u

336 1285 413 1317 dum
442 1287 476 1316 et
509 1283 550 1315 ab
575 1283 652 1314 olim
675 1281 772 1314 fuerit
794 1282 981 1313 inconcusse
1005 1283 1182 1322 servatum,
1218 1281 1304 1323 quod
1326 1286 1461 1314 vacante
1484 1283 1633 1324 imperio,
1667 1284 1749 1315 sicut
1771 1286 1804 1316 et
1826 1294 1909 1316 nunc
1931 1294 1991 1326 per

338 1336 460 1368 obitum
489 1334 652 1377 quondam
674 1333 808 1365 Henrici
831 1333 1050 1364 Romanorum
1074 1332 1278 1374 imperatoris
1305 1343 1436 1365 vacasse
1460 1333 1671 1376 dignoscitur,
1706 1345 1779 1367 cum
1805 1336 1837 1366 in
1864 1335 1920 1367 illo
1947 1335 1991 1368 ad

337 1387 516 1420 secularem
539 1386 679 1418 iudicem
696 1387 836 1427 nequeat
858 1384 973 1416 haberi
988 1394 1146 1425 recursus,
1170 1384 1212 1416 ad
1229 1395 1386 1416 summum
1402 1386 1597 1428 pontificem,
1621 1387 1671 1418 cui
1693 1387 1726 1418 in
1740 1397 1879 1429 persona
1901 1387 1991 1419 beati

336 1439 427 1472 Petri
457 1438 578 1471 terreni
605 1437 699 1470 simul
726 1440 759 1469 et
782 1437 911 1468 celestis
933 1436 1060 1478 imperii
1085 1436 1155 1468 iura
1176 1435 1266 1468 Deus
1288 1437 1357 1478 ipse
1380 1437 1553 1478 commisit,
1581 1438 1708 1480 imperii
1730 1438 1876 1480 predicta
1898 1439 1991 1472 iuris-

337 1492 446 1532 dictio,
470 1490 615 1532 regimen
639 1492 672 1520 et
689 1488 855 1530 dispositio
873 1487 1086 1520 devolvuntur
1109 1491 1142 1519 et
1165 1498 1204 1519 ea
1219 1491 1367 1530 tempore
1383 1488 1519 1521 durante
1541 1489 1641 1530 ipsius
1656 1490 1850 1522 vacationis·
1864 1490 1991 1532 imperii
2008 1503 2034 1523 so

336 1554 396 1586 per
418 1553 452 1574 se
475 1542 527 1574 vel
551 1541 650 1573 alium
673 1550 731 1572 seu
754 1539 835 1571 alios
857 1540 1041 1572 exercuisse
1064 1540 1205 1571 noscitur
1227 1541 1257 1571 in
1281 1540 1417 1582 imperio
1440 1544 1633 1583 memorato,
1661 1541 1804 1574 nonnulli
1826 1545 1935 1574 tamen
1957 1542 1991 1574 in

337 1595 432 1627 Italie
455 1593 601 1637 partibus
623 1592 793 1635 potestatis
825 1594 859 1623 et
881 1591 1046 1634 dignitatis
1068 1591 1232 1634 fastigium
1255 1591 1365 1623 illicite
1389 1592 1569 1624 ambientes
1596 1593 1628 1624 in
1651 1596 1794 1625 nostrum
1824 1597 1857 1626 et
1879 1597 1989 1626 sancte

337 1646 485 1679 Romane
508 1646 620 1678 matris
637 1644 775 1676 ecclesie
792 1646 946 1685 quantum
970 1643 1002 1674 in
1025 1644 1072 1675 eis
1096 1646 1145 1675 est
1167 1643 1378 1685 preiudicium
1394 1643 1526 1676 evidens
1549 1655 1587 1676 ac
1603 1644 1845 1677 diminutionem
1861 1645 1990 1678 honoris

338 1702 372 1730 et
394 1699 481 1739 iuris,
505 1698 676 1729 vicariatus
699 1705 756 1727 seu
779 1695 911 1727 alterius
926 1695 1155 1737 cuiuscumque
1178 1705 1296 1726 nomen
1320 1695 1426 1737 officii,
1449 1695 1535 1737 quod
1557 1697 1627 1738 ipso
1644 1697 1838 1738 imperatore
1862 1697 1989 1728 vivente

340 1760 381 1781 ex
403 1749 503 1790 ipsius
519 1748 743 1780 commissione
759 1747 927 1789 gerebant,
950 1747 983 1778 in
1006 1747 1102 1778 certis
1119 1747 1222 1788 terris,
1245 1747 1412 1778 territoriis
1435 1747 1502 1778 sive
1517 1747 1596 1779 locis
1618 1751 1692 1789 post
1706 1748 1875 1780 decessum
1890 1749 1990 1790 ipsius
2008 1762 2032 1781 ιε,

340 1801 462 1843 absque
490 1804 599 1832 nostra
627 1800 679 1831 vel
701 1799 878 1841 apostolice
909 1799 995 1830 sedis
1021 1799 1124 1841 petita
1152 1798 1203 1830 vel
1227 1798 1359 1830 obtenta
1380 1799 1510 1831 licentia
1532 1799 1671 1831 retinere
1700 1799 1761 1831 sibi
1793 1803 1826 1832 et
1848 1799 1992 1832 nonnulli

339 1854 437 1884 etiam
468 1852 508 1883 de
538 1862 621 1883 novo
646 1861 809 1883 assumere
844 1850 931 1893 quod
959 1861 1022 1882 non
1048 1853 1215 1892 gesserant
1248 1853 1304 1882 aut
1335 1855 1463 1893 gestum
1495 1853 1590 1883 antea
1618 1855 1797 1893 posteaque
1824 1852 1991 1883 dimissum

338 1913 503 1936 resumere
527 1903 707 1934 temerariis
729 1901 859 1933 ausibus
882 1905 1160 1943 presumpserunt,
1195 1911 1258 1943 quo
1285 1901 1338 1933 vel
1361 1902 1476 1943 quibus
1503 1902 1609 1934 adhuc
1637 1913 1701 1935 non
1724 1906 1874 1935 verentur
1901 1903 1992 1935 abuti

338 1966 376 1987 ac
399 1955 458 1987 sub
482 1955 551 1986 eius
574 1954 626 1986 vel
649 1964 760 1986 eorum
783 1953 890 1985 colore
914 1953 1014 1984 multa
1037 1952 1145 1984 facere
1170 1955 1203 1984 et
1225 1952 1340 1984 fecisse
1363 1956 1549 1996 noscuntur,
1577 1965 1639 1996 que
1662 1955 1695 1986 in
1717 1959 1859 1986 nostram
1882 1958 1915 1987 et
1937 1965 1991 1987 ec-

339 2008 436 2039 clesie
457 2006 600 2048 predicte
617 2006 765 2037 iniuriam
781 2008 892 2047 aperte
909 2004 1100 2046 redundant,
1123 2015 1187 2036 non
1203 2004 1413 2037 abhorrentes
1428 2015 1487 2047 per
1508 2005 1541 2037 id
1562 2007 1657 2038 variis
1671 2006 1790 2038 involvi
1807 2006 1991 2038 criminibus
2009 2019 2035 2039 ω

338 2069 398 2091 nec
422 2058 527 2090 divine
551 2058 728 2089 maiestatis
751 2056 961 2089 formidantes
984 2056 1149 2088 offensam.

449 2121 477 2150 2.
514 2118 597 2154 Quia
619 2118 717 2160 igitur
740 2128 843 2157 error,
872 2118 924 2148 cui
945 2127 1009 2148 non
1031 2117 1201 2156 resistitur,
1229 2116 1403 2158 approbari
1426 2116 1552 2149 videtur
1574 2121 1607 2149 et
1629 2117 1730 2150 latum
1753 2118 1866 2160 pandit
1888 2118 1991 2150 delin-

341 2170 510 2212 quentibus
540 2170 658 2210 sinum,
694 2169 748 2211 qui
779 2179 890 2201 eorum
919 2169 1079 2210 perversis
1109 2168 1276 2200 conatibus
1305 2179 1368 2200 non
1391 2169 1525 2209 resistit,
1559 2180 1618 2201 nos
1640 2170 1785 2202 volentes
1813 2171 1929 2202 nostris
1958 2173 1992 2202 et

341 2221 477 2253 ecclesie
494 2231 610 2262 sponse
633 2224 741 2252 nostre
757 2220 879 2252 iuribus
903 2223 936 2252 et
952 2220 1127 2252 honoribus
1149 2221 1182 2254 in
1204 2220 1265 2252 hac
1286 2223 1379 2262 parte
1395 2221 1578 2262 prospicere
1603 2224 1636 2252 et
1651 2222 1745 2253 malis
1768 2232 1806 2254 ac
1822 2222 1990 2263 scandalis,

340 2283 404 2315 que
438 2283 480 2304 ex
502 2273 699 2313 retentione,
734 2273 952 2314 assumptione
982 2283 1039 2305 seu
1061 2273 1279 2314 resumptione
1302 2272 1484 2304 huiusmodi
1507 2276 1578 2304 orta
1600 2277 1673 2305 sunt
1696 2274 1850 2306 hactenus
1873 2277 1906 2306 et
1927 2285 1991 2317 que
2010 2287 2035 2308 π

340 2324 522 2367 periculose
545 2327 677 2366 possent
698 2324 829 2356 inantea
852 2324 1002 2366 suboriri,
1032 2324 1181 2356 celeriter
1204 2323 1335 2356 obviare
1361 2334 1486 2356 necnon
1508 2325 1660 2366 periculis
1682 2326 1859 2358 animarum
1882 2326 1991 2359 huius-

340 2376 429 2409 modi
443 2376 660 2416 retinentium,
684 2376 913 2408 assumentium
936 2386 993 2407 seu
1009 2376 1239 2408 resumentium
1262 2376 1392 2408 nomina
1415 2379 1448 2408 et
1471 2377 1518 2408 eis
1533 2376 1744 2419 abutentium,
1767 2381 1803 2409 ut
1822 2378 1992 2420 prefertur,

341 2427 513 2460 salubriter
535 2437 702 2460 occurrere
725 2427 906 2470 cupientes,
938 2428 1135 2470 presentium
1158 2428 1348 2459 auctoritate
1371 2438 1539 2460 monemus
1566 2428 1625 2460 sub
1653 2430 1993 2462 excommunicationis

340 2489 426 2522 pena
438 2489 550 2511 omnes
562 2482 595 2511 et
606 2479 758 2521 singulos,
775 2480 1001 2521 cuiuscumque
1013 2482 1124 2520 status,
1140 2479 1383 2521 proeminentie,
1396 2479 1561 2522 dignitatis
1572 2483 1628 2512 aut
1640 2480 1830 2513 conditionis
1842 2481 1992 2523 existant,

342 2531 469 2563 etiamsi
484 2530 691 2572 patriarchali
712 2530 764 2563 vel
787 2531 899 2573 quavis
921 2531 985 2562 alia
1001 2531 1159 2572 superiori
1181 2533 1237 2562 aut
1251 2531 1427 2572 pontificali
1448 2532 1501 2563 vel
1523 2533 1614 2574 regia
1636 2543 1694 2564 seu
1709 2533 1774 2565 alia
1789 2543 1991 2575 quacumque
2009 2545 2036 2566 ιο

341 2581 548 2624 prefulgeant
564 2581 730 2623 dignitate,
752 2583 807 2624 qui
822 2585 895 2624 post
910 2583 1111 2614 vacationem
1127 2583 1253 2624 imperii
1269 2582 1392 2624 absque
1408 2586 1517 2615 nostra
1532 2584 1584 2615 vel
1601 2584 1687 2616 sedis
1702 2584 1847 2627 predicte
1862 2585 1993 2617 licentia

341 2633 526 2665 huiusmodi
542 2634 653 2665 vicarii
673 2644 731 2665 seu
747 2634 884 2665 cuiusvis
900 2633 1031 2665 alterius
1048 2633 1145 2665 officii
1160 2644 1278 2666 nomen
1294 2634 1354 2666 sibi
1370 2634 1507 2667 ubilibet
1522 2636 1730 2678 retinuerunt,
1753 2639 1995 2678 assumpserunt

342 2695 401 2716 seu
420 2688 662 2726 resumpserunt
685 2689 719 2717 et
740 2687 879 2718 retinent
902 2689 936 2718 et
958 2687 1012 2728 qui
1035 2689 1198 2718 assument
1221 2687 1272 2718 vel
1295 2692 1458 2719 resument
1480 2687 1623 2720 fortassis
1644 2688 1854 2731 imposterum
1878 2691 1911 2721 et
1933 2688 1992 2720 sub

343 2736 417 2768 talis
441 2737 708 2768 denominationis
735 2738 833 2779 pallio
862 2737 955 2770 abusi
985 2741 1058 2770 sunt
1089 2742 1122 2770 et
1144 2737 1318 2770 abutuntur
1346 2739 1399 2771 vel
1426 2739 1525 2771 etiam
1551 2739 1725 2772 abutentur
1750 2743 1911 2783 potestate
1940 2740 1993 2773 vel

445 2825 512 2853 401.
540 2827 564 2859 ⁸)
583 2829 716 2854 vacatione
735 2837 755 2854 c.
2009 2837 2036 2856 ⁴⁸
