2184 3126
408 121 506 150 ACTA
524 120 638 150 13le
656 121 790 150 LUDEW
792 120 842 149 101
861 120 908 150 IV.
926 121 972 149 ΕΤ
991 119 1170 149 FRIDERICI
1190 120 1239 148 111.
1275 119 1351 147 1824.
1387 119 1436 148 Nr.
1449 119 1509 147 864.
1527 119 1586 147 865.
1766 122 1826 153 681

172 209 252 242 locis
275 210 360 242 circa
390 210 495 252 ipsum
523 208 710 241 comitatum
736 207 958 250 Haynn(onie)
989 210 1022 240 et
1048 206 1134 239 circa
1161 205 1350 239 comitatum
1381 204 1679 246 Cameracen(sem)
1707 205 1829 238 dictum

171 261 343 304 imperium
366 260 522 301 dividere,
545 260 669 293 bonare
692 263 726 293 et
752 260 906 292 terminos
928 269 1050 302 ponere
1077 259 1272 301 ubicumque
1301 267 1434 290 necesse
1457 257 1555 289 fuerit
1583 260 1617 289 et
1646 257 1831 299 specialiter

172 314 204 345 in
227 316 314 345 terra
336 322 400 355 que
424 311 541 344 dicitur
556 311 739 345 Ostrevant.
774 311 1005 344 Promittantes
1027 321 1086 354 pro
1109 309 1202 342 nobis
1225 308 1259 342 et
1285 309 1355 352 ipso
1378 318 1470 341 sacro
1494 308 1631 351 imperio
1654 319 1692 340 ac
1714 309 1832 341 nostris

173 363 410 397 successoribus
431 363 652 396 Romanorum
674 362 806 405 regibus
833 366 867 395 et
889 361 1147 405 imperatoribus,
1170 371 1228 393 nos
1255 364 1359 393 ratum
1387 364 1421 393 et
1451 364 1579 403 gratum
1608 359 1776 392 habituros
1798 361 1831 392 in

142 427 153 446 s
173 418 376 458 perpetuum,
405 415 557 458 quicquid
579 416 664 448 inter
685 415 856 457 imperium
881 419 914 447 et
936 424 1071 456 regnum
1094 413 1231 446 Francie
1255 413 1471 453 terminatum,
1498 412 1665 452 bonatum,
1693 411 1831 444 divisum

174 470 207 499 et
228 467 400 500 limitatum
424 467 520 500 fuerit
542 477 602 509 per
624 466 745 499 dictum
769 466 919 498 comitem
943 466 995 498 vel
1019 465 1141 498 electos
1163 464 1205 497 ab
1228 474 1268 497 eo
1291 465 1323 496 in
1350 463 1542 506 supradictis
1569 463 1714 506 partibus
1743 466 1777 495 et
1798 464 1830 495 in

174 518 319 561 qualibet
341 518 539 551 earumdem.
636 518 674 550 In
697 519 786 550 cuius
808 517 874 550 rei‘
894 516 1114 550 testimonium
1141 518 1310 558 presentes
1337 515 1496 547 conscribi
1526 518 1559 547 et
1586 514 1692 557 sigillo
1722 518 1830 547 nostre

173 570 352 603 maiestatis
374 569 523 601 iussimus
546 570 746 602 communiri.

281 620 356 653 Dat.
379 620 412 652 in
435 619 580 662 Colonia,
604 620 662 653 VI.
678 621 790 653 Nonas
812 620 935 661 Martii,
963 630 1046 652 anno
1069 619 1202 652 Domini
1229 620 1400 652 millesimo
1429 619 1655 652 trecentesimo
1680 619 1833 650 vicesimo

130 683 155 704 10
174 674 299 714 quarto,
322 672 424 714 regni‘
436 682 514 704 vero
537 673 637 704 nostri
661 683 745 705 anno
769 671 922 706 decimos.
1015 670 1018 674 ’

325 803 412 841 865.
453 804 666 850 Approbatio
688 804 791 850 pacis
817 815 892 840 cum
920 804 1039 840 comite
1066 803 1265 838 Flandriae
1292 803 1410 838 initae.
1517 802 1629 838 Mart.
1650 803 1683 838 3.

283 877 444 920 Oriyimle
466 878 662 920 deperditum
671 879 692 910 ¹.
735 878 834 919 Copia
849 878 906 921 (c.)
930 878 965 910 in
991 877 1174 911 Gartuhrio
1197 877 1294 909 citato
1315 887 1366 910 nr.
1383 879 1434 909 47.
1484 876 1684 910 Contulimus
1705 887 1771 909 nos.
1789 894 1831 900 —

170 929 234 963 Ed.
257 929 412 962 Dem‘llers
434 929 453 962 l.
471 940 496 962 c.
513 930 582 967 III,
608 929 670 961 153
691 940 740 962 nr.
757 930 820 961 192
841 940 881 962 ex
903 940 930 962 c.

280 990 424 1028 Biihmer,
448 989 525 1031 Rey.
549 990 661 1022 Ludw.
681 991 770 1032 p.40
792 1000 842 1022 nr.
860 990 934 1022 698.

129 1087 153 1108 ω
279 1076 348 1109 Nos
371 1075 563 1109 Ludowicus
585 1075 649 1108 Dei
671 1076 776 1118 gratia
798 1075 1019 1109 Romanorum
1042 1086 1100 1108 rex
1122 1085 1252 1118 semper
1274 1077 1439 1118 augustus.

280 1128 468 1160 Sencientes
491 1138 587 1170 quam
612 1128 653 1160 sit
675 1128 782 1169 gravis
804 1131 838 1160 et
860 1127 1040 1170 periculosa
1062 1127 1218 1159 nobilium
1248 1131 1282 1159 et
1308 1130 1475 1169 potentum
1503 1126 1632 1168 imperii
1660 1126 1831 1167 discordia,

171 1180 257 1213 unde
288 1179 425 1212 subditis
446 1179 685 1212 incommodum
708 1182 743 1212 et
763 1179 842 1222 ipsis
864 1179 956 1211 labor
978 1183 1011 1212 et
1033 1178 1212 1221 periculum
1234 1181 1458 1221 procreantur,
1492 1178 1590 1220 digna
1616 1177 1831 1211 sollicitudine

173 1242 321 1264 curamus
343 1231 386 1263 ad
413 1231 503 1274 pacis
530 1231 795 1263 reformationem
823 1234 857 1263 et
883 1231 1059 1264 reformate
1088 1231 1365 1263 conservationem
1393 1229 1574 1262 faciendam
1603 1239 1662 1272 per
1688 1234 1830 1262 nostram

173 1283 375 1326 diligentiam
397 1284 482 1316 inter
505 1294 571 1316 eos.
617 1282 702 1315 Sane
726 1293 799 1315 cum
823 1282 904 1315 dura
927 1293 1045 1326 guerra
1067 1286 1101 1315 et
1124 1282 1284 1315 discordia
1311 1282 1395 1314 inter
1417 1285 1567 1324 potentes
1590 1282 1675 1313 viros
1697 1282 1833 1314 comites

128 1348 154 1368 πο
172 1335 348 1368 Flandrie·
371 1345 413 1367 ex
437 1337 528 1377 parte
551 1345 615 1367 una
638 1337 672 1367 et
694 1335 830 1367 comites
852 1334 1013 1375 Hancnie,
1036 1334 1212 1366 Hollandie
1230 1337 1263 1366 et
1286 1333 1462 1366 Zeelandie
1490 1343 1532 1366 ex
1559 1333 1663 1365 altera
1691 1333 1789 1365 fuerit
1811 1343 1831 1365 a

171 1386 318 1430 pluribus
350 1387 442 1418 annis
470 1387 564 1427 citra,
595 1397 655 1429 pro
683 1396 723 1419 eo
755 1386 842 1429 quod
872 1387 1007 1419 comites
1036 1385 1188 1418 Flandrie
1223 1386 1284 1418 sibi
1312 1386 1469 1428 petebant
1496 1385 1565 1417 fieri
1595 1385 1782 1427 homagium
1812 1395 1832 1417 a

172 1438 342 1472 comitibus
365 1438 537 1471 Hannonie
566 1438 606 1470 de
630 1437 775 1480 pluribus
805 1438 916 1470 insulis
938 1438 969 1470 in
993 1439 1149 1470 comitatu
1171 1437 1347 1470 Zeelandie
1371 1436 1563 1478 constitutis,
1586 1447 1644 1479 pro
1668 1447 1707 1468 eo
1732 1436 1831 1469 etiam

172 1490 258 1533 quod
281 1490 342 1532 ipsi
366 1491 500 1522 comites
515 1489 668 1522 Flandrie
692 1489 733 1522 ad
757 1499 792 1522 se
816 1490 978 1532 pertinere
1003 1489 1155 1522 dicebant
1177 1489 1286 1532 plures
1310 1492 1413 1521 terras
1437 1492 1471 1520 et
1493 1488 1578 1520 bona
1600 1487 1743 1529 mobilia,
1768 1498 1831 1530 qne

172 1542 219 1574 eis
243 1552 284 1574 ex
308 1542 509 1574 successione
532 1541 684 1573 Iohannis
708 1541 834 1573 comitis
848 1540 1024 1574 Hollandie
1047 1541 1103 1573 filii
1128 1541 1289 1583 quondam
1313 1540 1441 1573 comitis
1464 1539 1620 1572 Florentii
1644 1542 1832 1581 evenerunt,

128 1605 152 1626 st.
172 1597 305 1626 econtra
327 1604 404 1626 vero
428 1593 504 1625 dicti
529 1594 663 1626 comites
677 1592 852 1625 Hollandie
870 1597 903 1624 et
918 1593 1094 1626 Zeelandie
1118 1593 1160 1625 ad
1184 1603 1219 1625 se
1242 1593 1406 1635 pertinere
1423 1592 1575 1624 dicebant
1590 1591 1700 1634 plures
1717 1595 1829 1631 terras,

172 1655 251 1687 quas
267 1644 343 1677 dicti
360 1646 495 1678 comites
510 1644 689 1686 Flandr(ie)
707 1644 930 1686 possidebant,
947 1656 1005 1687 pro
1029 1655 1068 1677 eo
1085 1645 1183 1677 ctiam
1200 1644 1286 1687 quod
1310 1654 1374 1676 una
1390 1654 1464 1686 pars
1480 1643 1522 1676 ab
1538 1643 1643 1675 altera
1658 1643 1751 1685 plura
1766 1643 1831 1675 alia

170 1696 341 1739 repetebat
368 1700 401 1728 et
428 1696 469 1728 ad
498 1706 532 1728 se
565 1697 726 1738 pertinere
755 1697 901 1739 dicebat,
934 1701 967 1730 et
994 1698 1125 1730 tandem
1159 1708 1231 1730 cum
1259 1698 1385 1740 guerris
1420 1696 1604 1729 huiusmodi
1630 1697 1774 1729 sedatisb
1798 1700 1831 1729 et

170 1748 331 1781 discordia
357 1748 442 1779 inter
464 1758 520 1779 eos
543 1758 603 1789 per
623 1748 738 1780 modos
760 1749 950 1781 amicabiles
976 1750 1018 1781 sit
1044 1749 1150 1791 sopita
1179 1753 1213 1781 et
1240 1759 1305 1791 pax
1330 1749 1522 1788 reformata,
1552 1748 1635 1780 sicut
1657 1748 1731 1780 hinc
1755 1748 1830 1780 inde

169 1809 266 1842 super
288 1800 349 1831 hiis
371 1800 535 1839 confectis,
560 1799 685 1831 traditis
708 1803 742 1832 et
756 1801 945 1842 conscriptis
967 1801 1082 1833 litteris
1106 1800 1259 1843 liquidius
1283 1800 1495 1836 continetur²‚
1585 1809 1644 1831 nos
1667 1802 1764 1841 prout
1787 1810 1828 1832 ex

126 1864 151 1885 ω
169 1852 311 1884 iniuncto
335 1854 482 1883 tenemur
505 1851 623 1891 officio,
651 1851 744 1883 dictis
768 1852 938 1884 comitibus
960 1863 998 1884 ac
1022 1852 1114 1884 nobis
1139 1856 1172 1884 et
1195 1862 1286 1884 sacro
1310 1851 1457 1893 imperio,
1486 1851 1575 1883 cuius
1598 1852 1630 1882 in
1653 1850 1715 1883 hac
1737 1854 1830 1893 parte

168 1904 291 1947 geritur
312 1903 489 1945 negotium,
519 1902 690 1944 providere
718 1903 864 1936 volentes
893 1903 935 1935 ad
966 1908 1157 1946 perpetuam
1186 1903 1311 1935 roboris
1340 1903 1526 1935 firmitatem
1559 1903 1667 1934 omnia
1695 1906 1768 1934 acta
1797 1906 1831 1935 et

167 1957 254 1990 facta
276 1966 315 1989 ae
340 1956 374 1988 in
394 1955 510 1988 litteris
532 1955 770 1988 reformationis
793 1957 882 1999 pacis
906 1960 939 1988 et
962 1956 1133 1989 concordie
1157 1957 1276 1998 scripta
1308 1959 1341 1988 et
1365 1959 1518 1988 contenta
1546 1955 1577 1986 in
1602 1954 1690 1986 omni
1714 1953 1829 1995 forma,

167 2009 265 2042 modo
289 2012 322 2040 et
344 2011 457 2041 tenore
481 2018 538 2040 suo
562 2008 755 2040 auctoritate
778 2009 870 2051 regia
892 2008 1072 2048 laudamus,
1095 2008 1315 2050 approbamus
1338 2011 1371 2039 et
1394 2007 1435 2039 de
1459 2010 1548 2039 certa
1563 2006 1698 2038 scientia
1713 2006 1829 2038 confir-

166 2071 308 2101 mamus,
332 2059 535 2092 declarantes
557 2060 666 2092 omnia
688 2063 722 2092 et
744 2060 870 2102 singula
894 2060 935 2092 de
958 2063 1067 2092 nostra
1089 2060 1225 2092 scicntia
1247 2063 1281 2091 et
1303 2058 1509 2100 beneplacito
1532 2057 1737 2100 processisse.
1776 2057 1829 2089 Ad

125 2120 150 2142 ιε,
167 2112 230 2144 hoc
252 2111 433 2144 inhibentes
457 2110 615 2153 partibus,
645 2121 685 2143 ne
709 2111 902 2143 ordinationi
926 2115 959 2143 et
982 2111 1208 2153 compositioni
1231 2111 1322 2153 pacis
1346 2114 1380 2142 et
1402 2109 1536 2152 singulis
1559 2110 1590 2141 in
1614 2109 1692 2151 ipsis
1715 2108 1830 2141 litteris

170 2163 366 2205 expressatis
395 2172 434 2195 ac
462 2172 521 2205 per
547 2173 605 2195 nos
632 2162 828 2195 confirmatis
855 2166 1052 2205 attemptent
1078 2162 1323 2205 quomodolibet
1350 2162 1520 2194 contraire.
1614 2162 1659 2201 (2)
1683 2160 1780 2198 Quod
1802 2162 1829 2192 si

170 2214 254 2247 forte
281 2214 358 2248 dicti
387 2215 521 2246 comites
547 2214 699 2246 Flandric
730 2214 770 2246 dc
800 2216 869 2257 ipso
901 2216 1055 2247 comitatu
1084 2214 1258 2246 Zeelandie
1286 2214 1338 2246 vel
1371 2213 1482 2245 insulis
1512 2213 1545 2244 in
1573 2213 1642 2254 ipso
1673 2213 1829 2244 comitatu

171 2265 382 2298 existentibus
409 2266 579 2308 quicquam
609 2266 804 2298 contrarium
832 2267 988 2308 premisse
1015 2266 1239 2308 compositioni
1267 2269 1300 2298 et
1328 2264 1521 2308 ordinationi
1544 2264 1635 2306 pacis
1657 2267 1692 2296 et
1713 2263 1830 2296 litteris

171 2327 267 2359 super
287 2327 326 2349 eo
349 2317 476 2359 seriptis
499 2321 532 2350 et
554 2318 710 2350 confectis
733 2317 950 2360 disposuerint
972 2318 1023 2350 vel
1048 2318 1147 2350 ctiam
1170 2317 1398 2356 ordinaverint,
1421 2316 1542 2348 dictum
1566 2315 1754 2358 homagium
1778 2318 1828 2348 vel

127 2379 152 2399 4⁰
170 2367 403 2410 proprietatem
418 2368 575 2402 dictarum
591 2369 766 2402 insularum
790 2370 840 2402 vel
857 2370 1028 2402 comitatus
1051 2369 1147 2402 alicui
1170 2368 1320 2401 donando
1342 2368 1394 2400 vel
1418 2367 1588 2400 vendendo
1604 2366 1656 2399 vel
1672 2377 1827 2409 quocum-

172 2430 235 2462 que
257 2418 460 2452 alienationis
482 2420 574 2453 titulo
597 2420 804 2454 distrahendo
827 2422 878 2454 vel
895 2421 1064 2463 quodlibet
1085 2420 1172 2453 aliud
1196 2420 1355 2461 faciendo,
1378 2419 1458 2452 illud
1480 2419 1604 2451 irritum
1625 2418 1829 2451 decernimus

172 2474 206 2502 et
227 2471 322 2504 inane
349 2473 384 2503 et
405 2470 522 2504 nullius
549 2471 695 2505 obtinere
718 2472 842 2505 roboris
864 2473 1063 2512 firmitatem,
1093 2483 1165 2504 cum
1193 2472 1338 2514 prefatos
1365 2471 1553 2503 comitatum
1582 2474 1614 2502 et
1641 2469 1827 2513 homagium

274 2564 342 2592 8⁰4.
369 2565 390 2598 f)
408 2567 463 2592 loco
481 2567 518 2593 rei
530 2579 559 2586 —
572 2567 670 2594 decimo
688 2567 719 2594 2:
737 2573 785 2594 etc.

276 2624 342 2652 885.
369 2625 394 2658 ι)
413 2626 586 2653 Flamin-enses
603 2636 624 2654 c.
711 2626 738 2660 b)
755 2627 784 2653 in
801 2627 918 2661 nim-,qino
935 2628 999 2654 add.
1017 2636 1039 2654 c.

128 2698 154 2718 ⁴³
277 2697 304 2732 1)
323 2697 395 2725 olim
413 2698 446 2724 in
463 2698 599 2726 tabulario
617 2699 755 2726 Montcmi
776 2699 834 2727 DD
846 2702 879 2726 ³7
895 2699 1044 2734 siquatum;
1062 2702 1096 2734 cf.
1116 2699 1318 2726 Saevit-Genea
1336 2699 1353 2726 1.
1364 2706 1386 2725 c.
1405 2698 1431 2731 1,
1451 2701 1505 2724 417.
1610 2698 1637 2730 2)
1657 2698 1747 2724 Datne
1765 2701 1828 2723 sumt

172 2748 198 2767 ιι.
211 2742 282 2767 1323.
302 2740 387 2768 Mart.
400 2744 430 2774 6,-
448 2741 483 2774 cf.
497 2741 630 2768 Devillcrs
646 2742 664 2769 2.
675 2749 697 2769 c.
716 2741 773 2775 111,
793 2745 838 2769 121
857 2750 898 2770 nr.
913 2746 971 2771 180.

275 2800 312 2819 u..
325 2800 540 2820 cons-rumonus
553 2801 578 2820 v.
1591 2791 1625 2817 86
