<?xml version="1.0" encoding="UTF-8"?>
<!DOCTYPE html PUBLIC "-//W3C//DTD XHTML 1.0 Transitional//EN"
    "http://www.w3.org/TR/xhtml1/DTD/xhtml1-transitional.dtd">
<html xmlns="http://www.w3.org/1999/xhtml" xml:lang="en" lang="en">
 <head>
  <title>
</title>
<meta http-equiv="Content-Type" content="text/html;charset=utf-8" />
  <meta name='ocr-system' content='tesseract 3.04.00' />
  <meta name='ocr-capabilities' content='ocr_page ocr_carea ocr_par ocr_line ocrx_word'/>
</head>
<body>
  <div class='ocr_page' id='page_1' title='image "./monumentagerma05geseuoft_0277.png"; bbox 0 0 2190 3172; ppageno 0'>
   <div class='ocr_carea' id='block_1_1' title="bbox 429 171 1886 211">
    <p class='ocr_par' dir='ltr' id='par_1_1' title="bbox 429 171 1886 211">
     <span class='ocr_line' id='line_1_1' title="bbox 429 171 1886 211; baseline 0.002 -11"><span class='ocrx_word' id='word_1_1' title='bbox 429 172 526 200; x_wconf 77' lang='lat' dir='ltr'>ACTA</span> <span class='ocrx_word' id='word_1_2' title='bbox 545 172 658 208; x_wconf 75' lang='lat' dir='ltr'>REGNI</span> <span class='ocrx_word' id='word_1_3' title='bbox 676 171 862 200; x_wconf 72' lang='lat' dir='ltr'>LUDEWIOI</span> <span class='ocrx_word' id='word_1_4' title='bbox 880 171 928 200; x_wconf 83' lang='lat' dir='ltr'><strong>1v.</strong></span> <span class='ocrx_word' id='word_1_5' title='bbox 947 171 993 200; x_wconf 80' lang='grc' dir='ltr'><strong>ΕΤ</strong></span> <span class='ocrx_word' id='word_1_6' title='bbox 1011 171 1196 200; x_wconf 68' lang='lat' dir='ltr'><strong>mmmmm</strong></span> <span class='ocrx_word' id='word_1_7' title='bbox 1216 173 1266 201; x_wconf 88' lang='lat'>111.</span> <span class='ocrx_word' id='word_1_8' title='bbox 1303 173 1379 201; x_wconf 83' lang='lat'>1315.</span> <span class='ocrx_word' id='word_1_9' title='bbox 1415 173 1464 201; x_wconf 68' lang='grc' dir='ltr'><strong>Νι.</strong></span> <span class='ocrx_word' id='word_1_10' title='bbox 1477 175 1535 202; x_wconf 81' lang='lat'><strong>273.</strong></span> <span class='ocrx_word' id='word_1_11' title='bbox 1555 175 1614 202; x_wconf 76' lang='lat'>274.</span> <span class='ocrx_word' id='word_1_12' title='bbox 1633 176 1692 203; x_wconf 77' lang='lat'>275.</span> <span class='ocrx_word' id='word_1_13' title='bbox 1825 180 1886 211; x_wconf 80' lang='lat'><strong>237</strong></span> 
     </span>
    </p>
   </div>
   <div class='ocr_carea' id='block_1_2' title="bbox 202 257 1887 511">
    <p class='ocr_par' dir='ltr' id='par_1_2' title="bbox 232 257 1887 302">
     <span class='ocr_line' id='line_1_2' title="bbox 232 257 1887 302; baseline 0.002 -11"><span class='ocrx_word' id='word_1_14' title='bbox 232 269 329 291; x_wconf 90' lang='lat' dir='ltr'><strong>unser</strong></span> <span class='ocrx_word' id='word_1_15' title='bbox 356 258 514 302; x_wconf 80' lang='lat' dir='ltr'><strong>gnediger</strong></span> <span class='ocrx_word' id='word_1_16' title='bbox 543 258 637 291; x_wconf 89' lang='lat' dir='ltr'><strong>herre</strong></span> <span class='ocrx_word' id='word_1_17' title='bbox 665 257 724 291; x_wconf 87' lang='lat' dir='ltr'><strong>der</strong></span> <span class='ocrx_word' id='word_1_18' title='bbox 751 257 994 291; x_wconf 83' lang='lat' dir='ltr'><strong>hertzbischove</strong></span> <span class='ocrx_word' id='word_1_19' title='bbox 1022 268 1084 290; x_wconf 82' lang='lat' dir='ltr'><strong>von</strong></span> <span class='ocrx_word' id='word_1_20' title='bbox 1107 259 1230 291; x_wconf 88' lang='lat' dir='ltr'><strong>Meincz</strong></span> <span class='ocrx_word' id='word_1_21' title='bbox 1266 259 1318 291; x_wconf 89' lang='lat' dir='ltr'><strong>die</strong></span> <span class='ocrx_word' id='word_1_22' title='bbox 1353 261 1555 302; x_wconf 84' lang='lat' dir='ltr'><strong>eigenscbaft</strong></span> <span class='ocrx_word' id='word_1_23' title='bbox 1588 261 1647 294; x_wconf 89' lang='lat' dir='ltr'><strong>der</strong></span> <span class='ocrx_word' id='word_1_24' title='bbox 1675 262 1785 295; x_wconf 81' lang='lat' dir='ltr'>selben</span> <span class='ocrx_word' id='word_1_25' title='bbox 1814 274 1887 296; x_wconf 77' lang='lat' dir='ltr'><strong>vor-</strong></span> 
     </span>
    </p>

    <p class='ocr_par' dir='ltr' id='par_1_3' title="bbox 231 308 1886 353">
     <span class='ocr_line' id='line_1_3' title="bbox 231 308 1886 353; baseline 0.003 -11"><span class='ocrx_word' id='word_1_26' title='bbox 231 312 394 352; x_wconf 79' lang='lat' dir='ltr'><strong>genanten</strong></span> <span class='ocrx_word' id='word_1_27' title='bbox 418 309 520 353; x_wconf 68' lang='lat' dir='ltr'><strong>burge</strong></span> <span class='ocrx_word' id='word_1_28' title='bbox 542 319 579 342; x_wconf 79' lang='lat' dir='ltr'><strong>ze</strong></span> <span class='ocrx_word' id='word_1_29' title='bbox 597 308 762 352; x_wconf 83' lang='lat' dir='ltr'><strong>Schipphe</strong></span> <span class='ocrx_word' id='word_1_30' title='bbox 786 310 830 342; x_wconf 90' lang='lat' dir='ltr'><strong>im</strong></span> <span class='ocrx_word' id='word_1_31' title='bbox 852 309 919 342; x_wconf 84' lang='lat' dir='ltr'><strong>und</strong></span> <span class='ocrx_word' id='word_1_32' title='bbox 934 310 1037 342; x_wconf 89' lang='lat' dir='ltr'><strong>sinem</strong></span> <span class='ocrx_word' id='word_1_33' title='bbox 1061 310 1150 343; x_wconf 83' lang='lat' dir='ltr'><strong>stifte</strong></span> <span class='ocrx_word' id='word_1_34' title='bbox 1168 310 1325 351; x_wconf 66' lang='lat' dir='ltr'><strong>ermirbe,</strong></span> <span class='ocrx_word' id='word_1_35' title='bbox 1349 322 1385 343; x_wconf 92' lang='lat' dir='ltr'><strong>so</strong></span> <span class='ocrx_word' id='word_1_36' title='bbox 1408 312 1499 344; x_wconf 88' lang='lat' dir='ltr'><strong>sulen</strong></span> <span class='ocrx_word' id='word_1_37' title='bbox 1516 314 1574 344; x_wconf 85' lang='lat' dir='ltr'><strong>wir</strong></span> <span class='ocrx_word' id='word_1_38' title='bbox 1596 313 1660 345; x_wconf 92' lang='lat' dir='ltr'><strong>und</strong></span> <span class='ocrx_word' id='word_1_39' title='bbox 1676 324 1772 346; x_wconf 89' lang='lat' dir='ltr'><strong>unser</strong></span> <span class='ocrx_word' id='word_1_40' title='bbox 1787 314 1886 347; x_wconf 87' lang='lat' dir='ltr'><strong>crben</strong></span> 
     </span>
    </p>

    <p class='ocr_par' dir='ltr' id='par_1_4' title="bbox 231 359 1886 407">
     <span class='ocr_line' id='line_1_4' title="bbox 231 359 1886 407; baseline 0.003 -14"><span class='ocrx_word' id='word_1_41' title='bbox 231 361 284 393; x_wconf 86' lang='lat' dir='ltr'><strong>die</strong></span> <span class='ocrx_word' id='word_1_42' title='bbox 307 361 420 394; x_wconf 94' lang='lat' dir='ltr'><strong>selben</strong></span> <span class='ocrx_word' id='word_1_43' title='bbox 443 360 521 393; x_wconf 90' lang='lat' dir='ltr'><strong>burc</strong></span> <span class='ocrx_word' id='word_1_44' title='bbox 549 371 586 394; x_wconf 86' lang='lat' dir='ltr'><strong>ze</strong></span> <span class='ocrx_word' id='word_1_45' title='bbox 609 359 764 403; x_wconf 82' lang='lat' dir='ltr'><strong>Sehifphe</strong></span> <span class='ocrx_word' id='word_1_46' title='bbox 791 371 828 393; x_wconf 81' lang='lat' dir='ltr'><strong>ze</strong></span> <span class='ocrx_word' id='word_1_47' title='bbox 858 360 955 394; x_wconf 85' lang='lat' dir='ltr'><strong>leben</strong></span> <span class='ocrx_word' id='word_1_48' title='bbox 978 371 1039 394; x_wconf 90' lang='lat' dir='ltr'><strong>von</strong></span> <span class='ocrx_word' id='word_1_49' title='bbox 1073 362 1104 393; x_wconf 90' lang='lat' dir='ltr'><strong>in</strong></span> <span class='ocrx_word' id='word_1_50' title='bbox 1133 362 1316 404; x_wconf 88' lang='lat' dir='ltr'><strong>enphahen.</strong></span> <span class='ocrx_word' id='word_1_51' title='bbox 1362 362 1436 395; x_wconf 90' lang='lat' dir='ltr'><strong>Und</strong></span> <span class='ocrx_word' id='word_1_52' title='bbox 1459 363 1498 396; x_wconf 76' lang='lat' dir='ltr'><strong>zfi</strong></span> <span class='ocrx_word' id='word_1_53' title='bbox 1522 375 1593 407; x_wconf 88' lang='lat' dir='ltr'><strong>eym</strong></span> <span class='ocrx_word' id='word_1_54' title='bbox 1619 375 1704 397; x_wconf 83' lang='lat' dir='ltr'><strong>warn</strong></span> <span class='ocrx_word' id='word_1_55' title='bbox 1728 366 1886 405; x_wconf 70' lang='lat' dir='ltr'><strong>urkfinde,</strong></span> 
     </span>
    </p>

    <p class='ocr_par' dir='ltr' id='par_1_5' title="bbox 202 411 1886 511">
     <span class='ocr_line' id='line_1_5' title="bbox 232 411 1886 458; baseline 0.003 -14"><span class='ocrx_word' id='word_1_56' title='bbox 232 412 292 445; x_wconf 84' lang='lat' dir='ltr'><strong>daz</strong></span> <span class='ocrx_word' id='word_1_57' title='bbox 315 412 378 445; x_wconf 79' lang='lat' dir='ltr'><strong>ditz</strong></span> <span class='ocrx_word' id='word_1_58' title='bbox 400 422 462 444; x_wconf 86' lang='lat' dir='ltr'><strong>von</strong></span> <span class='ocrx_word' id='word_1_59' title='bbox 485 423 544 444; x_wconf 86' lang='lat' dir='ltr'><strong>uns</strong></span> <span class='ocrx_word' id='word_1_60' title='bbox 566 411 632 444; x_wconf 90' lang='lat' dir='ltr'><strong>und</strong></span> <span class='ocrx_word' id='word_1_61' title='bbox 656 422 719 444; x_wconf 81' lang='lat' dir='ltr'><strong>von</strong></span> <span class='ocrx_word' id='word_1_62' title='bbox 741 423 857 444; x_wconf 87' lang='lat' dir='ltr'><strong>unsern</strong></span> <span class='ocrx_word' id='word_1_63' title='bbox 882 412 983 446; x_wconf 90' lang='lat' dir='ltr'><strong>erben</strong></span> <span class='ocrx_word' id='word_1_64' title='bbox 1005 417 1097 445; x_wconf 88' lang='lat' dir='ltr'><strong>veste</strong></span> <span class='ocrx_word' id='word_1_65' title='bbox 1127 413 1192 446; x_wconf 88' lang='lat' dir='ltr'><strong>und</strong></span> <span class='ocrx_word' id='word_1_66' title='bbox 1221 415 1304 447; x_wconf 73' lang='lat' dir='ltr'><strong>stete</strong></span> <span class='ocrx_word' id='word_1_67' title='bbox 1335 416 1399 448; x_wconf 90' lang='lat' dir='ltr'><strong>und</strong></span> <span class='ocrx_word' id='word_1_68' title='bbox 1427 416 1667 448; x_wconf 88' lang='lat' dir='ltr'><strong>unzerbrochen</strong></span> <span class='ocrx_word' id='word_1_69' title='bbox 1695 417 1796 458; x_wconf 90' lang='lat' dir='ltr'><strong>blibe‚</strong></span> <span class='ocrx_word' id='word_1_70' title='bbox 1828 418 1886 450; x_wconf 83' lang='lat' dir='ltr'><strong>dar</strong></span> 
     </span>
     <span class='ocr_line' id='line_1_6' title="bbox 202 463 1753 511; baseline 0.003 -15"><span class='ocrx_word' id='word_1_71' title='bbox 202 475 214 495; x_wconf 75' lang='grc' dir='ltr'>ι</span> <span class='ocrx_word' id='word_1_72' title='bbox 232 474 340 496; x_wconf 91' lang='lat' dir='ltr'><strong>umme</strong></span> <span class='ocrx_word' id='word_1_73' title='bbox 363 463 471 496; x_wconf 85' lang='lat' dir='ltr'><strong>haben</strong></span> <span class='ocrx_word' id='word_1_74' title='bbox 493 464 551 496; x_wconf 82' lang='lat' dir='ltr'><strong>wir</strong></span> <span class='ocrx_word' id='word_1_75' title='bbox 573 463 665 495; x_wconf 89' lang='lat' dir='ltr'><strong>disen</strong></span> <span class='ocrx_word' id='word_1_76' title='bbox 689 463 777 496; x_wconf 80' lang='lat' dir='ltr'>brief</span> <span class='ocrx_word' id='word_1_77' title='bbox 795 464 854 496; x_wconf 90' lang='lat' dir='ltr'><strong>mit</strong></span> <span class='ocrx_word' id='word_1_78' title='bbox 876 475 1005 496; x_wconf 89' lang='lat' dir='ltr'><strong>unserm</strong></span> <span class='ocrx_word' id='word_1_79' title='bbox 1028 465 1164 507; x_wconf 82' lang='lat' dir='ltr'><strong>insigele</strong></span> <span class='ocrx_word' id='word_1_80' title='bbox 1189 465 1369 508; x_wconf 68' lang='lat' dir='ltr'><strong>bewstent,</strong></span> <span class='ocrx_word' id='word_1_81' title='bbox 1393 467 1453 500; x_wconf 87' lang='lat' dir='ltr'><strong>daz</strong></span> <span class='ocrx_word' id='word_1_82' title='bbox 1477 468 1537 500; x_wconf 89' lang='lat' dir='ltr'><strong>dar</strong></span> <span class='ocrx_word' id='word_1_83' title='bbox 1558 479 1599 500; x_wconf 87' lang='lat' dir='ltr'><strong>an</strong></span> <span class='ocrx_word' id='word_1_84' title='bbox 1622 469 1753 511; x_wconf 84' lang='lat' dir='ltr'><strong>hanget.</strong></span> 
     </span>
    </p>
   </div>
   <div class='ocr_carea' id='block_1_3' title="bbox 226 522 1886 621">
    <p class='ocr_par' dir='ltr' id='par_1_6' title="bbox 226 522 1886 621">
     <span class='ocr_line' id='line_1_7' title="bbox 339 522 1886 570; baseline 0.005 -16"><span class='ocrx_word' id='word_1_85' title='bbox 339 522 434 555; x_wconf 88' lang='lat' dir='ltr'><strong>Dirre</strong></span> <span class='ocrx_word' id='word_1_86' title='bbox 458 522 546 555; x_wconf 78' lang='lat' dir='ltr'><strong>brief</strong></span> <span class='ocrx_word' id='word_1_87' title='bbox 564 525 645 554; x_wconf 82' lang='lat' dir='ltr'><strong>wart</strong></span> <span class='ocrx_word' id='word_1_88' title='bbox 667 522 773 564; x_wconf 82' lang='lat' dir='ltr'><strong>geben</strong></span> <span class='ocrx_word' id='word_1_89' title='bbox 796 522 879 555; x_wconf 88' lang='lat' dir='ltr'><strong>nach</strong></span> <span class='ocrx_word' id='word_1_90' title='bbox 902 534 1014 556; x_wconf 88' lang='lat' dir='ltr'><strong>unsers</strong></span> <span class='ocrx_word' id='word_1_91' title='bbox 1038 523 1155 557; x_wconf 85' lang='lat' dir='ltr'><strong>herren</strong></span> <span class='ocrx_word' id='word_1_92' title='bbox 1179 525 1259 558; x_wconf 86' lang='lat' dir='ltr'><strong>Jesu</strong></span> <span class='ocrx_word' id='word_1_93' title='bbox 1280 527 1399 560; x_wconf 75' lang='lat' dir='ltr'>Christi</span> <span class='ocrx_word' id='word_1_94' title='bbox 1422 528 1540 570; x_wconf 82' lang='lat' dir='ltr'><strong>geburt</strong></span> <span class='ocrx_word' id='word_1_95' title='bbox 1563 528 1886 561; x_wconf 84' lang='lat' dir='ltr'><strong>dreuzehenhundert</strong></span> 
     </span>
     <span class='ocr_line' id='line_1_8' title="bbox 226 573 1520 621; baseline 0.005 -16"><span class='ocrx_word' id='word_1_96' title='bbox 226 574 300 616; x_wconf 82' lang='lat' dir='ltr'><strong>jare</strong></span> <span class='ocrx_word' id='word_1_97' title='bbox 323 573 389 606; x_wconf 89' lang='lat' dir='ltr'><strong>und</strong></span> <span class='ocrx_word' id='word_1_98' title='bbox 412 573 553 606; x_wconf 79' lang='lat' dir='ltr'><strong>darnach</strong></span> <span class='ocrx_word' id='word_1_99' title='bbox 575 573 608 605; x_wconf 92' lang='lat' dir='ltr'><strong>in</strong></span> <span class='ocrx_word' id='word_1_100' title='bbox 631 573 706 606; x_wconf 86' lang='lat' dir='ltr'><strong>dem</strong></span> <span class='ocrx_word' id='word_1_101' title='bbox 730 573 973 607; x_wconf 84' lang='lat' dir='ltr'><strong>vunfzeheuden</strong></span> <span class='ocrx_word' id='word_1_102' title='bbox 993 575 1076 616; x_wconf 80' lang='lat' dir='ltr'><strong>jare,</strong></span> <span class='ocrx_word' id='word_1_103' title='bbox 1100 577 1132 608; x_wconf 90' lang='lat' dir='ltr'><strong>in</strong></span> <span class='ocrx_word' id='word_1_104' title='bbox 1156 576 1214 609; x_wconf 90' lang='lat' dir='ltr'><strong>der</strong></span> <span class='ocrx_word' id='word_1_105' title='bbox 1236 577 1520 621; x_wconf 82' lang='lat' dir='ltr'><strong>Phingstwuchen.</strong></span> 
     </span>
    </p>
   </div>
   <div class='ocr_carea' id='block_1_4' title="bbox 524 717 1590 767">
    <p class='ocr_par' dir='ltr' id='par_1_7' title="bbox 524 717 1590 767">
     <span class='ocr_line' id='line_1_9' title="bbox 524 717 1590 767; baseline 0.005 -13"><span class='ocrx_word' id='word_1_106' title='bbox 524 718 611 754; x_wconf 68' lang='lat'><strong>274.</strong></span> <span class='ocrx_word' id='word_1_107' title='bbox 653 717 830 764; x_wconf 78' lang='lat' dir='ltr'><strong><em>Scriptum</em></strong></span> <span class='ocrx_word' id='word_1_108' title='bbox 855 719 1036 756; x_wconf 75' lang='lat' dir='ltr'><strong>Ludewici</strong></span> <span class='ocrx_word' id='word_1_109' title='bbox 1062 722 1162 767; x_wconf 73' lang='lat' dir='ltr'><strong>reyis.</strong></span> <span class='ocrx_word' id='word_1_110' title='bbox 1270 723 1376 759; x_wconf 86' lang='lat'><strong><em>1315.</em></strong></span> <span class='ocrx_word' id='word_1_111' title='bbox 1412 723 1505 759; x_wconf 69' lang='lat' dir='ltr'><strong>Mai.</strong></span> <span class='ocrx_word' id='word_1_112' title='bbox 1527 725 1590 759; x_wconf 79' lang='grc'><strong>28.</strong></span> 
     </span>
    </p>
   </div>
   <div class='ocr_carea' id='block_1_5' title="bbox 188 790 1888 937">
    <p class='ocr_par' dir='ltr' id='par_1_8' title="bbox 188 790 1888 937">
     <span class='ocr_line' id='line_1_10' title="bbox 341 790 1887 838; baseline 0.004 -15"><span class='ocrx_word' id='word_1_113' title='bbox 341 790 502 832; x_wconf 69' lang='lat' dir='ltr'><strong>Oriyinale</strong></span> <span class='ocrx_word' id='word_1_114' title='bbox 523 791 732 831; x_wconf 74' lang='lat' dir='ltr'><strong>deperditum.</strong></span> <span class='ocrx_word' id='word_1_115' title='bbox 780 791 880 832; x_wconf 77' lang='lat' dir='ltr'><strong>Copia</strong></span> <span class='ocrx_word' id='word_1_116' title='bbox 901 792 958 833; x_wconf 88' lang='lat' dir='ltr'><strong>(o.)</strong></span> <span class='ocrx_word' id='word_1_117' title='bbox 987 792 1022 824; x_wconf 85' lang='lat' dir='ltr'><strong>in</strong></span> <span class='ocrx_word' id='word_1_118' title='bbox 1051 792 1149 826; x_wconf 74' lang='lat' dir='ltr'><strong>Isibro</strong></span> <span class='ocrx_word' id='word_1_119' title='bbox 1170 797 1360 835; x_wconf 63' lang='lat' dir='ltr'><strong>regestorum</strong></span> <span class='ocrx_word' id='word_1_120' title='bbox 1383 795 1441 828; x_wconf 88' lang='lat' dir='ltr'><strong>IV</strong></span> <span class='ocrx_word' id='word_1_121' title='bbox 1453 796 1513 838; x_wconf 81' lang='lat' dir='ltr'><strong>fol.</strong></span> <span class='ocrx_word' id='word_1_122' title='bbox 1531 797 1608 828; x_wconf 76' lang='lat'><strong><em>135⁴</em></strong></span> <span class='ocrx_word' id='word_1_123' title='bbox 1631 796 1787 829; x_wconf 71' lang='lat' dir='ltr'><strong>tabularii</strong></span> <span class='ocrx_word' id='word_1_124' title='bbox 1808 798 1887 838; x_wconf 74' lang='lat' dir='ltr'><strong>rcyii</strong></span> 
     </span>
     <span class='ocr_line' id='line_1_11' title="bbox 188 842 1888 886; baseline 0.005 -14"><span class='ocrx_word' id='word_1_125' title='bbox 188 852 214 873; x_wconf 88' lang='grc' dir='ltr'><strong>ιο</strong></span> <span class='ocrx_word' id='word_1_126' title='bbox 230 842 476 884; x_wconf 69' lang='lat' dir='ltr'><strong>Herbipolensis.</strong></span> <span class='ocrx_word' id='word_1_127' title='bbox 532 842 674 876; x_wconf 76' lang='lat' dir='ltr'><strong>Contulit</strong></span> <span class='ocrx_word' id='word_1_128' title='bbox 699 853 727 875; x_wconf 84' lang='lat' dir='ltr'><strong>v.</strong></span> <span class='ocrx_word' id='word_1_129' title='bbox 743 842 780 875; x_wconf 86' lang='lat' dir='ltr'><strong>cl.</strong></span> <span class='ocrx_word' id='word_1_130' title='bbox 803 843 892 876; x_wconf 79' lang='lat' dir='ltr'><strong>Go‘bl.</strong></span> <span class='ocrx_word' id='word_1_131' title='bbox 924 862 966 867; x_wconf 98' lang='lat'><strong>—</strong></span> <span class='ocrx_word' id='word_1_132' title='bbox 997 843 1060 876; x_wconf 78' lang='lat' dir='ltr'><strong>Ed.</strong></span> <span class='ocrx_word' id='word_1_133' title='bbox 1082 844 1196 878; x_wconf 80' lang='lat' dir='ltr'><strong>Weller</strong></span> <span class='ocrx_word' id='word_1_134' title='bbox 1222 845 1243 878; x_wconf 83' lang='lat' dir='ltr'><strong>l.</strong></span> <span class='ocrx_word' id='word_1_135' title='bbox 1265 857 1290 878; x_wconf 82' lang='lat' dir='ltr'><strong>c.</strong></span> <span class='ocrx_word' id='word_1_136' title='bbox 1317 847 1371 886; x_wconf 86' lang='grc' dir='ltr'><strong>ΙΙ,</strong></span> <span class='ocrx_word' id='word_1_137' title='bbox 1396 849 1437 879; x_wconf 86' lang='grc'><strong>75</strong></span> <span class='ocrx_word' id='word_1_138' title='bbox 1459 858 1508 880; x_wconf 86' lang='lat' dir='ltr'><strong>nr.</strong></span> <span class='ocrx_word' id='word_1_139' title='bbox 1526 848 1568 879; x_wconf 90' lang='grc'><strong>98</strong></span> <span class='ocrx_word' id='word_1_140' title='bbox 1595 848 1640 879; x_wconf 81' lang='lat' dir='ltr'><strong>ad</strong></span> <span class='ocrx_word' id='word_1_141' title='bbox 1663 848 1888 881; x_wconf 71' lang='lat' dir='ltr'><strong>Oesterreicher</strong></span> 
     </span>
     <span class='ocr_line' id='line_1_12' title="bbox 229 893 1148 937; baseline 0.001 -10"><span class='ocrx_word' id='word_1_142' title='bbox 229 894 329 928; x_wconf 82' lang='lat' dir='ltr'><strong>‘Neue</strong></span> <span class='ocrx_word' id='word_1_143' title='bbox 350 894 502 936; x_wconf 66' lang='lat' dir='ltr'><strong>Beitraqe</strong></span> <span class='ocrx_word' id='word_1_144' title='bbox 521 904 582 927; x_wconf 70' lang='lat' dir='ltr'><strong>zur</strong></span> <span class='ocrx_word' id='word_1_145' title='bbox 607 893 803 927; x_wconf 76' lang='lat' dir='ltr'><strong>Geschichte&#39;</strong></span> <span class='ocrx_word' id='word_1_146' title='bbox 826 894 891 928; x_wconf 88' lang='lat'><strong>111</strong></span> <span class='ocrx_word' id='word_1_147' title='bbox 910 895 1026 937; x_wconf 75' lang='lat'><em>(1824)</em></span> <span class='ocrx_word' id='word_1_148' title='bbox 1045 906 1080 936; x_wconf 78' lang='lat' dir='ltr'><strong>p.</strong></span> <span class='ocrx_word' id='word_1_149' title='bbox 1097 898 1148 928; x_wconf 85' lang='grc'><strong>67.</strong></span> 
     </span>
    </p>
   </div>
   <div class='ocr_carea' id='block_1_6' title="bbox 187 979 1885 1438">
    <p class='ocr_par' dir='ltr' id='par_1_9' title="bbox 229 979 1885 1130">
     <span class='ocr_line' id='line_1_13' title="bbox 337 979 1885 1026; baseline 0.005 -14"><span class='ocrx_word' id='word_1_150' title='bbox 337 980 406 1013; x_wconf 86' lang='lat' dir='ltr'><strong>Nos</strong></span> <span class='ocrx_word' id='word_1_151' title='bbox 429 980 624 1013; x_wconf 88' lang='lat' dir='ltr'><strong>Ludowicus</strong></span> <span class='ocrx_word' id='word_1_152' title='bbox 646 979 709 1012; x_wconf 90' lang='lat' dir='ltr'><strong>Dei</strong></span> <span class='ocrx_word' id='word_1_153' title='bbox 731 980 843 1023; x_wconf 80' lang='lat' dir='ltr'><strong>gracia</strong></span> <span class='ocrx_word' id='word_1_154' title='bbox 864 980 1084 1014; x_wconf 81' lang='lat' dir='ltr'><strong>Romanorum</strong></span> <span class='ocrx_word' id='word_1_155' title='bbox 1108 992 1167 1014; x_wconf 83' lang='lat' dir='ltr'><strong>rex</strong></span> <span class='ocrx_word' id='word_1_156' title='bbox 1190 993 1319 1026; x_wconf 87' lang='lat' dir='ltr'><strong>semper</strong></span> <span class='ocrx_word' id='word_1_157' title='bbox 1341 988 1511 1026; x_wconf 80' lang='lat' dir='ltr'><strong>augustus,</strong></span> <span class='ocrx_word' id='word_1_158' title='bbox 1534 988 1570 1017; x_wconf 92' lang='lat' dir='ltr'><strong>ut</strong></span> <span class='ocrx_word' id='word_1_159' title='bbox 1592 985 1708 1018; x_wconf 88' lang='lat' dir='ltr'><strong>nobilis</strong></span> <span class='ocrx_word' id='word_1_160' title='bbox 1732 987 1778 1018; x_wconf 86' lang='lat' dir='ltr'><strong>vir</strong></span> <span class='ocrx_word' id='word_1_161' title='bbox 1801 987 1885 1019; x_wconf 88' lang='lat' dir='ltr'><strong>Con-</strong></span> 
     </span>
     <span class='ocr_line' id='line_1_14' title="bbox 229 1031 1884 1078; baseline 0.004 -14"><span class='ocrx_word' id='word_1_162' title='bbox 229 1031 326 1065; x_wconf 83' lang='lat' dir='ltr'><strong>radus</strong></span> <span class='ocrx_word' id='word_1_163' title='bbox 349 1031 391 1064; x_wconf 93' lang='lat' dir='ltr'><strong>de</strong></span> <span class='ocrx_word' id='word_1_164' title='bbox 414 1031 610 1064; x_wconf 89' lang='lat' dir='ltr'><strong>Hohenloch</strong></span> <span class='ocrx_word' id='word_1_165' title='bbox 634 1035 669 1064; x_wconf 88' lang='lat' dir='ltr'><strong>et</strong></span> <span class='ocrx_word' id='word_1_166' title='bbox 691 1032 740 1064; x_wconf 88' lang='lat' dir='ltr'><strong>sui</strong></span> <span class='ocrx_word' id='word_1_167' title='bbox 763 1031 903 1065; x_wconf 85' lang='lat' dir='ltr'><strong>heredes</strong></span> <span class='ocrx_word' id='word_1_168' title='bbox 926 1035 1065 1065; x_wconf 79' lang='lat' dir='ltr'><strong>castrum</strong></span> <span class='ocrx_word' id='word_1_169' title='bbox 1090 1032 1247 1075; x_wconf 82' lang='lat' dir='ltr'><strong>Schiffeu,</strong></span> <span class='ocrx_word' id='word_1_170' title='bbox 1278 1035 1366 1077; x_wconf 88' lang='lat' dir='ltr'><strong>quod</strong></span> <span class='ocrx_word' id='word_1_171' title='bbox 1389 1035 1431 1067; x_wconf 88' lang='lat' dir='ltr'><strong>ab</strong></span> <span class='ocrx_word' id='word_1_172' title='bbox 1454 1037 1590 1078; x_wconf 89' lang='lat' dir='ltr'><strong>imperio</strong></span> <span class='ocrx_word' id='word_1_173' title='bbox 1614 1037 1769 1070; x_wconf 88' lang='lat' dir='ltr'><strong>hactenus</strong></span> <span class='ocrx_word' id='word_1_174' title='bbox 1792 1042 1884 1070; x_wconf 85' lang='lat' dir='ltr'><strong>tene-</strong></span> 
     </span>
     <span class='ocr_line' id='line_1_15' title="bbox 229 1082 1885 1130; baseline 0.004 -14"><span class='ocrx_word' id='word_1_175' title='bbox 229 1083 307 1116; x_wconf 85' lang='lat' dir='ltr'><strong>bant</strong></span> <span class='ocrx_word' id='word_1_176' title='bbox 337 1084 369 1116; x_wconf 90' lang='lat' dir='ltr'><strong>in</strong></span> <span class='ocrx_word' id='word_1_177' title='bbox 396 1083 510 1124; x_wconf 82' lang='lat' dir='ltr'><strong>feodo,</strong></span> <span class='ocrx_word' id='word_1_178' title='bbox 543 1094 563 1116; x_wconf 83' lang='lat' dir='ltr'><strong>a</strong></span> <span class='ocrx_word' id='word_1_179' title='bbox 586 1082 763 1116; x_wconf 86' lang='lat' dir='ltr'><strong>venerabili</strong></span> <span class='ocrx_word' id='word_1_180' title='bbox 790 1083 891 1116; x_wconf 89' lang='lat' dir='ltr'><strong>Petro</strong></span> <span class='ocrx_word' id='word_1_181' title='bbox 922 1084 1167 1128; x_wconf 75' lang='lat' dir='ltr'><strong>archiepiscopo</strong></span> <span class='ocrx_word' id='word_1_182' title='bbox 1198 1085 1437 1128; x_wconf 83' lang='lat' dir='ltr'><strong>Maguntinensi</strong></span> <span class='ocrx_word' id='word_1_183' title='bbox 1468 1088 1612 1130; x_wconf 86' lang='lat' dir='ltr'><strong>principe</strong></span> <span class='ocrx_word' id='word_1_184' title='bbox 1645 1092 1678 1120; x_wconf 87' lang='lat' dir='ltr'><strong>et</strong></span> <span class='ocrx_word' id='word_1_185' title='bbox 1710 1090 1885 1122; x_wconf 81' lang='lat' dir='ltr'><strong>secretario</strong></span> 
     </span>
    </p>

    <p class='ocr_par' dir='ltr' id='par_1_10' title="bbox 187 1135 1885 1438">
     <span class='ocr_line' id='line_1_16' title="bbox 187 1135 1885 1182; baseline 0.003 -15"><span class='ocrx_word' id='word_1_186' title='bbox 187 1145 212 1166; x_wconf 65' lang='grc' dir='ltr'><strong>ιι</strong></span> <span class='ocrx_word' id='word_1_187' title='bbox 229 1139 338 1168; x_wconf 87' lang='lat' dir='ltr'><strong>nostro</strong></span> <span class='ocrx_word' id='word_1_188' title='bbox 362 1136 532 1168; x_wconf 84' lang='lat' dir='ltr'><strong>karissimo</strong></span> <span class='ocrx_word' id='word_1_189' title='bbox 565 1138 598 1167; x_wconf 83' lang='lat' dir='ltr'><strong>et</strong></span> <span class='ocrx_word' id='word_1_190' title='bbox 627 1135 669 1168; x_wconf 86' lang='lat' dir='ltr'><strong>ab</strong></span> <span class='ocrx_word' id='word_1_191' title='bbox 693 1135 830 1168; x_wconf 83' lang='lat' dir='ltr'><strong>ecclesia</strong></span> <span class='ocrx_word' id='word_1_192' title='bbox 852 1135 1091 1178; x_wconf 79' lang='lat' dir='ltr'><strong>Maguntinensi</strong></span> <span class='ocrx_word' id='word_1_193' title='bbox 1120 1141 1254 1180; x_wconf 88' lang='lat' dir='ltr'><strong>propter</strong></span> <span class='ocrx_word' id='word_1_194' title='bbox 1283 1141 1378 1180; x_wconf 81' lang='lat' dir='ltr'><strong>grata</strong></span> <span class='ocrx_word' id='word_1_195' title='bbox 1405 1139 1504 1181; x_wconf 88' lang='lat' dir='ltr'><strong>ipsius</strong></span> <span class='ocrx_word' id='word_1_196' title='bbox 1531 1139 1622 1171; x_wconf 86' lang='lat' dir='ltr'><strong>Petri</strong></span> <span class='ocrx_word' id='word_1_197' title='bbox 1651 1139 1885 1182; x_wconf 87' lang='lat' dir='ltr'><strong>archiepiscopi</strong></span> 
     </span>
     <span class='ocr_line' id='line_1_17' title="bbox 229 1186 1884 1233; baseline 0.002 -13"><span class='ocrx_word' id='word_1_198' title='bbox 229 1186 486 1230; x_wconf 68' lang='lat' dir='ltr'><strong>maguntinensis</strong></span> <span class='ocrx_word' id='word_1_199' title='bbox 514 1186 672 1230; x_wconf 86' lang='lat' dir='ltr'><strong>obsequia</strong></span> <span class='ocrx_word' id='word_1_200' title='bbox 700 1187 830 1219; x_wconf 88' lang='lat' dir='ltr'><strong>inantea</strong></span> <span class='ocrx_word' id='word_1_201' title='bbox 860 1188 1006 1230; x_wconf 89' lang='lat' dir='ltr'><strong>recipere</strong></span> <span class='ocrx_word' id='word_1_202' title='bbox 1029 1188 1160 1220; x_wconf 81' lang='lat' dir='ltr'><strong>valeant</strong></span> <span class='ocrx_word' id='word_1_203' title='bbox 1187 1190 1218 1221; x_wconf 89' lang='lat' dir='ltr'><strong>in</strong></span> <span class='ocrx_word' id='word_1_204' title='bbox 1242 1189 1374 1222; x_wconf 80' lang='lat' dir='ltr'><strong>feodum</strong></span> <span class='ocrx_word' id='word_1_205' title='bbox 1408 1190 1439 1222; x_wconf 87' lang='lat' dir='ltr'><strong>in</strong></span> <span class='ocrx_word' id='word_1_206' title='bbox 1466 1194 1675 1233; x_wconf 78' lang='lat' dir='ltr'><strong>augmentum</strong></span> <span class='ocrx_word' id='word_1_207' title='bbox 1706 1191 1884 1233; x_wconf 82' lang='lat' dir='ltr'><strong>feodorum,</strong></span> 
     </span>
     <span class='ocr_line' id='line_1_18' title="bbox 231 1239 1885 1283; baseline 0.003 -13"><span class='ocrx_word' id='word_1_208' title='bbox 231 1249 294 1282; x_wconf 93' lang='lat' dir='ltr'><strong>que</strong></span> <span class='ocrx_word' id='word_1_209' title='bbox 317 1239 552 1282; x_wconf 81' lang='lat' dir='ltr'><strong>archiepiscopi</strong></span> <span class='ocrx_word' id='word_1_210' title='bbox 574 1239 840 1281; x_wconf 77' lang='lat' dir='ltr'><strong>Maguntinenses</strong></span> <span class='ocrx_word' id='word_1_211' title='bbox 862 1239 986 1271; x_wconf 83' lang='lat' dir='ltr'><strong>habent</strong></span> <span class='ocrx_word' id='word_1_212' title='bbox 1007 1239 1050 1272; x_wconf 87' lang='lat' dir='ltr'><strong>ab</strong></span> <span class='ocrx_word' id='word_1_213' title='bbox 1073 1241 1224 1283; x_wconf 88' lang='lat' dir='ltr'><strong>imperio,</strong></span> <span class='ocrx_word' id='word_1_214' title='bbox 1254 1242 1402 1283; x_wconf 78' lang='lat' dir='ltr'><strong>graciose</strong></span> <span class='ocrx_word' id='word_1_215' title='bbox 1425 1242 1632 1274; x_wconf 85' lang='lat' dir='ltr'><strong>concedimus</strong></span> <span class='ocrx_word' id='word_1_216' title='bbox 1661 1246 1695 1275; x_wconf 88' lang='lat' dir='ltr'><strong>et</strong></span> <span class='ocrx_word' id='word_1_217' title='bbox 1717 1244 1885 1275; x_wconf 86' lang='lat' dir='ltr'><strong>annuimus</strong></span> 
     </span>
     <span class='ocr_line' id='line_1_19' title="bbox 230 1290 1885 1336; baseline 0.002 -14"><span class='ocrx_word' id='word_1_218' title='bbox 230 1300 290 1332; x_wconf 86' lang='lat' dir='ltr'><strong>per</strong></span> <span class='ocrx_word' id='word_1_219' title='bbox 312 1294 490 1333; x_wconf 81' lang='lat' dir='ltr'><strong>presentes.</strong></span> <span class='ocrx_word' id='word_1_220' title='bbox 536 1290 754 1322; x_wconf 84' lang='lat' dir='ltr'><strong>Absolventes</strong></span> <span class='ocrx_word' id='word_1_221' title='bbox 777 1290 897 1322; x_wconf 90' lang='lat' dir='ltr'><strong>dictum</strong></span> <span class='ocrx_word' id='word_1_222' title='bbox 922 1290 1106 1323; x_wconf 80' lang='lat' dir='ltr'><strong>conradum</strong></span> <span class='ocrx_word' id='word_1_223' title='bbox 1135 1302 1155 1323; x_wconf 89' lang='lat' dir='ltr'><strong>a</strong></span> <span class='ocrx_word' id='word_1_224' title='bbox 1183 1292 1364 1324; x_wconf 86' lang='lat' dir='ltr'><strong>iuramento</strong></span> <span class='ocrx_word' id='word_1_225' title='bbox 1393 1292 1573 1334; x_wconf 85' lang='lat' dir='ltr'><strong>fidelitatis,</strong></span> <span class='ocrx_word' id='word_1_226' title='bbox 1607 1293 1694 1336; x_wconf 92' lang='lat' dir='ltr'><strong>quod</strong></span> <span class='ocrx_word' id='word_1_227' title='bbox 1727 1294 1819 1326; x_wconf 86' lang='lat' dir='ltr'><strong>nobis</strong></span> <span class='ocrx_word' id='word_1_228' title='bbox 1853 1299 1885 1327; x_wconf 86' lang='lat' dir='ltr'><strong>et</strong></span> 
     </span>
     <span class='ocr_line' id='line_1_20' title="bbox 230 1342 1883 1388; baseline 0.003 -15"><span class='ocrx_word' id='word_1_229' title='bbox 230 1342 366 1384; x_wconf 86' lang='lat' dir='ltr'><strong>imperio</strong></span> <span class='ocrx_word' id='word_1_230' title='bbox 400 1342 542 1384; x_wconf 77' lang='lat' dir='ltr'><strong>prestitit</strong></span> <span class='ocrx_word' id='word_1_231' title='bbox 583 1344 617 1374; x_wconf 84' lang='lat' dir='ltr'><strong>et</strong></span> <span class='ocrx_word' id='word_1_232' title='bbox 649 1345 794 1384; x_wconf 82' lang='lat' dir='ltr'><strong>prestare</strong></span> <span class='ocrx_word' id='word_1_233' title='bbox 829 1345 958 1374; x_wconf 86' lang='lat' dir='ltr'><strong>tenetur</strong></span> <span class='ocrx_word' id='word_1_234' title='bbox 991 1343 1231 1375; x_wconf 87' lang='lat' dir='ltr'><strong>successoribus</strong></span> <span class='ocrx_word' id='word_1_235' title='bbox 1264 1344 1381 1376; x_wconf 87' lang='lat' dir='ltr'><strong>nostris</strong></span> <span class='ocrx_word' id='word_1_236' title='bbox 1414 1344 1543 1376; x_wconf 81' lang='lat' dir='ltr'><strong>racione</strong></span> <span class='ocrx_word' id='word_1_237' title='bbox 1578 1345 1665 1377; x_wconf 85' lang='lat' dir='ltr'><strong>feodi</strong></span> <span class='ocrx_word' id='word_1_238' title='bbox 1699 1345 1883 1388; x_wconf 80' lang='lat' dir='ltr'><strong>supradicti.</strong></span> 
     </span>
     <span class='ocr_line' id='line_1_21' title="bbox 187 1392 1668 1438; baseline 0.003 -15"><span class='ocrx_word' id='word_1_239' title='bbox 187 1402 213 1423; x_wconf 75' lang='lat' dir='ltr'><strong>so</strong></span> <span class='ocrx_word' id='word_1_240' title='bbox 230 1392 356 1426; x_wconf 72' lang='lat' dir='ltr'><strong>Dentes</strong></span> <span class='ocrx_word' id='word_1_241' title='bbox 379 1393 437 1425; x_wconf 90' lang='lat' dir='ltr'><strong>has</strong></span> <span class='ocrx_word' id='word_1_242' title='bbox 460 1396 586 1424; x_wconf 84' lang='lat' dir='ltr'><strong>nostras</strong></span> <span class='ocrx_word' id='word_1_243' title='bbox 609 1393 734 1425; x_wconf 80' lang='lat' dir='ltr'><strong>litteras</strong></span> <span class='ocrx_word' id='word_1_244' title='bbox 757 1393 863 1436; x_wconf 81' lang='lat' dir='ltr'><strong>sigillo</strong></span> <span class='ocrx_word' id='word_1_245' title='bbox 886 1396 996 1426; x_wconf 79' lang='lat' dir='ltr'><strong>nostro</strong></span> <span class='ocrx_word' id='word_1_246' title='bbox 1019 1394 1177 1437; x_wconf 81' lang='lat' dir='ltr'><strong>sigillatas</strong></span> <span class='ocrx_word' id='word_1_247' title='bbox 1200 1396 1231 1427; x_wconf 90' lang='lat' dir='ltr'><strong>in</strong></span> <span class='ocrx_word' id='word_1_248' title='bbox 1256 1396 1474 1428; x_wconf 89' lang='lat' dir='ltr'><strong>testimonium</strong></span> <span class='ocrx_word' id='word_1_249' title='bbox 1498 1406 1595 1438; x_wconf 90' lang='lat' dir='ltr'><strong>super</strong></span> <span class='ocrx_word' id='word_1_250' title='bbox 1618 1406 1668 1428; x_wconf 91' lang='lat' dir='ltr'><strong>eo.</strong></span> 
     </span>
    </p>
   </div>
   <div class='ocr_carea' id='block_1_7' title="bbox 230 1452 1883 1547">
    <p class='ocr_par' dir='ltr' id='par_1_11' title="bbox 230 1452 1883 1547">
     <span class='ocr_line' id='line_1_22' title="bbox 338 1452 1883 1499; baseline 0.003 -15"><span class='ocrx_word' id='word_1_251' title='bbox 338 1453 459 1485; x_wconf 84' lang='lat' dir='ltr'><strong>Datum</strong></span> <span class='ocrx_word' id='word_1_252' title='bbox 483 1452 701 1495; x_wconf 82' lang='lat' dir='ltr'><strong>Nuremberg,</strong></span> <span class='ocrx_word' id='word_1_253' title='bbox 725 1463 808 1486; x_wconf 89' lang='lat' dir='ltr'><strong>anno</strong></span> <span class='ocrx_word' id='word_1_254' title='bbox 831 1452 964 1485; x_wconf 88' lang='lat' dir='ltr'><strong>Domini</strong></span> <span class='ocrx_word' id='word_1_255' title='bbox 986 1454 1156 1487; x_wconf 89' lang='lat' dir='ltr'><strong>millesimo</strong></span> <span class='ocrx_word' id='word_1_256' title='bbox 1180 1456 1406 1488; x_wconf 88' lang='lat' dir='ltr'><strong>trecentesimo</strong></span> <span class='ocrx_word' id='word_1_257' title='bbox 1430 1455 1680 1499; x_wconf 86' lang='lat' dir='ltr'><strong>quintodecimo,</strong></span> <span class='ocrx_word' id='word_1_258' title='bbox 1705 1456 1745 1492; x_wconf 88' lang='lat' dir='ltr'><strong>V.</strong></span> <span class='ocrx_word' id='word_1_259' title='bbox 1762 1457 1883 1490; x_wconf 82' lang='lat' dir='ltr'><strong>Kalen-</strong></span> 
     </span>
     <span class='ocr_line' id='line_1_23' title="bbox 230 1504 992 1547; baseline -0.001 -9"><span class='ocrx_word' id='word_1_260' title='bbox 230 1504 288 1538; x_wconf 87' lang='lat' dir='ltr'><strong>das</strong></span> <span class='ocrx_word' id='word_1_261' title='bbox 309 1505 404 1545; x_wconf 88' lang='lat' dir='ltr'><strong>Iunii,</strong></span> <span class='ocrx_word' id='word_1_262' title='bbox 427 1505 521 1546; x_wconf 78' lang='lat' dir='ltr'><strong>regni</strong></span> <span class='ocrx_word' id='word_1_263' title='bbox 543 1514 621 1536; x_wconf 87' lang='lat' dir='ltr'><strong>vero</strong></span> <span class='ocrx_word' id='word_1_264' title='bbox 644 1505 744 1536; x_wconf 88' lang='lat' dir='ltr'><strong>nostri</strong></span> <span class='ocrx_word' id='word_1_265' title='bbox 768 1514 852 1538; x_wconf 84' lang='lat' dir='ltr'><strong>anuo</strong></span> <span class='ocrx_word' id='word_1_266' title='bbox 876 1505 992 1547; x_wconf 91' lang='lat' dir='ltr'><strong>primo.</strong></span> 
     </span>
    </p>
   </div>
   <div class='ocr_carea' id='block_1_8' title="bbox 420 1649 1697 1746">
    <p class='ocr_par' dir='ltr' id='par_1_12' title="bbox 420 1649 1697 1746">
     <span class='ocr_line' id='line_1_24' title="bbox 420 1649 1697 1696; baseline 0 -11"><span class='ocrx_word' id='word_1_267' title='bbox 420 1649 507 1686; x_wconf 70' lang='lat'><strong>275.</strong></span> <span class='ocrx_word' id='word_1_268' title='bbox 548 1650 725 1696; x_wconf 76' lang='lat' dir='ltr'><strong>Scriptum-</strong></span> <span class='ocrx_word' id='word_1_269' title='bbox 753 1649 907 1686; x_wconf 75' lang='lat' dir='ltr'><strong>Conradi</strong></span> <span class='ocrx_word' id='word_1_270' title='bbox 928 1662 997 1696; x_wconf 76' lang='lat' dir='ltr'><strong>pro</strong></span> <span class='ocrx_word' id='word_1_271' title='bbox 1025 1649 1280 1696; x_wconf 74' lang='lat' dir='ltr'><strong>archiepiscopo</strong></span> <span class='ocrx_word' id='word_1_272' title='bbox 1307 1650 1512 1696; x_wconf 72' lang='lat' dir='ltr'><strong>Moyemtino</strong></span> <span class='ocrx_word' id='word_1_273' title='bbox 1538 1650 1697 1687; x_wconf 78' lang='lat' dir='ltr'><strong>alterum.</strong></span> 
     </span>
     <span class='ocr_line' id='line_1_25' title="bbox 908 1710 1212 1746; baseline 0 0"><span class='ocrx_word' id='word_1_274' title='bbox 908 1712 1013 1746; x_wconf 86' lang='lat'><em>1316.</em></span> <span class='ocrx_word' id='word_1_275' title='bbox 1051 1710 1163 1746; x_wconf 70' lang='grc' dir='ltr'><em>Μανι.</em></span> <span class='ocrx_word' id='word_1_276' title='bbox 1179 1712 1212 1746; x_wconf 88' lang='lat'><strong>9.</strong></span> 
     </span>
    </p>
   </div>
   <div class='ocr_carea' id='block_1_9' title="bbox 185 1782 1885 1926">
    <p class='ocr_par' dir='ltr' id='par_1_13' title="bbox 185 1782 1885 1926">
     <span class='ocr_line' id='line_1_26' title="bbox 185 1782 1885 1826; baseline 0.001 -10"><span class='ocrx_word' id='word_1_277' title='bbox 185 1797 210 1819; x_wconf 64' lang='grc' dir='ltr'>ω</span> <span class='ocrx_word' id='word_1_278' title='bbox 339 1783 502 1825; x_wconf 71' lang='lat' dir='ltr'><strong>Oriqinale</strong></span> <span class='ocrx_word' id='word_1_279' title='bbox 518 1784 594 1826; x_wconf 92' lang='lat' dir='ltr'><strong>(or.)</strong></span> <span class='ocrx_word' id='word_1_280' title='bbox 608 1784 644 1816; x_wconf 73' lang='lat' dir='ltr'><strong>in</strong></span> <span class='ocrx_word' id='word_1_281' title='bbox 659 1783 818 1816; x_wconf 78' lang='lat' dir='ltr'><strong>tabulario</strong></span> <span class='ocrx_word' id='word_1_282' title='bbox 830 1783 971 1825; x_wconf 74' lang='lat' dir='ltr'><strong>qeneroli</strong></span> <span class='ocrx_word' id='word_1_283' title='bbox 985 1784 1074 1824; x_wconf 74' lang='lat' dir='ltr'><strong>reyni</strong></span> <span class='ocrx_word' id='word_1_284' title='bbox 1085 1783 1252 1815; x_wconf 78' lang='lat' dir='ltr'><strong>Bawarici</strong></span> <span class='ocrx_word' id='word_1_285' title='bbox 1266 1782 1392 1815; x_wconf 64' lang='lat' dir='ltr'><strong>‘Maian</strong></span> <span class='ocrx_word' id='word_1_286' title='bbox 1402 1783 1540 1823; x_wconf 65' lang='lat' dir='ltr'><strong>Erastist</strong></span> <span class='ocrx_word' id='word_1_287' title='bbox 1555 1785 1635 1823; x_wconf 72' lang='lat' dir='ltr'><strong>saec.</strong></span> <span class='ocrx_word' id='word_1_288' title='bbox 1644 1786 1685 1815; x_wconf 88' lang='lat'><strong>59</strong></span> <span class='ocrx_word' id='word_1_289' title='bbox 1693 1785 1710 1817; x_wconf 85' lang='lat'><strong>&#39;.</strong></span> <span class='ocrx_word' id='word_1_290' title='bbox 1744 1785 1885 1817; x_wconf 71' lang='lat' dir='ltr'><strong>Contulit</strong></span> 
     </span>
     <span class='ocr_line' id='line_1_27' title="bbox 227 1834 1884 1877; baseline 0.001 -9"><span class='ocrx_word' id='word_1_291' title='bbox 227 1835 272 1869; x_wconf 89' lang='grc' dir='ltr'><strong>Η.</strong></span> <span class='ocrx_word' id='word_1_292' title='bbox 285 1835 397 1868; x_wconf 82' lang='lat' dir='ltr'><strong>Herre.</strong></span> <span class='ocrx_word' id='word_1_293' title='bbox 439 1835 562 1868; x_wconf 74' lang='lat' dir='ltr'><strong>Pendet</strong></span> <span class='ocrx_word' id='word_1_294' title='bbox 576 1835 715 1876; x_wconf 62' lang='lat' dir='ltr'><strong>sigillum</strong></span> <span class='ocrx_word' id='word_1_295' title='bbox 731 1835 800 1877; x_wconf 72' lang='lat' dir='ltr'><strong>fere</strong></span> <span class='ocrx_word' id='word_1_296' title='bbox 819 1834 964 1867; x_wconf 80' lang='lat' dir='ltr'><strong>illaesum</strong></span> <span class='ocrx_word' id='word_1_297' title='bbox 985 1834 1049 1867; x_wconf 86' lang='lat' dir='ltr'><strong>loro</strong></span> <span class='ocrx_word' id='word_1_298' title='bbox 1068 1845 1107 1867; x_wconf 75' lang='lat' dir='ltr'><strong>ex</strong></span> <span class='ocrx_word' id='word_1_299' title='bbox 1126 1835 1198 1875; x_wconf 77' lang='lat' dir='ltr'><strong>ipsa</strong></span> <span class='ocrx_word' id='word_1_300' title='bbox 1217 1835 1398 1866; x_wconf 76' lang='lat' dir='ltr'><strong>nwmbrana</strong></span> <span class='ocrx_word' id='word_1_301' title='bbox 1416 1838 1546 1867; x_wconf 68' lang='lat' dir='ltr'><strong>exsecto.</strong></span> <span class='ocrx_word' id='word_1_302' title='bbox 1588 1836 1631 1867; x_wconf 81' lang='lat' dir='ltr'><strong>In</strong></span> <span class='ocrx_word' id='word_1_303' title='bbox 1650 1847 1737 1868; x_wconf 82' lang='lat' dir='ltr'><strong>verso</strong></span> <span class='ocrx_word' id='word_1_304' title='bbox 1751 1836 1884 1877; x_wconf 57' lang='grc' dir='ltr'><strong>ὡρίων.-</strong></span> 
     </span>
     <span class='ocr_line' id='line_1_28' title="bbox 227 1885 1884 1926; baseline 0.001 -7"><span class='ocrx_word' id='word_1_305' title='bbox 227 1886 293 1919; x_wconf 51' lang='lat' dir='ltr'><strong>Re.</strong></span> <span class='ocrx_word' id='word_1_306' title='bbox 315 1904 360 1910; x_wconf 95' lang='lat'>—</span> <span class='ocrx_word' id='word_1_307' title='bbox 380 1887 443 1919; x_wconf 78' lang='lat' dir='ltr'><strong>Ed.</strong></span> <span class='ocrx_word' id='word_1_308' title='bbox 464 1886 579 1919; x_wconf 82' lang='lat' dir='ltr'><strong>Weller</strong></span> <span class='ocrx_word' id='word_1_309' title='bbox 599 1886 619 1918; x_wconf 84' lang='lat' dir='ltr'><strong>l.</strong></span> <span class='ocrx_word' id='word_1_310' title='bbox 636 1897 661 1919; x_wconf 90' lang='lat' dir='ltr'><strong>c.</strong></span> <span class='ocrx_word' id='word_1_311' title='bbox 678 1887 727 1925; x_wconf 91' lang='lat' dir='ltr'><strong>II,</strong></span> <span class='ocrx_word' id='word_1_312' title='bbox 743 1887 786 1918; x_wconf 88' lang='grc'><strong>79</strong></span> <span class='ocrx_word' id='word_1_313' title='bbox 807 1897 857 1918; x_wconf 80' lang='lat' dir='ltr'><strong>nr.</strong></span> <span class='ocrx_word' id='word_1_314' title='bbox 872 1887 936 1918; x_wconf 87' lang='grc'><strong>106</strong></span> <span class='ocrx_word' id='word_1_315' title='bbox 957 1886 1002 1918; x_wconf 81' lang='lat' dir='ltr'><strong>ad</strong></span> <span class='ocrx_word' id='word_1_316' title='bbox 1018 1886 1174 1918; x_wconf 81' lang='lat' dir='ltr'><strong>Gudenus</strong></span> <span class='ocrx_word' id='word_1_317' title='bbox 1191 1885 1309 1919; x_wconf 78' lang='lat' dir='ltr'><strong>‘Codex</strong></span> <span class='ocrx_word' id='word_1_318' title='bbox 1323 1885 1558 1926; x_wconf 47' lang='lat' dir='ltr'><strong>diplomaticus</strong></span> <span class='ocrx_word' id='word_1_319' title='bbox 1582 1887 1652 1926; x_wconf 85' lang='lat'><em>111,</em></span> <span class='ocrx_word' id='word_1_320' title='bbox 1670 1889 1733 1919; x_wconf 87' lang='lat'><strong>137</strong></span> <span class='ocrx_word' id='word_1_321' title='bbox 1747 1898 1797 1920; x_wconf 82' lang='lat' dir='ltr'><strong>nr.</strong></span> <span class='ocrx_word' id='word_1_322' title='bbox 1813 1890 1884 1920; x_wconf 85' lang='grc'><em>108.</em></span> 
     </span>
    </p>
   </div>
   <div class='ocr_carea' id='block_1_10' title="bbox 337 1947 688 1989">
    <p class='ocr_par' dir='ltr' id='par_1_14' title="bbox 337 1947 688 1989">
     <span class='ocr_line' id='line_1_29' title="bbox 337 1947 688 1989; baseline 0.003 -10"><span class='ocrx_word' id='word_1_323' title='bbox 337 1947 412 1989; x_wconf 76' lang='lat' dir='ltr'><strong>Req.</strong></span> <span class='ocrx_word' id='word_1_324' title='bbox 429 1947 532 1980; x_wconf 81' lang='lat' dir='ltr'><strong>Boica</strong></span> <span class='ocrx_word' id='word_1_325' title='bbox 556 1947 590 1986; x_wconf 82' lang='lat' dir='ltr'><strong>V,</strong></span> <span class='ocrx_word' id='word_1_326' title='bbox 613 1948 688 1980; x_wconf 79' lang='lat'><em>327.</em></span> 
     </span>
    </p>
   </div>
   <div class='ocr_carea' id='block_1_11' title="bbox 183 2032 1886 2590">
    <p class='ocr_par' dir='ltr' id='par_1_15' title="bbox 183 2032 1886 2590">
     <span class='ocr_line' id='line_1_30' title="bbox 335 2032 1884 2075; baseline 0 -9"><span class='ocrx_word' id='word_1_327' title='bbox 335 2033 404 2066; x_wconf 84' lang='lat' dir='ltr'><strong>Nos</strong></span> <span class='ocrx_word' id='word_1_328' title='bbox 419 2033 588 2066; x_wconf 84' lang='lat' dir='ltr'><strong>Cunradus</strong></span> <span class='ocrx_word' id='word_1_329' title='bbox 604 2033 752 2065; x_wconf 88' lang='lat' dir='ltr'><strong>dominus</strong></span> <span class='ocrx_word' id='word_1_330' title='bbox 769 2032 809 2065; x_wconf 88' lang='lat' dir='ltr'><strong>de</strong></span> <span class='ocrx_word' id='word_1_331' title='bbox 826 2032 999 2065; x_wconf 89' lang='lat' dir='ltr'><strong>Hoenloch</strong></span> <span class='ocrx_word' id='word_1_332' title='bbox 1016 2033 1278 2074; x_wconf 81' lang='lat' dir='ltr'><strong>recognoscimus</strong></span> <span class='ocrx_word' id='word_1_333' title='bbox 1294 2043 1352 2074; x_wconf 88' lang='lat' dir='ltr'><strong>per</strong></span> <span class='ocrx_word' id='word_1_334' title='bbox 1367 2038 1535 2075; x_wconf 85' lang='lat' dir='ltr'><strong>presentes</strong></span> <span class='ocrx_word' id='word_1_335' title='bbox 1559 2037 1592 2065; x_wconf 85' lang='lat' dir='ltr'><strong>et</strong></span> <span class='ocrx_word' id='word_1_336' title='bbox 1606 2033 1648 2065; x_wconf 84' lang='lat' dir='ltr'><strong>ad</strong></span> <span class='ocrx_word' id='word_1_337' title='bbox 1664 2034 1884 2067; x_wconf 84' lang='lat' dir='ltr'><strong>universorum</strong></span> 
     </span>
     <span class='ocr_line' id='line_1_31' title="bbox 183 2082 1884 2127; baseline -0.001 -8"><span class='ocrx_word' id='word_1_338' title='bbox 183 2099 212 2120; x_wconf 74' lang='grc' dir='ltr'>ω</span> <span class='ocrx_word' id='word_1_339' title='bbox 228 2086 380 2118; x_wconf 84' lang='lat' dir='ltr'><strong>noticiam</strong></span> <span class='ocrx_word' id='word_1_340' title='bbox 395 2085 544 2118; x_wconf 81' lang='lat' dir='ltr'><strong>volumus</strong></span> <span class='ocrx_word' id='word_1_341' title='bbox 563 2085 742 2127; x_wconf 86' lang='lat' dir='ltr'><strong>pervenire,</strong></span> <span class='ocrx_word' id='word_1_342' title='bbox 767 2084 852 2126; x_wconf 91' lang='lat' dir='ltr'><strong>quod</strong></span> <span class='ocrx_word' id='word_1_343' title='bbox 876 2088 1015 2116; x_wconf 86' lang='lat' dir='ltr'><strong>castrum</strong></span> <span class='ocrx_word' id='word_1_344' title='bbox 1032 2083 1158 2126; x_wconf 83' lang='lat' dir='ltr'><strong>Gzips·‚</strong></span> <span class='ocrx_word' id='word_1_345' title='bbox 1182 2082 1458 2126; x_wconf 70' lang='lat' dir='ltr'><strong>quod&#39;hueusque</strong></span> <span class='ocrx_word' id='word_1_346' title='bbox 1481 2084 1522 2116; x_wconf 83' lang='lat' dir='ltr'><strong>ab</strong></span> <span class='ocrx_word' id='word_1_347' title='bbox 1545 2085 1681 2126; x_wconf 86' lang='lat' dir='ltr'><strong>imperio</strong></span> <span class='ocrx_word' id='word_1_348' title='bbox 1705 2086 1736 2116; x_wconf 89' lang='lat' dir='ltr'><strong>in</strong></span> <span class='ocrx_word' id='word_1_349' title='bbox 1753 2085 1884 2118; x_wconf 79' lang='lat' dir='ltr'><strong>feodum</strong></span> 
     </span>
     <span class='ocr_line' id='line_1_32' title="bbox 229 2135 1884 2178; baseline -0.001 -8"><span class='ocrx_word' id='word_1_350' title='bbox 229 2138 403 2176; x_wconf 80' lang='lat' dir='ltr'><strong>tenuimus,</strong></span> <span class='ocrx_word' id='word_1_351' title='bbox 434 2137 474 2170; x_wconf 87' lang='lat' dir='ltr'><strong>de</strong></span> <span class='ocrx_word' id='word_1_352' title='bbox 503 2136 657 2168; x_wconf 85' lang='lat' dir='ltr'><strong>mandato</strong></span> <span class='ocrx_word' id='word_1_353' title='bbox 681 2136 815 2178; x_wconf 81' lang='lat' dir='ltr'><strong>speciali</strong></span> <span class='ocrx_word' id='word_1_354' title='bbox 839 2136 1034 2168; x_wconf 88' lang='lat' dir='ltr'><strong>serenissimi</strong></span> <span class='ocrx_word' id='word_1_355' title='bbox 1065 2135 1185 2167; x_wconf 89' lang='lat' dir='ltr'><strong>domini</strong></span> <span class='ocrx_word' id='word_1_356' title='bbox 1209 2136 1308 2167; x_wconf 85' lang='lat' dir='ltr'><strong>nostri</strong></span> <span class='ocrx_word' id='word_1_357' title='bbox 1332 2135 1454 2167; x_wconf 89' lang='lat' dir='ltr'><strong>domini</strong></span> <span class='ocrx_word' id='word_1_358' title='bbox 1476 2135 1642 2168; x_wconf 80' lang='lat' dir='ltr'><strong>Ludowici</strong></span> <span class='ocrx_word' id='word_1_359' title='bbox 1664 2135 1884 2169; x_wconf 85' lang='lat' dir='ltr'><strong>Romanorum</strong></span> 
     </span>
     <span class='ocr_line' id='line_1_33' title="bbox 229 2187 1885 2232; baseline -0.002 -10"><span class='ocrx_word' id='word_1_360' title='bbox 229 2189 314 2232; x_wconf 81' lang='lat' dir='ltr'><strong>regis</strong></span> <span class='ocrx_word' id='word_1_361' title='bbox 337 2199 467 2231; x_wconf 87' lang='lat' dir='ltr'><strong>semper</strong></span> <span class='ocrx_word' id='word_1_362' title='bbox 488 2189 627 2231; x_wconf 77' lang='lat' dir='ltr'><strong>augusti,</strong></span> <span class='ocrx_word' id='word_1_363' title='bbox 651 2189 706 2231; x_wconf 90' lang='lat' dir='ltr'><strong>qui</strong></span> <span class='ocrx_word' id='word_1_364' title='bbox 729 2188 770 2220; x_wconf 89' lang='lat' dir='ltr'><strong>de</strong></span> <span class='ocrx_word' id='word_1_365' title='bbox 794 2187 910 2220; x_wconf 87' lang='lat' dir='ltr'><strong>eodem</strong></span> <span class='ocrx_word' id='word_1_366' title='bbox 933 2191 1038 2220; x_wconf 84' lang='lat' dir='ltr'><strong>castro</strong></span> <span class='ocrx_word' id='word_1_367' title='bbox 1054 2187 1232 2220; x_wconf 79' lang='lat' dir='ltr'><strong>infeodavit</strong></span> <span class='ocrx_word' id='word_1_368' title='bbox 1247 2187 1411 2219; x_wconf 89' lang='lat' dir='ltr'><strong>dominum</strong></span> <span class='ocrx_word' id='word_1_369' title='bbox 1427 2187 1590 2230; x_wconf 85' lang='lat' dir='ltr'><strong>P(etrum)</strong></span> <span class='ocrx_word' id='word_1_370' title='bbox 1606 2187 1885 2230; x_wconf 82' lang='lat' dir='ltr'><strong>archiepiscopum</strong></span> 
     </span>
     <span class='ocr_line' id='line_1_34' title="bbox 229 2239 1884 2283; baseline -0.001 -10"><span class='ocrx_word' id='word_1_371' title='bbox 229 2244 263 2273; x_wconf 85' lang='lat' dir='ltr'><strong>et</strong></span> <span class='ocrx_word' id='word_1_372' title='bbox 283 2240 455 2273; x_wconf 85' lang='lat' dir='ltr'><strong>ecclesiam</strong></span> <span class='ocrx_word' id='word_1_373' title='bbox 471 2240 705 2283; x_wconf 80' lang='lat' dir='ltr'><strong>Magantinam‚</strong></span> <span class='ocrx_word' id='word_1_374' title='bbox 729 2239 771 2272; x_wconf 89' lang='lat' dir='ltr'><strong>ab</strong></span> <span class='ocrx_word' id='word_1_375' title='bbox 795 2239 912 2271; x_wconf 86' lang='lat' dir='ltr'><strong>eodem</strong></span> <span class='ocrx_word' id='word_1_376' title='bbox 929 2239 1059 2271; x_wconf 88' lang='lat' dir='ltr'><strong>domiuo</strong></span> <span class='ocrx_word' id='word_1_377' title='bbox 1075 2239 1202 2280; x_wconf 87' lang='lat' dir='ltr'><strong>P(etro)</strong></span> <span class='ocrx_word' id='word_1_378' title='bbox 1226 2239 1469 2281; x_wconf 83' lang='lat' dir='ltr'><strong>archiepiscopo</strong></span> <span class='ocrx_word' id='word_1_379' title='bbox 1485 2239 1674 2281; x_wconf 78' lang='lat' dir='ltr'><strong>Maguntino</strong></span> <span class='ocrx_word' id='word_1_380' title='bbox 1697 2240 1730 2271; x_wconf 89' lang='lat' dir='ltr'><strong>in</strong></span> <span class='ocrx_word' id='word_1_381' title='bbox 1753 2239 1884 2272; x_wconf 80' lang='lat' dir='ltr'><strong>feodum</strong></span> 
     </span>
     <span class='ocr_line' id='line_1_35' title="bbox 229 2290 1884 2335; baseline -0.001 -11"><span class='ocrx_word' id='word_1_382' title='bbox 229 2292 410 2335; x_wconf 88' lang='lat' dir='ltr'><strong>recepimus</strong></span> <span class='ocrx_word' id='word_1_383' title='bbox 439 2295 473 2324; x_wconf 85' lang='lat' dir='ltr'><strong>et</strong></span> <span class='ocrx_word' id='word_1_384' title='bbox 502 2291 642 2324; x_wconf 85' lang='lat' dir='ltr'><strong>heredes</strong></span> <span class='ocrx_word' id='word_1_385' title='bbox 669 2292 770 2323; x_wconf 89' lang='lat' dir='ltr'><strong>nostri</strong></span> <span class='ocrx_word' id='word_1_386' title='bbox 797 2291 839 2323; x_wconf 88' lang='lat' dir='ltr'><strong>ab</strong></span> <span class='ocrx_word' id='word_1_387' title='bbox 870 2301 925 2332; x_wconf 85' lang='lat' dir='ltr'><strong>eo,</strong></span> <span class='ocrx_word' id='word_1_388' title='bbox 955 2290 1192 2323; x_wconf 89' lang='lat' dir='ltr'><strong>successoribus</strong></span> <span class='ocrx_word' id='word_1_389' title='bbox 1218 2291 1283 2322; x_wconf 91' lang='lat' dir='ltr'><strong>suis</strong></span> <span class='ocrx_word' id='word_1_390' title='bbox 1313 2295 1346 2322; x_wconf 87' lang='lat' dir='ltr'><strong>et</strong></span> <span class='ocrx_word' id='word_1_391' title='bbox 1369 2290 1506 2323; x_wconf 87' lang='lat' dir='ltr'><strong>ecclesia</strong></span> <span class='ocrx_word' id='word_1_392' title='bbox 1526 2290 1716 2333; x_wconf 78' lang='lat' dir='ltr'><strong>Magantina</strong></span> <span class='ocrx_word' id='word_1_393' title='bbox 1738 2292 1884 2334; x_wconf 85' lang='lat' dir='ltr'><strong>recipere</strong></span> 
     </span>
     <span class='ocr_line' id='line_1_36' title="bbox 185 2341 1884 2384; baseline -0.001 -8"><span class='ocrx_word' id='word_1_394' title='bbox 185 2355 213 2376; x_wconf 68' lang='grc' dir='ltr'><strong>οι</strong></span> <span class='ocrx_word' id='word_1_395' title='bbox 231 2343 435 2376; x_wconf 78' lang='lat' dir='ltr'><strong>tenebuntur.</strong></span> <span class='ocrx_word' id='word_1_396' title='bbox 473 2343 706 2375; x_wconf 80' lang='lat' dir='ltr'><strong>Promittantes</strong></span> <span class='ocrx_word' id='word_1_397' title='bbox 723 2342 830 2375; x_wconf 89' lang='lat' dir='ltr'><strong>eidem</strong></span> <span class='ocrx_word' id='word_1_398' title='bbox 847 2342 977 2374; x_wconf 90' lang='lat' dir='ltr'><strong>domino</strong></span> <span class='ocrx_word' id='word_1_399' title='bbox 993 2341 1236 2384; x_wconf 85' lang='lat' dir='ltr'><strong>archiepiscopo</strong></span> <span class='ocrx_word' id='word_1_400' title='bbox 1260 2346 1293 2374; x_wconf 92' lang='lat' dir='ltr'><strong>et</strong></span> <span class='ocrx_word' id='word_1_401' title='bbox 1311 2341 1447 2374; x_wconf 83' lang='lat' dir='ltr'><strong>ecclesie</strong></span> <span class='ocrx_word' id='word_1_402' title='bbox 1470 2352 1527 2374; x_wconf 89' lang='lat' dir='ltr'><strong>sue</strong></span> <span class='ocrx_word' id='word_1_403' title='bbox 1551 2352 1624 2374; x_wconf 88' lang='lat' dir='ltr'><strong>eam</strong></span> <span class='ocrx_word' id='word_1_404' title='bbox 1641 2353 1739 2384; x_wconf 87' lang='lat' dir='ltr'><strong>quam</strong></span> <span class='ocrx_word' id='word_1_405' title='bbox 1755 2343 1884 2375; x_wconf 84' lang='lat' dir='ltr'><strong>racione</strong></span> 
     </span>
     <span class='ocr_line' id='line_1_37' title="bbox 230 2393 1886 2435; baseline -0.002 -8"><span class='ocrx_word' id='word_1_406' title='bbox 230 2393 307 2427; x_wconf 86' lang='lat' dir='ltr'><strong>dicti</strong></span> <span class='ocrx_word' id='word_1_407' title='bbox 330 2394 418 2428; x_wconf 84' lang='lat' dir='ltr'><strong>feodi</strong></span> <span class='ocrx_word' id='word_1_408' title='bbox 441 2398 589 2427; x_wconf 87' lang='lat' dir='ltr'><strong>tenemur</strong></span> <span class='ocrx_word' id='word_1_409' title='bbox 611 2394 802 2427; x_wconf 77' lang='lat' dir='ltr'><strong>fidelitatem</strong></span> <span class='ocrx_word' id='word_1_410' title='bbox 833 2398 866 2426; x_wconf 88' lang='lat' dir='ltr'><strong>et</strong></span> <span class='ocrx_word' id='word_1_411' title='bbox 894 2393 1083 2435; x_wconf 88' lang='lat' dir='ltr'><strong>obsequium</strong></span> <span class='ocrx_word' id='word_1_412' title='bbox 1108 2393 1275 2426; x_wconf 83' lang='lat' dir='ltr'><strong>exhibere.</strong></span> <span class='ocrx_word' id='word_1_413' title='bbox 1327 2393 1451 2425; x_wconf 79' lang='lat' dir='ltr'><strong>Dentes</strong></span> <span class='ocrx_word' id='word_1_414' title='bbox 1479 2404 1577 2435; x_wconf 88' lang='lat' dir='ltr'><strong>super</strong></span> <span class='ocrx_word' id='word_1_415' title='bbox 1605 2404 1644 2426; x_wconf 88' lang='lat' dir='ltr'><strong>eo</strong></span> <span class='ocrx_word' id='word_1_416' title='bbox 1673 2393 1732 2425; x_wconf 83' lang='lat' dir='ltr'><strong>has</strong></span> <span class='ocrx_word' id='word_1_417' title='bbox 1762 2393 1886 2426; x_wconf 83' lang='lat' dir='ltr'><strong>litteras</strong></span> 
     </span>
     <span class='ocr_line' id='line_1_38' title="bbox 229 2446 710 2488; baseline -0.002 -10"><span class='ocrx_word' id='word_1_418' title='bbox 229 2449 338 2479; x_wconf 84' lang='lat' dir='ltr'><strong>nostro</strong></span> <span class='ocrx_word' id='word_1_419' title='bbox 360 2446 466 2488; x_wconf 77' lang='lat' dir='ltr'><strong>sigillo</strong></span> <span class='ocrx_word' id='word_1_420' title='bbox 489 2446 710 2479; x_wconf 84' lang='lat' dir='ltr'><strong>communitas.</strong></span> 
     </span>
     <span class='ocr_line' id='line_1_39' title="bbox 340 2504 1885 2548; baseline -0.001 -10"><span class='ocrx_word' id='word_1_421' title='bbox 340 2505 461 2538; x_wconf 84' lang='lat' dir='ltr'><strong>Datum</strong></span> <span class='ocrx_word' id='word_1_422' title='bbox 484 2505 695 2548; x_wconf 82' lang='lat' dir='ltr'><strong>Nurenberg,</strong></span> <span class='ocrx_word' id='word_1_423' title='bbox 730 2516 814 2538; x_wconf 79' lang='lat' dir='ltr'><strong>anno</strong></span> <span class='ocrx_word' id='word_1_424' title='bbox 839 2505 970 2537; x_wconf 87' lang='lat' dir='ltr'><strong>Domini</strong></span> <span class='ocrx_word' id='word_1_425' title='bbox 996 2505 1167 2537; x_wconf 90' lang='lat' dir='ltr'><strong>millesimo</strong></span> <span class='ocrx_word' id='word_1_426' title='bbox 1198 2505 1424 2537; x_wconf 87' lang='lat' dir='ltr'><strong>trecentesimo</strong></span> <span class='ocrx_word' id='word_1_427' title='bbox 1453 2504 1692 2541; x_wconf 79' lang='lat' dir='ltr'><strong>sextodecimo,</strong></span> <span class='ocrx_word' id='word_1_428' title='bbox 1717 2505 1791 2537; x_wconf 84' lang='lat' dir='ltr'><strong>vn.</strong></span> <span class='ocrx_word' id='word_1_429' title='bbox 1808 2505 1885 2537; x_wconf 79' lang='lat' dir='ltr'><strong>Idus</strong></span> 
     </span>
     <span class='ocr_line' id='line_1_40' title="bbox 230 2555 352 2590; baseline 0.008 -1"><span class='ocrx_word' id='word_1_430' title='bbox 230 2555 352 2590; x_wconf 74' lang='lat' dir='ltr'><strong>Marcii.</strong></span> 
     </span>
    </p>
   </div>
   <div class='ocr_carea' id='block_1_12' title="bbox 185 2782 561 2817">
    <p class='ocr_par' dir='ltr' id='par_1_16' title="bbox 185 2782 561 2817">
     <span class='ocr_line' id='line_1_41' title="bbox 185 2782 561 2817; baseline -0.003 -5"><span class='ocrx_word' id='word_1_431' title='bbox 185 2792 216 2812; x_wconf 55' lang='lat'><strong>«4⁰</strong></span> <span class='ocrx_word' id='word_1_432' title='bbox 335 2782 401 2812; x_wconf 78' lang='lat'><strong>275.</strong></span> <span class='ocrx_word' id='word_1_433' title='bbox 428 2784 452 2817; x_wconf 80' lang='lat'><strong>¹)</strong></span> <span class='ocrx_word' id='word_1_434' title='bbox 470 2785 506 2811; x_wconf 71' lang='lat' dir='ltr'><strong>oio</strong></span> <span class='ocrx_word' id='word_1_435' title='bbox 524 2794 561 2811; x_wconf 84' lang='lat' dir='ltr'><strong>or.</strong></span> 
     </span>
    </p>
   </div>
  </div>
 </body>
</html>
