2190 3172
321 227 379 258 188
549 223 645 251 ACTA
664 222 778 250 REGNI
797 220 981 248 LUDEWICI
1000 220 1047 248 IV.
1065 219 1111 247 ET
1129 219 1314 247 FRIDERIOI
1333 219 1381 247 111.
1419 219 1492 247 1315.
1530 218 1578 245 Nr.
1591 218 1650 246 210.
1668 219 1727 246 211.

318 311 561 344 consuetudinis
585 308 792 341 observancia
814 307 1034 339 Romanorum
1057 316 1152 347 reges
1175 316 1328 339 coronare
1352 306 1516 347 competit,
1539 306 1573 336 in
1594 304 1666 336 loco
1689 314 1752 346 quo
1768 303 1856 336 idem
1872 314 1963 336 coro-

318 374 396 395 nare
425 363 546 405 potuit,
573 364 609 392 ut
637 362 774 402 apparet
801 370 843 390 ex
869 358 1045 400 privilegiis
1071 357 1157 389 sedis
1184 358 1360 400 apostolice
1384 357 1446 389 sibi
1469 360 1502 389 et
1525 356 1643 388 eclesie
1671 366 1728 388 sue
1751 355 1834 387 datis
1845 355 1867 396 ¹,
1891 365 1963 387 cum

319 414 545 455 solempnitate
570 412 679 444 debita
701 412 733 442 in
756 421 867 452 regem
890 409 1109 441 Romanorum
1131 409 1252 441 inuncti
1275 412 1308 441 et
1330 409 1430 451 regali
1455 407 1640 440 diademate
1664 407 1815 450 exigente
1837 407 1963 439 iusticia

319 466 474 503 coronati,
498 465 643 506 regimen
666 463 755 505 regni
779 461 916 503 predicti
939 461 980 492 ad
1002 459 1184 504 hc[norem]
1207 461 1435 503 omnipotentis
1461 459 1535 500 Dei,
1557 459 1830 501 propagacionem
1853 458 1963 490 ortho-

321 518 405 549 doxe
429 517 515 558 fidei,
538 518 720 547 sacrosante
744 514 890 545 Romane
915 523 953 544 ac
975 513 1164 544 universalis
1187 511 1335 556 e[cclesie
1357 511 1400 555 et]
1417 512 1520 544 tocius
1535 511 1583 543 rei
1598 510 1727 553 publice
1743 510 1963 542 defensionem
1991 520 2007 540 ι

321 570 541 610 suscepimus*
576 568 609 598 in
636 576 694 608 spe
723 564 963 606 cooperacionis
991 564 1096 596 divine
1123 565 1273 606 potencie
1300 563 1554 606 gubernandum.
1605 560 1757 606 Q[uare]¹¹
1780 561 1964 594 dileccionis

319 624 424 652 vestre
460 621 659 651 constantem
691 617 870 649 amiciciam
905 619 938 647 et
970 616 1143 657 puritatem
1177 616 1252 648 fidei
1279 617 1312 647 in
1339 616 1478 657 sincera,
1509 625 1605 657 quam
1635 613 1676 645 de
1699 613 1790 645 vobis
1812 613 1964 655 gerimus,

320 672 518 704 confidencia
541 679 790 708 commonemus,
815 668 966 710 quatinus
987 670 1173 709 prematuro
1197 668 1328 699 consilio
1352 668 1475 708 viisque
1493 670 1543 698 et⁰
1556 665 1660 697 modis
1676 665 1854 706 inductivis,
1870 667 1966 706 prout

320 723 475 764 expedire
510 722 681 760 sciveritis,
715 719 802 762 apud
837 718 1017 750 cardinales
1051 719 1138 750 sedis
1171 720 1347 761 apostolice
1382 719 1526 760 aliosque
1561 720 1684 750 vestros
1713 717 1834 748 amicos
1859 716 1964 748 velitis

320 775 450 806 efficere
485 784 557 804 cum
590 772 721 812 effectu,
757 771 844 813 quod
876 770 996 802 nedum
1028 781 1087 812 pro
1122 771 1279 813 assumpti
1311 771 1441 802 honoris
1471 780 1568 802 onere
1602 779 1661 811 per
1688 779 1746 800 nos
1778 767 1963 799 sustinendo
1983 775 2008 795 ιο

323 826 466 868 quiecius
489 825 651 867 ipsiusque
674 823 767 865 regni
788 822 923 854 habenis
945 822 1071 854 felicius
1087 823 1266 865 opitulante
1288 823 1361 855 Deo
1385 821 1559 864 dirigendis
1581 831 1640 853 nos
1662 821 1695 852 in
1716 821 1784 852 iure
1807 819 1900 851 nobis
1922 830 1965 852 ex

319 877 473 920 predictis
502 876 681 915 eleccione,
710 875 899 906 inunccione
934 877 968 906 et
1000 875 1211 906 coronacione
1246 875 1424 916 conquisito
1458 873 1645 913 confovere,
1675 871 1732 904 sed
1761 874 1794 903 et
1821 872 1964 903 sinistros

320 932 454 961 conatus
482 937 699 970 quoscumque
727 925 820 957 nobis
848 925 1012 957 adversari
1040 925 1214 958 volentium
1241 927 1368 968 paterni
1397 925 1568 968 dignentur
1595 923 1714 956 favoris
1741 922 1965 955 benivolencia

320 985 353 1013 et
388 979 665 1021 circunspeccione
699 976 834 1019 provida
867 976 1040 1009 refrenare.
1096 976 1161 1009 Pro
1195 978 1354 1009 constanti
1385 980 1547 1017 tenentes,
1581 975 1668 1018 quod
1701 974 1853 1017 quicquid
1880 974 1964 1006 circa

320 1031 502 1064 huiusmodi
536 1034 676 1061 nostram
707 1028 930 1070 impenderitis
958 1029 1198 1070 promocionem
1227 1040 1286 1061 seu
1312 1029 1522 1072 promiseritis
1552 1028 1823 1070 quibuscumque,
1853 1025 1896 1058 ad
1925 1036 1964 1058 ea
1983 1036 2008 1057 u

320 1083 485 1116 solucione
509 1081 725 1122 subsequente
748 1079 895 1111 volumus
918 1079 1063 1122 obligari.

428 1142 548 1174 Datum
572 1140 657 1183 apud
682 1140 816 1181 Selsam,
839 1140 917 1171 Idus
939 1140 1090 1181 Ianuarii,
1113 1140 1204 1182 regni
1226 1141 1326 1171 nostri
1349 1150 1431 1171 anno
1454 1141 1567 1182 primo.

449 1370 522 1406 211.
559 1367 852 1406 OBLIGATIO
876 1367 1142 1405 PECUNIAE
1166 1367 1272 1404 PER
1295 1366 1625 1405 LUDEWICUM
1647 1366 1834 1404 FACTA.

993 1436 1102 1473 1315.
1143 1437 1221 1473 Ian.
1242 1436 1302 1473 21.

432 1537 592 1578 Oriyimzle
615 1538 689 1578 (or.)
723 1537 758 1568 vin
790 1537 948 1568 tabulario
977 1537 1060 1577 reyio
1088 1537 1314 1577 Marburyensi
1339 1536 1428 1568 valde
1457 1547 1625 1568 corrosum.
1681 1535 1801 1567 Pendet
1828 1534 1967 1576 siyillum
1984 1542 2012 1562 ω

322 1590 440 1622 laesum
463 1589 528 1621 loro
550 1589 792 1622 membranaceo.
820 1608 862 1612 —-
891 1589 954 1620 Ed.
979 1588 1218 1621 Winckelmann
1242 1589 1335 1620 ‘Acta
1367 1589 1492 1628 imperii
1521 1588 1650 1620 inedita'
1672 1587 1717 1619 II
1718 1613 1726 1625 ,
1748 1587 1813 1619 288
1838 1598 1888 1619 nr.
1905 1587 1969 1618 457

321 1653 359 1674 ex
383 1653 427 1674 or.
474 1641 654 1673 Editionem
676 1641 854 1680 repetimus.

433 1702 483 1744 Cf.
503 1701 703 1742 privileyium
724 1701 866 1742 yenerale
889 1701 963 1733 Ian.
979 1701 1031 1733 20.
1055 1701 1174 1740 datum,
1198 1701 1273 1742 Ray.
1299 1700 1410 1732 Isudw.
1429 1711 1463 1740 p.
1481 1701 1502 1732 5
1522 1711 1571 1732 nr.
1590 1701 1640 1732 67.

429 1794 496 1825 Nos
530 1793 722 1825 Ludowicus
755 1793 818 1825 Dei
852 1793 957 1836 gratia
990 1793 1211 1825 Romanorum
1244 1803 1303 1825 rex
1337 1803 1466 1835 semper
1498 1794 1652 1834 augustus
1679 1790 1720 1822 ad
1747 1791 1967 1822 universorum

322 1846 467 1878 notitiam
496 1845 654 1889 [volumus
683 1843 897 1888 pervenire]²,
926 1845 1012 1887 quod
1040 1845 1140 1876 nobili
1166 1846 1234 1876 viro
1257 1844 1412 1876 Bertoldo
1443 1844 1554 1876 comiti
1576 1842 1617 1875 de
1642 1842 1966 1885 Oatzenellenbogen,
1985 1852 2010 1871 ιε»

323 1897 440 1929 dilecto
470 1901 578 1929 nostro
608 1897 696 1928 fideli
723 1908 780 1939 pro
810 1897 974 1939 obsequiis
1000 1896 1093 1929 nobis
1122 1900 1155 1928 et
1181 1897 1317 1939 imperio
1342 1920 1499 1928 .......
1524 1895 1591 1927 ebit
1622 1898 1655 1926 et
1677 1894 1774 1926 faciet
1795 1894 1968 1934 indefesse,

322 1950 409 1982 mille
445 1950 599 1981 ducentas
633 1959 758 1980 marcas
792 1949 918 1991 argenti
951 1949 1067 1991 legalis
1101 1949 1315 1990 promittimus
1343 1959 1401 1979 nos
1431 1947 1571 1979 daturne.
1622 1946 1666 1978 Et
1696 1946 1771 1988 quia
1800 1944 1969 1990 pa[ratam]

323 2002 493 2043 pecuniam
520 2013 583 2033 non
614 2001 788 2041 habemus,
813 2001 920 2032 eidem
944 2001 1053 2032 comiti
1076 2001 1108 2032 in
1131 2001 1273 2032 thelonio
1295 2003 1403 2032 nostro
1426 1999 1646 2031 Bakaracensi
1669 1997 1709 2030 de
1734 1998 1878 2040 qualibet
1899 2009 1968 2030 oar-

324 2057 395 2084 rata
418 2054 481 2084 vini
505 2057 560 2084 aut
583 2053 624 2084 de
647 2053 718 2084 aliis
741 2052 991 2084 mercationibus
1014 2052 1269 2094 quibuscumque
1293 2051 1436 2083 valorem
1466 2051 1558 2083 unius
1588 2053 1713 2082 carrate
1735 2050 1800 2082 vini
1821 2049 1968 2082 habenti-

326 2105 386 2137 bus
419 2106 451 2136 in
485 2105 578 2137 Reno
613 2104 899 2145 descendentibus,
934 2104 1014 2136 duos
1048 2104 1276 2136 Thuronenses
1303 2114 1432 2145 grossos
1461 2102 1684 2145 percipiendos
1714 2101 1861 2133 dabimus
1893 2106 1969 2133 ante
1987 2107 2014 2127 ³⁰

203 2172 312 2193 mmm,
329 2157 445 2189 festum
468 2157 594 2189 Pasche
617 2158 763 2199 proxime
787 2156 970 2189 affuturum.
1010 2156 1080 2193 Quo
1097 2156 1239 2188 thelonio
1263 2156 1432 2188 deficiente
1452 2155 1504 2187 vel
1527 2154 1680 2187 translato
1704 2154 1745 2186 ob
1769 2164 1970 2186 communem

326 2219 439 2250 pacem
465 2233 671 2241 .........
696 2209 842 2250 predicto
872 2209 981 2240 comiti
1003 2210 1035 2240 in
1059 2208 1201 2240 thelonio
1225 2212 1334 2240 nostro
1362 2209 1395 2239 in
1415 2206 1589 2239 Udendort¹
1612 2205 1653 2238 de
1677 2205 1822 2248 qualibet
1844 2209 1970 2238 carrata

326 2261 390 2292 vini
413 2263 468 2291 aut
491 2260 532 2291 de
556 2260 626 2291 aliis
653 2259 916 2303 mer[cationibus
944 2259 1115 2303 carratam]
1138 2261 1203 2291 vini
1225 2259 1408 2292 valentibus
1439 2269 1538 2291 unum
1560 2257 1801 2290 Thuronensem
1824 2268 1970 2300 grossum

327 2315 401 2344 ante
434 2312 613 2353 predictum
652 2312 768 2344 festum
803 2312 930 2344 Pascha
964 2311 1208 2353 percipiendum
1243 2311 1470 2353 deputabimus
1498 2333 1831 2342 ..............
1861 2319 1970 2341 comes

326 2363 506 2406 predictum
540 2367 709 2406 argentum
745 2364 896 2396 videlicet
930 2363 1019 2395 mille
1057 2362 1211 2395 ducentas
1244 2373 1370 2395 marcas
1408 2363 1439 2395 oi
1464 2384 1793 2394 ..............
1818 2361 1903 2392 ensis
1937 2364 1971 2393 et
1989 2368 2014 2388 ³³

329 2415 446 2457 dampn
465 2439 804 2449 ..............
830 2418 863 2447 et
891 2416 1016 2457 integre
1049 2418 1083 2446 et
1113 2415 1284 2457 complete.
1342 2413 1376 2446 Si
1405 2418 1512 2446 autem
1542 2412 1720 2445 thelonium
1747 2413 1780 2444 in
1803 2412 1975 2445 Udendorf

329 2466 416 2510 n[0n]
446 2466 616 2510 ha[buerit]
651 2478 837 2509 processum
862 2491 1127 2499 ..........
1152 2467 1329 2499 thelonium
1361 2467 1393 2498 in
1421 2465 1607 2506 Bakaraco,
1641 2464 1786 2507 predicto
1816 2464 1972 2496 Bertoldo

330 2519 438 2550 comiti
467 2519 672 2550 concedimus
703 2523 736 2551 et
763 2520 955 2551 auctoritate
978 2519 1069 2560 regia
1091 2518 1312 2561 indulgemus,
1334 2521 1371 2550 ut
1393 2516 1436 2561 [in
1459 2517 1602 2549 thelonio
1623 2519 1732 2548 nostro
1756 2515 1799 2559 in]
1822 2516 1973 2548 Brubaoh

330 2569 370 2601 de
394 2570 538 2611 qualibet
562 2575 685 2603 carrata
710 2572 773 2603 vini
796 2574 828 2603 et
851 2571 922 2602 aliis
945 2571 1204 2610 mercationibus,
1227 2573 1263 2601 ut
1286 2570 1470 2612 predicitur,
1495 2569 1575 2600 duos
1597 2579 1725 2610 grossos
1747 2567 1973 2600 Thuronenses

331 2645 563 2653 ..........
589 2626 621 2654 et
653 2624 822 2665 percipiat,
850 2623 953 2655 donec
981 2623 1101 2654 dictum
1127 2626 1296 2664 argentum
1325 2632 1396 2653 cum
1425 2622 1575 2663 expensis
1602 2624 1635 2652 et
1663 2620 1824 2662 dampnis,
1854 2631 1916 2662 que
1938 2620 1971 2652 in
1988 2631 2016 2650 ω

433 2715 499 2744 21⁰.
527 2718 550 2750 ὃ)
569 2719 662 2743 abhinc
680 2719 735 2744 alia
752 2728 832 2744 manu
851 2728 870 2745 c.
959 2718 984 2752 ¹²)
1002 2719 1128 2745 incertum
1146 2727 1167 2744 c.
1255 2717 1278 2749 c)
1297 2726 1378 2751 cupra
1396 2717 1491 2742 limam
1510 2716 1571 2742 add.
1590 2724 1611 2742 c.

434 2776 499 2803 211.
527 2779 550 2809 ⁸)
569 2779 641 2803 uncis
658 2779 760 2804 inclusa
777 2781 894 2812 suppleta
911 2785 977 2805 aunt.

435 2850 459 2883 1)
482 2849 521 2882 Cf.
540 2858 623 2883 supra
637 2859 701 2885 paq.
715 2855 758 2878 116
775 2855 828 2879 not.
842 2856 863 2879 1.
