2184 3126
306 146 369 176 678
509 141 606 169 ACTA
625 139 739 167 REGNI
758 138 940 166 LUDEWICI
958 137 1007 164 IV.
1026 137 1072 164 ΕΤ
1090 136 1276 164 FRIDERIGI
1295 136 1344 163 III.
1380 135 1456 163 1324.
1493 135 1542 163 Nr.
1555 135 1615 162 858.
1633 135 1692 163 859.
1711 135 1772 164 860.

307 229 381 260 Und
404 229 462 260 dar
483 228 563 260 fiber
578 237 649 258 wan
672 226 731 258 der
752 227 929 266 vorgenant
944 223 1098 256 Choresel
1120 233 1179 254 vor
1201 222 1304 254 disem
1327 221 1459 254 rechten
1483 221 1557 253 dort
1578 220 1671 253 recht
1691 221 1762 253 niht
1783 222 1959 264 gevordert

306 282 376 321 hat,
400 280 515 311 wellen
537 279 595 310 wir
617 278 676 309 daz
699 273 734 308 er
757 276 829 308 dort
851 275 942 307 recht
963 274 1080 306 vorder
1102 273 1169 305 und
1190 283 1280 314 nem,
1308 272 1374 304 und
1398 283 1480 304 swas
1508 282 1544 304 er
1570 272 1626 304 hie
1655 273 1782 315 erlangt
1807 272 1872 305 hab
1898 274 1959 306 mit

308 332 382 363 dem
404 331 546 371 rechten,
570 330 628 361 daz
651 329 709 360 daz
733 328 807 359 dem
823 329 1043 368 vorgenanten
1058 325 1258 357 Haerrieder
1272 323 1481 356 unschedlieh
1504 325 1561 356 sei.
1599 323 1644 356 Es
1659 334 1748 356 waer
1770 324 1877 357 danne
1899 325 1959 357 daz

307 384 352 415 im
375 383 465 414 recht
488 382 560 413 dort
582 381 729 421 verzigen
754 378 843 410 wurd
865 377 931 409 und
953 377 1041 408 nicht
1063 375 1225 417 widerffir,
1249 386 1285 407 so
1308 386 1384 417 mag
1406 386 1442 407 er
1465 375 1517 407 ein
1539 375 1632 408 recht
1653 386 1712 408 vor
1733 385 1862 408 unserm
1884 376 1958 408 hof-

307 434 432 476 gericht
454 433 590 464 vordern
613 430 679 462 und
700 440 827 469 nemen,
851 429 898 460 als
920 429 964 460 im
988 428 1096 460 erteilt
1118 428 1198 460 wirt.
1782 439 1785 442 -
1973 437 2004 457 25

412 494 480 525 Der
503 492 589 524 brief
607 492 648 523 ist
669 490 775 532 geben
798 500 834 521 ze
857 488 1089 528 Frankeufurt,
1113 487 1171 519 des
1193 486 1368 519 naechsten
1390 486 1546 529 Dinstags
1567 497 1627 519 vor
1648 487 1728 519 saud
1750 486 1959 530 Mathiastag,

307 547 338 576 in
362 545 436 576 dem
459 542 625 576 zehenden
644 543 697 583 jar
718 551 829 573 unsers
851 540 965 572 riches.

582 673 668 709 859.
711 672 911 707 Auctoritas
936 681 1040 716 super
1067 670 1275 706 alienatione
1303 670 1468 706 bonorum
1494 669 1681 706 Marehz'ae

803 731 1161 776 Brandenburyensis.
1267 730 1371 766 Febr
1390 731 1453 766 23.

394 806 553 847 Oriyinale
575 806 610 838 in
633 805 792 837 tabulario
814 805 1039 846 Meininqensi.
1093 803 1233 837 Contulit
1263 803 1312 837 W
1329 803 1487 836 Ρὰεεῑθίη.
1538 803 1659 836 Pendet
1680 803 1777 845 siqilli
1799 803 1958 845 fraqmen-
1977 813 2006 837 ιο

306 862 373 891 tum
395 858 459 890 loro
481 858 719 889 membranaceo.

414 918 561 956 Bb'hmer,
583 917 659 957 Rey.
675 917 787 949 Ludw.
807 928 841 957 p.
857 918 899 948 40
921 927 970 949 nr.
989 917 1062 949 690.

413 1004 481 1035 Nos
503 1003 696 1035 Ludowicus
719 1003 781 1034 Dei
804 1003 914 1044 gracia
936 1003 1156 1034 Romanorum
1186 1012 1245 1034 rex
1273 1012 1403 1044 semper
1431 1002 1586 1043 augustus
1615 1001 1818 1043 presentibus
1844 1001 1961 1034 litteris

306 1055 503 1095 confitemur,
535 1055 575 1086 de
598 1057 707 1086 nostro
731 1065 801 1086 esse
825 1054 1029 1096 beneplacito
1054 1057 1086 1086 et
1109 1054 1235 1094 favore,
1266 1053 1353 1095 quod
1376 1052 1562 1095 spectabilis
1584 1053 1632 1085 vir
1654 1053 1829 1085 Bertoldus
1851 1063 1961 1086 comes

307 1107 347 1138 de
375 1106 606 1148 Hennemberg
633 1106 737 1137 fidelis
767 1109 877 1137 noster
907 1105 1044 1137 dilectus
1071 1107 1200 1137 nomine
1235 1105 1391 1137 carissimi
1417 1104 1475 1136 filii
1501 1105 1603 1137 nostri
1633 1104 1766 1136 illustris
1792 1104 1960 1138 Ludowici
1979 1114 2006 1135 ιι

308 1158 499 1189 marchionis
522 1157 853 1198 Brandemburgensis
877 1157 919 1188 ad
943 1158 1012 1189 eius
1034 1158 1244 1189 necessitates
1268 1160 1300 1189 et
1329 1156 1486 1188 utilitates
1509 1166 1567 1188 seu
1596 1155 1759 1198 quaslibet
1781 1154 1960 1188 commodi·
1984 1156 1987 1157 ⁷

307 1213 390 1241 tates
413 1209 453 1240 de
477 1209 568 1240 bonis
592 1209 695 1240 eciam
722 1208 1027 1251 immobilibusipsi
1058 1209 1235 1241 marchioni
1265 1208 1317 1241 vel
1339 1208 1484 1240 Marchie
1511 1207 1761 1250 pertinentibus,
1792 1208 1905 1240 eastris
1928 1211 1962 1241 et

307 1260 541 1292 municionibus
571 1261 731 1301 exceptis,
763 1260 920 1300 vendere,
952 1261 1184 1302 impignorare,
1214 1260 1360 1303 obligare
1391 1263 1425 1292 et
1451 1260 1632 1292 distrahere
1658 1259 1760 1302 possit
1785 1270 1889 1303 usque
1918 1260 1962 1292 ad

307 1322 464 1344 summam
486 1311 574 1343 mille
590 1322 769 1343 marcarum
785 1312 910 1354 argenti
927 1315 960 1344 et
975 1312 1036 1344 hoc
1052 1313 1178 1354 litteris,
1202 1311 1467 1354 promissionibus
1481 1312 1535 1343 vel
1557 1311 1630 1343 aliis
1644 1312 1749 1344 modis
1771 1312 1961 1344 necessariis

307 1366 339 1395 et
361 1363 512 1405 legitimis
535 1363 734 1395 confirmare.
779 1363 899 1395 Ratum
930 1363 1087 1396 habentes
1115 1368 1149 1396 et
1175 1367 1313 1406 gratum,
1345 1363 1432 1406 quod
1461 1364 1546 1396 circa
1568 1363 1630 1395 hoc
1649 1364 1778 1396 nomine
1802 1363 1880 1396 dicti
1902 1364 1960 1396 filii
1978 1371 2007 1392 ¹¹>

306 1415 404 1446 nostri
427 1414 590 1456 predictus
614 1440 620 1446 .
639 1440 646 1446 .
670 1425 779 1446 comes
802 1415 932 1447 duxerit
954 1415 1145 1447 faciendum.
1235 1415 1340 1458 Super
1363 1426 1426 1458 quo
1442 1418 1610 1457 presentes
1632 1414 1790 1447 conscribi
1806 1418 1840 1447 et
1854 1415 1960 1458 sigillo

306 1467 482 1497 maiestatis
504 1469 611 1502 nostre
634 1467 782 1498 iussimus
806 1468 1005 1499 communiri.
1987 1463 1992 1477 ³

413 1525 487 1557 Dat.
515 1527 547 1557 in
570 1526 736 1567 Weflaria,
768 1527 858 1559 VIII.
883 1527 1050 1559 Kalendas
1081 1528 1202 1569 Marcii,
1233 1538 1316 1560 anno
1345 1527 1476 1560 Domini
1505 1526 1622 1560 MCOG
1651 1528 1804 1560 vicesimo
1834 1530 1960 1570 quarto,

307 1578 396 1619 regni
420 1588 496 1609 vero
520 1578 620 1609 nostri
644 1589 725 1610 anno
750 1578 886 1611 decimo.

427 1709 512 1746 860.
553 1710 765 1746 Mandatum
791 1711 838 1746 ad
866 1712 1064 1747 comitatum
1095 1710 1367 1748 Tremoniensem
1393 1714 1562 1756 spectans.
1665 1710 1767 1747 Febr.
1786 1712 1848 1748 27.
1979 1727 2007 1749 ss

417 1787 574 1828 Om'yinale
590 1788 663 1831 (or.)
677 1789 713 1820 in
736 1788 895 1821 tabulario
916 1789 1000 1830 reyio
1016 1789 1303 1830 Dussehiorpiemi.
1354 1789 1554 1823 Contulimus
1574 1799 1641 1822 nos.
1680 1789 1802 1822 Pendet
1823 1778 1984 1831 sabinum-⁷

302 1838 372 1880 fere
393 1839 537 1871 illaesum
560 1839 622 1872 loro
644 1840 885 1873 membranaceo.

413 1899 558 1937 B6hmer,
583 1900 656 1940 Rey.
681 1901 792 1932 Ludw.
811 1911 845 1941 p.
861 1901 926 1932 274
948 1911 998 1933 nr.
1013 1902 1099 1933 2674
1122 1902 1249 1942 (Addit.
1265 1902 1311 1938 I).

413 1990 602 2022 Ludowieus
631 1991 693 2023 Dei
722 1991 831 2033 gracia
858 1991 1079 2024 Romanorum
1109 2003 1168 2024 rex
1197 2003 1327 2035 semper
1355 1996 1509 2036 augustus
1611 1991 1712 2024 nobili
1742 1993 1810 2024 viro
1838 1991 1959 2024 Adolfo

308 2041 414 2073 comiti
438 2041 478 2073 de
500 2042 620 2083 Monte,
644 2043 732 2074 fideli
755 2054 812 2075 suo
837 2043 956 2076 dilecto
1044 2045 1182 2086 gratiam
1206 2054 1297 2076 suam
1321 2047 1355 2076 et
1378 2054 1473 2077 omne
1495 2044 1625 2076 bonum.
1978 2057 2007 2077 so

415 2093 589 2135 Conquesti
612 2098 685 2126 sunt
712 2095 803 2126 nobis
825 2095 939 2127 fideles
962 2096 1062 2127 nostri
1085 2096 1195 2128 dilecti
1219 2121 1226 2128 .
1244 2120 1251 2127 .
1280 2096 1368 2128 cives
1390 2095 1670 2138 Tremonen(ses),
1701 2094 1788 2137 quod
1817 2096 1961 2127 strennui

309 2144 366 2174 viri
390 2143 554 2176 Cunradus
577 2145 679 2177 dictus
702 2145 836 2188 Stekke,
861 2146 1029 2179 Gunradus
1052 2147 1155 2179 dictus
1178 2147 1396 2179 Lindenhorst
1418 2151 1452 2180 et
1466 2147 1706 2179 Wennemarus
1729 2146 1770 2178 de
1787 2146 1962 2179 Tremonia

310 2204 347 2226 ac
370 2205 479 2226 eorum
503 2197 646 2238 quilibet,
670 2208 815 2230 asserens
844 2198 905 2230 sibi
932 2199 981 2231 ius
1006 2200 1039 2231 in
1069 2200 1225 2231 comitatu
1249 2199 1489 2242 Tremonen(si)
1518 2202 1551 2231 et
1573 2199 1670 2231 rebus
1692 2209 1731 2230 ac
1757 2198 1880 2230 iuribus
1902 2209 1962 2240 per

310 2246 469 2286 quondam
494 2247 674 2280 Cunradum
698 2251 848 2282 comitem
872 2250 912 2282 de
936 2250 1135 2283 Tortmfinde
1158 2251 1279 2283 relictis
1301 2251 1344 2283 ad
1367 2251 1507 2284 eundem
1530 2252 1717 2283 comitatum
1741 2250 1962 2292 spectantibus

309 2298 480 2338 pertinere,
504 2310 565 2340 que
589 2303 697 2332 tamen
719 2312 801 2334 nunc
823 2302 915 2334 nobis
938 2306 972 2334 et
991 2313 1082 2335 sacro
1098 2303 1235 2344 imperio
1251 2313 1366 2335 vacare
1383 2303 1602 2344 dinoscuntur,
1624 2302 1707 2345 petit
1725 2301 1785 2333 sibi
1802 2301 1960 2342 exhiberi,
1979 2315 2007 2335 ss

311 2349 390 2380 solvi
414 2353 446 2381 et
467 2350 559 2382 reddi
582 2351 745 2394 obsequia,
770 2364 893 2395 census,
917 2354 1003 2386 bona
1026 2358 1059 2387 et
1081 2355 1152 2386 iura
1175 2355 1375 2397 pertinencia
1397 2354 1440 2387 ad
1463 2355 1653 2386 comitatum
1682 2353 1903 2396 supradictum
1927 2357 1962 2386 et

310 2411 367 2442 pro
382 2401 511 2433 eisdem
535 2402 635 2435 dictos
658 2405 743 2436 cives
765 2405 951 2447 incomodis,
975 2406 1148 2448 laboribus,
1172 2407 1291 2449 rapinis
1315 2410 1349 2439 et
1370 2406 1528 2438 incendiis
1550 2405 1781 2448 multiplicibus
1804 2405 1905 2438 afficit
1927 2408 1962 2438 et

310 2452 468 2485 molestat.
505 2454 659 2490 Quocirca
675 2456 818 2489 volentes
833 2458 911 2499 ipsis
926 2457 1048 2490 civibus
1065 2459 1234 2491 consulere
1250 2462 1284 2491 et
1297 2458 1390 2491 nobis
1411 2468 1449 2490 ac
1468 2458 1531 2500 ipsi
1545 2468 1637 2490 sacro
1653 2458 1800 2499 imperio,
1822 2458 1913 2490 euius
1927 2457 1961 2489 in

312 2502 372 2534 hac
387 2507 477 2545 parte
490 2506 656 2546 negocium
669 2508 782 2549 agitur,
799 2509 980 2551 providere,
997 2510 1281 2552 circumspeccioni
1297 2513 1351 2542 tue
1364 2510 1557 2541 auctoritate
1569 2509 1773 2551 presencium
1786 2509 1960 2541 committi-

312 2564 382 2585 mus
406 2558 438 2586 et
460 2555 680 2588 nichilominus
701 2558 797 2601 iniu[n
800 2558 934 2602 ]gimus³³
950 2561 1182 2593 districtissime
1207 2565 1240 2593 et
1259 2561 1461 2602 mandamus,
1484 2562 1634 2603 quatinus
1651 2561 1737 2592 dicto
1754 2560 1904 2593 Ounrado
1927 2563 1962 2592 et
1978 2574 2008 2594 ω

312 2605 383 2636 aliis
405 2608 581 2647 prenotatis
604 2610 754 2650 evocatis,
777 2611 863 2652 ipsos
886 2622 982 2654 super
1005 2613 1169 2654 premissis
1192 2613 1304 2645 audias
1320 2613 1376 2645 et
1367 2623 1437 2645 iura
1454 2623 1568 2645 eorum
1589 2613 1753 2655 intelligas
1769 2615 1802 2644 et
1816 2612 1961 2654 inquiras

311 2665 350 2688 ac
373 2656 545 2698 diligenter
567 2660 729 2691 examines
752 2664 784 2692 et
805 2666 900 2703 prout
923 2664 1091 2705 inveneris,
1115 2665 1203 2698 salvo
1219 2668 1328 2696 tamen
1350 2665 1420 2697 iure
1443 2667 1552 2696 nostro
1570 2667 1603 2696 et
1617 2664 1745 2706 imperii
1761 2674 1800 2696 ac
1823 2663 1963 2695 civitatis

416 2755 482 2783 860.
509 2756 534 2787 ⁸)
553 2758 692 2791 iniugimus
710 2768 761 2791 or.;
779 2761 813 2793 cf.
831 2770 871 2787 nr.
884 2764 936 2788 856
953 2767 1003 2789 not.
1016 2773 1039 2789 a.
