2190 3172
8 2403 21 2476 .ae-'
8 2316 19 2356 1⁶⁶⁴
6 2041 26 2311 1fflmffiw23;v=3-eff,⁴z
7 1977 17 2027 «ze-
5 1797 18 1972 &flvmen—„tru-

27 2239 30 2241 ,
30 2222 34 2225 ,
24 2199 32 2210 ,-
25 2178 27 2184 -
23 2086 25 2088 -

478 230 576 259 ΔΟΤΑ
596 229 710 258 REGNI
728 228 912 257 LUDEWICI
931 228 977 256 lv.
996 227 1042 255 m·
1062 226 1247 254 FRIDERICI
1267 226 1315 254 111.
1353 226 1427 254 1318.
1465 225 1513 254 Nr.
1525 226 1585 254 487.
1603 226 1663 253 488.
1832 228 1894 258 397

313 381 388 418 487.
423 378 731 417 COMMISSIO
755 378 918 417 REGIS
946 375 1224 415 FRANCIAE
1253 377 1425 415 SUPER
1453 375 1823 422 INQUISITIONE

699 434 940 473 LIMITUM
967 433 1195 471 IMPERII
1224 433 1438 471 TERTIA.

901 502 1009 539 1318.
1050 501 1156 538 Mart.
1182 502 1238 538 19.

355 579 404 617 Cf.
427 589 528 623 supra
550 589 599 611 nr.
615 580 806 611 404—406.

213 654 225 674 ο
356 638 517 679 originale
543 639 737 679 deperditum
749 639 771 670 ¹.
823 637 924 678 Copia
946 637 1001 678 (c.)
1028 637 1064 669 in
1093 636 1276 669 cartulario
1299 635 1509 677 Haynonmi
1531 636 1575 668 II
1597 647 1647 668 nr.
1669 636 1711 667 92
1740 636 1897 669 tabularii

244 690 430 723 Insulensis.
485 689 683 723 contulimus
708 700 774 724 nos.
810 707 851 714 -—
884 688 947 721 Ed.
975 687 1130 720 Deviuers
1161 687 1225 721 loco
1257 698 1358 728 supra
1386 687 1430 719 ad
1457 698 1507 720 nr.
1530 688 1591 719 131
1625 688 1722 720 citato
1751 689 1824 727 111,
1852 689 1897 720 63

243 752 293 774 nr.
311 742 374 773 164
396 753 435 774 ex
458 751 484 774 c.

352 817 547 862 Ph(ilippus)
571 819 634 852 Dei
657 819 762 861 gratia
783 818 919 851 Francie
949 821 982 850 et
1003 817 1148 850 Navarre
1175 828 1232 850 rex
1300 816 1426 849 dilectis
1457 820 1490 849 et
1512 817 1662 849 fidelibus
1686 843 1692 850 .
1711 844 1717 850 .
1743 819 1896 860 episcopo

244 871 470 904 Ambrincensi
503 882 541 903 ac
576 872 730 914 magistro
763 871 887 903 Amisio
921 869 1172 911 arohidfiacono)
1209 869 1458 911 Aurel(ianensi)
1492 869 1631 910 clericis,
1669 869 1820 902 Fremino
1855 869 1896 902 de

203 940 228 959 ιο
246 922 440 966 Coquerello
463 934 500 955 ac
524 922 653 954 domino
678 922 718 954 de
741 921 819 955 Pois
841 921 934 954 militi
957 932 994 954 ac
1016 920 1203 953 consiliariis
1225 921 1342 952 nostris
1407 920 1546 953 salutem
1570 924 1604 953 et
1626 921 1842 953 dilectionem.

353 974 454 1008 Vobis
477 975 706 1006 committimus
729 979 762 1007 et
784 973 988 1016 mandamus,
1012 974 1161 1016 quatinus
1183 983 1240 1005 vos
1262 976 1319 1005 aut
1342 972 1406 1005 duo
1430 976 1585 1014 vestrum,
1616 972 1657 1005 de
1682 983 1817 1015 quorum
1841 984 1898 1004 vos

246 1027 397 1069 episcope
421 1026 552 1070 minimo
576 1026 644 1058 sitis
667 1037 757 1066 unus,
780 1025 822 1058 ad
846 1029 954 1068 partes
977 1025 1018 1058 de
1034 1025 1230 1057 l’Ostrevant
1253 1025 1378 1057 omissis
1401 1024 1549 1057 omnibus
1570 1024 1642 1056 aliis
1663 1025 1806 1067 negociis
1829 1025 1897 1056 sine

246 1077 400 1111 dilatione
424 1078 569 1120 qualibet
592 1089 647 1110 vos
671 1078 882 1120 personaliter
909 1077 1125 1118 conferentes,
1155 1077 1187 1109 in
1214 1077 1385 1108 commisso
1413 1076 1542 1118 al(ias)·
1564 1076 1695 1118 negotio
1724 1076 1766 1108 ab
1789 1076 1897 1108 inclite

245 1129 477 1162 recordationis
503 1130 667 1162 carissimo
697 1129 826 1161 domino
850 1140 1003 1172 germano
1030 1132 1138 1161 nostro
1161 1128 1326 1160 Ludovico
1351 1128 1512 1170 quondam
1539 1127 1698 1160 dictorum
1726 1139 1898 1171 regnorum

203 1197 227 1217 ιι,
245 1191 323 1224 rege
353 1181 471 1214 dilecto
501 1185 534 1214 et
561 1181 648 1213 fideli
677 1185 785 1214 nostro
815 1182 968 1224 episcopo
997 1180 1218 1213 Suessionensi
1246 1190 1284 1212 ac
1307 1179 1443 1212 Iohanni
1467 1179 1508 1212 de
1526 1179 1662 1212 Varenis
1689 1179 1797 1221 militi,
1827 1179 1898 1211 loco

246 1233 336 1266 cuius
359 1243 415 1265 vos
439 1232 602 1265 dominum
634 1233 674 1265 de
697 1233 776 1265 Pois
804 1244 842 1265 ac
865 1233 1050 1276 Philippum
1078 1232 1118 1265 de
1142 1233 1310 1265 Pressiaco
1340 1242 1399 1274 per
1427 1237 1552 1264 nostras
1581 1232 1662 1264 alias
1693 1231 1898 1274 postmodum

246 1285 489 1328 subrogavimus
505 1285 629 1317 litteras
637 1285 660 1326 ²,
677 1296 812 1327 quorum
828 1285 900 1317 loco
916 1285 1058 1317 omnium
1073 1295 1130 1316 vos
1141 1284 1407 1316 Ambrincensem
1424 1285 1621 1326 episcopum,
1637 1284 1898 1316 archidiaconum

207 1338 210 1343 ’
247 1341 281 1369 et
302 1336 487 1369 Freminum
512 1337 673 1379 predictos
702 1348 766 1369 una
793 1347 864 1369 cum
888 1337 1034 1379 predicto
1062 1336 1164 1369 milite
1192 1339 1306 1368 tenore
1335 1336 1546 1379 subrogamus
1569 1337 1781 1378 presentium,
1810 1337 1899 1368 iuxta

246 1391 392 1421 tenorem
409 1392 442 1421 et
457 1388 593 1421 formam
610 1388 787 1421 litterarum
805 1388 1085 1431 commiss(ionis)³
1102 1387 1246 1420 eiusdem
1262 1388 1407 1430 germani
1428 1388 1527 1420 nostri
1543 1388 1697 1420 carissimi
1720 1398 1758 1419 ac
1774 1392 1898 1419 nostra-

203 1455 230 1476 ω
248 1450 318 1472 rum
343 1441 440 1472 etiam
464 1440 681 1483 predictarum
705 1440 877 1482 diligenter
899 1450 938 1472 ac
960 1439 1109 1472 celeriter
1131 1440 1268 1480 vocatis,
1297 1439 1352 1482 qui
1374 1439 1531 1471 evocandi
1554 1439 1686 1479 fuerint,
1716 1439 1900 1482 procedatis

248 1502 286 1525 ac
308 1493 489 1535 inquestam
513 1492 696 1524 inchoatam
719 1503 816 1535 super
838 1492 899 1524 hoc
922 1495 957 1524 ut
973 1491 1089 1524 dicitur
1103 1491 1259 1534 perficere
1284 1494 1317 1523 et
1339 1491 1502 1533 complere
1525 1491 1642 1523 curetis
1665 1490 1698 1523 id
1717 1491 1900 1523 nullatenus

249 1545 396 1576 omissuri
420 1547 453 1576 et
476 1555 548 1576 eam
572 1544 767 1586 completam
791 1543 881 1576 nobis
905 1554 962 1576 seu
977 1544 1128 1586 gentibus
1151 1545 1267 1575 nostris
1282 1543 1447 1576 defferatis
1469 1547 1525 1575 aut
1546 1544 1682 1576 mittatis
1704 1543 1762 1575 sub
1786 1543 1900 1586 sigillis

248 1596 362 1628 vestris
384 1595 524 1628 fideliter
546 1596 760 1628 interclusam.

356 1646 476 1679 Datum
499 1647 688 1689 Par(isiis)b,
713 1647 764 1679 die
788 1647 870 1679 XIX
886 1647 1003 1689 Martii,
1027 1658 1110 1679 anno
1133 1646 1264 1679 Domini
1286 1646 1457 1679 millesimo
1478 1645 1559 1679 CCC
1581 1646 1706 1680 decimo
1730 1652 1855 1680 octavo.

205 1853 230 1873 κ
249 1831 497 1877 488-494.
540 1831 826 1878 SCRIPTA
854 1830 947 1876 AD
975 1830 1208 1877 PACEM
1240 1829 1663 1876 GENERALEM
1690 1831 1900 1877 RHENI

856 1895 1297 1942 SPECTANTIA.

739 1974 847 2010 1318.
878 1973 980 2017 (ante
1008 1973 1098 2018 Apr.
1119 1973 1170 2016 ἓ.)
1186 1973 1332 2009 —Iun.
1358 1972 1413 2008 19.

489 2085 576 2121 488.
619 2086 845 2130 Querimonia
872 2085 1063 2121 civitatibus
1089 2086 1261 2131 porrecta.
1365 2084 1466 2127 (ante
1495 2084 1582 2130 Apr.
1603 2085 1664 2127 2.)

359 2159 604 2192 Transsumtum
628 2159 696 2202 (tr.)
720 2160 811 2198 infra
834 2160 869 2191 in
890 2170 940 2191 nr.
957 2160 1030 2192 489.

207 2261 232 2282 ω
360 2245 432 2278 Den
455 2255 602 2278 ersamen
619 2255 727 2288 wysen
751 2244 847 2278 lflden
872 2245 933 2277 den
957 2245 1153 2287 raydherren
1178 2255 1238 2275 von
1261 2244 1406 2286 Meynze,
1430 2254 1491 2276 von
1508 2243 1689 2284 Wormeze,
1713 2255 1774 2277 von
1797 2244 1901 2288 Spire,

250 2308 313 2330 von
335 2297 555 2340 Oppinheym,
578 2307 641 2329 von
664 2297 906 2337 Frankenford,
929 2307 990 2328 von
1006 2296 1179 2335 Wetflare,
1203 2306 1264 2327 von
1287 2295 1468 2338 Frideberg
1489 2296 1574 2329 unde
1598 2307 1659 2328 von
1682 2295 1900 2339 Geylnhusen,

251 2349 313 2391 dye
342 2349 383 2381 da
417 2350 480 2381 sint
515 2359 554 2380 zu
581 2348 785 2391 Oppinheym
820 2348 927 2380 boden
957 2359 1016 2380 von
1047 2347 1109 2380 den
1137 2347 1351 2390 vorsprochen
1384 2347 1489 2380 stedin
1516 2358 1560 2390 up
1588 2347 1650 2380 den
1678 2347 1829 2380 Sflndach
1863 2359 1901 2380 zu

251 2401 463 2443 halphvasten
529 2400 580 2432 ich
598 2401 704 2432 Johan
727 2411 788 2432 von
812 2400 944 2442 Beyene
968 2409 1028 2441 eyn
1053 2399 1191 2441 burgeto
1215 2409 1276 2430 von
1295 2398 1401 2431 Kolne
1468 2399 1600 2442 begerin
1623 2410 1680 2431 ure
1695 2399 1842 2442 wysheyt
1863 2411 1901 2432 zu

252 2451 408 2493 wynzene,
433 2453 500 2485 also
524 2452 591 2484 also
615 2452 696 2484 mirh
721 2451 761 2484 de
786 2462 884 2494 greve
907 2462 967 2483 van
984 2449 1120 2482 Gfiliche
1143 2451 1208 2481 min
1231 2450 1327 2482 berre
1350 2450 1436 2482 uude
1459 2450 1519 2483 der
1540 2451 1619 2493 rayd
1642 2451 1702 2483 der
1723 2451 1816 2484 stede
1840 2463 1902 2483 von

208 2516 233 2536 aa
252 2503 358 2535 Kolne
374 2514 414 2535 an
431 2504 492 2535 uch
509 2505 567 2535 mit
579 2514 657 2545 yren
673 2503 819 2545 gelouwe
832 2503 951 2545 bryeve
966 2502 1065 2544 haynt
1077 2506 1201 2543 gemant,
1217 2501 1278 2533 uch
1292 2512 1369 2544 yren
1383 2501 1487 2534 willon
1504 2513 1543 2535 zu
1558 2514 1687 2545 sagene.
1765 2504 1901 2545 (1)Also

252 2565 351 2597 sagen
374 2554 425 2586 ich
441 2555 513 2595 uch,
537 2555 604 2587 alse
628 2566 683 2597 sye
699 2555 760 2586 mir
775 2554 903 2586 bevolin
920 2554 1028 2596 haynt,
1051 2553 1090 2585 zfi
1113 2554 1169 2585 irst
1192 2564 1227 2585 so
1243 2553 1365 2595 bydent
1379 2564 1435 2596 syc
1450 2553 1512 2587 fich
1527 2554 1664 2587 vleliche
1681 2554 1765 2587 unde
1780 2556 1903 2587 manint

253 2606 328 2647 uch,
358 2606 425 2638 alse
455 2607 482 2638 ir
505 2606 720 2648 vorsprochen
749 2606 840 2638 stede
863 2606 963 2648 haynt
985 2605 1114 2648 gelovet
1143 2605 1227 2637 unde
1251 2605 1436 2638 verbfinden
1465 2607 1519 2638 siit
1540 2605 1579 2638 ιθ
1601 2617 1653 2639 me
1676 2606 1835 2639 landfride
1864 2618 1902 2639 zu

253 2657 377 2699 dyenne
401 2668 442 2689 na
464 2668 544 2690 uren
567 2668 642 2690 eren
666 2657 731 2690 und
754 2658 822 2690 also
846 2658 873 2689 iz
896 2658 958 2690 uch
982 2657 1043 2689 wol
1065 2658 1214 2699 gezimet,
1237 2656 1286 2688 hir
1308 2667 1416 2690 umine
1439 2658 1562 2690 manint
1583 2669 1639 2701 syo
1662 2657 1739 2699 fich,
1762 2657 1901 2702 wa[n]de

360 2741 426 2770 48³.
456 2745 480 2775 ¹)
497 2742 525 2770 al
543 2752 601 2770 cum
618 2725 715 2770 recum
733 2745 847 2770 duarum
865 2745 1007 2770 litterarum
1027 2744 1137 2776 spatium
1154 2743 1313 2777 adaequans·
1330 2753 1351 2770 c.
1438 2743 1464 2777 h)
1482 2754 1563 2779 cupro
1582 2746 1677 2772 &man
1695 2746 1758 2772 adai.
1777 2755 1798 2772 c.

210 2811 238 2830 ιο
360 2807 384 2839 1)
417 2806 484 2833 Olim
512 2807 542 2833 iu
568 2806 703 2834 tabulario
727 2807 862 2834 Montensi
888 2807 917 2834 D
934 2812 982 2836 4⁴.-
1008 2807 1043 2839 cs.
1063 2807 1160 2834 Saint-
1175 2807 1272 2834 Genois
1298 2808 1356 2835 loco
1381 2816 1464 2843 supra
1489 2809 1527 2836 ad
1554 2817 1596 2837 nr.
1611 2813 1660 2837 105
1687 2810 1769 2837 citato
1796 2810 1824 2842 Ι,
1847 2813 1902 2836 2⁴5.

253 2849 281 2882 2)
300 2848 426 2876 Servata
444 2857 500 2876 mm
518 2852 591 2876 eunt.
679 2850 706 2884 8)
724 2849 815 2884 Supra
834 2859 879 2879 nr.
890 2853 946 2878 323.
