2190 3172
470 160 566 189 ACTA
584 159 699 188 REGNI
718 159 902 188 LUDEWICI
921 158 968 187 1v.
986 158 1033 186 ΕΤ
1051 157 1236 187 FRIDERICI
1255 158 1304 186 111.
1342 158 1416 186 1318.
1453 158 1502 187 Nr.
1514 158 1573 187 503.
1592 159 1651 187 504.
1823 162 1885 192 407

236 247 407 289 borcman,
442 247 620 288 dinstman,
654 246 811 290 borgere,
848 245 923 279 lude
957 245 1037 279 oder
1084 245 1176 288 aybir
1191 245 1250 278 daz
1266 244 1363 278 finser
1378 246 1465 279 zveir
1482 256 1566 286 man,
1585 245 1748 286 bureman,
1765 246 1885 278 dienst-

236 299 438 332 undertanen
454 299 521 332 mid
537 299 589 331 ein
605 298 707 331 ander
721 299 809 341 crige
824 297 907 330 have
921 297 1035 339 wolde,
1084 307 1174 337 man,
1208 297 1363 340 burgere,
1397 297 1473 330 lude
1505 297 1596 330 oider
1622 297 1802 330 undertane
1828 298 1887 330 mit

236 361 272 382 80
307 352 374 383 81118
409 351 468 383 der
501 350 599 383 dritte
637 349 740 382 under
777 360 836 382 11118
873 349 942 382 drin
978 349 1036 383 des
1085 349 1138 381 ein
1160 349 1262 382 ander
1283 350 1367 381 criec
1389 349 1516 391 hayven
1532 348 1673 389 woildin‚
1696 360 1733 381 zo
1757 349 1804 381 sal
1829 349 1887 381 der

236 402 341 434 selves
374 402 478 444 eriges
512 402 622 434 macht
653 402 758 434 haven
791 412 827 434 so
861 401 1035 434 berichene
1085 400 1202 433 driette
1229 401 1332 434 under
1359 411 1418 433 uns
1447 400 1539 433 drien
1568 400 1625 433 des
1651 400 1762 432 selven
1789 401 1884 443 erigis

205 465 218 486 ο
235 453 301 486 und
324 454 399 486 hein
422 464 459 486 zo
475 453 602 496 legene,
625 453 694 486 also
713 452 772 486 der
787 463 845 485 vor
859 463 1036 496 gescreven
1083 452 1205 485 maicht
1240 452 1345 485 haven
1382 463 1420 484 zo
1456 451 1662 485 beriechtene
1703 452 1769 484 und
1808 452 1883 484 hien

235 505 321 537 steit.
415 507 460 545 (4)
485 505 516 536 It
538 504 628 537 solen
651 505 712 537 och
735 505 820 538 allen
844 504 878 537 di
900 504 1035 547 gelobo·
1084 515 1122 537 zo
1155 504 1300 547 leigene,
1333 504 1401 536 also
1435 504 1483 536 als
1517 504 1559 536 da
1586 514 1644 536 vor
1671 504 1884 546 geschrieben

237 556 300 588 den
322 556 387 588 und
411 556 507 597 brier,
538 556 570 588 di
593 556 651 588 wir
674 566 731 588 vor
759 566 837 589 over
863 555 926 588 den
953 556 1035 588 lant·
1085 556 1169 588 stait.
1262 555 1308 598 (4)
1338 555 1411 588 Und
1445 557 1471 588 it
1499 556 1580 588 solin
1614 556 1698 588 auch
1734 555 1799 588 alle
1827 566 1886 598 ge-

236 607 341 640 friden
361 607 466 650 gedan
490 607 555 639 und
572 618 718 650 gegeven
734 607 849 649 hoven,
872 607 956 640 steid
973 607 1036 640 ond
1085 607 1215 640 loibede
1238 607 1303 640 und
1327 607 1449 649 brieve,
1473 607 1525 640 die
1550 608 1607 639 wir
1629 608 1698 639 voir
1720 606 1801 640 fiber
1823 607 1887 640 den

236 662 328 702 veyst
350 659 473 700 bliven,
497 659 565 691 also
589 659 615 692 si
638 659 795 692 biscriven
820 659 884 692 und
907 659 1037 702 bisigelt
1085 659 1295 693 landvrieden
1317 659 1436 702 gedain
1458 658 1550 692 oider
1570 659 1742 702 geigeiven
1758 659 1885 700 haiven,

195 723 221 744 10
238 712 317 744 sin1.
405 710 480 743 Und
509 710 573 742 han
602 711 691 743 seine
714 710 860 743 orkfinde
891 711 950 743 der
980 721 1037 743 vor
1085 711 1189 744 steide
1209 711 1294 743 unde
1317 714 1407 744 veste
1431 710 1555 752 bliven,
1579 711 1627 743 als
1649 722 1684 743 so
1708 711 1756 744 als
1779 712 1806 744 si
1828 711 1886 744 be-

236 763 404 807 gescriven
427 762 499 794 dinc
515 773 593 794 unse
609 763 766 805 ingesigel
789 773 830 795 an
846 762 936 795 disen
953 762 1040 795 brief
1085 763 1232 795 schriven
1254 762 1319 795 und
1335 763 1496 805 besiegelt
1511 764 1585 795 siint
1597 763 1617 795 ¹.
1699 763 1793 796 Unde
1810 763 1886 795 hain

237 814 419 858 gehangen.
1084 825 1122 847 zo
1152 815 1236 847 eime
1259 813 1407 847 firkfinde
1438 814 1496 847 der
1518 815 1786 858 vorgeschrieven
1814 814 1887 847 dinc

301 866 371 899 Daz
387 866 525 909 gescach
541 877 578 898 zo
595 866 791 906 Kovelenze,
815 866 857 898 do
878 876 952 898 men
972 865 1036 898 zalt
1084 876 1163 899 unse
1186 866 1365 909 ingesiegel
1392 867 1445 898 ain
1473 866 1586 899 doisen
1609 866 1696 899 brief
1713 866 1886 910 gehangin.

237 928 298 950 von
315 917 424 950 Godes
448 917 564 959 gebort
587 916 857 960 druttynhfindert
875 918 928 959 jar
951 917 1035 950 ende
1149 917 1217 949 Daz
1247 917 1408 960 geschach
1436 929 1473 950 zo
1504 918 1699 958 Covelenze,
1736 918 1778 950 do
1812 929 1887 951 11188

194 982 219 1002 u
237 969 348 1012 agthin
368 970 430 1011 J'ar,
454 980 494 1001 an
517 973 626 1001 suntes
648 969 895 1002 Bartholomeus
918 973 1036 1012 oveynt
1083 969 1166 1002 zalte
1194 979 1257 1001 von
1285 968 1386 1001 Goids
1415 969 1573 1012 gebfirten
1603 969 1887 1002 druzheinhundirt

237 1021 295 1054 des
317 1020 495 1064 apostolen.
1080 1021 1134 1062 jar
1155 1020 1221 1053 und
1238 1021 1394 1053 eiichzein
1405 1022 1468 1063 jar,
1491 1022 1544 1054 ain
1564 1026 1655 1054 sente
1671 1021 1887 1054 Bartolomeis

1083 1072 1229 1115 ayvende
1253 1072 1311 1105 des
1333 1073 1514 1115 apostolen.

453 1266 528 1302 504.
564 1262 833 1303 LUDEWICI
864 1264 1106 1303 DONATIO
1131 1265 1280 1303 IURIS
1308 1264 1672 1303 PATRONATUS.

900 1332 1008 1369 1318.
1049 1332 1149 1378 Sept.
1171 1332 1231 1370 27.

194 1443 220 1465 so
349 1429 528 1472 Oriyinalia
550 1430 613 1462 duo
639 1433 652 1462 1
678 1433 708 1462 et
730 1432 749 1463 2
777 1430 813 1463 in
841 1428 999 1462 tabulario
1026 1428 1398 1470 Moenosrancofurtano.
1449 1428 1621 1470 Utriusque
1647 1428 1786 1471 sigillum
1809 1428 1889 1470 plus

234 1482 378 1515 minusve
400 1481 520 1514 laesum
539 1481 653 1522 pendet
673 1481 740 1522 filis
760 1482 879 1515 sericis.
918 1481 1160 1523 Autoyraphum
1176 1483 1195 1513 2
1218 1481 1255 1513 in
1270 1480 1462 1514 cancellaria
1484 1481 1572 1522 reqia
1591 1481 1746 1522 scriptum
1768 1484 1823 1514 est.
1846 1501 1889 1505 —-

235 1534 298 1567 Ed.
320 1533 448 1566 Reimer
470 1533 661 1566 ‘Hessisches
690 1533 957 1566 Urkundenbuch'
980 1533 1037 1572 ΙΙ,
1057 1532 1079 1563 2
1099 1543 1136 1574 p.
1158 1534 1221 1565 188
1249 1543 1299 1566 nr.
1322 1532 1385 1564 196
1413 1543 1453 1565 ea:
1484 1535 1496 1565 1
1523 1534 1552 1565 et
1575 1533 1614 1571 2,·
1647 1532 1804 1565 Bo'hmer-
1814 1532 1888 1565 Lau

236 1586 353 1620 ‘Codex
375 1585 511 1626 diplom?
533 1585 582 1624 II,
607 1586 670 1616 102
691 1596 741 1618 nr.
759 1587 822 1617 115
843 1596 882 1618 ex
907 1588 921 1618 1
947 1587 976 1618 et
999 1587 1029 1617 2.
1074 1584 1256 1618 Editionem
1278 1584 1361 1617 hanc
1383 1585 1566 1625 repetimus.

343 1645 490 1684 Bahmer,
514 1645 589 1687 Rey.
607 1646 719 1681 Ludw.
738 1657 773 1687 p.
791 1646 832 1678 19
853 1656 904 1679 nr.
920 1646 994 1679 324.

193 1742 219 1763 ss
344 1731 538 1765 Ludowicus
564 1732 626 1764 Dei
656 1732 766 1774 gracia
794 1731 1015 1764 Romanorum
1045 1741 1103 1763 rex
1134 1740 1263 1773 semper
1291 1735 1446 1780 augustus
1538 1731 1694 1764 universis
1722 1736 1890 1774 presentes

235 1785 361 1820 litteras
383 1784 497 1817 visuris
520 1784 572 1816 vel
594 1783 751 1816 audituris
774 1783 977 1826 presentibus
1001 1785 1034 1815 81
1058 1782 1173 1815 futuris
1260 1782 1403 1824 graciam
1427 1793 1518 1815 suam
1542 1786 1574 1815 et
1597 1793 1692 1815 omne
1716 1782 1844 1816 bonum.

343 1836 448 1878 Regio
471 1835 673 1868 liberalitatis
695 1835 926 1875 munificentia,
957 1835 1009 1867 cui
1031 1834 1215 1876 largicionis
1237 1834 1428 1866 inmensitas
1451 1837 1501 1866 est
1522 1844 1688 1875 mensura,
1714 1838 1789 1867 tunc
1812 1845 1889 1868 vere

235 1889 394 1931 largitatis
417 1898 498 1930 opus
521 1887 677 1928 ostendit,
712 1897 784 1920 cum
814 1887 856 1919 ad
883 1887 1040 1919 honorem
1065 1889 1098 1919 et
1121 1885 1241 1918 cultum
1273 1886 1343 1918 eius
1374 1885 1451 1928 quid
1480 1886 1631 1928 largitur,
1665 1887 1720 1929 qui
1743 1886 1834 1919 dives
1856 1887 1888 1919 in

236 1950 348 1973 omnes
361 1939 540 1972 bonorum=
562 1940 704 1972 omnium
721 1938 1035 1971 habundantissimus
1058 1941 1107 1970 est
1127 1937 1270 1980 largitor.
1311 1937 1493 1980 Eaproptcr
1508 1938 1668 1980 exemplis
1683 1938 1756 1971 dive
1780 1949 1887 1971 recor-

194 2001 220 2022 so
238 1992 380 2025 dacionis
402 1991 634 2033 imperatorum
658 1994 691 2023 et
713 2001 826 2034 regum
842 1990 1061 2023 Romanorum
1084 1989 1349 2032 predecessorum
1371 1993 1552 2022 nostrorum
1576 1989 1684 2022 edocti
1707 1994 1741 2022 et
1762 1990 1888 2033 legibus

236 2044 401 2086 piissimis,
437 2053 500 2085 que
528 2042 672 2075 ecclesiis
694 2042 758 2074 Dei
788 2041 959 2074 fundandis
987 2045 1020 2074 et
1049 2041 1195 2074 fovendis
1224 2041 1368 2074 favorem
1392 2041 1574 2074 concedunt
1602 2043 1807 2085 precipuum,
1841 2043 1889 2075 in-

235 2094 367 2127 formati
397 2094 533 2127 ecclesie
561 2104 643 2126 nove
671 2093 730 2126 sub
760 2094 936 2136 patrocinio
971 2097 1081 2126 sancte
1104 2093 1206 2126 Marie
1242 2096 1275 2125 81
1305 2092 1395 2125 118811
1418 2092 1528 2125 Georii
1556 2095 1705 2136 martyris
1731 2094 1764 2126 in
1791 2094 1888 2136 opido

236 2149 346 2179 nostro
375 2146 478 2189 regali
507 2144 744 2178 Frankenffirt»
771 2145 949 2188 Moguntin.
975 2145 1104 2188 dyoces.
1129 2148 1238 2177 erecte
1272 2145 1398 2177 noviter
1432 2149 1466 2177 et
1499 2149 1680 2178 constructe
1715 2145 1757 2178 ad
1790 2146 1889 2189 ipsius

237 2197 377 2240 gloriose
400 2197 544 2240 Virginis
567 2201 600 2230 et
622 2197 698 2229 dicti
722 2198 871 2239 martyris
894 2197 1030 2239 gloriam
1059 2200 1092 2230 et
1117 2196 1273 2229 honorem
1297 2200 1469 2240 nostreque
1493 2200 1528 2229 et
1549 2198 1692 2239 ipsorum
1715 2197 1888 2240 predeces-

195 2260 220 2281 11
238 2259 346 2282 8011118
368 2253 549 2282 8081101818
573 2249 685 2281 salutis
700 2250 851 2282 meritum
867 2249 1141 2292 augmentandum
1151 2254 1174 2289 ⁰,
1197 2249 1246 2280 ius
1269 2252 1458 2291 patronatus
1474 2249 1610 2282 ecclesie
1626 2249 1834 2292 parrochialis
1857 2251 1889 2282 in

237 2299 425 2334 Prfimheim
449 2300 533 2333 dicte
556 2300 734 2343 Moguntin.
753 2300 882 2344 dyoces.
906 2305 939 2333 et
962 2311 1160 2333 annexarum
1183 2299 1244 2332 sibi
1266 2300 1419 2342 filiarum,
1443 2300 1530 2343 quod
1554 2311 1596 2333 ex
1619 2300 1773 2343 autiquo‘³
1796 2301 1890 2334 nobis

238 2356 271 2385 et
293 2363 384 2385 sacro
406 2353 543 2395 imperio
566 2352 766 2395 pertinebat,
796 2352 1017 2393 donavimus·,
1046 2351 1236 2384 tradidimus
1265 2355 1299 2385 et
1328 2351 1530 2395 presentibus
1553 2351 1710 2384 tradimus
1732 2357 1766 2385 81
1788 2353 1888 2385 dona-

237 2415 309 2437 mus
332 2407 365 2437 et
387 2405 419 2436 in
442 2404 545 2446 ipsam
569 2404 739 2437 ecclesiam
763 2407 945 2437 sanctorum
968 2404 1070 2436 Mario
1094 2407 1127 2436 et
1142 2403 1253 2436 Georii
1276 2404 1424 2446 martyris
1447 2404 1667 2437 transferimus
1690 2404 1786 2447 pleno
1810 2405 1888 2437 iure.

238 2455 395 2489 Volentes
423 2458 578 2498 quantum
611 2456 643 2487 in
672 2455 764 2487 nobis
798 2459 848 2488 est
876 2455 1055 2498 predictam
1085 2454 1321 2498 parrochialem
1350 2455 1521 2488 ecclesiam
1550 2457 1582 2487 in
1605 2454 1793 2489 Prfimheim
1816 2467 1888 2489 cum

194 2520 222 2540 40
239 2508 373 2540 annexis
395 2507 542 2539 1111811118ο
565 2510 599 2539 81
620 2507 768 2539 0188111118
783 2507 971 2548 redditibus,
995 2507 1115 2539 iuribus
1138 2511 1172 2539 et
1194 2507 1400 2549 pertinenciis
1423 2508 1488 2540 suis
1510 2507 1656 2550 predicte
1680 2508 1817 2541 ecclesie
1841 2510 1887 2540 in-

342 2592 410 2620 504.
437 2593 462 2626 1ἱ)
479 2593 547 2620 decet
563 2592 589 2620 2.
686 2592 712 2625 b)
730 2590 920 2620 Franckenffirt
937 2592 962 2620 2.
1058 2595 1083 2625 ο)
1106 2601 1227 2619 necnon
1248 2593 1376 2620 devotis
1397 2602 1432 2620 sc
1455 2595 1554 2620 iustis
1575 2595 1889 2628 supplicscionibus

240 2637 439 2664 venerabilis
457 2637 546 2663 Petri
563 2637 802 2671 archiepiscopi
819 2637 1003 2670 Mognntini
1021 2637 1180 2671 principis
1204 2641 1234 2663 et
1255 2638 1426 2663 secretarii
1449 2639 1550 2664 nostri
1574 2638 1736 2664 carissimi
1761 2647 1889 2672 genero-

239 2680 310 2706 sius
328 2684 359 2707 01
374 2679 613 2706 favorabiliter
630 2680 792 2706 inclinati
810 2680 872 2706 add.
891 2679 916 2706 2.
1025 2678 1051 2712 (¹)
1070 2688 1102 2706 ex
1120 2681 1226 2713 antiquo
1240 2685 1298 2713 post
1317 2681 1422 2714 imperio
1440 2679 1465 2707 2.
1571 2684 1596 2710 ⁰)
1615 2681 1726 2713 filiabus,
1746 2682 1845 2707 iuribus
1863 2688 1889 2707 et

240 2723 405 2756 pertinenciis
423 2723 477 2748 suis
495 2722 520 2749 2.

195 2789 222 2810 ss
344 2782 370 2815 1)
388 2781 479 2815 Supra
496 2788 539 2808 nr.
553 2784 608 2808 421.
