<?xml version="1.0" encoding="UTF-8"?>
<!DOCTYPE html PUBLIC "-//W3C//DTD XHTML 1.0 Transitional//EN"
    "http://www.w3.org/TR/xhtml1/DTD/xhtml1-transitional.dtd">
<html xmlns="http://www.w3.org/1999/xhtml" xml:lang="en" lang="en">
 <head>
  <title>
</title>
<meta http-equiv="Content-Type" content="text/html;charset=utf-8" />
  <meta name='ocr-system' content='tesseract 3.04.00' />
  <meta name='ocr-capabilities' content='ocr_page ocr_carea ocr_par ocr_line ocrx_word'/>
</head>
<body>
  <div class='ocr_page' id='page_1' title='image "./monumentagerma05geseuoft_0421.png"; bbox 0 0 2190 3172; ppageno 0'>
   <div class='ocr_carea' id='block_1_1' title="bbox 463 200 1885 241">
    <p class='ocr_par' dir='ltr' id='par_1_1' title="bbox 463 200 1885 241">
     <span class='ocr_line' id='line_1_1' title="bbox 463 200 1885 241; baseline 0 -10"><span class='ocrx_word' id='word_1_1' title='bbox 463 202 560 232; x_wconf 78' lang='lat' dir='ltr'>ACTA</span> <span class='ocrx_word' id='word_1_2' title='bbox 578 202 692 241; x_wconf 72' lang='lat' dir='ltr'>REGNI</span> <span class='ocrx_word' id='word_1_3' title='bbox 711 201 897 231; x_wconf 85' lang='lat' dir='ltr'><strong>LUDEWICI</strong></span> <span class='ocrx_word' id='word_1_4' title='bbox 916 201 962 230; x_wconf 79' lang='lat' dir='ltr'><strong>lv.</strong></span> <span class='ocrx_word' id='word_1_5' title='bbox 982 201 1028 229; x_wconf 85' lang='grc' dir='ltr'><strong>ΕΤ</strong></span> <span class='ocrx_word' id='word_1_6' title='bbox 1049 200 1235 230; x_wconf 79' lang='lat' dir='ltr'><strong>FRIDERICI</strong></span> <span class='ocrx_word' id='word_1_7' title='bbox 1254 201 1302 229; x_wconf 91' lang='lat'>111.</span> <span class='ocrx_word' id='word_1_8' title='bbox 1340 201 1415 230; x_wconf 81' lang='lat'>1817.</span> <span class='ocrx_word' id='word_1_9' title='bbox 1452 201 1501 230; x_wconf 69' lang='grc' dir='ltr'><strong>Νι.</strong></span> <span class='ocrx_word' id='word_1_10' title='bbox 1514 202 1574 231; x_wconf 77' lang='grc'><strong>485.</strong></span> <span class='ocrx_word' id='word_1_11' title='bbox 1592 202 1654 231; x_wconf 74' lang='lat'><strong>466.</strong></span> <span class='ocrx_word' id='word_1_12' title='bbox 1826 206 1885 238; x_wconf 69' lang='lat'><strong>381</strong></span> 
     </span>
    </p>
   </div>
   <div class='ocr_carea' id='block_1_2' title="bbox 183 287 1889 1404">
    <p class='ocr_par' dir='ltr' id='par_1_2' title="bbox 229 287 1888 426">
     <span class='ocr_line' id='line_1_2' title="bbox 337 287 1888 332; baseline 0 -10"><span class='ocrx_word' id='word_1_13' title='bbox 337 289 520 322; x_wconf 85' lang='lat' dir='ltr'><strong>Fridericus</strong></span> <span class='ocrx_word' id='word_1_14' title='bbox 535 288 599 321; x_wconf 90' lang='lat' dir='ltr'><strong>Dei</strong></span> <span class='ocrx_word' id='word_1_15' title='bbox 622 289 732 332; x_wconf 87' lang='lat' dir='ltr'><strong>gracia</strong></span> <span class='ocrx_word' id='word_1_16' title='bbox 748 287 968 320; x_wconf 87' lang='lat' dir='ltr'><strong>Romanorum</strong></span> <span class='ocrx_word' id='word_1_17' title='bbox 991 297 1050 320; x_wconf 83' lang='lat' dir='ltr'><strong>rex</strong></span> <span class='ocrx_word' id='word_1_18' title='bbox 1073 298 1202 330; x_wconf 78' lang='lat' dir='ltr'><strong>semper</strong></span> <span class='ocrx_word' id='word_1_19' title='bbox 1217 292 1371 330; x_wconf 81' lang='lat' dir='ltr'><strong>augustus</strong></span> <span class='ocrx_word' id='word_1_20' title='bbox 1437 289 1596 320; x_wconf 78' lang='lat' dir='ltr'><strong>strennuis</strong></span> <span class='ocrx_word' id='word_1_21' title='bbox 1620 292 1653 320; x_wconf 88' lang='lat' dir='ltr'><strong>et</strong></span> <span class='ocrx_word' id='word_1_22' title='bbox 1677 288 1888 330; x_wconf 79' lang='lat' dir='ltr'><strong>prudentibus</strong></span> 
     </span>
     <span class='ocr_line' id='line_1_3' title="bbox 229 338 1887 384; baseline -0.001 -10"><span class='ocrx_word' id='word_1_23' title='bbox 229 342 304 374; x_wconf 90' lang='lat' dir='ltr'><strong>viris</strong></span> <span class='ocrx_word' id='word_1_24' title='bbox 319 341 486 384; x_wconf 87' lang='lat' dir='ltr'><strong>magistro,</strong></span> <span class='ocrx_word' id='word_1_25' title='bbox 509 338 713 384; x_wconf 88' lang='lat' dir='ltr'><strong>consu[libus]</strong></span> <span class='ocrx_word' id='word_1_26' title='bbox 737 343 771 372; x_wconf 90' lang='lat' dir='ltr'><strong>et</strong></span> <span class='ocrx_word' id='word_1_27' title='bbox 786 339 986 373; x_wconf 78' lang='lat' dir='ltr'><strong>universitati</strong></span> <span class='ocrx_word' id='word_1_28' title='bbox 1009 339 1125 372; x_wconf 83' lang='lat' dir='ltr'><strong>civium</strong></span> <span class='ocrx_word' id='word_1_29' title='bbox 1148 338 1343 381; x_wconf 90' lang='lat' dir='ltr'><strong>inWienna,</strong></span> <span class='ocrx_word' id='word_1_30' title='bbox 1367 339 1517 372; x_wconf 80' lang='lat' dir='ltr'><strong>fidelibus</strong></span> <span class='ocrx_word' id='word_1_31' title='bbox 1540 341 1605 372; x_wconf 89' lang='lat' dir='ltr'><strong>suis</strong></span> <span class='ocrx_word' id='word_1_32' title='bbox 1621 340 1747 373; x_wconf 89' lang='lat' dir='ltr'><strong>dilectis</strong></span> <span class='ocrx_word' id='word_1_33' title='bbox 1813 351 1887 382; x_wconf 86' lang='lat' dir='ltr'><strong>gra·</strong></span> 
     </span>
     <span class='ocr_line' id='line_1_4' title="bbox 229 391 757 426; baseline -0.006 0"><span class='ocrx_word' id='word_1_34' title='bbox 229 394 312 426; x_wconf 89' lang='lat' dir='ltr'><strong>ciam</strong></span> <span class='ocrx_word' id='word_1_35' title='bbox 335 403 426 425; x_wconf 89' lang='lat' dir='ltr'><strong>suam</strong></span> <span class='ocrx_word' id='word_1_36' title='bbox 453 396 487 425; x_wconf 91' lang='lat' dir='ltr'><strong>et</strong></span> <span class='ocrx_word' id='word_1_37' title='bbox 509 402 604 425; x_wconf 87' lang='lat' dir='ltr'><strong>omne</strong></span> <span class='ocrx_word' id='word_1_38' title='bbox 628 391 757 424; x_wconf 87' lang='lat' dir='ltr'><strong>bonum.</strong></span> 
     </span>
    </p>

    <p class='ocr_par' dir='ltr' id='par_1_3' title="bbox 337 441 1887 486">
     <span class='ocr_line' id='line_1_5' title="bbox 337 441 1887 486; baseline -0.001 -9"><span class='ocrx_word' id='word_1_39' title='bbox 337 443 517 477; x_wconf 90' lang='lat' dir='ltr'><strong>Iocundum</strong></span> <span class='ocrx_word' id='word_1_40' title='bbox 540 443 632 476; x_wconf 84' lang='lat' dir='ltr'><strong>vobis</strong></span> <span class='ocrx_word' id='word_1_41' title='bbox 662 453 734 475; x_wconf 88' lang='lat' dir='ltr'><strong>esse</strong></span> <span class='ocrx_word' id='word_1_42' title='bbox 764 453 827 475; x_wconf 88' lang='lat' dir='ltr'><strong>non</strong></span> <span class='ocrx_word' id='word_1_43' title='bbox 855 441 1064 484; x_wconf 78' lang='lat' dir='ltr'><strong>ambigimus,</strong></span> <span class='ocrx_word' id='word_1_44' title='bbox 1095 442 1122 474; x_wconf 86' lang='lat' dir='ltr'><strong>si</strong></span> <span class='ocrx_word' id='word_1_45' title='bbox 1151 445 1285 475; x_wconf 81' lang='lat' dir='ltr'><strong>eventus</strong></span> <span class='ocrx_word' id='word_1_46' title='bbox 1314 445 1439 475; x_wconf 87' lang='lat' dir='ltr'><strong>nostros</strong></span> <span class='ocrx_word' id='word_1_47' title='bbox 1463 441 1527 474; x_wconf 91' lang='lat' dir='ltr'><strong>Dei</strong></span> <span class='ocrx_word' id='word_1_48' title='bbox 1550 453 1684 475; x_wconf 88' lang='lat' dir='ltr'><strong>munere</strong></span> <span class='ocrx_word' id='word_1_49' title='bbox 1714 454 1887 486; x_wconf 88' lang='lat' dir='ltr'><strong>prosperos</strong></span> 
     </span>
    </p>

    <p class='ocr_par' dir='ltr' id='par_1_4' title="bbox 198 492 1889 742">
     <span class='ocr_line' id='line_1_6' title="bbox 198 492 1888 539; baseline 0 -12"><span class='ocrx_word' id='word_1_50' title='bbox 198 507 211 527; x_wconf 82' lang='lat' dir='ltr'><strong>s</strong></span> <span class='ocrx_word' id='word_1_51' title='bbox 230 496 443 539; x_wconf 85' lang='lat' dir='ltr'><strong>frequentatis</strong></span> <span class='ocrx_word' id='word_1_52' title='bbox 466 495 557 528; x_wconf 81' lang='lat' dir='ltr'><strong>vobis</strong></span> <span class='ocrx_word' id='word_1_53' title='bbox 580 495 696 527; x_wconf 86' lang='lat' dir='ltr'><strong>litteris</strong></span> <span class='ocrx_word' id='word_1_54' title='bbox 718 494 917 527; x_wconf 79' lang='lat' dir='ltr'><strong>nunciamus.</strong></span> <span class='ocrx_word' id='word_1_55' title='bbox 961 492 1128 526; x_wconf 79' lang='lat' dir='ltr'><strong>Fidelitati</strong></span> <span class='ocrx_word' id='word_1_56' title='bbox 1151 494 1248 536; x_wconf 88' lang='lat' dir='ltr'><strong>igitur</strong></span> <span class='ocrx_word' id='word_1_57' title='bbox 1271 497 1377 526; x_wconf 82' lang='lat' dir='ltr'><strong>vestre</strong></span> <span class='ocrx_word' id='word_1_58' title='bbox 1400 495 1517 526; x_wconf 84' lang='lat' dir='ltr'><strong>iterum</strong></span> <span class='ocrx_word' id='word_1_59' title='bbox 1541 494 1770 537; x_wconf 85' lang='lat' dir='ltr'><strong>significamus,</strong></span> <span class='ocrx_word' id='word_1_60' title='bbox 1802 495 1888 538; x_wconf 91' lang='lat' dir='ltr'><strong>quod</strong></span> 
     </span>
     <span class='ocr_line' id='line_1_7' title="bbox 228 544 1888 591; baseline -0.001 -11"><span class='ocrx_word' id='word_1_61' title='bbox 228 558 287 581; x_wconf 90' lang='lat' dir='ltr'><strong>nos</strong></span> <span class='ocrx_word' id='word_1_62' title='bbox 315 547 390 580; x_wconf 80' lang='lat' dir='ltr'><strong>forti</strong></span> <span class='ocrx_word' id='word_1_63' title='bbox 419 557 517 579; x_wconf 89' lang='lat' dir='ltr'><strong>manu</strong></span> <span class='ocrx_word' id='word_1_64' title='bbox 544 546 723 589; x_wconf 82' lang='lat' dir='ltr'><strong>grandique</strong></span> <span class='ocrx_word' id='word_1_65' title='bbox 752 548 950 578; x_wconf 86' lang='lat' dir='ltr'><strong>armatorum</strong></span> <span class='ocrx_word' id='word_1_66' title='bbox 978 544 1183 577; x_wconf 88' lang='lat' dir='ltr'><strong>multitudine</strong></span> <span class='ocrx_word' id='word_1_67' title='bbox 1213 544 1254 577; x_wconf 90' lang='lat' dir='ltr'><strong>ob</strong></span> <span class='ocrx_word' id='word_1_68' title='bbox 1284 555 1430 578; x_wconf 91' lang='lat' dir='ltr'><strong>amorem</strong></span> <span class='ocrx_word' id='word_1_69' title='bbox 1461 546 1592 578; x_wconf 82' lang='lat' dir='ltr'><strong>illustris</strong></span> <span class='ocrx_word' id='word_1_70' title='bbox 1620 547 1773 591; x_wconf 88' lang='lat' dir='ltr'><strong>principis</strong></span> <span class='ocrx_word' id='word_1_71' title='bbox 1803 548 1888 590; x_wconf 80' lang='lat' dir='ltr'><strong>regis</strong></span> 
     </span>
     <span class='ocr_line' id='line_1_8' title="bbox 227 596 1888 641; baseline -0.001 -9"><span class='ocrx_word' id='word_1_72' title='bbox 227 599 371 641; x_wconf 84' lang='lat' dir='ltr'><strong>Ungarie</strong></span> <span class='ocrx_word' id='word_1_73' title='bbox 395 598 502 630; x_wconf 82' lang='lat' dir='ltr'><strong>fratris</strong></span> <span class='ocrx_word' id='word_1_74' title='bbox 524 598 623 629; x_wconf 82' lang='lat' dir='ltr'><strong>nostri</strong></span> <span class='ocrx_word' id='word_1_75' title='bbox 646 597 818 639; x_wconf 82' lang='lat' dir='ltr'><strong>karissimi,</strong></span> <span class='ocrx_word' id='word_1_76' title='bbox 848 597 899 629; x_wconf 85' lang='lat' dir='ltr'><strong>eui</strong></span> <span class='ocrx_word' id='word_1_77' title='bbox 921 600 988 629; x_wconf 90' lang='lat' dir='ltr'><strong>tam</strong></span> <span class='ocrx_word' id='word_1_78' title='bbox 1011 596 1167 629; x_wconf 85' lang='lat' dir='ltr'><strong>naturalis</strong></span> <span class='ocrx_word' id='word_1_79' title='bbox 1190 607 1287 640; x_wconf 88' lang='lat' dir='ltr'><strong>quam</strong></span> <span class='ocrx_word' id='word_1_80' title='bbox 1309 597 1561 630; x_wconf 85' lang='lat' dir='ltr'><strong>conventionalis</strong></span> <span class='ocrx_word' id='word_1_81' title='bbox 1585 597 1705 631; x_wconf 81' lang='lat' dir='ltr'><strong>federis</strong></span> <span class='ocrx_word' id='word_1_82' title='bbox 1727 598 1888 641; x_wconf 87' lang='lat' dir='ltr'><strong>ligamini·</strong></span> 
     </span>
     <span class='ocr_line' id='line_1_9' title="bbox 228 648 1889 693; baseline -0.001 -10"><span class='ocrx_word' id='word_1_83' title='bbox 228 650 288 684; x_wconf 90' lang='lat' dir='ltr'><strong>bus</strong></span> <span class='ocrx_word' id='word_1_84' title='bbox 310 661 408 693; x_wconf 90' lang='lat' dir='ltr'><strong>quam</strong></span> <span class='ocrx_word' id='word_1_85' title='bbox 435 650 534 682; x_wconf 87' lang='lat' dir='ltr'><strong>etiam</strong></span> <span class='ocrx_word' id='word_1_86' title='bbox 558 648 678 681; x_wconf 87' lang='lat' dir='ltr'><strong>blanda</strong></span> <span class='ocrx_word' id='word_1_87' title='bbox 705 652 739 680; x_wconf 90' lang='lat' dir='ltr'><strong>et</strong></span> <span class='ocrx_word' id='word_1_88' title='bbox 768 649 872 681; x_wconf 87' lang='lat' dir='ltr'><strong>amica</strong></span> <span class='ocrx_word' id='word_1_89' title='bbox 895 648 1124 681; x_wconf 81' lang='lat' dir='ltr'><strong>familiaritatis</strong></span> <span class='ocrx_word' id='word_1_90' title='bbox 1150 649 1308 681; x_wconf 88' lang='lat' dir='ltr'><strong>societate</strong></span> <span class='ocrx_word' id='word_1_91' title='bbox 1335 648 1419 681; x_wconf 88' lang='lat' dir='ltr'><strong>adeo</strong></span> <span class='ocrx_word' id='word_1_92' title='bbox 1449 650 1672 692; x_wconf 89' lang='lat' dir='ltr'><strong>coniungimur</strong></span> <span class='ocrx_word' id='word_1_93' title='bbox 1700 655 1733 683; x_wconf 87' lang='lat' dir='ltr'><strong>et</strong></span> <span class='ocrx_word' id='word_1_94' title='bbox 1762 651 1889 683; x_wconf 87' lang='lat' dir='ltr'><strong>unimur</strong></span> 
     </span>
     <span class='ocr_line' id='line_1_10' title="bbox 227 699 1889 742; baseline -0.001 -7"><span class='ocrx_word' id='word_1_95' title='bbox 227 713 292 735; x_wconf 90' lang='lat' dir='ltr'><strong>una</strong></span> <span class='ocrx_word' id='word_1_96' title='bbox 314 712 386 734; x_wconf 91' lang='lat' dir='ltr'><strong>cum</strong></span> <span class='ocrx_word' id='word_1_97' title='bbox 410 700 561 733; x_wconf 79' lang='lat' dir='ltr'><strong>fratribus</strong></span> <span class='ocrx_word' id='word_1_98' title='bbox 584 700 701 733; x_wconf 87' lang='lat' dir='ltr'><strong>nostris</strong></span> <span class='ocrx_word' id='word_1_99' title='bbox 724 699 859 732; x_wconf 89' lang='lat' dir='ltr'><strong>ducibus</strong></span> <span class='ocrx_word' id='word_1_100' title='bbox 883 699 1023 741; x_wconf 81' lang='lat' dir='ltr'><strong>Austris,</strong></span> <span class='ocrx_word' id='word_1_101' title='bbox 1047 699 1135 742; x_wconf 87' lang='lat' dir='ltr'><strong>quod</strong></span> <span class='ocrx_word' id='word_1_102' title='bbox 1158 699 1200 732; x_wconf 90' lang='lat' dir='ltr'><strong>de</strong></span> <span class='ocrx_word' id='word_1_103' title='bbox 1223 703 1332 732; x_wconf 87' lang='lat' dir='ltr'><strong>cetero</strong></span> <span class='ocrx_word' id='word_1_104' title='bbox 1357 711 1375 732; x_wconf 88' lang='lat' dir='ltr'><strong>a</strong></span> <span class='ocrx_word' id='word_1_105' title='bbox 1398 701 1517 733; x_wconf 88' lang='lat' dir='ltr'><strong>mutuis</strong></span> <span class='ocrx_word' id='word_1_106' title='bbox 1540 701 1681 734; x_wconf 90' lang='lat' dir='ltr'><strong>consiliis</strong></span> <span class='ocrx_word' id='word_1_107' title='bbox 1704 705 1738 734; x_wconf 90' lang='lat' dir='ltr'><strong>et</strong></span> <span class='ocrx_word' id='word_1_108' title='bbox 1760 702 1889 734; x_wconf 84' lang='lat' dir='ltr'><strong>auxiliis</strong></span> 
     </span>
    </p>

    <p class='ocr_par' dir='ltr' id='par_1_5' title="bbox 185 751 1888 1003">
     <span class='ocr_line' id='line_1_11' title="bbox 185 751 1887 796; baseline 0.001 -11"><span class='ocrx_word' id='word_1_109' title='bbox 185 764 210 785; x_wconf 88' lang='grc' dir='ltr'><strong>ιο</strong></span> <span class='ocrx_word' id='word_1_110' title='bbox 228 764 292 787; x_wconf 92' lang='lat' dir='ltr'><strong>non</strong></span> <span class='ocrx_word' id='word_1_111' title='bbox 315 752 536 796; x_wconf 82' lang='lat' dir='ltr'><strong>separabimur</strong></span> <span class='ocrx_word' id='word_1_112' title='bbox 558 753 618 784; x_wconf 90' lang='lat' dir='ltr'><strong>nisi</strong></span> <span class='ocrx_word' id='word_1_113' title='bbox 642 755 745 786; x_wconf 89' lang='lat' dir='ltr'><strong>morte</strong></span> <span class='ocrx_word' id='word_1_114' title='bbox 763 751 915 794; x_wconf 87' lang='lat' dir='ltr'><strong>quodque</strong></span> <span class='ocrx_word' id='word_1_115' title='bbox 939 761 1095 794; x_wconf 84' lang='lat' dir='ltr'><strong>prospera</strong></span> <span class='ocrx_word' id='word_1_116' title='bbox 1119 755 1152 784; x_wconf 90' lang='lat' dir='ltr'><strong>et</strong></span> <span class='ocrx_word' id='word_1_117' title='bbox 1173 751 1311 784; x_wconf 85' lang='lat' dir='ltr'><strong>adversa</strong></span> <span class='ocrx_word' id='word_1_118' title='bbox 1335 761 1420 794; x_wconf 89' lang='lat' dir='ltr'><strong>equo</strong></span> <span class='ocrx_word' id='word_1_119' title='bbox 1437 753 1607 795; x_wconf 86' lang='lat' dir='ltr'><strong>participio</strong></span> <span class='ocrx_word' id='word_1_120' title='bbox 1629 754 1759 786; x_wconf 86' lang='lat' dir='ltr'><strong>inantea</strong></span> <span class='ocrx_word' id='word_1_121' title='bbox 1782 755 1887 786; x_wconf 86' lang='lat' dir='ltr'><strong>inten-</strong></span> 
     </span>
     <span class='ocr_line' id='line_1_12' title="bbox 228 802 1888 847; baseline 0 -9"><span class='ocrx_word' id='word_1_122' title='bbox 228 805 347 844; x_wconf 82' lang='lat' dir='ltr'><strong>dimus,</strong></span> <span class='ocrx_word' id='word_1_123' title='bbox 375 807 411 837; x_wconf 85' lang='lat' dir='ltr'><strong>ut</strong></span> <span class='ocrx_word' id='word_1_124' title='bbox 433 807 594 845; x_wconf 86' lang='lat' dir='ltr'><strong>tenemur,</strong></span> <span class='ocrx_word' id='word_1_125' title='bbox 624 814 683 846; x_wconf 91' lang='lat' dir='ltr'><strong>pro</strong></span> <span class='ocrx_word' id='word_1_126' title='bbox 707 803 815 836; x_wconf 89' lang='lat' dir='ltr'><strong>multis</strong></span> <span class='ocrx_word' id='word_1_127' title='bbox 838 802 1009 837; x_wconf 80' lang='lat' dir='ltr'><strong>affectibus</strong></span> <span class='ocrx_word' id='word_1_128' title='bbox 1035 802 1206 836; x_wconf 86' lang='lat' dir='ltr'><strong>alternare.</strong></span> <span class='ocrx_word' id='word_1_129' title='bbox 1253 803 1402 836; x_wconf 86' lang='lat' dir='ltr'><strong>Castrum</strong></span> <span class='ocrx_word' id='word_1_130' title='bbox 1425 803 1597 845; x_wconf 83' lang='lat' dir='ltr'><strong>Gummar,</strong></span> <span class='ocrx_word' id='word_1_131' title='bbox 1627 805 1713 847; x_wconf 89' lang='lat' dir='ltr'><strong>quod</strong></span> <span class='ocrx_word' id='word_1_132' title='bbox 1738 805 1888 839; x_wconf 79' lang='lat' dir='ltr'><strong>Matheus</strong></span> 
     </span>
     <span class='ocr_line' id='line_1_13' title="bbox 226 854 1887 900; baseline 0 -11"><span class='ocrx_word' id='word_1_133' title='bbox 226 857 388 900; x_wconf 88' lang='lat' dir='ltr'><strong>palatinus</strong></span> <span class='ocrx_word' id='word_1_134' title='bbox 404 856 446 888; x_wconf 92' lang='lat' dir='ltr'><strong>de</strong></span> <span class='ocrx_word' id='word_1_135' title='bbox 462 855 681 888; x_wconf 86' lang='lat' dir='ltr'><strong>Thrinthsinio</strong></span> <span class='ocrx_word' id='word_1_136' title='bbox 703 856 805 887; x_wconf 91' lang='lat' dir='ltr'><strong>multo</strong></span> <span class='ocrx_word' id='word_1_137' title='bbox 823 859 969 898; x_wconf 89' lang='lat' dir='ltr'><strong>tempore</strong></span> <span class='ocrx_word' id='word_1_138' title='bbox 992 865 1053 898; x_wconf 87' lang='lat' dir='ltr'><strong>per</strong></span> <span class='ocrx_word' id='word_1_139' title='bbox 1067 855 1215 887; x_wconf 88' lang='lat' dir='ltr'><strong>iniuriam</strong></span> <span class='ocrx_word' id='word_1_140' title='bbox 1232 854 1409 896; x_wconf 88' lang='lat' dir='ltr'><strong>detinebat,</strong></span> <span class='ocrx_word' id='word_1_141' title='bbox 1433 855 1630 895; x_wconf 86' lang='lat' dir='ltr'><strong>obsedimus,</strong></span> <span class='ocrx_word' id='word_1_142' title='bbox 1654 860 1730 889; x_wconf 90' lang='lat' dir='ltr'><strong>ante</strong></span> <span class='ocrx_word' id='word_1_143' title='bbox 1747 861 1887 890; x_wconf 85' lang='lat' dir='ltr'><strong>castrum</strong></span> 
     </span>
     <span class='ocr_line' id='line_1_14' title="bbox 227 906 1887 952; baseline -0.001 -11"><span class='ocrx_word' id='word_1_144' title='bbox 227 910 333 952; x_wconf 85' lang='lat' dir='ltr'><strong>ipsum</strong></span> <span class='ocrx_word' id='word_1_145' title='bbox 362 909 446 940; x_wconf 89' lang='lat' dir='ltr'><strong>inter</strong></span> <span class='ocrx_word' id='word_1_146' title='bbox 468 907 652 940; x_wconf 87' lang='lat' dir='ltr'><strong>Danubium</strong></span> <span class='ocrx_word' id='word_1_147' title='bbox 681 910 713 939; x_wconf 91' lang='lat' dir='ltr'><strong>et</strong></span> <span class='ocrx_word' id='word_1_148' title='bbox 735 907 856 939; x_wconf 89' lang='lat' dir='ltr'><strong>flumen</strong></span> <span class='ocrx_word' id='word_1_149' title='bbox 879 906 1000 939; x_wconf 87' lang='lat' dir='ltr'><strong>dictum</strong></span> <span class='ocrx_word' id='word_1_150' title='bbox 1017 906 1123 949; x_wconf 89' lang='lat' dir='ltr'><strong>Wage</strong></span> <span class='ocrx_word' id='word_1_151' title='bbox 1152 906 1244 939; x_wconf 90' lang='lat' dir='ltr'><strong>nobis</strong></span> <span class='ocrx_word' id='word_1_152' title='bbox 1266 910 1442 949; x_wconf 90' lang='lat' dir='ltr'><strong>nostroque</strong></span> <span class='ocrx_word' id='word_1_153' title='bbox 1465 908 1612 940; x_wconf 85' lang='lat' dir='ltr'><strong>exercitu</strong></span> <span class='ocrx_word' id='word_1_154' title='bbox 1634 907 1823 951; x_wconf 83' lang='lat' dir='ltr'><strong>coll[oc]atis</strong></span> <span class='ocrx_word' id='word_1_155' title='bbox 1845 908 1887 940; x_wconf 90' lang='lat' dir='ltr'><strong>ad</strong></span> 
     </span>
     <span class='ocr_line' id='line_1_15' title="bbox 228 958 1888 1003; baseline -0.001 -11"><span class='ocrx_word' id='word_1_156' title='bbox 228 959 481 1003; x_wconf 87' lang='lat' dir='ltr'><strong>expugnandum</strong></span> <span class='ocrx_word' id='word_1_157' title='bbox 504 959 537 991; x_wconf 89' lang='lat' dir='ltr'><strong>id</strong></span> <span class='ocrx_word' id='word_1_158' title='bbox 560 958 727 998; x_wconf 85' lang='lat' dir='ltr'><strong>machinis,</strong></span> <span class='ocrx_word' id='word_1_159' title='bbox 751 958 861 990; x_wconf 92' lang='lat' dir='ltr'><strong>buccis</strong></span> <span class='ocrx_word' id='word_1_160' title='bbox 877 958 1014 1001; x_wconf 88' lang='lat' dir='ltr'><strong>aliisque</strong></span> <span class='ocrx_word' id='word_1_161' title='bbox 1034 958 1253 991; x_wconf 86' lang='lat' dir='ltr'><strong>instrumentis</strong></span> <span class='ocrx_word' id='word_1_162' title='bbox 1276 958 1317 990; x_wconf 90' lang='lat' dir='ltr'><strong>ad</strong></span> <span class='ocrx_word' id='word_1_163' title='bbox 1334 958 1417 990; x_wconf 83' lang='lat' dir='ltr'><strong>hoc·</strong></span> <span class='ocrx_word' id='word_1_164' title='bbox 1439 960 1649 992; x_wconf 90' lang='lat' dir='ltr'><strong>neccessariis</strong></span> <span class='ocrx_word' id='word_1_165' title='bbox 1672 960 1737 993; x_wconf 88' lang='lat' dir='ltr'><strong>iam</strong></span> <span class='ocrx_word' id='word_1_166' title='bbox 1761 961 1888 998; x_wconf 88' lang='lat' dir='ltr'><strong>erectis,</strong></span> 
     </span>
    </p>

    <p class='ocr_par' dir='ltr' id='par_1_6' title="bbox 183 1009 1888 1260">
     <span class='ocr_line' id='line_1_16' title="bbox 183 1009 1888 1054; baseline 0 -11"><span class='ocrx_word' id='word_1_167' title='bbox 183 1021 208 1043; x_wconf 76' lang='lat' dir='ltr'><strong>u</strong></span> <span class='ocrx_word' id='word_1_168' title='bbox 227 1014 395 1054; x_wconf 86' lang='lat' dir='ltr'><strong>sperantes</strong></span> <span class='ocrx_word' id='word_1_169' title='bbox 417 1011 516 1043; x_wconf 92' lang='lat' dir='ltr'><strong>immo</strong></span> <span class='ocrx_word' id='word_1_170' title='bbox 540 1010 724 1042; x_wconf 86' lang='lat' dir='ltr'><strong>nullatenus</strong></span> <span class='ocrx_word' id='word_1_171' title='bbox 748 1009 948 1050; x_wconf 84' lang='lat' dir='ltr'><strong>dubitantes,</strong></span> <span class='ocrx_word' id='word_1_172' title='bbox 971 1011 998 1041; x_wconf 90' lang='lat' dir='ltr'><strong>si</strong></span> <span class='ocrx_word' id='word_1_173' title='bbox 1020 1010 1086 1042; x_wconf 82' lang='lat' dir='ltr'><strong>vita</strong></span> <span class='ocrx_word' id='word_1_174' title='bbox 1109 1009 1207 1042; x_wconf 81' lang='lat' dir='ltr'><strong>fuerit</strong></span> <span class='ocrx_word' id='word_1_175' title='bbox 1229 1009 1323 1041; x_wconf 88' lang='lat' dir='ltr'><strong>nobis</strong></span> <span class='ocrx_word' id='word_1_176' title='bbox 1346 1019 1469 1050; x_wconf 90' lang='lat' dir='ltr'><strong>comes,</strong></span> <span class='ocrx_word' id='word_1_177' title='bbox 1493 1010 1579 1052; x_wconf 90' lang='lat' dir='ltr'><strong>quod</strong></span> <span class='ocrx_word' id='word_1_178' title='bbox 1603 1010 1724 1043; x_wconf 88' lang='lat' dir='ltr'><strong>dictum</strong></span> <span class='ocrx_word' id='word_1_179' title='bbox 1747 1014 1888 1043; x_wconf 84' lang='lat' dir='ltr'><strong>castrum</strong></span> 
     </span>
     <span class='ocr_line' id='line_1_17' title="bbox 226 1060 1887 1103; baseline 0 -9"><span class='ocrx_word' id='word_1_180' title='bbox 226 1062 327 1095; x_wconf 86' lang='lat' dir='ltr'><strong>debili</strong></span> <span class='ocrx_word' id='word_1_181' title='bbox 350 1062 561 1094; x_wconf 82' lang='lat' dir='ltr'><strong>fundamento</strong></span> <span class='ocrx_word' id='word_1_182' title='bbox 585 1061 731 1094; x_wconf 80' lang='lat' dir='ltr'><strong>fulcitum</strong></span> <span class='ocrx_word' id='word_1_183' title='bbox 755 1060 934 1094; x_wconf 82' lang='lat' dir='ltr'><strong>debeamus</strong></span> <span class='ocrx_word' id='word_1_184' title='bbox 956 1061 1052 1094; x_wconf 85' lang='lat' dir='ltr'><strong>valde</strong></span> <span class='ocrx_word' id='word_1_185' title='bbox 1075 1061 1219 1094; x_wconf 82' lang='lat' dir='ltr'><strong>breviter</strong></span> <span class='ocrx_word' id='word_1_186' title='bbox 1240 1060 1293 1093; x_wconf 79' lang='lat' dir='ltr'><strong>vel</strong></span> <span class='ocrx_word' id='word_1_187' title='bbox 1316 1061 1347 1093; x_wconf 82' lang='lat' dir='ltr'><strong>vi</strong></span> <span class='ocrx_word' id='word_1_188' title='bbox 1370 1061 1423 1094; x_wconf 87' lang='lat' dir='ltr'><strong>vel</strong></span> <span class='ocrx_word' id='word_1_189' title='bbox 1445 1060 1571 1103; x_wconf 87' lang='lat' dir='ltr'><strong>placitis</strong></span> <span class='ocrx_word' id='word_1_190' title='bbox 1594 1061 1752 1095; x_wconf 87' lang='lat' dir='ltr'><strong>obtinere.</strong></span> <span class='ocrx_word' id='word_1_191' title='bbox 1799 1063 1887 1099; x_wconf 86' lang='lat' dir='ltr'><strong>Qua-</strong></span> 
     </span>
     <span class='ocr_line' id='line_1_18' title="bbox 225 1113 1887 1158; baseline 0 -11"><span class='ocrx_word' id='word_1_192' title='bbox 225 1114 373 1147; x_wconf 90' lang='lat' dir='ltr'><strong>mobrem</strong></span> <span class='ocrx_word' id='word_1_193' title='bbox 396 1114 461 1147; x_wconf 89' lang='lat' dir='ltr'><strong>tale</strong></span> <span class='ocrx_word' id='word_1_194' title='bbox 485 1124 523 1146; x_wconf 90' lang='lat' dir='ltr'><strong>ac</strong></span> <span class='ocrx_word' id='word_1_195' title='bbox 539 1117 663 1147; x_wconf 86' lang='lat' dir='ltr'><strong>tantum</strong></span> <span class='ocrx_word' id='word_1_196' title='bbox 679 1113 835 1146; x_wconf 84' lang='lat' dir='ltr'><strong>auxilium</strong></span> <span class='ocrx_word' id='word_1_197' title='bbox 859 1117 892 1146; x_wconf 88' lang='lat' dir='ltr'><strong>et</strong></span> <span class='ocrx_word' id='word_1_198' title='bbox 907 1113 1103 1147; x_wconf 88' lang='lat' dir='ltr'><strong>adiutorium</strong></span> <span class='ocrx_word' id='word_1_199' title='bbox 1126 1124 1146 1146; x_wconf 86' lang='lat' dir='ltr'><strong>a</strong></span> <span class='ocrx_word' id='word_1_200' title='bbox 1168 1114 1233 1146; x_wconf 89' lang='lat' dir='ltr'><strong>iam</strong></span> <span class='ocrx_word' id='word_1_201' title='bbox 1250 1113 1336 1146; x_wconf 90' lang='lat' dir='ltr'><strong>dicto</strong></span> <span class='ocrx_word' id='word_1_202' title='bbox 1353 1113 1452 1146; x_wconf 81' lang='lat' dir='ltr'><strong>fratre</strong></span> <span class='ocrx_word' id='word_1_203' title='bbox 1468 1118 1577 1146; x_wconf 88' lang='lat' dir='ltr'><strong>nostro</strong></span> <span class='ocrx_word' id='word_1_204' title='bbox 1594 1125 1672 1158; x_wconf 87' lang='lat' dir='ltr'><strong>rege</strong></span> <span class='ocrx_word' id='word_1_205' title='bbox 1688 1114 1832 1158; x_wconf 84' lang='lat' dir='ltr'><strong>Ungarie</strong></span> <span class='ocrx_word' id='word_1_206' title='bbox 1856 1116 1887 1147; x_wconf 89' lang='lat' dir='ltr'><strong>in</strong></span> 
     </span>
     <span class='ocr_line' id='line_1_19' title="bbox 227 1165 1887 1209; baseline 0.001 -11"><span class='ocrx_word' id='word_1_207' title='bbox 227 1169 330 1199; x_wconf 84' lang='lat' dir='ltr'><strong>estate</strong></span> <span class='ocrx_word' id='word_1_208' title='bbox 347 1167 495 1208; x_wconf 80' lang='lat' dir='ltr'><strong>proxima</strong></span> <span class='ocrx_word' id='word_1_209' title='bbox 511 1166 747 1208; x_wconf 83' lang='lat' dir='ltr'><strong>consequimur,</strong></span> <span class='ocrx_word' id='word_1_210' title='bbox 772 1165 859 1208; x_wconf 91' lang='lat' dir='ltr'><strong>quod</strong></span> <span class='ocrx_word' id='word_1_211' title='bbox 882 1175 942 1208; x_wconf 89' lang='lat' dir='ltr'><strong>per</strong></span> <span class='ocrx_word' id='word_1_212' title='bbox 963 1165 1024 1198; x_wconf 89' lang='lat' dir='ltr'><strong>boc</strong></span> <span class='ocrx_word' id='word_1_213' title='bbox 1046 1165 1140 1198; x_wconf 91' lang='lat' dir='ltr'><strong>nobis</strong></span> <span class='ocrx_word' id='word_1_214' title='bbox 1163 1169 1197 1198; x_wconf 92' lang='lat' dir='ltr'><strong>et</strong></span> <span class='ocrx_word' id='word_1_215' title='bbox 1216 1165 1353 1208; x_wconf 87' lang='lat' dir='ltr'><strong>imperio</strong></span> <span class='ocrx_word' id='word_1_216' title='bbox 1369 1176 1487 1199; x_wconf 87' lang='lat' dir='ltr'><strong>corone</strong></span> <span class='ocrx_word' id='word_1_217' title='bbox 1503 1166 1629 1208; x_wconf 56' lang='lat' dir='ltr'><strong>gloriab</strong></span> <span class='ocrx_word' id='word_1_218' title='bbox 1646 1167 1737 1199; x_wconf 86' lang='lat' dir='ltr'><strong>vobis</strong></span> <span class='ocrx_word' id='word_1_219' title='bbox 1752 1166 1887 1209; x_wconf 88' lang='lat' dir='ltr'><strong>aliisque</strong></span> 
     </span>
     <span class='ocr_line' id='line_1_20' title="bbox 227 1216 1887 1260; baseline 0 -10"><span class='ocrx_word' id='word_1_220' title='bbox 227 1218 350 1250; x_wconf 86' lang='lat' dir='ltr'><strong>cunctis</strong></span> <span class='ocrx_word' id='word_1_221' title='bbox 373 1217 466 1250; x_wconf 85' lang='lat' dir='ltr'><strong>nobis</strong></span> <span class='ocrx_word' id='word_1_222' title='bbox 481 1217 631 1249; x_wconf 84' lang='lat' dir='ltr'><strong>fidelibus</strong></span> <span class='ocrx_word' id='word_1_223' title='bbox 653 1220 687 1250; x_wconf 92' lang='lat' dir='ltr'><strong>et</strong></span> <span class='ocrx_word' id='word_1_224' title='bbox 710 1217 837 1249; x_wconf 91' lang='lat' dir='ltr'><strong>devotis</strong></span> <span class='ocrx_word' id='word_1_225' title='bbox 852 1218 970 1259; x_wconf 90' lang='lat' dir='ltr'><strong>quietis</strong></span> <span class='ocrx_word' id='word_1_226' title='bbox 986 1216 1154 1250; x_wconf 86' lang='lat' dir='ltr'><strong>beatitudo</strong></span> <span class='ocrx_word' id='word_1_227' title='bbox 1178 1220 1211 1250; x_wconf 91' lang='lat' dir='ltr'><strong>et</strong></span> <span class='ocrx_word' id='word_1_228' title='bbox 1226 1218 1316 1260; x_wconf 83' lang='lat' dir='ltr'><strong>pacis</strong></span> <span class='ocrx_word' id='word_1_229' title='bbox 1332 1217 1546 1260; x_wconf 80' lang='lat' dir='ltr'><strong>tranquillitas</strong></span> <span class='ocrx_word' id='word_1_230' title='bbox 1562 1219 1692 1250; x_wconf 91' lang='lat' dir='ltr'><strong>omnino</strong></span> <span class='ocrx_word' id='word_1_231' title='bbox 1708 1219 1887 1260; x_wconf 85' lang='lat' dir='ltr'><strong>proveniat,</strong></span> 
     </span>
    </p>

    <p class='ocr_par' dir='ltr' id='par_1_7' title="bbox 183 1268 1886 1364">
     <span class='ocr_line' id='line_1_21' title="bbox 183 1268 1886 1314; baseline 0.001 -14"><span class='ocrx_word' id='word_1_232' title='bbox 183 1278 210 1300; x_wconf 74' lang='lat'><strong>20</strong></span> <span class='ocrx_word' id='word_1_233' title='bbox 228 1268 503 1311; x_wconf 87' lang='lat' dir='ltr'><strong>quemadmodum</strong></span> <span class='ocrx_word' id='word_1_234' title='bbox 532 1268 713 1301; x_wconf 88' lang='lat' dir='ltr'><strong>indubitate</strong></span> <span class='ocrx_word' id='word_1_235' title='bbox 746 1269 816 1311; x_wconf 87' lang='lat' dir='ltr'><strong>spei</strong></span> <span class='ocrx_word' id='word_1_236' title='bbox 847 1269 994 1311; x_wconf 86' lang='lat' dir='ltr'><strong>preludia</strong></span> <span class='ocrx_word' id='word_1_237' title='bbox 1024 1269 1158 1302; x_wconf 82' lang='lat' dir='ltr'><strong>firmiter</strong></span> <span class='ocrx_word' id='word_1_238' title='bbox 1184 1269 1423 1311; x_wconf 85' lang='lat' dir='ltr'><strong>repromittunt.</strong></span> <span class='ocrx_word' id='word_1_239' title='bbox 1473 1269 1613 1303; x_wconf 88' lang='lat' dir='ltr'><strong>Peracto</strong></span> <span class='ocrx_word' id='word_1_240' title='bbox 1642 1281 1772 1314; x_wconf 86' lang='lat' dir='ltr'><strong>quoque</strong></span> <span class='ocrx_word' id='word_1_241' title='bbox 1800 1270 1886 1302; x_wconf 91' lang='lat' dir='ltr'><strong>dicto</strong></span> 
     </span>
     <span class='ocr_line' id='line_1_22' title="bbox 229 1320 1844 1364; baseline 0 -11"><span class='ocrx_word' id='word_1_242' title='bbox 229 1320 405 1354; x_wconf 89' lang='lat' dir='ltr'><strong>obsidionis</strong></span> <span class='ocrx_word' id='word_1_243' title='bbox 427 1320 564 1363; x_wconf 89' lang='lat' dir='ltr'><strong>negocio</strong></span> <span class='ocrx_word' id='word_1_244' title='bbox 588 1330 717 1363; x_wconf 83' lang='lat' dir='ltr'><strong>gressus</strong></span> <span class='ocrx_word' id='word_1_245' title='bbox 739 1323 867 1352; x_wconf 90' lang='lat' dir='ltr'><strong>nostros</strong></span> <span class='ocrx_word' id='word_1_246' title='bbox 889 1320 932 1353; x_wconf 88' lang='lat' dir='ltr'><strong>ad</strong></span> <span class='ocrx_word' id='word_1_247' title='bbox 955 1323 1064 1362; x_wconf 88' lang='lat' dir='ltr'><strong>partes</strong></span> <span class='ocrx_word' id='word_1_248' title='bbox 1087 1321 1271 1364; x_wconf 82' lang='lat' dir='ltr'><strong>superiores</strong></span> <span class='ocrx_word' id='word_1_249' title='bbox 1294 1325 1327 1353; x_wconf 83' lang='lat' dir='ltr'><strong>et</strong></span> <span class='ocrx_word' id='word_1_250' title='bbox 1349 1321 1391 1354; x_wconf 89' lang='lat' dir='ltr'><strong>ad</strong></span> <span class='ocrx_word' id='word_1_251' title='bbox 1408 1331 1464 1354; x_wconf 87' lang='lat' dir='ltr'><strong>vos</strong></span> <span class='ocrx_word' id='word_1_252' title='bbox 1487 1322 1638 1355; x_wconf 84' lang='lat' dir='ltr'><strong>celeriter</strong></span> <span class='ocrx_word' id='word_1_253' title='bbox 1660 1321 1844 1364; x_wconf 84' lang='lat' dir='ltr'><strong>dirigemus.</strong></span> 
     </span>
    </p>

    <p class='ocr_par' dir='ltr' id='par_1_8' title="bbox 335 1371 541 1404">
     <span class='ocr_line' id='line_1_23' title="bbox 335 1371 541 1404; baseline 0 0"><span class='ocrx_word' id='word_1_254' title='bbox 335 1371 456 1404; x_wconf 86' lang='lat' dir='ltr'><strong>Datum</strong></span> <span class='ocrx_word' id='word_1_255' title='bbox 481 1376 541 1404; x_wconf 92' lang='lat' dir='ltr'><strong>etc.</strong></span> 
     </span>
    </p>
   </div>
   <div class='ocr_carea' id='block_1_3' title="bbox 281 1545 1833 1652">
    <p class='ocr_par' dir='ltr' id='par_1_9' title="bbox 281 1545 1833 1652">
     <span class='ocr_line' id='line_1_24' title="bbox 281 1545 1833 1586; baseline 0.001 -3"><span class='ocrx_word' id='word_1_256' title='bbox 281 1547 356 1583; x_wconf 77' lang='lat'><strong>466.</strong></span> <span class='ocrx_word' id='word_1_257' title='bbox 392 1545 684 1584; x_wconf 83' lang='lat' dir='ltr'>PROMISSIO</span> <span class='ocrx_word' id='word_1_258' title='bbox 710 1546 933 1584; x_wconf 89' lang='lat' dir='ltr'>COMITIS</span> <span class='ocrx_word' id='word_1_259' title='bbox 957 1546 1028 1583; x_wconf 89' lang='lat' dir='ltr'><strong>DE</strong></span> <span class='ocrx_word' id='word_1_260' title='bbox 1055 1545 1370 1584; x_wconf 80' lang='lat' dir='ltr'>WARTSTEIN</span> <span class='ocrx_word' id='word_1_261' title='bbox 1395 1547 1499 1585; x_wconf 83' lang='lat' dir='ltr'><strong>PRO</strong></span> <span class='ocrx_word' id='word_1_262' title='bbox 1523 1547 1833 1586; x_wconf 85' lang='lat' dir='ltr'><strong>FRIDERICO.</strong></span> 
     </span>
     <span class='ocr_line' id='line_1_25' title="bbox 904 1615 1220 1652; baseline 0 -1"><span class='ocrx_word' id='word_1_263' title='bbox 904 1615 1013 1652; x_wconf 87' lang='lat'><strong>1317.</strong></span> <span class='ocrx_word' id='word_1_264' title='bbox 1051 1615 1137 1652; x_wconf 89' lang='lat' dir='ltr'><strong>Dec.</strong></span> <span class='ocrx_word' id='word_1_265' title='bbox 1164 1616 1220 1652; x_wconf 88' lang='lat'><strong>15.</strong></span> 
     </span>
    </p>
   </div>
   <div class='ocr_carea' id='block_1_4' title="bbox 183 1714 1884 1808">
    <p class='ocr_par' dir='ltr' id='par_1_10' title="bbox 183 1714 1884 1808">
     <span class='ocr_line' id='line_1_26' title="bbox 183 1714 1884 1757; baseline 0.002 -12"><span class='ocrx_word' id='word_1_266' title='bbox 183 1722 210 1745; x_wconf 71' lang='lat' dir='ltr'><strong>ss</strong></span> <span class='ocrx_word' id='word_1_267' title='bbox 339 1715 502 1757; x_wconf 79' lang='lat' dir='ltr'><strong>Oriyinale</strong></span> <span class='ocrx_word' id='word_1_268' title='bbox 525 1715 600 1757; x_wconf 88' lang='lat' dir='ltr'><strong>(or.)</strong></span> <span class='ocrx_word' id='word_1_269' title='bbox 622 1716 658 1747; x_wconf 77' lang='lat' dir='ltr'><strong>in</strong></span> <span class='ocrx_word' id='word_1_270' title='bbox 681 1714 840 1747; x_wconf 71' lang='lat' dir='ltr'><strong>tabulario</strong></span> <span class='ocrx_word' id='word_1_271' title='bbox 863 1725 1008 1747; x_wconf 81' lang='lat' dir='ltr'><strong>caesareo</strong></span> <span class='ocrx_word' id='word_1_272' title='bbox 1031 1714 1272 1748; x_wconf 74' lang='lat' dir='ltr'><strong>Vindobonensi.</strong></span> <span class='ocrx_word' id='word_1_273' title='bbox 1318 1715 1418 1748; x_wconf 79' lang='lat' dir='ltr'><strong>Iussu</strong></span> <span class='ocrx_word' id='word_1_274' title='bbox 1438 1716 1594 1756; x_wconf 80' lang='lat' dir='ltr'><strong>praefecti</strong></span> <span class='ocrx_word' id='word_1_275' title='bbox 1615 1715 1807 1756; x_wconf 74' lang='lat' dir='ltr'><strong>descriptum</strong></span> <span class='ocrx_word' id='word_1_276' title='bbox 1830 1719 1884 1749; x_wconf 82' lang='lat' dir='ltr'><strong>est.</strong></span> 
     </span>
     <span class='ocr_line' id='line_1_27' title="bbox 228 1766 1582 1808; baseline -0.001 -9"><span class='ocrx_word' id='word_1_277' title='bbox 228 1766 349 1800; x_wconf 79' lang='lat' dir='ltr'><strong>Pendet</strong></span> <span class='ocrx_word' id='word_1_278' title='bbox 370 1766 509 1808; x_wconf 73' lang='lat' dir='ltr'><strong>siqillum</strong></span> <span class='ocrx_word' id='word_1_279' title='bbox 531 1766 597 1799; x_wconf 84' lang='lat' dir='ltr'><strong>loro</strong></span> <span class='ocrx_word' id='word_1_280' title='bbox 619 1766 861 1799; x_wconf 80' lang='lat' dir='ltr'><strong>membranaceo.</strong></span> <span class='ocrx_word' id='word_1_281' title='bbox 887 1785 925 1790; x_wconf 94' lang='lat'><strong>—</strong></span> <span class='ocrx_word' id='word_1_282' title='bbox 950 1766 1124 1799; x_wconf 76' lang='lat' dir='ltr'><strong>Ineditum.</strong></span> <span class='ocrx_word' id='word_1_283' title='bbox 1568 1772 1582 1782; x_wconf 86' lang='lat'><strong>·</strong></span> 
     </span>
    </p>
   </div>
   <div class='ocr_carea' id='block_1_5' title="bbox 337 1826 1759 1868">
    <p class='ocr_par' dir='ltr' id='par_1_11' title="bbox 337 1826 1759 1868">
     <span class='ocr_line' id='line_1_28' title="bbox 337 1826 1759 1868; baseline 0.001 -8"><span class='ocrx_word' id='word_1_284' title='bbox 337 1827 413 1868; x_wconf 74' lang='lat' dir='ltr'><strong>Rey.</strong></span> <span class='ocrx_word' id='word_1_285' title='bbox 429 1826 637 1868; x_wconf 62' lang='lat' dir='ltr'><strong>Lichnowsky</strong></span> <span class='ocrx_word' id='word_1_286' title='bbox 660 1827 783 1860; x_wconf 74' lang='lat' dir='ltr'><strong>‘Ge-sch.</strong></span> <span class='ocrx_word' id='word_1_287' title='bbox 807 1827 862 1861; x_wconf 78' lang='lat' dir='ltr'><strong>des</strong></span> <span class='ocrx_word' id='word_1_288' title='bbox 883 1826 1013 1859; x_wconf 72' lang='lat' dir='ltr'><strong>Hauses</strong></span> <span class='ocrx_word' id='word_1_289' title='bbox 1036 1826 1219 1868; x_wconf 70' lang='lat' dir='ltr'><strong>Habebury’</strong></span> <span class='ocrx_word' id='word_1_290' title='bbox 1244 1827 1307 1859; x_wconf 92' lang='grc' dir='ltr'><strong>ΙΙΙ</strong></span> <span class='ocrx_word' id='word_1_291' title='bbox 1322 1837 1356 1867; x_wconf 82' lang='lat' dir='ltr'><strong>p.</strong></span> <span class='ocrx_word' id='word_1_292' title='bbox 1376 1826 1525 1860; x_wconf 83' lang='lat' dir='ltr'><em>CCCLX</em></span> <span class='ocrx_word' id='word_1_293' title='bbox 1531 1827 1601 1861; x_wconf 79' lang='lat' dir='ltr'><strong>VII</strong></span> <span class='ocrx_word' id='word_1_294' title='bbox 1619 1838 1669 1860; x_wconf 81' lang='lat' dir='ltr'><strong>nr.</strong></span> <span class='ocrx_word' id='word_1_295' title='bbox 1684 1829 1759 1861; x_wconf 75' lang='lat'><strong>432.</strong></span> 
     </span>
    </p>
   </div>
   <div class='ocr_carea' id='block_1_6' title="bbox 182 1917 1887 2424">
    <p class='ocr_par' dir='ltr' id='par_1_12' title="bbox 335 1917 1887 1960">
     <span class='ocr_line' id='line_1_29' title="bbox 335 1917 1887 1960; baseline 0 -10"><span class='ocrx_word' id='word_1_296' title='bbox 335 1917 393 1950; x_wconf 85' lang='lat' dir='ltr'><strong>Ich</strong></span> <span class='ocrx_word' id='word_1_297' title='bbox 416 1928 516 1960; x_wconf 85' lang='lat' dir='ltr'><strong>grave</strong></span> <span class='ocrx_word' id='word_1_298' title='bbox 532 1917 691 1949; x_wconf 88' lang='lat' dir='ltr'><strong>Hartman</strong></span> <span class='ocrx_word' id='word_1_299' title='bbox 715 1927 777 1949; x_wconf 87' lang='lat' dir='ltr'><strong>von</strong></span> <span class='ocrx_word' id='word_1_300' title='bbox 791 1917 969 1949; x_wconf 80' lang='lat' dir='ltr'><strong>Wartstain</strong></span> <span class='ocrx_word' id='word_1_301' title='bbox 993 1917 1125 1959; x_wconf 83' lang='lat' dir='ltr'><strong>vergihe</strong></span> <span class='ocrx_word' id='word_1_302' title='bbox 1150 1917 1301 1950; x_wconf 81' lang='lat' dir='ltr'><strong>offenlich</strong></span> <span class='ocrx_word' id='word_1_303' title='bbox 1324 1928 1365 1949; x_wconf 90' lang='lat' dir='ltr'><strong>an</strong></span> <span class='ocrx_word' id='word_1_304' title='bbox 1388 1917 1491 1950; x_wconf 89' lang='lat' dir='ltr'><strong>disem</strong></span> <span class='ocrx_word' id='word_1_305' title='bbox 1516 1917 1603 1950; x_wconf 78' lang='lat' dir='ltr'><strong>brief</strong></span> <span class='ocrx_word' id='word_1_306' title='bbox 1621 1917 1687 1950; x_wconf 85' lang='lat' dir='ltr'><strong>und</strong></span> <span class='ocrx_word' id='word_1_307' title='bbox 1710 1922 1765 1950; x_wconf 87' lang='lat' dir='ltr'><strong>tun</strong></span> <span class='ocrx_word' id='word_1_308' title='bbox 1789 1918 1887 1951; x_wconf 90' lang='lat' dir='ltr'><strong>chunt</strong></span> 
     </span>
    </p>

    <p class='ocr_par' dir='ltr' id='par_1_13' title="bbox 182 1968 1886 2424">
     <span class='ocr_line' id='line_1_30' title="bbox 227 1968 1885 2011; baseline 0 -9"><span class='ocrx_word' id='word_1_309' title='bbox 227 1968 313 2002; x_wconf 83' lang='lat' dir='ltr'><strong>allen</strong></span> <span class='ocrx_word' id='word_1_310' title='bbox 335 1968 388 2002; x_wconf 88' lang='lat' dir='ltr'><strong>die</strong></span> <span class='ocrx_word' id='word_1_311' title='bbox 416 1969 448 2001; x_wconf 93' lang='lat' dir='ltr'><strong>in</strong></span> <span class='ocrx_word' id='word_1_312' title='bbox 472 1969 643 2010; x_wconf 87' lang='lat' dir='ltr'><strong>ansehent,</strong></span> <span class='ocrx_word' id='word_1_313' title='bbox 674 1969 778 2002; x_wconf 88' lang='lat' dir='ltr'><strong>lesent</strong></span> <span class='ocrx_word' id='word_1_314' title='bbox 805 1969 885 2002; x_wconf 87' lang='lat' dir='ltr'><strong>oder</strong></span> <span class='ocrx_word' id='word_1_315' title='bbox 907 1968 1023 2000; x_wconf 90' lang='lat' dir='ltr'><strong>horent</strong></span> <span class='ocrx_word' id='word_1_316' title='bbox 1046 1969 1150 2008; x_wconf 90' lang='lat' dir='ltr'><strong>lesen,</strong></span> <span class='ocrx_word' id='word_1_317' title='bbox 1183 1968 1241 2000; x_wconf 88' lang='lat' dir='ltr'><strong>das</strong></span> <span class='ocrx_word' id='word_1_318' title='bbox 1267 1969 1319 2001; x_wconf 87' lang='lat' dir='ltr'><strong>ich</strong></span> <span class='ocrx_word' id='word_1_319' title='bbox 1342 1969 1428 2000; x_wconf 90' lang='lat' dir='ltr'><strong>mich</strong></span> <span class='ocrx_word' id='word_1_320' title='bbox 1450 1969 1625 2011; x_wconf 87' lang='lat' dir='ltr'><strong>gebunden</strong></span> <span class='ocrx_word' id='word_1_321' title='bbox 1647 1969 1731 2001; x_wconf 85' lang='lat' dir='ltr'><strong>habe</strong></span> <span class='ocrx_word' id='word_1_322' title='bbox 1754 1970 1786 2002; x_wconf 95' lang='lat' dir='ltr'><strong>bi</strong></span> <span class='ocrx_word' id='word_1_323' title='bbox 1810 1970 1885 2002; x_wconf 89' lang='lat' dir='ltr'><strong>dem</strong></span> 
     </span>
     <span class='ocr_line' id='line_1_31' title="bbox 182 2019 1885 2063; baseline -0.001 -10"><span class='ocrx_word' id='word_1_324' title='bbox 182 2027 210 2048; x_wconf 78' lang='lat'><strong>⁸⁰</strong></span> <span class='ocrx_word' id='word_1_325' title='bbox 227 2020 312 2062; x_wconf 78' lang='lat' dir='ltr'><strong>aide,</strong></span> <span class='ocrx_word' id='word_1_326' title='bbox 336 2019 399 2052; x_wconf 90' lang='lat' dir='ltr'><strong>den</strong></span> <span class='ocrx_word' id='word_1_327' title='bbox 422 2020 474 2053; x_wconf 91' lang='lat' dir='ltr'><strong>ich</strong></span> <span class='ocrx_word' id='word_1_328' title='bbox 497 2020 556 2053; x_wconf 88' lang='lat' dir='ltr'><strong>dar</strong></span> <span class='ocrx_word' id='word_1_329' title='bbox 578 2020 659 2052; x_wconf 87' lang='lat' dir='ltr'><strong>uber</strong></span> <span class='ocrx_word' id='word_1_330' title='bbox 681 2021 818 2062; x_wconf 87' lang='lat' dir='ltr'><strong>gesvorn</strong></span> <span class='ocrx_word' id='word_1_331' title='bbox 842 2019 937 2060; x_wconf 85' lang='lat' dir='ltr'><strong>habe,</strong></span> <span class='ocrx_word' id='word_1_332' title='bbox 961 2019 1020 2052; x_wconf 91' lang='lat' dir='ltr'><strong>das</strong></span> <span class='ocrx_word' id='word_1_333' title='bbox 1042 2020 1093 2052; x_wconf 89' lang='lat' dir='ltr'><strong>ich</strong></span> <span class='ocrx_word' id='word_1_334' title='bbox 1118 2019 1192 2053; x_wconf 84' lang='lat' dir='ltr'><strong>dem</strong></span> <span class='ocrx_word' id='word_1_335' title='bbox 1209 2019 1450 2063; x_wconf 84' lang='lat' dir='ltr'><strong>hochwirdigen</strong></span> <span class='ocrx_word' id='word_1_336' title='bbox 1467 2020 1586 2053; x_wconf 88' lang='lat' dir='ltr'><strong>herren</strong></span> <span class='ocrx_word' id='word_1_337' title='bbox 1600 2021 1702 2063; x_wconf 85' lang='lat' dir='ltr'><strong>kunig</strong></span> <span class='ocrx_word' id='word_1_338' title='bbox 1718 2020 1885 2052; x_wconf 85' lang='lat' dir='ltr'><strong>Friderich</strong></span> 
     </span>
     <span class='ocr_line' id='line_1_32' title="bbox 226 2071 1886 2114; baseline -0.001 -10"><span class='ocrx_word' id='word_1_339' title='bbox 226 2082 288 2105; x_wconf 85' lang='lat' dir='ltr'><strong>von</strong></span> <span class='ocrx_word' id='word_1_340' title='bbox 311 2071 417 2104; x_wconf 86' lang='lat' dir='ltr'><strong>Rome</strong></span> <span class='ocrx_word' id='word_1_341' title='bbox 441 2071 503 2104; x_wconf 86' lang='lat' dir='ltr'><strong>den</strong></span> <span class='ocrx_word' id='word_1_342' title='bbox 527 2072 621 2114; x_wconf 86' lang='lat' dir='ltr'><strong>krieg</strong></span> <span class='ocrx_word' id='word_1_343' title='bbox 644 2071 728 2104; x_wconf 89' lang='lat' dir='ltr'><strong>volle</strong></span> <span class='ocrx_word' id='word_1_344' title='bbox 751 2082 789 2104; x_wconf 91' lang='lat' dir='ltr'><strong>us</strong></span> <span class='ocrx_word' id='word_1_345' title='bbox 812 2075 886 2103; x_wconf 88' lang='lat' dir='ltr'><strong>untz</strong></span> <span class='ocrx_word' id='word_1_346' title='bbox 909 2072 947 2103; x_wconf 79' lang='lat' dir='ltr'><strong>uf</strong></span> <span class='ocrx_word' id='word_1_347' title='bbox 967 2071 1026 2103; x_wconf 90' lang='lat' dir='ltr'><strong>das</strong></span> <span class='ocrx_word' id='word_1_348' title='bbox 1049 2071 1142 2111; x_wconf 91' lang='lat' dir='ltr'><strong>ende,</strong></span> <span class='ocrx_word' id='word_1_349' title='bbox 1173 2071 1232 2103; x_wconf 88' lang='lat' dir='ltr'><strong>der</strong></span> <span class='ocrx_word' id='word_1_350' title='bbox 1254 2071 1412 2104; x_wconf 85' lang='lat' dir='ltr'><strong>zwischen</strong></span> <span class='ocrx_word' id='word_1_351' title='bbox 1435 2072 1479 2104; x_wconf 89' lang='lat' dir='ltr'><strong>im</strong></span> <span class='ocrx_word' id='word_1_352' title='bbox 1502 2072 1567 2104; x_wconf 91' lang='lat' dir='ltr'><strong>und</strong></span> <span class='ocrx_word' id='word_1_353' title='bbox 1591 2072 1726 2114; x_wconf 85' lang='lat' dir='ltr'><strong>hertzog</strong></span> <span class='ocrx_word' id='word_1_354' title='bbox 1749 2071 1886 2113; x_wconf 79' lang='lat' dir='ltr'><strong>Ludwig</strong></span> 
     </span>
     <span class='ocr_line' id='line_1_33' title="bbox 226 2122 1885 2165; baseline -0.001 -9"><span class='ocrx_word' id='word_1_355' title='bbox 226 2133 290 2156; x_wconf 83' lang='lat' dir='ltr'><strong>von</strong></span> <span class='ocrx_word' id='word_1_356' title='bbox 305 2123 425 2156; x_wconf 87' lang='lat' dir='ltr'><strong>Paiern</strong></span> <span class='ocrx_word' id='word_1_357' title='bbox 447 2123 524 2155; x_wconf 92' lang='lat' dir='ltr'><strong>umb</strong></span> <span class='ocrx_word' id='word_1_358' title='bbox 547 2123 739 2156; x_wconf 88' lang='lat' dir='ltr'><strong>Romisches</strong></span> <span class='ocrx_word' id='word_1_359' title='bbox 762 2123 849 2156; x_wconf 86' lang='lat' dir='ltr'><strong>riche</strong></span> <span class='ocrx_word' id='word_1_360' title='bbox 873 2123 912 2155; x_wconf 79' lang='lat' dir='ltr'><strong>uf</strong></span> <span class='ocrx_word' id='word_1_361' title='bbox 931 2123 1104 2155; x_wconf 88' lang='lat' dir='ltr'><strong>erstanden</strong></span> <span class='ocrx_word' id='word_1_362' title='bbox 1126 2124 1177 2163; x_wconf 86' lang='lat' dir='ltr'><strong>ist,</strong></span> <span class='ocrx_word' id='word_1_363' title='bbox 1201 2122 1318 2155; x_wconf 89' lang='lat' dir='ltr'><strong>dienen</strong></span> <span class='ocrx_word' id='word_1_364' title='bbox 1341 2123 1390 2155; x_wconf 91' lang='lat' dir='ltr'><strong>sol</strong></span> <span class='ocrx_word' id='word_1_365' title='bbox 1405 2123 1514 2156; x_wconf 30' lang='lat' dir='ltr'><strong>wider*</strong></span> <span class='ocrx_word' id='word_1_366' title='bbox 1529 2123 1592 2156; x_wconf 90' lang='lat' dir='ltr'><strong>den</strong></span> <span class='ocrx_word' id='word_1_367' title='bbox 1615 2123 1728 2156; x_wconf 85' lang='lat' dir='ltr'><strong>selben</strong></span> <span class='ocrx_word' id='word_1_368' title='bbox 1752 2123 1885 2165; x_wconf 82' lang='lat' dir='ltr'><strong>hertzog</strong></span> 
     </span>
     <span class='ocr_line' id='line_1_34' title="bbox 226 2174 1886 2218; baseline 0 -11"><span class='ocrx_word' id='word_1_369' title='bbox 226 2174 406 2218; x_wconf 84' lang='lat' dir='ltr'><strong>Ludwigen</strong></span> <span class='ocrx_word' id='word_1_370' title='bbox 429 2185 483 2207; x_wconf 90' lang='lat' dir='ltr'><strong>um</strong></span> <span class='ocrx_word' id='word_1_371' title='bbox 506 2175 554 2207; x_wconf 88' lang='lat' dir='ltr'><strong>sin</strong></span> <span class='ocrx_word' id='word_1_372' title='bbox 577 2175 682 2207; x_wconf 88' lang='lat' dir='ltr'><strong>helfer</strong></span> <span class='ocrx_word' id='word_1_373' title='bbox 704 2174 769 2207; x_wconf 88' lang='lat' dir='ltr'><strong>und</strong></span> <span class='ocrx_word' id='word_1_374' title='bbox 793 2174 905 2207; x_wconf 87' lang='lat' dir='ltr'><strong>diener</strong></span> <span class='ocrx_word' id='word_1_375' title='bbox 928 2175 987 2207; x_wconf 91' lang='lat' dir='ltr'><strong>mit</strong></span> <span class='ocrx_word' id='word_1_376' title='bbox 1010 2175 1102 2207; x_wconf 88' lang='lat' dir='ltr'><strong>sechs</strong></span> <span class='ocrx_word' id='word_1_377' title='bbox 1118 2174 1247 2207; x_wconf 87' lang='lat' dir='ltr'><strong>helmen</strong></span> <span class='ocrx_word' id='word_1_378' title='bbox 1269 2184 1306 2207; x_wconf 90' lang='lat' dir='ltr'><strong>ze</strong></span> <span class='ocrx_word' id='word_1_379' title='bbox 1322 2174 1417 2207; x_wconf 84' lang='lat' dir='ltr'><strong>velde</strong></span> <span class='ocrx_word' id='word_1_380' title='bbox 1440 2174 1503 2207; x_wconf 89' lang='lat' dir='ltr'><strong>und</strong></span> <span class='ocrx_word' id='word_1_381' title='bbox 1528 2175 1570 2207; x_wconf 91' lang='lat' dir='ltr'><strong>da</strong></span> <span class='ocrx_word' id='word_1_382' title='bbox 1592 2175 1700 2208; x_wconf 84' lang='lat' dir='ltr'><strong>haime</strong></span> <span class='ocrx_word' id='word_1_383' title='bbox 1723 2175 1782 2207; x_wconf 87' lang='lat' dir='ltr'><strong>mit</strong></span> <span class='ocrx_word' id='word_1_384' title='bbox 1804 2175 1886 2207; x_wconf 84' lang='lat' dir='ltr'><strong>aller</strong></span> 
     </span>
     <span class='ocr_line' id='line_1_35' title="bbox 226 2226 1886 2269; baseline -0.001 -10"><span class='ocrx_word' id='word_1_385' title='bbox 226 2227 330 2260; x_wconf 77' lang='lat' dir='ltr'><strong>minet</strong></span> <span class='ocrx_word' id='word_1_386' title='bbox 352 2226 461 2259; x_wconf 83' lang='lat' dir='ltr'><strong>maeht</strong></span> <span class='ocrx_word' id='word_1_387' title='bbox 490 2226 555 2259; x_wconf 86' lang='lat' dir='ltr'><strong>und</strong></span> <span class='ocrx_word' id='word_1_388' title='bbox 577 2226 648 2259; x_wconf 90' lang='lat' dir='ltr'><strong>suln</strong></span> <span class='ocrx_word' id='word_1_389' title='bbox 676 2227 720 2259; x_wconf 91' lang='lat' dir='ltr'><strong>im</strong></span> <span class='ocrx_word' id='word_1_390' title='bbox 750 2226 834 2259; x_wconf 85' lang='lat' dir='ltr'><strong>auch</strong></span> <span class='ocrx_word' id='word_1_391' title='bbox 856 2227 942 2258; x_wconf 88' lang='lat' dir='ltr'><strong>mine</strong></span> <span class='ocrx_word' id='word_1_392' title='bbox 966 2227 1110 2258; x_wconf 88' lang='lat' dir='ltr'><strong>vestinen</strong></span> <span class='ocrx_word' id='word_1_393' title='bbox 1134 2226 1242 2258; x_wconf 80' lang='lat' dir='ltr'><strong>offenu</strong></span> <span class='ocrx_word' id='word_1_394' title='bbox 1264 2227 1312 2263; x_wconf 83' lang='lat' dir='ltr'><strong>sin</strong></span> <span class='ocrx_word' id='word_1_395' title='bbox 1334 2226 1373 2259; x_wconf 78' lang='lat' dir='ltr'><strong>uf</strong></span> <span class='ocrx_word' id='word_1_396' title='bbox 1397 2226 1463 2259; x_wconf 86' lang='lat' dir='ltr'><strong>und</strong></span> <span class='ocrx_word' id='word_1_397' title='bbox 1485 2226 1547 2260; x_wconf 85' lang='lat' dir='ltr'><strong>abe</strong></span> <span class='ocrx_word' id='word_1_398' title='bbox 1571 2226 1633 2260; x_wconf 88' lang='lat' dir='ltr'><strong>den</strong></span> <span class='ocrx_word' id='word_1_399' title='bbox 1657 2226 1769 2259; x_wconf 87' lang='lat' dir='ltr'><strong>selben</strong></span> <span class='ocrx_word' id='word_1_400' title='bbox 1792 2226 1886 2269; x_wconf 89' lang='lat' dir='ltr'><strong>krieg</strong></span> 
     </span>
     <span class='ocr_line' id='line_1_36' title="bbox 183 2276 1885 2320; baseline 0.001 -11"><span class='ocrx_word' id='word_1_401' title='bbox 183 2286 209 2309; x_wconf 65' lang='grc' dir='ltr'><strong>ει</strong></span> <span class='ocrx_word' id='word_1_402' title='bbox 226 2277 311 2311; x_wconf 75' lang='lat' dir='ltr'><strong>volle</strong></span> <span class='ocrx_word' id='word_1_403' title='bbox 338 2289 385 2311; x_wconf 85' lang='lat' dir='ltr'><strong>us.</strong></span> <span class='ocrx_word' id='word_1_404' title='bbox 432 2277 532 2310; x_wconf 84' lang='lat' dir='ltr'><strong>Were</strong></span> <span class='ocrx_word' id='word_1_405' title='bbox 560 2278 643 2311; x_wconf 90' lang='lat' dir='ltr'><strong>auch</strong></span> <span class='ocrx_word' id='word_1_406' title='bbox 667 2278 724 2310; x_wconf 87' lang='lat' dir='ltr'><strong>das</strong></span> <span class='ocrx_word' id='word_1_407' title='bbox 747 2278 806 2311; x_wconf 82' lang='lat' dir='ltr'><strong>der</strong></span> <span class='ocrx_word' id='word_1_408' title='bbox 827 2277 918 2310; x_wconf 89' lang='lat' dir='ltr'><strong>selbe</strong></span> <span class='ocrx_word' id='word_1_409' title='bbox 946 2277 1012 2310; x_wconf 90' lang='lat' dir='ltr'><strong>min</strong></span> <span class='ocrx_word' id='word_1_410' title='bbox 1035 2277 1129 2310; x_wconf 90' lang='lat' dir='ltr'><strong>herre</strong></span> <span class='ocrx_word' id='word_1_411' title='bbox 1154 2277 1255 2319; x_wconf 83' lang='lat' dir='ltr'><strong>kunig</strong></span> <span class='ocrx_word' id='word_1_412' title='bbox 1276 2276 1445 2310; x_wconf 84' lang='lat' dir='ltr'><strong>Friedrich</strong></span> <span class='ocrx_word' id='word_1_413' title='bbox 1472 2278 1504 2310; x_wconf 91' lang='lat' dir='ltr'><strong>in</strong></span> <span class='ocrx_word' id='word_1_414' title='bbox 1532 2277 1590 2311; x_wconf 91' lang='lat' dir='ltr'><strong>der</strong></span> <span class='ocrx_word' id='word_1_415' title='bbox 1612 2279 1690 2310; x_wconf 78' lang='lat' dir='ltr'><strong>vrist</strong></span> <span class='ocrx_word' id='word_1_416' title='bbox 1713 2278 1885 2320; x_wconf 83' lang='lat' dir='ltr'><strong>abgienge,</strong></span> 
     </span>
     <span class='ocr_line' id='line_1_37' title="bbox 227 2328 1884 2372; baseline 0 -11"><span class='ocrx_word' id='word_1_417' title='bbox 227 2339 264 2363; x_wconf 87' lang='lat' dir='ltr'><strong>so</strong></span> <span class='ocrx_word' id='word_1_418' title='bbox 286 2328 335 2362; x_wconf 89' lang='lat' dir='ltr'><strong>sol</strong></span> <span class='ocrx_word' id='word_1_419' title='bbox 362 2329 415 2362; x_wconf 88' lang='lat' dir='ltr'><strong>ich</strong></span> <span class='ocrx_word' id='word_1_420' title='bbox 438 2329 502 2362; x_wconf 81' lang='lat' dir='ltr'><strong>den</strong></span> <span class='ocrx_word' id='word_1_421' title='bbox 525 2329 766 2372; x_wconf 86' lang='lat' dir='ltr'><strong>hochwirdigen</strong></span> <span class='ocrx_word' id='word_1_422' title='bbox 789 2330 905 2362; x_wconf 84' lang='lat' dir='ltr'><strong>herren</strong></span> <span class='ocrx_word' id='word_1_423' title='bbox 930 2328 993 2361; x_wconf 91' lang='lat' dir='ltr'><strong>den</strong></span> <span class='ocrx_word' id='word_1_424' title='bbox 1016 2328 1192 2371; x_wconf 86' lang='lat' dir='ltr'><strong>hertzogen</strong></span> <span class='ocrx_word' id='word_1_425' title='bbox 1215 2339 1278 2360; x_wconf 87' lang='lat' dir='ltr'><strong>von</strong></span> <span class='ocrx_word' id='word_1_426' title='bbox 1300 2328 1467 2361; x_wconf 87' lang='lat' dir='ltr'><strong>Osterrich</strong></span> <span class='ocrx_word' id='word_1_427' title='bbox 1490 2330 1580 2361; x_wconf 91' lang='lat' dir='ltr'><strong>sinen</strong></span> <span class='ocrx_word' id='word_1_428' title='bbox 1603 2328 1758 2369; x_wconf 89' lang='lat' dir='ltr'><strong>brudern,</strong></span> <span class='ocrx_word' id='word_1_429' title='bbox 1789 2329 1831 2362; x_wconf 95' lang='lat' dir='ltr'><strong>ob</strong></span> <span class='ocrx_word' id='word_1_430' title='bbox 1859 2331 1884 2361; x_wconf 90' lang='lat' dir='ltr'><strong>si</strong></span> 
     </span>
     <span class='ocr_line' id='line_1_38' title="bbox 227 2379 1886 2424; baseline 0.001 -11"><span class='ocrx_word' id='word_1_431' title='bbox 227 2391 289 2419; x_wconf 83' lang='lat' dir='ltr'><strong>von</strong></span> <span class='ocrx_word' id='word_1_432' title='bbox 312 2380 370 2414; x_wconf 88' lang='lat' dir='ltr'><strong>des</strong></span> <span class='ocrx_word' id='word_1_433' title='bbox 399 2380 513 2413; x_wconf 87' lang='lat' dir='ltr'><strong>selben</strong></span> <span class='ocrx_word' id='word_1_434' title='bbox 536 2381 666 2424; x_wconf 91' lang='lat' dir='ltr'><strong>krieges</strong></span> <span class='ocrx_word' id='word_1_435' title='bbox 690 2392 803 2424; x_wconf 87' lang='lat' dir='ltr'><strong>wegen</strong></span> <span class='ocrx_word' id='word_1_436' title='bbox 827 2381 904 2414; x_wconf 88' lang='lat' dir='ltr'><strong>kain</strong></span> <span class='ocrx_word' id='word_1_437' title='bbox 934 2380 1037 2413; x_wconf 88' lang='lat' dir='ltr'><strong>arbeit</strong></span> <span class='ocrx_word' id='word_1_438' title='bbox 1061 2381 1256 2423; x_wconf 87' lang='lat' dir='ltr'><strong>anegienge,</strong></span> <span class='ocrx_word' id='word_1_439' title='bbox 1287 2379 1345 2412; x_wconf 90' lang='lat' dir='ltr'><strong>des</strong></span> <span class='ocrx_word' id='word_1_440' title='bbox 1367 2380 1480 2413; x_wconf 83' lang='lat' dir='ltr'><strong>selben</strong></span> <span class='ocrx_word' id='word_1_441' title='bbox 1503 2380 1661 2420; x_wconf 85' lang='lat' dir='ltr'><strong>dienstes,</strong></span> <span class='ocrx_word' id='word_1_442' title='bbox 1693 2381 1741 2413; x_wconf 91' lang='lat' dir='ltr'><strong>als</strong></span> <span class='ocrx_word' id='word_1_443' title='bbox 1770 2391 1806 2413; x_wconf 90' lang='lat' dir='ltr'><strong>er</strong></span> <span class='ocrx_word' id='word_1_444' title='bbox 1829 2392 1886 2414; x_wconf 79' lang='lat' dir='ltr'><strong>vor</strong></span> 
     </span>
    </p>
   </div>
   <div class='ocr_carea' id='block_1_7' title="bbox 183 2431 1885 2582">
    <p class='ocr_par' dir='ltr' id='par_1_14' title="bbox 183 2431 1885 2582">
     <span class='ocr_line' id='line_1_39' title="bbox 227 2431 1884 2475; baseline 0.001 -11"><span class='ocrx_word' id='word_1_445' title='bbox 227 2432 433 2466; x_wconf 84' lang='lat' dir='ltr'><strong>verschriben</strong></span> <span class='ocrx_word' id='word_1_446' title='bbox 464 2433 520 2473; x_wconf 91' lang='lat' dir='ltr'><strong>ist,</strong></span> <span class='ocrx_word' id='word_1_447' title='bbox 553 2432 602 2465; x_wconf 91' lang='lat' dir='ltr'><strong>sol</strong></span> <span class='ocrx_word' id='word_1_448' title='bbox 631 2433 703 2466; x_wconf 76' lang='lat' dir='ltr'><strong>ich·</strong></span> <span class='ocrx_word' id='word_1_449' title='bbox 725 2434 756 2466; x_wconf 89' lang='lat' dir='ltr'><strong>in</strong></span> <span class='ocrx_word' id='word_1_450' title='bbox 780 2432 954 2475; x_wconf 85' lang='lat' dir='ltr'><strong>gebunden</strong></span> <span class='ocrx_word' id='word_1_451' title='bbox 982 2433 1030 2464; x_wconf 90' lang='lat' dir='ltr'><strong>sin</strong></span> <span class='ocrx_word' id='word_1_452' title='bbox 1057 2431 1090 2463; x_wconf 91' lang='lat' dir='ltr'><strong>bi</strong></span> <span class='ocrx_word' id='word_1_453' title='bbox 1115 2431 1189 2464; x_wconf 88' lang='lat' dir='ltr'><strong>dem</strong></span> <span class='ocrx_word' id='word_1_454' title='bbox 1212 2431 1325 2464; x_wconf 89' lang='lat' dir='ltr'><strong>selben</strong></span> <span class='ocrx_word' id='word_1_455' title='bbox 1354 2431 1438 2464; x_wconf 79' lang='lat' dir='ltr'><strong>uide.</strong></span> <span class='ocrx_word' id='word_1_456' title='bbox 1527 2431 1601 2465; x_wconf 85' lang='lat' dir='ltr'><strong>Und</strong></span> <span class='ocrx_word' id='word_1_457' title='bbox 1625 2431 1683 2464; x_wconf 89' lang='lat' dir='ltr'><strong>des</strong></span> <span class='ocrx_word' id='word_1_458' title='bbox 1711 2443 1751 2464; x_wconf 83' lang='lat' dir='ltr'><strong>zu</strong></span> <span class='ocrx_word' id='word_1_459' title='bbox 1777 2434 1884 2466; x_wconf 89' lang='lat' dir='ltr'><strong>ainem</strong></span> 
     </span>
     <span class='ocr_line' id='line_1_40' title="bbox 226 2483 1248 2527; baseline -0.002 -10"><span class='ocrx_word' id='word_1_460' title='bbox 226 2483 375 2517; x_wconf 81' lang='lat' dir='ltr'><strong>urkunde</strong></span> <span class='ocrx_word' id='word_1_461' title='bbox 398 2483 463 2516; x_wconf 84' lang='lat' dir='ltr'><strong>han</strong></span> <span class='ocrx_word' id='word_1_462' title='bbox 485 2483 537 2516; x_wconf 87' lang='lat' dir='ltr'><strong>ich</strong></span> <span class='ocrx_word' id='word_1_463' title='bbox 560 2484 626 2516; x_wconf 88' lang='lat' dir='ltr'><strong>min</strong></span> <span class='ocrx_word' id='word_1_464' title='bbox 649 2484 763 2527; x_wconf 88' lang='lat' dir='ltr'><strong>insigel</strong></span> <span class='ocrx_word' id='word_1_465' title='bbox 787 2495 827 2517; x_wconf 92' lang='lat' dir='ltr'><strong>an</strong></span> <span class='ocrx_word' id='word_1_466' title='bbox 851 2484 942 2516; x_wconf 87' lang='lat' dir='ltr'><strong>disen</strong></span> <span class='ocrx_word' id='word_1_467' title='bbox 967 2483 1054 2516; x_wconf 81' lang='lat' dir='ltr'><strong>brief</strong></span> <span class='ocrx_word' id='word_1_468' title='bbox 1072 2483 1248 2525; x_wconf 87' lang='lat' dir='ltr'><strong>gehenket.</strong></span> 
     </span>
     <span class='ocr_line' id='line_1_41' title="bbox 183 2539 1885 2582; baseline -0.001 -10"><span class='ocrx_word' id='word_1_469' title='bbox 183 2547 211 2568; x_wconf 75' lang='lat'><strong>⁴⁰</strong></span> <span class='ocrx_word' id='word_1_470' title='bbox 334 2539 403 2572; x_wconf 92' lang='lat' dir='ltr'><strong>Der</strong></span> <span class='ocrx_word' id='word_1_471' title='bbox 430 2540 473 2572; x_wconf 90' lang='lat' dir='ltr'><strong>ist</strong></span> <span class='ocrx_word' id='word_1_472' title='bbox 494 2539 645 2582; x_wconf 85' lang='lat' dir='ltr'><strong>gegeben</strong></span> <span class='ocrx_word' id='word_1_473' title='bbox 673 2551 710 2573; x_wconf 83' lang='lat' dir='ltr'><strong>ze</strong></span> <span class='ocrx_word' id='word_1_474' title='bbox 726 2540 881 2580; x_wconf 87' lang='lat' dir='ltr'><strong>Wienne,</strong></span> <span class='ocrx_word' id='word_1_475' title='bbox 912 2539 953 2572; x_wconf 90' lang='lat' dir='ltr'><strong>do</strong></span> <span class='ocrx_word' id='word_1_476' title='bbox 983 2550 1058 2572; x_wconf 89' lang='lat' dir='ltr'><strong>man</strong></span> <span class='ocrx_word' id='word_1_477' title='bbox 1080 2539 1145 2571; x_wconf 88' lang='lat' dir='ltr'><strong>zalt</strong></span> <span class='ocrx_word' id='word_1_478' title='bbox 1169 2550 1231 2571; x_wconf 83' lang='lat' dir='ltr'><strong>von</strong></span> <span class='ocrx_word' id='word_1_479' title='bbox 1254 2539 1397 2572; x_wconf 85' lang='lat' dir='ltr'><strong>Christes</strong></span> <span class='ocrx_word' id='word_1_480' title='bbox 1418 2539 1536 2582; x_wconf 88' lang='lat' dir='ltr'><strong>geburt</strong></span> <span class='ocrx_word' id='word_1_481' title='bbox 1560 2539 1885 2572; x_wconf 83' lang='lat' dir='ltr'><strong>dreuzehenhundert</strong></span> 
     </span>
    </p>
   </div>
   <div class='ocr_carea' id='block_1_8' title="bbox 224 2590 1883 2633">
    <p class='ocr_par' dir='ltr' id='par_1_15' title="bbox 224 2590 1883 2633">
     <span class='ocr_line' id='line_1_42' title="bbox 224 2590 1883 2633; baseline -0.001 -8"><span class='ocrx_word' id='word_1_482' title='bbox 224 2591 278 2632; x_wconf 78' lang='lat' dir='ltr'><strong>jar</strong></span> <span class='ocrx_word' id='word_1_483' title='bbox 300 2590 359 2623; x_wconf 90' lang='lat' dir='ltr'><strong>dar</strong></span> <span class='ocrx_word' id='word_1_484' title='bbox 381 2591 463 2624; x_wconf 90' lang='lat' dir='ltr'><strong>nach</strong></span> <span class='ocrx_word' id='word_1_485' title='bbox 486 2592 518 2623; x_wconf 93' lang='lat' dir='ltr'><strong>in</strong></span> <span class='ocrx_word' id='word_1_486' title='bbox 541 2591 616 2625; x_wconf 88' lang='lat' dir='ltr'><strong>dem</strong></span> <span class='ocrx_word' id='word_1_487' title='bbox 639 2591 913 2624; x_wconf 86' lang='lat' dir='ltr'><strong>sibentzehenden</strong></span> <span class='ocrx_word' id='word_1_488' title='bbox 934 2592 997 2632; x_wconf 85' lang='lat' dir='ltr'><strong>jar,</strong></span> <span class='ocrx_word' id='word_1_489' title='bbox 1021 2590 1079 2623; x_wconf 90' lang='lat' dir='ltr'><strong>des</strong></span> <span class='ocrx_word' id='word_1_490' title='bbox 1101 2591 1253 2623; x_wconf 86' lang='lat' dir='ltr'><strong>nehssten</strong></span> <span class='ocrx_word' id='word_1_491' title='bbox 1271 2590 1451 2633; x_wconf 86' lang='lat' dir='ltr'><strong>Dunrstags</strong></span> <span class='ocrx_word' id='word_1_492' title='bbox 1474 2590 1557 2623; x_wconf 90' lang='lat' dir='ltr'><strong>nach</strong></span> <span class='ocrx_word' id='word_1_493' title='bbox 1578 2595 1650 2623; x_wconf 85' lang='lat' dir='ltr'><strong>sant</strong></span> <span class='ocrx_word' id='word_1_494' title='bbox 1672 2591 1793 2623; x_wconf 86' lang='lat' dir='ltr'><strong>Lucien</strong></span> <span class='ocrx_word' id='word_1_495' title='bbox 1818 2596 1883 2633; x_wconf 85' lang='lat' dir='ltr'><strong>tag.</strong></span> 
     </span>
    </p>
   </div>
   <div class='ocr_carea' id='block_1_9' title="bbox 331 2761 840 2855">
    <p class='ocr_par' dir='ltr' id='par_1_16' title="bbox 331 2761 840 2855">
     <span class='ocr_line' id='line_1_43' title="bbox 331 2761 840 2796; baseline 0.002 -8"><span class='ocrx_word' id='word_1_496' title='bbox 331 2761 397 2789; x_wconf 73' lang='lat'><strong>4⁶5.</strong></span> <span class='ocrx_word' id='word_1_497' title='bbox 425 2763 448 2795; x_wconf 73' lang='lat'><strong>⁸)</strong></span> <span class='ocrx_word' id='word_1_498' title='bbox 467 2763 550 2788; x_wconf 78' lang='lat' dir='ltr'><strong>adhuc</strong></span> <span class='ocrx_word' id='word_1_499' title='bbox 568 2771 588 2788; x_wconf 87' lang='lat' dir='ltr'><strong>c.</strong></span> <span class='ocrx_word' id='word_1_500' title='bbox 678 2762 702 2796; x_wconf 73' lang='lat' dir='ltr'><strong>b)</strong></span> <span class='ocrx_word' id='word_1_501' title='bbox 720 2763 801 2796; x_wconf 84' lang='lat' dir='ltr'><strong>glorie</strong></span> <span class='ocrx_word' id='word_1_502' title='bbox 819 2772 840 2789; x_wconf 85' lang='lat' dir='ltr'><strong>c.</strong></span> 
     </span>
     <span class='ocr_line' id='line_1_44' title="bbox 331 2821 560 2855; baseline 0.004 -7"><span class='ocrx_word' id='word_1_503' title='bbox 331 2821 398 2850; x_wconf 72' lang='grc'><strong>468.</strong></span> <span class='ocrx_word' id='word_1_504' title='bbox 425 2823 450 2855; x_wconf 75' lang='lat'><strong>⁸)</strong></span> <span class='ocrx_word' id='word_1_505' title='bbox 469 2823 504 2848; x_wconf 76' lang='lat' dir='ltr'><strong>uic</strong></span> <span class='ocrx_word' id='word_1_506' title='bbox 523 2832 560 2849; x_wconf 78' lang='lat' dir='ltr'><strong>or.</strong></span> 
     </span>
    </p>
   </div>
  </div>
 </body>
</html>
