<?xml version="1.0" encoding="UTF-8"?>
<!DOCTYPE html PUBLIC "-//W3C//DTD XHTML 1.0 Transitional//EN"
    "http://www.w3.org/TR/xhtml1/DTD/xhtml1-transitional.dtd">
<html xmlns="http://www.w3.org/1999/xhtml" xml:lang="en" lang="en">
 <head>
  <title>
</title>
<meta http-equiv="Content-Type" content="text/html;charset=utf-8" />
  <meta name='ocr-system' content='tesseract 3.04.00' />
  <meta name='ocr-capabilities' content='ocr_page ocr_carea ocr_par ocr_line ocrx_word'/>
</head>
<body>
  <div class='ocr_page' id='page_1' title='image "./monumentagerma05geseuoft_0268.png"; bbox 0 0 2190 3172; ppageno 0'>
   <div class='ocr_carea' id='block_1_1' title="bbox 285 198 1701 237">
    <p class='ocr_par' dir='ltr' id='par_1_1' title="bbox 285 198 1701 237">
     <span class='ocr_line' id='line_1_1' title="bbox 285 198 1701 237; baseline -0.005 -5"><span class='ocrx_word' id='word_1_1' title='bbox 285 207 347 237; x_wconf 83' lang='lat'><strong>228</strong></span> <span class='ocrx_word' id='word_1_2' title='bbox 522 203 618 231; x_wconf 83' lang='lat' dir='ltr'>ACTA</span> <span class='ocrx_word' id='word_1_3' title='bbox 637 203 751 231; x_wconf 80' lang='lat' dir='ltr'><strong>REGNI</strong></span> <span class='ocrx_word' id='word_1_4' title='bbox 770 201 954 230; x_wconf 88' lang='lat' dir='ltr'>LUDEWICI</span> <span class='ocrx_word' id='word_1_5' title='bbox 974 202 1018 228; x_wconf 87' lang='lat' dir='ltr'><strong>lv.</strong></span> <span class='ocrx_word' id='word_1_6' title='bbox 1039 201 1083 227; x_wconf 86' lang='lat' dir='ltr'><strong>ET</strong></span> <span class='ocrx_word' id='word_1_7' title='bbox 1103 199 1286 227; x_wconf 85' lang='lat' dir='ltr'>FRIDERICI</span> <span class='ocrx_word' id='word_1_8' title='bbox 1306 199 1353 226; x_wconf 93' lang='grc' dir='ltr'>ΙΙΙ.</span> <span class='ocrx_word' id='word_1_9' title='bbox 1391 199 1466 226; x_wconf 89' lang='lat'>1315.</span> <span class='ocrx_word' id='word_1_10' title='bbox 1502 198 1624 226; x_wconf 81' lang='lat' dir='ltr'><strong>Nr.266.</strong></span> <span class='ocrx_word' id='word_1_11' title='bbox 1642 198 1701 225; x_wconf 80' lang='lat'>267.</span> 
     </span>
    </p>
   </div>
   <div class='ocr_carea' id='block_1_2' title="bbox 284 284 1987 1300">
    <p class='ocr_par' dir='ltr' id='par_1_2' title="bbox 284 284 1987 1300">
     <span class='ocr_line' id='line_1_2' title="bbox 286 284 1934 331; baseline -0.002 -9"><span class='ocrx_word' id='word_1_12' title='bbox 286 294 318 323; x_wconf 90' lang='lat' dir='ltr'><strong>et</strong></span> <span class='ocrx_word' id='word_1_13' title='bbox 341 291 589 322; x_wconf 87' lang='lat' dir='ltr'><strong>restauracionis</strong></span> <span class='ocrx_word' id='word_1_14' title='bbox 613 289 765 331; x_wconf 86' lang='lat' dir='ltr'><strong>optabilis</strong></span> <span class='ocrx_word' id='word_1_15' title='bbox 788 292 918 320; x_wconf 88' lang='lat' dir='ltr'><strong>auctore</strong></span> <span class='ocrx_word' id='word_1_16' title='bbox 941 289 1080 320; x_wconf 91' lang='lat' dir='ltr'><strong>Domino</strong></span> <span class='ocrx_word' id='word_1_17' title='bbox 1105 288 1257 329; x_wconf 81' lang='lat' dir='ltr'>suscipiet</span> <span class='ocrx_word' id='word_1_18' title='bbox 1279 288 1486 318; x_wconf 88' lang='lat' dir='ltr'><strong>incrementa.</strong></span> <span class='ocrx_word' id='word_1_19' title='bbox 1576 285 1624 327; x_wconf 83' lang='lat'><strong>(2)</strong></span> <span class='ocrx_word' id='word_1_20' title='bbox 1652 284 1757 327; x_wconf 84' lang='lat' dir='ltr'>Super</span> <span class='ocrx_word' id='word_1_21' title='bbox 1783 295 1822 317; x_wconf 88' lang='lat' dir='ltr'><strong>eo</strong></span> <span class='ocrx_word' id='word_1_22' title='bbox 1846 296 1934 326; x_wconf 81' lang='lat' dir='ltr'><strong>sane,</strong></span> 
     </span>
     <span class='ocr_line' id='line_1_3' title="bbox 286 335 1936 384; baseline -0.004 -11"><span class='ocrx_word' id='word_1_23' title='bbox 286 342 373 384; x_wconf 91' lang='lat' dir='ltr'><strong>quod</strong></span> <span class='ocrx_word' id='word_1_24' title='bbox 397 342 482 373; x_wconf 85' lang='lat' dir='ltr'><strong>eirca</strong></span> <span class='ocrx_word' id='word_1_25' title='bbox 504 342 693 383; x_wconf 83' lang='lat' dir='ltr'>premissam</span> <span class='ocrx_word' id='word_1_26' title='bbox 717 341 957 382; x_wconf 88' lang='lat' dir='ltr'><strong>promocionem</strong></span> <span class='ocrx_word' id='word_1_27' title='bbox 982 343 1121 371; x_wconf 86' lang='lat' dir='ltr'><strong>vestram</strong></span> <span class='ocrx_word' id='word_1_28' title='bbox 1145 339 1287 380; x_wconf 89' lang='lat' dir='ltr'><strong>impendi</strong></span> <span class='ocrx_word' id='word_1_29' title='bbox 1311 339 1402 370; x_wconf 88' lang='lat' dir='ltr'><strong>vobis</strong></span> <span class='ocrx_word' id='word_1_30' title='bbox 1417 338 1516 369; x_wconf 79' lang='lat' dir='ltr'><strong>nostri</strong></span> <span class='ocrx_word' id='word_1_31' title='bbox 1533 337 1652 368; x_wconf 84' lang='lat' dir='ltr'><strong>favoris</strong></span> <span class='ocrx_word' id='word_1_32' title='bbox 1667 335 1811 368; x_wconf 86' lang='lat' dir='ltr'><strong>subsidia</strong></span> <span class='ocrx_word' id='word_1_33' title='bbox 1825 339 1936 378; x_wconf 84' lang='lat' dir='ltr'><strong>postu-</strong></span> 
     </span>
     <span class='ocr_line' id='line_1_4' title="bbox 284 387 1938 433; baseline -0.004 -9"><span class='ocrx_word' id='word_1_34' title='bbox 284 394 393 433; x_wconf 81' lang='lat' dir='ltr'><strong>lastis,</strong></span> <span class='ocrx_word' id='word_1_35' title='bbox 422 393 587 424; x_wconf 86' lang='lat' dir='ltr'><strong>serenitati</strong></span> <span class='ocrx_word' id='word_1_36' title='bbox 618 395 723 423; x_wconf 80' lang='lat' dir='ltr'>vestre</span> <span class='ocrx_word' id='word_1_37' title='bbox 754 391 976 431; x_wconf 79' lang='lat' dir='ltr'><strong>rescribimus,</strong></span> <span class='ocrx_word' id='word_1_38' title='bbox 1008 390 1094 432; x_wconf 93' lang='lat' dir='ltr'><strong>quod</strong></span> <span class='ocrx_word' id='word_1_39' title='bbox 1124 390 1237 421; x_wconf 86' lang='lat' dir='ltr'><strong>libenti</strong></span> <span class='ocrx_word' id='word_1_40' title='bbox 1264 390 1371 421; x_wconf 89' lang='lat' dir='ltr'><strong>animo</strong></span> <span class='ocrx_word' id='word_1_41' title='bbox 1399 400 1457 430; x_wconf 91' lang='lat' dir='ltr'><strong>pro</strong></span> <span class='ocrx_word' id='word_1_42' title='bbox 1485 388 1606 420; x_wconf 85' lang='lat' dir='ltr'><strong>viribus</strong></span> <span class='ocrx_word' id='word_1_43' title='bbox 1636 388 1794 419; x_wconf 83' lang='lat' dir='ltr'><strong>faciemus</strong></span> <span class='ocrx_word' id='word_1_44' title='bbox 1817 387 1938 420; x_wconf 86' lang='lat' dir='ltr'><strong>inducti</strong></span> 
     </span>
     <span class='ocr_line' id='line_1_5' title="bbox 286 439 1938 484; baseline -0.003 -9"><span class='ocrx_word' id='word_1_45' title='bbox 286 445 393 476; x_wconf 89' lang='lat' dir='ltr'><strong>causis</strong></span> <span class='ocrx_word' id='word_1_46' title='bbox 417 447 450 475; x_wconf 91' lang='lat' dir='ltr'><strong>et</strong></span> <span class='ocrx_word' id='word_1_47' title='bbox 472 443 654 475; x_wconf 87' lang='lat' dir='ltr'><strong>racionibus</strong></span> <span class='ocrx_word' id='word_1_48' title='bbox 677 443 864 475; x_wconf 78' lang='lat' dir='ltr'><strong>subnotatis.</strong></span> <span class='ocrx_word' id='word_1_49' title='bbox 910 443 1019 474; x_wconf 91' lang='lat' dir='ltr'><strong>Primo</strong></span> <span class='ocrx_word' id='word_1_50' title='bbox 1043 452 1199 484; x_wconf 89' lang='lat' dir='ltr'><strong>namque,</strong></span> <span class='ocrx_word' id='word_1_51' title='bbox 1224 441 1310 483; x_wconf 91' lang='lat' dir='ltr'><strong>quod</strong></span> <span class='ocrx_word' id='word_1_52' title='bbox 1333 441 1426 472; x_wconf 90' lang='lat' dir='ltr'><strong>nobis</strong></span> <span class='ocrx_word' id='word_1_53' title='bbox 1449 441 1646 472; x_wconf 79' lang='lat' dir='ltr'><strong>excellencie</strong></span> <span class='ocrx_word' id='word_1_54' title='bbox 1671 443 1777 471; x_wconf 82' lang='lat' dir='ltr'><strong>vestre</strong></span> <span class='ocrx_word' id='word_1_55' title='bbox 1800 439 1938 471; x_wconf 83' lang='lat' dir='ltr'><strong>faventi-</strong></span> 
     </span>
     <span class='ocr_line' id='line_1_6' title="bbox 285 491 1982 536; baseline -0.004 -9"><span class='ocrx_word' id='word_1_56' title='bbox 285 496 344 527; x_wconf 87' lang='lat' dir='ltr'><strong>bus</strong></span> <span class='ocrx_word' id='word_1_57' title='bbox 371 499 404 526; x_wconf 90' lang='lat' dir='ltr'><strong>et</strong></span> <span class='ocrx_word' id='word_1_58' title='bbox 426 506 484 526; x_wconf 89' lang='lat' dir='ltr'><strong>vos</strong></span> <span class='ocrx_word' id='word_1_59' title='bbox 507 495 691 527; x_wconf 86' lang='lat' dir='ltr'><strong>foventibus</strong></span> <span class='ocrx_word' id='word_1_60' title='bbox 713 496 745 525; x_wconf 91' lang='lat' dir='ltr'><strong>in</strong></span> <span class='ocrx_word' id='word_1_61' title='bbox 768 495 829 526; x_wconf 87' lang='lat' dir='ltr'><strong>hac</strong></span> <span class='ocrx_word' id='word_1_62' title='bbox 851 498 943 536; x_wconf 89' lang='lat' dir='ltr'><strong>parte</strong></span> <span class='ocrx_word' id='word_1_63' title='bbox 967 494 1101 536; x_wconf 88' lang='lat' dir='ltr'><strong>proinde</strong></span> <span class='ocrx_word' id='word_1_64' title='bbox 1118 494 1203 535; x_wconf 86' lang='lat' dir='ltr'><strong>Regi</strong></span> <span class='ocrx_word' id='word_1_65' title='bbox 1226 504 1337 534; x_wconf 87' lang='lat' dir='ltr'><strong>regum</strong></span> <span class='ocrx_word' id='word_1_66' title='bbox 1355 493 1483 534; x_wconf 88' lang='lat' dir='ltr'><strong>placere</strong></span> <span class='ocrx_word' id='word_1_67' title='bbox 1500 492 1719 523; x_wconf 76' lang='lat' dir='ltr'><strong>indubitanter</strong></span> <span class='ocrx_word' id='word_1_68' title='bbox 1735 491 1938 532; x_wconf 75' lang='lat' dir='ltr'><strong>extimemus,</strong></span> <span class='ocrx_word' id='word_1_69' title='bbox 1969 500 1982 520; x_wconf 73' lang='grc' dir='ltr'><strong>ι</strong></span> 
     </span>
     <span class='ocr_line' id='line_1_7' title="bbox 287 541 1940 587; baseline -0.003 -9"><span class='ocrx_word' id='word_1_70' title='bbox 287 547 364 579; x_wconf 91' lang='lat' dir='ltr'><strong>dum</strong></span> <span class='ocrx_word' id='word_1_71' title='bbox 393 548 425 578; x_wconf 91' lang='lat' dir='ltr'><strong>in</strong></span> <span class='ocrx_word' id='word_1_72' title='bbox 452 547 514 578; x_wconf 89' lang='lat' dir='ltr'><strong>hoc</strong></span> <span class='ocrx_word' id='word_1_73' title='bbox 544 546 736 578; x_wconf 68' lang='lat' dir='ltr'><strong>credamus‘*</strong></span> <span class='ocrx_word' id='word_1_74' title='bbox 763 556 876 587; x_wconf 87' lang='lat' dir='ltr'><strong>agere,</strong></span> <span class='ocrx_word' id='word_1_75' title='bbox 904 545 990 587; x_wconf 90' lang='lat' dir='ltr'><strong>quod</strong></span> <span class='ocrx_word' id='word_1_76' title='bbox 1020 546 1145 576; x_wconf 88' lang='lat' dir='ltr'><strong>iusticia</strong></span> <span class='ocrx_word' id='word_1_77' title='bbox 1174 545 1276 586; x_wconf 81' lang='lat' dir='ltr'><strong>exigit</strong></span> <span class='ocrx_word' id='word_1_78' title='bbox 1307 548 1340 575; x_wconf 83' lang='lat' dir='ltr'><strong>ct</strong></span> <span class='ocrx_word' id='word_1_79' title='bbox 1367 545 1510 586; x_wconf 87' lang='lat' dir='ltr'><strong>requirit.</strong></span> <span class='ocrx_word' id='word_1_80' title='bbox 1563 543 1712 575; x_wconf 83' lang='lat' dir='ltr'><strong>Secundo</strong></span> <span class='ocrx_word' id='word_1_81' title='bbox 1742 542 1829 584; x_wconf 91' lang='lat' dir='ltr'><strong>quod</strong></span> <span class='ocrx_word' id='word_1_82' title='bbox 1851 541 1940 574; x_wconf 84' lang='lat' dir='ltr'><strong>zelus</strong></span> 
     </span>
     <span class='ocr_line' id='line_1_8' title="bbox 287 592 1940 641; baseline -0.003 -12"><span class='ocrx_word' id='word_1_83' title='bbox 287 598 346 641; x_wconf 89' lang='lat' dir='ltr'><strong>e[t]</strong></span> <span class='ocrx_word' id='word_1_84' title='bbox 371 598 506 629; x_wconf 88' lang='lat' dir='ltr'><strong>devocio</strong></span> <span class='ocrx_word' id='word_1_85' title='bbox 530 598 622 629; x_wconf 90' lang='lat' dir='ltr'><strong>nobis</strong></span> <span class='ocrx_word' id='word_1_86' title='bbox 644 597 835 628; x_wconf 81' lang='lat' dir='ltr'><strong>naturaliter</strong></span> <span class='ocrx_word' id='word_1_87' title='bbox 857 601 930 628; x_wconf 90' lang='lat' dir='ltr'><strong>sunt</strong></span> <span class='ocrx_word' id='word_1_88' title='bbox 952 597 1052 628; x_wconf 84' lang='lat' dir='ltr'><strong>innati</strong></span> <span class='ocrx_word' id='word_1_89' title='bbox 1076 597 1161 628; x_wconf 88' lang='lat' dir='ltr'><strong>circa</strong></span> <span class='ocrx_word' id='word_1_90' title='bbox 1183 597 1353 637; x_wconf 91' lang='lat' dir='ltr'><strong>imperium</strong></span> <span class='ocrx_word' id='word_1_91' title='bbox 1376 598 1601 635; x_wconf 87' lang='lat' dir='ltr'><strong>memoratum,</strong></span> <span class='ocrx_word' id='word_1_92' title='bbox 1625 605 1663 626; x_wconf 92' lang='lat' dir='ltr'><strong>eo</strong></span> <span class='ocrx_word' id='word_1_93' title='bbox 1688 594 1774 636; x_wconf 93' lang='lat' dir='ltr'><strong>quod</strong></span> <span class='ocrx_word' id='word_1_94' title='bbox 1798 604 1839 625; x_wconf 85' lang='lat' dir='ltr'><strong>ex</strong></span> <span class='ocrx_word' id='word_1_95' title='bbox 1863 592 1940 636; x_wconf 85' lang='lat' dir='ltr'><strong>[suis</strong></span> 
     </span>
     <span class='ocr_line' id='line_1_9' title="bbox 285 645 1937 692; baseline -0.002 -12"><span class='ocrx_word' id='word_1_96' title='bbox 285 648 441 692; x_wconf 86' lang='lat' dir='ltr'><strong>au]gustis</strong></span> <span class='ocrx_word' id='word_1_97' title='bbox 471 649 561 689; x_wconf 88' lang='lat' dir='ltr'><strong>origo</strong></span> <span class='ocrx_word' id='word_1_98' title='bbox 589 650 698 679; x_wconf 89' lang='lat' dir='ltr'><strong>nostra</strong></span> <span class='ocrx_word' id='word_1_99' title='bbox 727 649 899 689; x_wconf 84' lang='lat' dir='ltr'><strong>processit,</strong></span> <span class='ocrx_word' id='word_1_100' title='bbox 926 647 1020 690; x_wconf 86' lang='lat' dir='ltr'><strong>[sicut</strong></span> <span class='ocrx_word' id='word_1_101' title='bbox 1043 647 1124 690; x_wconf 85' lang='lat' dir='ltr'><strong>est?]</strong></span> <span class='ocrx_word' id='word_1_102' title='bbox 1148 647 1317 678; x_wconf 86' lang='lat' dir='ltr'><strong>notorium.</strong></span> <span class='ocrx_word' id='word_1_103' title='bbox 1365 645 1530 689; x_wconf 89' lang='lat' dir='ltr'><strong>[Pro]inde</strong></span> <span class='ocrx_word' id='word_1_104' title='bbox 1555 647 1631 678; x_wconf 87' lang='lat' dir='ltr'><strong>satis</strong></span> <span class='ocrx_word' id='word_1_105' title='bbox 1654 649 1761 687; x_wconf 88' lang='lat' dir='ltr'><strong>paret,</strong></span> <span class='ocrx_word' id='word_1_106' title='bbox 1786 645 1874 687; x_wconf 90' lang='lat' dir='ltr'><strong>quod</strong></span> <span class='ocrx_word' id='word_1_107' title='bbox 1897 655 1937 676; x_wconf 86' lang='lat' dir='ltr'><strong>ex</strong></span> 
     </span>
     <span class='ocr_line' id='line_1_10' title="bbox 286 696 1938 742; baseline -0.002 -11"><span class='ocrx_word' id='word_1_108' title='bbox 286 711 386 742; x_wconf 90' lang='lat' dir='ltr'><strong>opere</strong></span> <span class='ocrx_word' id='word_1_109' title='bbox 411 699 610 731; x_wconf 77' lang='lat' dir='ltr'><strong>ostendimus</strong></span> <span class='ocrx_word' id='word_1_110' title='bbox 632 699 803 731; x_wconf 84' lang='lat' dir='ltr'><strong>manifeste</strong></span> <span class='ocrx_word' id='word_1_111' title='bbox 835 710 913 741; x_wconf 88' lang='lat' dir='ltr'><strong>erga</strong></span> <span class='ocrx_word' id='word_1_112' title='bbox 943 709 1114 740; x_wconf 82' lang='lat' dir='ltr'><strong>personam</strong></span> <span class='ocrx_word' id='word_1_113' title='bbox 1143 699 1285 730; x_wconf 84' lang='lat' dir='ltr'><strong>inclitam</strong></span> <span class='ocrx_word' id='word_1_114' title='bbox 1310 698 1431 729; x_wconf 91' lang='lat' dir='ltr'><strong>domini</strong></span> <span class='ocrx_word' id='word_1_115' title='bbox 1453 698 1587 729; x_wconf 88' lang='lat' dir='ltr'><strong>Henrici</strong></span> <span class='ocrx_word' id='word_1_116' title='bbox 1610 698 1766 728; x_wconf 87' lang='lat' dir='ltr'><strong>memorie</strong></span> <span class='ocrx_word' id='word_1_117' title='bbox 1791 696 1938 736; x_wconf 87' lang='lat' dir='ltr'><strong>celebris,</strong></span> 
     </span>
     <span class='ocr_line' id='line_1_11' title="bbox 285 748 1985 792; baseline -0.002 -10"><span class='ocrx_word' id='word_1_118' title='bbox 285 752 383 783; x_wconf 88' lang='lat' dir='ltr'><strong>vestri</strong></span> <span class='ocrx_word' id='word_1_119' title='bbox 412 752 443 782; x_wconf 94' lang='lat' dir='ltr'><strong>in</strong></span> <span class='ocrx_word' id='word_1_120' title='bbox 475 751 590 782; x_wconf 90' lang='lat' dir='ltr'><strong>eodem</strong></span> <span class='ocrx_word' id='word_1_121' title='bbox 619 751 754 791; x_wconf 88' lang='lat' dir='ltr'><strong>imperio</strong></span> <span class='ocrx_word' id='word_1_122' title='bbox 783 750 1036 792; x_wconf 81' lang='lat' dir='ltr'><strong>predecessoris,</strong></span> <span class='ocrx_word' id='word_1_123' title='bbox 1060 760 1118 791; x_wconf 92' lang='lat' dir='ltr'><strong>pro</strong></span> <span class='ocrx_word' id='word_1_124' title='bbox 1143 751 1233 781; x_wconf 88' lang='lat' dir='ltr'><strong>cuius</strong></span> <span class='ocrx_word' id='word_1_125' title='bbox 1257 750 1459 781; x_wconf 82' lang='lat' dir='ltr'><strong>exaltacione</strong></span> <span class='ocrx_word' id='word_1_126' title='bbox 1491 752 1524 780; x_wconf 91' lang='lat' dir='ltr'><strong>et</strong></span> <span class='ocrx_word' id='word_1_127' title='bbox 1547 749 1688 780; x_wconf 90' lang='lat' dir='ltr'><strong>dominio</strong></span> <span class='ocrx_word' id='word_1_128' title='bbox 1712 748 1939 790; x_wconf 89' lang='lat' dir='ltr'><strong>promovendis</strong></span> <span class='ocrx_word' id='word_1_129' title='bbox 1960 757 1985 775; x_wconf 84' lang='lat'><strong>¹⁰</strong></span> 
     </span>
     <span class='ocr_line' id='line_1_12' title="bbox 287 799 1939 844; baseline -0.002 -11"><span class='ocrx_word' id='word_1_130' title='bbox 287 802 427 844; x_wconf 82' lang='lat' dir='ltr'><strong>grandes</strong></span> <span class='ocrx_word' id='word_1_131' title='bbox 451 813 612 843; x_wconf 82' lang='lat' dir='ltr'><strong>expensas</strong></span> <span class='ocrx_word' id='word_1_132' title='bbox 643 802 816 833; x_wconf 89' lang='lat' dir='ltr'><strong>subicimus</strong></span> <span class='ocrx_word' id='word_1_133' title='bbox 845 801 974 833; x_wconf 87' lang='lat' dir='ltr'><strong>labores</strong></span> <span class='ocrx_word' id='word_1_134' title='bbox 997 801 1152 843; x_wconf 87' lang='lat' dir='ltr'><strong>plurimos</strong></span> <span class='ocrx_word' id='word_1_135' title='bbox 1176 805 1209 832; x_wconf 91' lang='lat' dir='ltr'><strong>et</strong></span> <span class='ocrx_word' id='word_1_136' title='bbox 1231 801 1374 842; x_wconf 88' lang='lat' dir='ltr'><strong>pericula</strong></span> <span class='ocrx_word' id='word_1_137' title='bbox 1398 799 1625 843; x_wconf 75' lang='lat' dir='ltr'><strong>[su]stinendo,</strong></span> <span class='ocrx_word' id='word_1_138' title='bbox 1653 800 1693 831; x_wconf 93' lang='lat' dir='ltr'><strong>ob</strong></span> <span class='ocrx_word' id='word_1_139' title='bbox 1718 811 1813 842; x_wconf 86' lang='lat' dir='ltr'><strong>quam</strong></span> <span class='ocrx_word' id='word_1_140' title='bbox 1837 800 1939 831; x_wconf 89' lang='lat' dir='ltr'><strong>eciam</strong></span> 
     </span>
     <span class='ocr_line' id='line_1_13' title="bbox 287 851 1941 895; baseline -0.002 -10"><span class='ocrx_word' id='word_1_141' title='bbox 287 864 418 885; x_wconf 89' lang='lat' dir='ltr'><strong>causam</strong></span> <span class='ocrx_word' id='word_1_142' title='bbox 443 853 666 884; x_wconf 90' lang='lat' dir='ltr'><strong>tantummodo</strong></span> <span class='ocrx_word' id='word_1_143' title='bbox 689 853 777 884; x_wconf 88' lang='lat' dir='ltr'><strong>varie</strong></span> <span class='ocrx_word' id='word_1_144' title='bbox 801 852 893 884; x_wconf 90' lang='lat' dir='ltr'><strong>nobis</strong></span> <span class='ocrx_word' id='word_1_145' title='bbox 910 853 1000 884; x_wconf 81' lang='lat' dir='ltr'><strong>fuere</strong></span> <span class='ocrx_word' id='word_1_146' title='bbox 1017 854 1262 894; x_wconf 89' lang='lat' dir='ltr'><strong>persecuciones</strong></span> <span class='ocrx_word' id='word_1_147' title='bbox 1278 853 1378 884; x_wconf 86' lang='lat' dir='ltr'><strong>illate.</strong></span> <span class='ocrx_word' id='word_1_148' title='bbox 1416 852 1497 883; x_wconf 86' lang='lat' dir='ltr'><strong>Iusti</strong></span> <span class='ocrx_word' id='word_1_149' title='bbox 1512 851 1648 895; x_wconf 89' lang='lat' dir='ltr'><strong>[manus]</strong></span> <span class='ocrx_word' id='word_1_150' title='bbox 1664 851 1779 883; x_wconf 90' lang='lat' dir='ltr'><strong>iudicis</strong></span> <span class='ocrx_word' id='word_1_151' title='bbox 1795 851 1941 891; x_wconf 87' lang='lat' dir='ltr'><strong>dextera,</strong></span> 
     </span>
     <span class='ocr_line' id='line_1_14' title="bbox 286 903 1941 946; baseline -0.002 -10"><span class='ocrx_word' id='word_1_152' title='bbox 286 906 340 946; x_wconf 93' lang='lat' dir='ltr'><strong>qui</strong></span> <span class='ocrx_word' id='word_1_153' title='bbox 364 905 576 936; x_wconf 88' lang='lat' dir='ltr'><strong>recitudinem</strong></span> <span class='ocrx_word' id='word_1_154' title='bbox 604 903 735 946; x_wconf 91' lang='lat' dir='ltr'><strong>[dili]git</strong></span> <span class='ocrx_word' id='word_1_155' title='bbox 759 907 792 935; x_wconf 88' lang='lat' dir='ltr'><strong>et</strong></span> <span class='ocrx_word' id='word_1_156' title='bbox 815 905 991 946; x_wconf 88' lang='lat' dir='ltr'><strong>equitatem</strong></span> <span class='ocrx_word' id='word_1_157' title='bbox 1017 904 1155 946; x_wconf 84' lang='lat' dir='ltr'><strong>deprimi</strong></span> <span class='ocrx_word' id='word_1_158' title='bbox 1177 915 1241 936; x_wconf 91' lang='lat' dir='ltr'><strong>non</strong></span> <span class='ocrx_word' id='word_1_159' title='bbox 1257 904 1424 945; x_wconf 86' lang='lat' dir='ltr'><strong>permittit,</strong></span> <span class='ocrx_word' id='word_1_160' title='bbox 1440 907 1622 935; x_wconf 89' lang='lat' dir='ltr'><strong>nostrorum</strong></span> <span class='ocrx_word' id='word_1_161' title='bbox 1638 903 1787 934; x_wconf 88' lang='lat' dir='ltr'><strong>contrivit</strong></span> <span class='ocrx_word' id='word_1_162' title='bbox 1801 903 1941 933; x_wconf 88' lang='lat' dir='ltr'><strong>hostium</strong></span> 
     </span>
     <span class='ocr_line' id='line_1_15' title="bbox 285 954 1942 997; baseline -0.001 -11"><span class='ocrx_word' id='word_1_163' title='bbox 285 957 425 997; x_wconf 87' lang='lat' dir='ltr'><strong>impetus</strong></span> <span class='ocrx_word' id='word_1_164' title='bbox 455 960 488 987; x_wconf 90' lang='lat' dir='ltr'><strong>et</strong></span> <span class='ocrx_word' id='word_1_165' title='bbox 516 958 649 987; x_wconf 85' lang='lat' dir='ltr'><strong>conatus</strong></span> <span class='ocrx_word' id='word_1_166' title='bbox 681 979 687 986; x_wconf 93' lang='lat'>.</span> <span class='ocrx_word' id='word_1_167' title='bbox 711 980 717 986; x_wconf 93' lang='lat'><em>.</em></span> <span class='ocrx_word' id='word_1_168' title='bbox 741 979 748 986; x_wconf 88' lang='lat'>.</span> <span class='ocrx_word' id='word_1_169' title='bbox 774 955 802 986; x_wconf 55' lang='grc' dir='ltr'><strong>,ι’</strong></span> <span class='ocrx_word' id='word_1_170' title='bbox 831 959 941 987; x_wconf 87' lang='lat' dir='ltr'><strong>nostro</strong></span> <span class='ocrx_word' id='word_1_171' title='bbox 972 956 1115 987; x_wconf 86' lang='lat' dir='ltr'><strong>maximo</strong></span> <span class='ocrx_word' id='word_1_172' title='bbox 1139 965 1260 997; x_wconf 89' lang='lat' dir='ltr'><strong>eosque</strong></span> <span class='ocrx_word' id='word_1_173' title='bbox 1283 955 1393 986; x_wconf 89' lang='lat' dir='ltr'><strong>hostes</strong></span> <span class='ocrx_word' id='word_1_174' title='bbox 1425 965 1463 986; x_wconf 84' lang='lat' dir='ltr'><strong>ac</strong></span> <span class='ocrx_word' id='word_1_175' title='bbox 1486 965 1597 986; x_wconf 84' lang='lat' dir='ltr'><strong>eorum</strong></span> <span class='ocrx_word' id='word_1_176' title='bbox 1622 979 1630 986; x_wconf 91' lang='lat'>.</span> <span class='ocrx_word' id='word_1_177' title='bbox 1651 979 1658 986; x_wconf 90' lang='lat'>.</span> <span class='ocrx_word' id='word_1_178' title='bbox 1683 980 1689 986; x_wconf 92' lang='lat'><em>.</em></span> <span class='ocrx_word' id='word_1_179' title='bbox 1711 954 1741 986; x_wconf 73' lang='lat'><strong>‚¹³</strong></span> <span class='ocrx_word' id='word_1_180' title='bbox 1784 954 1942 985; x_wconf 91' lang='lat' dir='ltr'><strong>Dominus</strong></span> 
     </span>
     <span class='ocr_line' id='line_1_16' title="bbox 287 1005 1985 1049; baseline -0.002 -11"><span class='ocrx_word' id='word_1_181' title='bbox 287 1008 487 1039; x_wconf 86' lang='lat' dir='ltr'><strong>exercituum</strong></span> <span class='ocrx_word' id='word_1_182' title='bbox 518 1018 575 1048; x_wconf 90' lang='lat' dir='ltr'><strong>per</strong></span> <span class='ocrx_word' id='word_1_183' title='bbox 602 1017 692 1037; x_wconf 86' lang='lat' dir='ltr'><strong>suam</strong></span> <span class='ocrx_word' id='word_1_184' title='bbox 721 1006 975 1038; x_wconf 85' lang='lat' dir='ltr'><strong>misericordiam</strong></span> <span class='ocrx_word' id='word_1_185' title='bbox 1004 1005 1076 1049; x_wconf 84' lang='lat' dir='ltr'><strong>[de?</strong></span> <span class='ocrx_word' id='word_1_186' title='bbox 1108 1006 1214 1049; x_wconf 79' lang='lat' dir='ltr'><strong>re]gni</strong></span> <span class='ocrx_word' id='word_1_187' title='bbox 1243 1007 1342 1037; x_wconf 90' lang='lat' dir='ltr'><strong>nostri</strong></span> <span class='ocrx_word' id='word_1_188' title='bbox 1370 1006 1486 1037; x_wconf 89' lang='lat' dir='ltr'><strong>finibus</strong></span> <span class='ocrx_word' id='word_1_189' title='bbox 1509 1005 1669 1048; x_wconf 85' lang='lat' dir='ltr'><strong>efugavit,</strong></span> <span class='ocrx_word' id='word_1_190' title='bbox 1693 1005 1779 1047; x_wconf 89' lang='lat' dir='ltr'><strong>quod</strong></span> <span class='ocrx_word' id='word_1_191' title='bbox 1802 1008 1942 1037; x_wconf 82' lang='lat' dir='ltr'><strong>vestram</strong></span> <span class='ocrx_word' id='word_1_192' title='bbox 1962 1015 1985 1034; x_wconf 70' lang='grc' dir='ltr'><strong>ιε</strong></span> 
     </span>
     <span class='ocr_line' id='line_1_17' title="bbox 287 1056 1942 1100; baseline -0.001 -11"><span class='ocrx_word' id='word_1_193' title='bbox 287 1057 544 1100; x_wconf 80' lang='lat' dir='ltr'><strong>[excelleJnciam</strong></span> <span class='ocrx_word' id='word_1_194' title='bbox 570 1057 729 1088; x_wconf 90' lang='lat' dir='ltr'><strong>credimus</strong></span> <span class='ocrx_word' id='word_1_195' title='bbox 752 1068 816 1088; x_wconf 92' lang='lat' dir='ltr'><strong>non</strong></span> <span class='ocrx_word' id='word_1_196' title='bbox 839 1057 952 1088; x_wconf 89' lang='lat' dir='ltr'><strong>latere.</strong></span> <span class='ocrx_word' id='word_1_197' title='bbox 999 1057 1137 1099; x_wconf 87' lang='lat' dir='ltr'><strong>Semper</strong></span> <span class='ocrx_word' id='word_1_198' title='bbox 1160 1058 1245 1089; x_wconf 90' lang='lat' dir='ltr'><strong>enim</strong></span> <span class='ocrx_word' id='word_1_199' title='bbox 1269 1057 1542 1089; x_wconf 80' lang='lat' dir='ltr'><strong>confortacionem</strong></span> <span class='ocrx_word' id='word_1_200' title='bbox 1565 1058 1756 1088; x_wconf 82' lang='lat' dir='ltr'><strong>assumimus</strong></span> <span class='ocrx_word' id='word_1_201' title='bbox 1778 1058 1809 1088; x_wconf 92' lang='lat' dir='ltr'><strong>in</strong></span> <span class='ocrx_word' id='word_1_202' title='bbox 1832 1056 1942 1096; x_wconf 86' lang='lat' dir='ltr'><strong>verbo,</strong></span> 
     </span>
     <span class='ocr_line' id='line_1_18' title="bbox 286 1107 1942 1151; baseline -0.001 -11"><span class='ocrx_word' id='word_1_203' title='bbox 286 1109 373 1150; x_wconf 92' lang='lat' dir='ltr'><strong>quod</strong></span> <span class='ocrx_word' id='word_1_204' title='bbox 396 1110 426 1139; x_wconf 88' lang='lat' dir='ltr'><strong>in</strong></span> <span class='ocrx_word' id='word_1_205' title='bbox 451 1107 582 1151; x_wconf 65' lang='lat' dir='ltr'><strong>[nosqro</strong></span> <span class='ocrx_word' id='word_1_206' title='bbox 605 1108 774 1149; x_wconf 85' lang='lat' dir='ltr'><strong>evangelio</strong></span> <span class='ocrx_word' id='word_1_207' title='bbox 797 1109 930 1149; x_wconf 85' lang='lat' dir='ltr'><strong>legitur:</strong></span> <span class='ocrx_word' id='word_1_208' title='bbox 955 1108 1062 1139; x_wconf 84' lang='lat' dir='ltr'><strong>‘Beati</strong></span> <span class='ocrx_word' id='word_1_209' title='bbox 1085 1109 1139 1149; x_wconf 92' lang='lat' dir='ltr'><strong>qui</strong></span> <span class='ocrx_word' id='word_1_210' title='bbox 1162 1107 1436 1150; x_wconf 84' lang='lat' dir='ltr'><strong>persecucione[m</strong></span> <span class='ocrx_word' id='word_1_211' title='bbox 1459 1108 1605 1150; x_wconf 88' lang='lat' dir='ltr'><strong>propter]</strong></span> <span class='ocrx_word' id='word_1_212' title='bbox 1627 1108 1787 1140; x_wconf 86' lang='lat' dir='ltr'><strong>iusticiam</strong></span> <span class='ocrx_word' id='word_1_213' title='bbox 1810 1108 1942 1150; x_wconf 89' lang='lat' dir='ltr'><strong>paciun-</strong></span> 
     </span>
     <span class='ocr_line' id='line_1_19' title="bbox 285 1159 1943 1201; baseline 0.001 -11"><span class='ocrx_word' id='word_1_214' title='bbox 285 1159 376 1190; x_wconf 81' lang='lat' dir='ltr'><strong>tur’1.</strong></span> <span class='ocrx_word' id='word_1_215' title='bbox 417 1159 485 1190; x_wconf 88' lang='lat' dir='ltr'><strong>Nos</strong></span> <span class='ocrx_word' id='word_1_216' title='bbox 509 1159 628 1189; x_wconf 89' lang='lat' dir='ltr'><strong>etenim</strong></span> <span class='ocrx_word' id='word_1_217' title='bbox 652 1159 694 1189; x_wconf 91' lang='lat' dir='ltr'><strong>ad</strong></span> <span class='ocrx_word' id='word_1_218' title='bbox 719 1168 768 1199; x_wconf 90' lang='lat' dir='ltr'><strong>ea,</strong></span> <span class='ocrx_word' id='word_1_219' title='bbox 793 1169 856 1200; x_wconf 91' lang='lat' dir='ltr'><strong>que</strong></span> <span class='ocrx_word' id='word_1_220' title='bbox 873 1159 973 1190; x_wconf 84' lang='lat' dir='ltr'><strong>vestri</strong></span> <span class='ocrx_word' id='word_1_221' title='bbox 997 1159 1144 1190; x_wconf 89' lang='lat' dir='ltr'><strong>culminis</strong></span> <span class='ocrx_word' id='word_1_222' title='bbox 1167 1159 1342 1200; x_wconf 82' lang='lat' dir='ltr'><strong>respiciant</strong></span> <span class='ocrx_word' id='word_1_223' title='bbox 1365 1159 1565 1190; x_wconf 84' lang='lat' dir='ltr'><strong>incrementa</strong></span> <span class='ocrx_word' id='word_1_224' title='bbox 1589 1163 1744 1201; x_wconf 86' lang='lat' dir='ltr'><strong>quantum</strong></span> <span class='ocrx_word' id='word_1_225' title='bbox 1765 1160 1943 1201; x_wconf 86' lang='lat' dir='ltr'><strong>poterimus</strong></span> 
     </span>
     <span class='ocr_line' id='line_1_20' title="bbox 285 1208 1942 1252; baseline 0 -12"><span class='ocrx_word' id='word_1_226' title='bbox 285 1210 489 1250; x_wconf 86' lang='lat' dir='ltr'><strong>diligenciam</strong></span> <span class='ocrx_word' id='word_1_227' title='bbox 519 1209 676 1239; x_wconf 88' lang='lat' dir='ltr'><strong>adhibere</strong></span> <span class='ocrx_word' id='word_1_228' title='bbox 700 1209 898 1248; x_wconf 78' lang='lat' dir='ltr'><strong>curabimus,</strong></span> <span class='ocrx_word' id='word_1_229' title='bbox 923 1210 968 1240; x_wconf 89' lang='lat' dir='ltr'><strong>sic</strong></span> <span class='ocrx_word' id='word_1_230' title='bbox 991 1209 1078 1250; x_wconf 91' lang='lat' dir='ltr'><strong>quod</strong></span> <span class='ocrx_word' id='word_1_231' title='bbox 1103 1210 1209 1250; x_wconf 90' lang='lat' dir='ltr'><strong>operis</strong></span> <span class='ocrx_word' id='word_1_232' title='bbox 1238 1208 1423 1252; x_wconf 89' lang='lat' dir='ltr'><strong>[co]lligetis</strong></span> <span class='ocrx_word' id='word_1_233' title='bbox 1447 1209 1597 1241; x_wconf 83' lang='lat' dir='ltr'><strong>effectum</strong></span> <span class='ocrx_word' id='word_1_234' title='bbox 1623 1234 1629 1241; x_wconf 95' lang='lat'><strong>.</strong></span> <span class='ocrx_word' id='word_1_235' title='bbox 1648 1235 1654 1241; x_wconf 95' lang='lat'>.</span> <span class='ocrx_word' id='word_1_236' title='bbox 1673 1235 1679 1241; x_wconf 91' lang='lat'><strong>.</strong></span> <span class='ocrx_word' id='word_1_237' title='bbox 1699 1210 1726 1242; x_wconf 62' lang='lat' dir='ltr'><strong>‚b</strong></span> <span class='ocrx_word' id='word_1_238' title='bbox 1749 1221 1813 1241; x_wconf 84' lang='lat' dir='ltr'><strong>una</strong></span> <span class='ocrx_word' id='word_1_239' title='bbox 1834 1210 1942 1242; x_wconf 85' lang='lat' dir='ltr'><strong>vobis—</strong></span> 
     </span>
     <span class='ocr_line' id='line_1_21' title="bbox 284 1259 1987 1300; baseline 0 -9"><span class='ocrx_word' id='word_1_240' title='bbox 284 1271 355 1291; x_wconf 88' lang='lat' dir='ltr'><strong>cum</strong></span> <span class='ocrx_word' id='word_1_241' title='bbox 378 1261 410 1290; x_wconf 90' lang='lat' dir='ltr'><strong>in</strong></span> <span class='ocrx_word' id='word_1_242' title='bbox 435 1260 571 1291; x_wconf 88' lang='lat' dir='ltr'><strong>eandem</strong></span> <span class='ocrx_word' id='word_1_243' title='bbox 596 1259 714 1290; x_wconf 88' lang='lat' dir='ltr'><strong>amoris</strong></span> <span class='ocrx_word' id='word_1_244' title='bbox 738 1262 771 1290; x_wconf 89' lang='lat' dir='ltr'><strong>et</strong></span> <span class='ocrx_word' id='word_1_245' title='bbox 793 1259 870 1290; x_wconf 85' lang='lat' dir='ltr'><strong>fidei</strong></span> <span class='ocrx_word' id='word_1_246' title='bbox 893 1260 1036 1300; x_wconf 82' lang='lat' dir='ltr'><strong>graciam</strong></span> <span class='ocrx_word' id='word_1_247' title='bbox 1060 1261 1239 1291; x_wconf 86' lang='lat' dir='ltr'><strong>convenire.</strong></span> <span class='ocrx_word' id='word_1_248' title='bbox 1960 1270 1987 1290; x_wconf 79' lang='lat'><strong>2⁰</strong></span> 
     </span>
    </p>
   </div>
   <div class='ocr_carea' id='block_1_3' title="bbox 422 1499 1800 1594">
    <p class='ocr_par' dir='ltr' id='par_1_3' title="bbox 422 1499 1800 1594">
     <span class='ocr_line' id='line_1_22' title="bbox 422 1499 1800 1594; baseline 0.001 -57"><span class='ocrx_word' id='word_1_249' title='bbox 422 1501 497 1537; x_wconf 76' lang='lat'>267.</span> <span class='ocrx_word' id='word_1_250' title='bbox 533 1499 810 1539; x_wconf 83' lang='lat' dir='ltr'>SCRIPTUM</span> <span class='ocrx_word' id='word_1_251' title='bbox 837 1501 1325 1594; x_wconf 48' lang='grc' dir='ltr'><strong>ΕΒΙΙΞξΤΒΙἘῗὲΙξὲξνΕΒ</strong></span> <span class='ocrx_word' id='word_1_252' title='bbox 1348 1501 1560 1540; x_wconf 87' lang='lat' dir='ltr'><strong>OFFICIO</strong></span> <span class='ocrx_word' id='word_1_253' title='bbox 1583 1501 1800 1539; x_wconf 86' lang='lat' dir='ltr'>MONETE</span> 
     </span>
    </p>
   </div>
   <div class='ocr_carea' id='block_1_4' title="bbox 973 1630 1263 1666">
    <p class='ocr_par' dir='ltr' id='par_1_4' title="bbox 973 1630 1263 1666">
     <span class='ocr_line' id='line_1_23' title="bbox 973 1630 1263 1666; baseline 0.003 -1"><span class='ocrx_word' id='word_1_254' title='bbox 973 1630 1081 1666; x_wconf 88' lang='grc'>1315.</span> <span class='ocrx_word' id='word_1_255' title='bbox 1123 1630 1207 1666; x_wconf 83' lang='lat' dir='ltr'><strong>Mai.</strong></span> <span class='ocrx_word' id='word_1_256' title='bbox 1230 1631 1263 1666; x_wconf 88' lang='lat'><strong>3.</strong></span> 
     </span>
    </p>
   </div>
   <div class='ocr_carea' id='block_1_5' title="bbox 284 1732 1987 1825">
    <p class='ocr_par' dir='ltr' id='par_1_5' title="bbox 284 1732 1987 1825">
     <span class='ocr_line' id='line_1_24' title="bbox 395 1732 1942 1774; baseline 0.001 -10"><span class='ocrx_word' id='word_1_257' title='bbox 395 1732 556 1773; x_wconf 75' lang='lat' dir='ltr'><strong>Oriyinalc</strong></span> <span class='ocrx_word' id='word_1_258' title='bbox 591 1734 626 1764; x_wconf 84' lang='lat' dir='ltr'><strong>in</strong></span> <span class='ocrx_word' id='word_1_259' title='bbox 665 1734 824 1765; x_wconf 77' lang='lat' dir='ltr'><strong>tabulario</strong></span> <span class='ocrx_word' id='word_1_260' title='bbox 855 1733 997 1774; x_wconf 70' lang='lat' dir='ltr'><strong>ye‘nerali</strong></span> <span class='ocrx_word' id='word_1_261' title='bbox 1030 1734 1120 1773; x_wconf 76' lang='lat' dir='ltr'><strong>reym&#39;</strong></span> <span class='ocrx_word' id='word_1_262' title='bbox 1146 1733 1316 1765; x_wconf 74' lang='lat' dir='ltr'><strong>Bawarici</strong></span> <span class='ocrx_word' id='word_1_263' title='bbox 1345 1733 1564 1765; x_wconf 80' lang='lat' dir='ltr'><strong>‘Kaiserselect</strong></span> <span class='ocrx_word' id='word_1_264' title='bbox 1590 1732 1767 1774; x_wconf 77' lang='lat' dir='ltr'><strong>Nachtray&#39;</strong></span> <span class='ocrx_word' id='word_1_265' title='bbox 1797 1744 1848 1765; x_wconf 83' lang='lat' dir='ltr'><strong>nr.</strong></span> <span class='ocrx_word' id='word_1_266' title='bbox 1870 1734 1942 1766; x_wconf 87' lang='lat'><strong><em>183.</em></strong></span> 
     </span>
     <span class='ocr_line' id='line_1_25' title="bbox 284 1783 1987 1825; baseline 0.001 -11"><span class='ocrx_word' id='word_1_267' title='bbox 284 1783 528 1823; x_wconf 80' lang='lat' dir='ltr'><strong>Descripsimus</strong></span> <span class='ocrx_word' id='word_1_268' title='bbox 551 1795 616 1816; x_wconf 83' lang='lat' dir='ltr'><strong>nos.</strong></span> <span class='ocrx_word' id='word_1_269' title='bbox 663 1785 783 1816; x_wconf 77' lang='lat' dir='ltr'><strong>Pendet</strong></span> <span class='ocrx_word' id='word_1_270' title='bbox 806 1785 945 1825; x_wconf 74' lang='lat' dir='ltr'><strong>siyillum</strong></span> <span class='ocrx_word' id='word_1_271' title='bbox 968 1785 1087 1816; x_wconf 81' lang='lat' dir='ltr'><strong>laesum</strong></span> <span class='ocrx_word' id='word_1_272' title='bbox 1111 1784 1176 1816; x_wconf 82' lang='lat' dir='ltr'><strong>loro</strong></span> <span class='ocrx_word' id='word_1_273' title='bbox 1197 1785 1439 1816; x_wconf 81' lang='lat' dir='ltr'><strong>membranaceo.</strong></span> <span class='ocrx_word' id='word_1_274' title='bbox 1961 1799 1987 1819; x_wconf 59' lang='grc' dir='ltr'><strong>ς,</strong></span> 
     </span>
    </p>
   </div>
   <div class='ocr_carea' id='block_1_6' title="bbox 392 1843 1236 1884">
    <p class='ocr_par' dir='ltr' id='par_1_6' title="bbox 392 1843 1236 1884">
     <span class='ocr_line' id='line_1_26' title="bbox 392 1843 1236 1884; baseline 0.001 -9"><span class='ocrx_word' id='word_1_275' title='bbox 392 1843 541 1882; x_wconf 76' lang='lat' dir='ltr'><strong>Bo&#39;hmer,</strong></span> <span class='ocrx_word' id='word_1_276' title='bbox 566 1844 641 1884; x_wconf 78' lang='lat' dir='ltr'><strong>Rey.</strong></span> <span class='ocrx_word' id='word_1_277' title='bbox 658 1844 770 1876; x_wconf 84' lang='lat' dir='ltr'><strong>Ludw.</strong></span> <span class='ocrx_word' id='word_1_278' title='bbox 788 1855 824 1884; x_wconf 78' lang='lat' dir='ltr'><strong>p.</strong></span> <span class='ocrx_word' id='word_1_279' title='bbox 842 1846 906 1875; x_wconf 85' lang='lat'><strong>166</strong></span> <span class='ocrx_word' id='word_1_280' title='bbox 928 1844 1097 1876; x_wconf 76' lang='lat' dir='ltr'><strong>Friedrich</strong></span> <span class='ocrx_word' id='word_1_281' title='bbox 1119 1854 1169 1876; x_wconf 80' lang='lat' dir='ltr'><strong>nr.</strong></span> <span class='ocrx_word' id='word_1_282' title='bbox 1185 1846 1236 1876; x_wconf 89' lang='lat'><strong>35.</strong></span> 
     </span>
    </p>
   </div>
   <div class='ocr_carea' id='block_1_7' title="bbox 285 1937 1992 2443">
    <p class='ocr_par' dir='ltr' id='par_1_7' title="bbox 285 1937 1992 2443">
     <span class='ocr_line' id='line_1_27' title="bbox 395 1937 1945 1980; baseline 0.002 -12"><span class='ocrx_word' id='word_1_283' title='bbox 395 1937 463 1968; x_wconf 89' lang='lat' dir='ltr'><strong>Nos</strong></span> <span class='ocrx_word' id='word_1_284' title='bbox 493 1937 676 1968; x_wconf 83' lang='lat' dir='ltr'><strong>Fridericus</strong></span> <span class='ocrx_word' id='word_1_285' title='bbox 710 1937 774 1969; x_wconf 92' lang='lat' dir='ltr'><strong>Dei</strong></span> <span class='ocrx_word' id='word_1_286' title='bbox 807 1939 917 1979; x_wconf 89' lang='lat' dir='ltr'><strong>gracia</strong></span> <span class='ocrx_word' id='word_1_287' title='bbox 951 1937 1172 1969; x_wconf 84' lang='lat' dir='ltr'><strong>Romanorum</strong></span> <span class='ocrx_word' id='word_1_288' title='bbox 1207 1948 1264 1969; x_wconf 86' lang='lat' dir='ltr'><strong>rex</strong></span> <span class='ocrx_word' id='word_1_289' title='bbox 1301 1948 1430 1979; x_wconf 88' lang='lat' dir='ltr'><strong>semper</strong></span> <span class='ocrx_word' id='word_1_290' title='bbox 1461 1941 1616 1980; x_wconf 88' lang='lat' dir='ltr'><strong>augustus</strong></span> <span class='ocrx_word' id='word_1_291' title='bbox 1649 1939 1691 1971; x_wconf 84' lang='lat' dir='ltr'><strong>ad</strong></span> <span class='ocrx_word' id='word_1_292' title='bbox 1725 1940 1945 1972; x_wconf 86' lang='lat' dir='ltr'><strong>universorum</strong></span> 
     </span>
     <span class='ocr_line' id='line_1_28' title="bbox 285 1988 1948 2030; baseline 0.003 -12"><span class='ocrx_word' id='word_1_293' title='bbox 285 1988 438 2019; x_wconf 88' lang='lat' dir='ltr'><strong>noticiam</strong></span> <span class='ocrx_word' id='word_1_294' title='bbox 470 1988 619 2019; x_wconf 81' lang='lat' dir='ltr'><strong>volumus</strong></span> <span class='ocrx_word' id='word_1_295' title='bbox 650 1989 832 2029; x_wconf 89' lang='lat' dir='ltr'><strong>pervenire,</strong></span> <span class='ocrx_word' id='word_1_296' title='bbox 870 1989 956 2030; x_wconf 89' lang='lat' dir='ltr'><strong>quod</strong></span> <span class='ocrx_word' id='word_1_297' title='bbox 992 1990 1067 2030; x_wconf 89' lang='lat' dir='ltr'><strong>quia</strong></span> <span class='ocrx_word' id='word_1_298' title='bbox 1102 1989 1259 2021; x_wconf 88' lang='lat' dir='ltr'><strong>discretus</strong></span> <span class='ocrx_word' id='word_1_299' title='bbox 1293 1990 1341 2021; x_wconf 87' lang='lat' dir='ltr'><strong>vir</strong></span> <span class='ocrx_word' id='word_1_300' title='bbox 1369 1989 1584 2021; x_wconf 89' lang='lat' dir='ltr'><strong>Winmannus</strong></span> <span class='ocrx_word' id='word_1_301' title='bbox 1618 1991 1695 2022; x_wconf 91' lang='lat' dir='ltr'><strong>civis</strong></span> <span class='ocrx_word' id='word_1_302' title='bbox 1725 1991 1948 2023; x_wconf 86' lang='lat' dir='ltr'><strong>Lindowensis</strong></span> 
     </span>
     <span class='ocr_line' id='line_1_29' title="bbox 286 2037 1949 2084; baseline 0.004 -16"><span class='ocrx_word' id='word_1_303' title='bbox 286 2037 391 2068; x_wconf 91' lang='lat' dir='ltr'><strong>fidelis</strong></span> <span class='ocrx_word' id='word_1_304' title='bbox 419 2042 528 2070; x_wconf 91' lang='lat' dir='ltr'><strong>noster</strong></span> <span class='ocrx_word' id='word_1_305' title='bbox 552 2039 688 2070; x_wconf 85' lang='lat' dir='ltr'><strong>dilectus</strong></span> <span class='ocrx_word' id='word_1_306' title='bbox 717 2040 859 2071; x_wconf 86' lang='lat' dir='ltr'><strong>officium</strong></span> <span class='ocrx_word' id='word_1_307' title='bbox 888 2043 1019 2071; x_wconf 89' lang='lat' dir='ltr'><strong>monete</strong></span> <span class='ocrx_word' id='word_1_308' title='bbox 1048 2041 1079 2070; x_wconf 91' lang='lat' dir='ltr'><strong>in</strong></span> <span class='ocrx_word' id='word_1_309' title='bbox 1103 2040 1239 2071; x_wconf 71' lang='lat' dir='ltr'><strong>Lindow</strong></span> <span class='ocrx_word' id='word_1_310' title='bbox 1263 2040 1425 2082; x_wconf 89' lang='lat' dir='ltr'><strong>quondam</strong></span> <span class='ocrx_word' id='word_1_311' title='bbox 1450 2040 1622 2073; x_wconf 86' lang='lat' dir='ltr'><strong>Chunrado</strong></span> <span class='ocrx_word' id='word_1_312' title='bbox 1645 2041 1743 2074; x_wconf 87' lang='lat' dir='ltr'><strong>Holle</strong></span> <span class='ocrx_word' id='word_1_313' title='bbox 1771 2042 1949 2084; x_wconf 87' lang='lat' dir='ltr'><strong>obligatum</strong></span> 
     </span>
     <span class='ocr_line' id='line_1_30' title="bbox 286 2090 1992 2135; baseline 0.004 -16"><span class='ocrx_word' id='word_1_314' title='bbox 286 2099 344 2128; x_wconf 90' lang='lat' dir='ltr'><strong>pro</strong></span> <span class='ocrx_word' id='word_1_315' title='bbox 369 2090 500 2130; x_wconf 88' lang='lat' dir='ltr'><strong>triginta</strong></span> <span class='ocrx_word' id='word_1_316' title='bbox 524 2091 641 2121; x_wconf 87' lang='lat' dir='ltr'><strong>marcis</strong></span> <span class='ocrx_word' id='word_1_317' title='bbox 664 2091 789 2132; x_wconf 85' lang='lat' dir='ltr'><strong>argenti</strong></span> <span class='ocrx_word' id='word_1_318' title='bbox 817 2090 970 2132; x_wconf 86' lang='lat' dir='ltr'><strong>ponderis</strong></span> <span class='ocrx_word' id='word_1_319' title='bbox 995 2090 1283 2133; x_wconf 88' lang='lat' dir='ltr'><strong>Const(anciensis)</strong></span> <span class='ocrx_word' id='word_1_320' title='bbox 1307 2091 1445 2123; x_wconf 85' lang='lat' dir='ltr'><strong>absolvit</strong></span> <span class='ocrx_word' id='word_1_321' title='bbox 1472 2096 1505 2124; x_wconf 87' lang='lat' dir='ltr'><strong>et</strong></span> <span class='ocrx_word' id='word_1_322' title='bbox 1531 2094 1662 2135; x_wconf 87' lang='lat' dir='ltr'><strong>insuper</strong></span> <span class='ocrx_word' id='word_1_323' title='bbox 1684 2094 1796 2135; x_wconf 90' lang='lat' dir='ltr'><strong>viginti</strong></span> <span class='ocrx_word' id='word_1_324' title='bbox 1823 2105 1948 2126; x_wconf 84' lang='lat' dir='ltr'><strong>marcas</strong></span> <span class='ocrx_word' id='word_1_325' title='bbox 1967 2107 1992 2126; x_wconf 80' lang='lat'><strong>³0</strong></span> 
     </span>
     <span class='ocr_line' id='line_1_31' title="bbox 287 2141 1947 2184; baseline 0.004 -14"><span class='ocrx_word' id='word_1_326' title='bbox 287 2141 413 2179; x_wconf 86' lang='lat' dir='ltr'><strong>argenti</strong></span> <span class='ocrx_word' id='word_1_327' title='bbox 438 2141 583 2171; x_wconf 90' lang='lat' dir='ltr'><strong>eiusdem</strong></span> <span class='ocrx_word' id='word_1_328' title='bbox 607 2141 759 2182; x_wconf 87' lang='lat' dir='ltr'><strong>ponderis</strong></span> <span class='ocrx_word' id='word_1_329' title='bbox 789 2141 831 2172; x_wconf 86' lang='lat' dir='ltr'><strong>ad</strong></span> <span class='ocrx_word' id='word_1_330' title='bbox 858 2146 1000 2173; x_wconf 85' lang='lat' dir='ltr'><strong>nostram</strong></span> <span class='ocrx_word' id='word_1_331' title='bbox 1032 2152 1195 2174; x_wconf 85' lang='lat' dir='ltr'><strong>cameram</strong></span> <span class='ocrx_word' id='word_1_332' title='bbox 1225 2142 1431 2184; x_wconf 85' lang='lat' dir='ltr'><strong>ministravit,</strong></span> <span class='ocrx_word' id='word_1_333' title='bbox 1465 2143 1572 2175; x_wconf 88' lang='lat' dir='ltr'><strong>eidem</strong></span> <span class='ocrx_word' id='word_1_334' title='bbox 1595 2143 1791 2176; x_wconf 88' lang='lat' dir='ltr'><strong>Winmanno</strong></span> <span class='ocrx_word' id='word_1_335' title='bbox 1822 2149 1855 2176; x_wconf 91' lang='lat' dir='ltr'><strong>et</strong></span> <span class='ocrx_word' id='word_1_336' title='bbox 1882 2146 1947 2176; x_wconf 91' lang='lat' dir='ltr'><strong>suis</strong></span> 
     </span>
     <span class='ocr_line' id='line_1_32' title="bbox 287 2189 1946 2238; baseline 0.005 -18"><span class='ocrx_word' id='word_1_337' title='bbox 287 2189 463 2222; x_wconf 89' lang='lat' dir='ltr'><strong>heredibus</strong></span> <span class='ocrx_word' id='word_1_338' title='bbox 486 2192 666 2232; x_wconf 85' lang='lat' dir='ltr'><strong>predictum</strong></span> <span class='ocrx_word' id='word_1_339' title='bbox 691 2193 832 2224; x_wconf 87' lang='lat' dir='ltr'><strong>officium</strong></span> <span class='ocrx_word' id='word_1_340' title='bbox 855 2196 984 2225; x_wconf 83' lang='lat' dir='ltr'><strong>monete</strong></span> <span class='ocrx_word' id='word_1_341' title='bbox 1008 2203 1067 2234; x_wconf 86' lang='lat' dir='ltr'><strong>pro</strong></span> <span class='ocrx_word' id='word_1_342' title='bbox 1091 2193 1244 2234; x_wconf 90' lang='lat' dir='ltr'><strong>predictis</strong></span> <span class='ocrx_word' id='word_1_343' title='bbox 1267 2195 1499 2236; x_wconf 88' lang='lat' dir='ltr'><strong>quinquaginta</strong></span> <span class='ocrx_word' id='word_1_344' title='bbox 1526 2196 1643 2226; x_wconf 86' lang='lat' dir='ltr'><strong>marcis</strong></span> <span class='ocrx_word' id='word_1_345' title='bbox 1672 2197 1797 2237; x_wconf 86' lang='lat' dir='ltr'><strong>argenti</strong></span> <span class='ocrx_word' id='word_1_346' title='bbox 1821 2196 1946 2238; x_wconf 87' lang='lat' dir='ltr'><strong>obliga-</strong></span> 
     </span>
     <span class='ocr_line' id='line_1_33' title="bbox 287 2241 1945 2286; baseline 0.005 -15"><span class='ocrx_word' id='word_1_347' title='bbox 287 2241 391 2272; x_wconf 88' lang='lat' dir='ltr'><strong>vimus</strong></span> <span class='ocrx_word' id='word_1_348' title='bbox 415 2245 448 2272; x_wconf 88' lang='lat' dir='ltr'><strong>et</strong></span> <span class='ocrx_word' id='word_1_349' title='bbox 470 2243 703 2284; x_wconf 86' lang='lat' dir='ltr'><strong>assignavimus</strong></span> <span class='ocrx_word' id='word_1_350' title='bbox 726 2247 794 2275; x_wconf 90' lang='lat' dir='ltr'><strong>tam</strong></span> <span class='ocrx_word' id='word_1_351' title='bbox 822 2244 876 2275; x_wconf 88' lang='lat' dir='ltr'><strong>diu</strong></span> <span class='ocrx_word' id='word_1_352' title='bbox 906 2255 964 2286; x_wconf 92' lang='lat' dir='ltr'><strong>per</strong></span> <span class='ocrx_word' id='word_1_353' title='bbox 987 2245 1091 2286; x_wconf 90' lang='lat' dir='ltr'><strong>ipsum</strong></span> <span class='ocrx_word' id='word_1_354' title='bbox 1120 2248 1152 2276; x_wconf 83' lang='lat' dir='ltr'><strong>et</strong></span> <span class='ocrx_word' id='word_1_355' title='bbox 1179 2256 1253 2276; x_wconf 87' lang='lat' dir='ltr'><strong>suos</strong></span> <span class='ocrx_word' id='word_1_356' title='bbox 1277 2245 1416 2277; x_wconf 88' lang='lat' dir='ltr'><strong>heredes</strong></span> <span class='ocrx_word' id='word_1_357' title='bbox 1439 2257 1510 2278; x_wconf 87' lang='lat' dir='ltr'><strong>cum</strong></span> <span class='ocrx_word' id='word_1_358' title='bbox 1535 2247 1681 2278; x_wconf 91' lang='lat' dir='ltr'><strong>omnibus</strong></span> <span class='ocrx_word' id='word_1_359' title='bbox 1705 2247 1811 2279; x_wconf 88' lang='lat' dir='ltr'><strong>eidem</strong></span> <span class='ocrx_word' id='word_1_360' title='bbox 1840 2248 1945 2279; x_wconf 90' lang='lat' dir='ltr'><strong>officio</strong></span> 
     </span>
     <span class='ocr_line' id='line_1_34' title="bbox 286 2293 1946 2341; baseline 0.005 -18"><span class='ocrx_word' id='word_1_361' title='bbox 286 2293 521 2332; x_wconf 86' lang='lat' dir='ltr'><strong>pertinentibus</strong></span> <span class='ocrx_word' id='word_1_362' title='bbox 554 2295 593 2326; x_wconf 91' lang='lat' dir='ltr'><strong>de</strong></span> <span class='ocrx_word' id='word_1_363' title='bbox 624 2295 692 2327; x_wconf 84' lang='lat' dir='ltr'><strong>iure</strong></span> <span class='ocrx_word' id='word_1_364' title='bbox 722 2299 754 2326; x_wconf 90' lang='lat' dir='ltr'><strong>et</strong></span> <span class='ocrx_word' id='word_1_365' title='bbox 784 2296 1015 2327; x_wconf 84' lang='lat' dir='ltr'><strong>consuetudine</strong></span> <span class='ocrx_word' id='word_1_366' title='bbox 1047 2296 1222 2328; x_wconf 86' lang='lat' dir='ltr'><strong>tenendum</strong></span> <span class='ocrx_word' id='word_1_367' title='bbox 1257 2301 1289 2328; x_wconf 86' lang='lat' dir='ltr'><strong>et</strong></span> <span class='ocrx_word' id='word_1_368' title='bbox 1318 2298 1563 2339; x_wconf 87' lang='lat' dir='ltr'><strong>possidendum,</strong></span> <span class='ocrx_word' id='word_1_369' title='bbox 1599 2309 1766 2341; x_wconf 85' lang='lat' dir='ltr'><strong>quousque</strong></span> <span class='ocrx_word' id='word_1_370' title='bbox 1798 2309 1858 2341; x_wconf 89' lang='lat' dir='ltr'><strong>per</strong></span> <span class='ocrx_word' id='word_1_371' title='bbox 1888 2310 1946 2331; x_wconf 85' lang='lat' dir='ltr'><strong>nos</strong></span> 
     </span>
     <span class='ocr_line' id='line_1_35' title="bbox 287 2346 1990 2391; baseline 0.005 -17"><span class='ocrx_word' id='word_1_372' title='bbox 287 2348 343 2374; x_wconf 87' lang='lat' dir='ltr'><strong>aut</strong></span> <span class='ocrx_word' id='word_1_373' title='bbox 377 2347 502 2376; x_wconf 88' lang='lat' dir='ltr'><strong>nostros</strong></span> <span class='ocrx_word' id='word_1_374' title='bbox 536 2346 568 2376; x_wconf 89' lang='lat' dir='ltr'><strong>in</strong></span> <span class='ocrx_word' id='word_1_375' title='bbox 602 2347 738 2387; x_wconf 90' lang='lat' dir='ltr'><strong>imperio</strong></span> <span class='ocrx_word' id='word_1_376' title='bbox 769 2358 969 2379; x_wconf 87' lang='lat' dir='ltr'><strong>successores</strong></span> <span class='ocrx_word' id='word_1_377' title='bbox 1003 2358 1062 2389; x_wconf 94' lang='lat' dir='ltr'><strong>pro</strong></span> <span class='ocrx_word' id='word_1_378' title='bbox 1093 2347 1247 2389; x_wconf 86' lang='lat' dir='ltr'><strong>predictis</strong></span> <span class='ocrx_word' id='word_1_379' title='bbox 1277 2349 1508 2391; x_wconf 86' lang='lat' dir='ltr'><strong>quinquaginta</strong></span> <span class='ocrx_word' id='word_1_380' title='bbox 1539 2351 1656 2381; x_wconf 84' lang='lat' dir='ltr'><strong>marcis</strong></span> <span class='ocrx_word' id='word_1_381' title='bbox 1686 2350 1783 2382; x_wconf 87' lang='lat' dir='ltr'><strong>fuerit</strong></span> <span class='ocrx_word' id='word_1_382' title='bbox 1816 2351 1946 2383; x_wconf 89' lang='lat' dir='ltr'><strong>absolu-</strong></span> <span class='ocrx_word' id='word_1_383' title='bbox 1965 2363 1990 2384; x_wconf 66' lang='lat'><strong>³⁸</strong></span> 
     </span>
     <span class='ocr_line' id='line_1_36' title="bbox 288 2396 1665 2443; baseline 0.005 -17"><span class='ocrx_word' id='word_1_384' title='bbox 288 2398 364 2426; x_wconf 88' lang='lat' dir='ltr'><strong>tum.</strong></span> <span class='ocrx_word' id='word_1_385' title='bbox 454 2396 579 2428; x_wconf 87' lang='lat' dir='ltr'><strong>Harum</strong></span> <span class='ocrx_word' id='word_1_386' title='bbox 604 2399 787 2430; x_wconf 89' lang='lat' dir='ltr'><strong>testimonio</strong></span> <span class='ocrx_word' id='word_1_387' title='bbox 811 2399 992 2430; x_wconf 85' lang='lat' dir='ltr'><strong>litterarum</strong></span> <span class='ocrx_word' id='word_1_388' title='bbox 1016 2400 1112 2441; x_wconf 88' lang='lat' dir='ltr'><strong>sigilli</strong></span> <span class='ocrx_word' id='word_1_389' title='bbox 1135 2400 1234 2431; x_wconf 89' lang='lat' dir='ltr'><strong>nostri</strong></span> <span class='ocrx_word' id='word_1_390' title='bbox 1258 2402 1433 2432; x_wconf 89' lang='lat' dir='ltr'><strong>munimine</strong></span> <span class='ocrx_word' id='word_1_391' title='bbox 1457 2402 1665 2443; x_wconf 81' lang='lat' dir='ltr'><strong>signatarum.</strong></span> 
     </span>
    </p>
   </div>
   <div class='ocr_carea' id='block_1_8' title="bbox 288 2454 1945 2551">
    <p class='ocr_par' dir='ltr' id='par_1_8' title="bbox 288 2454 1945 2551">
     <span class='ocr_line' id='line_1_37' title="bbox 395 2454 1945 2505; baseline 0.006 -19"><span class='ocrx_word' id='word_1_392' title='bbox 395 2454 470 2486; x_wconf 88' lang='lat' dir='ltr'><strong>Dat.</strong></span> <span class='ocrx_word' id='word_1_393' title='bbox 494 2457 527 2487; x_wconf 89' lang='lat' dir='ltr'><strong>in</strong></span> <span class='ocrx_word' id='word_1_394' title='bbox 551 2456 756 2499; x_wconf 83' lang='lat' dir='ltr'><strong>Constancia,</strong></span> <span class='ocrx_word' id='word_1_395' title='bbox 786 2459 846 2490; x_wconf 92' lang='lat' dir='ltr'>III.</span> <span class='ocrx_word' id='word_1_396' title='bbox 868 2459 951 2490; x_wconf 88' lang='lat' dir='ltr'><strong>Non.</strong></span> <span class='ocrx_word' id='word_1_397' title='bbox 973 2459 1066 2499; x_wconf 89' lang='lat' dir='ltr'><strong>Maii,</strong></span> <span class='ocrx_word' id='word_1_398' title='bbox 1097 2470 1180 2491; x_wconf 87' lang='lat' dir='ltr'><strong>anno</strong></span> <span class='ocrx_word' id='word_1_399' title='bbox 1205 2459 1335 2492; x_wconf 90' lang='lat' dir='ltr'><strong>Domini</strong></span> <span class='ocrx_word' id='word_1_400' title='bbox 1363 2462 1534 2493; x_wconf 88' lang='lat' dir='ltr'><strong>millesimo</strong></span> <span class='ocrx_word' id='word_1_401' title='bbox 1562 2463 1788 2494; x_wconf 88' lang='lat' dir='ltr'><strong>trecentesimo</strong></span> <span class='ocrx_word' id='word_1_402' title='bbox 1817 2464 1945 2505; x_wconf 90' lang='lat' dir='ltr'><strong>quinto-</strong></span> 
     </span>
     <span class='ocr_line' id='line_1_38' title="bbox 288 2505 1009 2551; baseline 0.007 -14"><span class='ocrx_word' id='word_1_403' title='bbox 288 2505 427 2547; x_wconf 90' lang='lat' dir='ltr'><strong>decimo,</strong></span> <span class='ocrx_word' id='word_1_404' title='bbox 453 2508 542 2548; x_wconf 90' lang='lat' dir='ltr'><strong>regni</strong></span> <span class='ocrx_word' id='word_1_405' title='bbox 566 2519 642 2539; x_wconf 86' lang='lat' dir='ltr'><strong>vero</strong></span> <span class='ocrx_word' id='word_1_406' title='bbox 666 2510 765 2540; x_wconf 82' lang='lat' dir='ltr'><strong>nostri</strong></span> <span class='ocrx_word' id='word_1_407' title='bbox 790 2521 872 2541; x_wconf 86' lang='lat' dir='ltr'><strong>anno</strong></span> <span class='ocrx_word' id='word_1_408' title='bbox 897 2511 1009 2551; x_wconf 89' lang='lat' dir='ltr'><strong>primo.</strong></span> 
     </span>
    </p>
   </div>
   <div class='ocr_carea' id='block_1_9' title="bbox 394 2731 1164 2768">
    <p class='ocr_par' dir='ltr' id='par_1_9' title="bbox 394 2731 1164 2768">
     <span class='ocr_line' id='line_1_39' title="bbox 394 2731 1164 2768; baseline 0.008 -10"><span class='ocrx_word' id='word_1_409' title='bbox 394 2731 459 2758; x_wconf 74' lang='lat'><strong>266.</strong></span> <span class='ocrx_word' id='word_1_410' title='bbox 488 2734 512 2764; x_wconf 72' lang='lat'><strong>⁸)</strong></span> <span class='ocrx_word' id='word_1_411' title='bbox 532 2735 666 2759; x_wconf 83' lang='lat' dir='ltr'><strong>credemus</strong></span> <span class='ocrx_word' id='word_1_412' title='bbox 685 2744 722 2760; x_wconf 86' lang='lat' dir='ltr'><strong>or.</strong></span> <span class='ocrx_word' id='word_1_413' title='bbox 810 2735 834 2768; x_wconf 86' lang='lat' dir='ltr'><strong>b)</strong></span> <span class='ocrx_word' id='word_1_414' title='bbox 853 2736 943 2762; x_wconf 69' lang='lat' dir='ltr'><strong>desunt</strong></span> <span class='ocrx_word' id='word_1_415' title='bbox 961 2738 1013 2762; x_wconf 81' lang='lat' dir='ltr'><strong>duo</strong></span> <span class='ocrx_word' id='word_1_416' title='bbox 1031 2739 1109 2763; x_wconf 82' lang='lat' dir='ltr'><strong>verba</strong></span> <span class='ocrx_word' id='word_1_417' title='bbox 1127 2748 1164 2764; x_wconf 85' lang='lat' dir='ltr'><strong>or.</strong></span> 
     </span>
    </p>
   </div>
   <div class='ocr_carea' id='block_1_10' title="bbox 395 2800 1992 2833">
    <p class='ocr_par' dir='ltr' id='par_1_10' title="bbox 395 2800 1992 2833">
     <span class='ocr_line' id='line_1_40' title="bbox 395 2800 1992 2833; baseline 0.001 -6"><span class='ocrx_word' id='word_1_418' title='bbox 395 2801 420 2833; x_wconf 90' lang='lat'><strong>1&gt;</strong></span> <span class='ocrx_word' id='word_1_419' title='bbox 439 2800 538 2826; x_wconf 64' lang='lat' dir='ltr'><strong>Macen.</strong></span> <span class='ocrx_word' id='word_1_420' title='bbox 557 2805 579 2833; x_wconf 86' lang='lat'><strong>5,</strong></span> <span class='ocrx_word' id='word_1_421' title='bbox 594 2805 632 2827; x_wconf 91' lang='lat'><strong>10.</strong></span> <span class='ocrx_word' id='word_1_422' title='bbox 1965 2810 1992 2829; x_wconf 72' lang='grc' dir='ltr'><strong><em>ω</em></strong></span> 
     </span>
    </p>
   </div>
  </div>
 </body>
</html>
