2184 3126
362 210 422 239 730
630 203 725 231 ACTA
746 202 857 229 REGNI
877 199 1063 228 LUDEWICI
1080 199 1127 226 IV.
1146 198 1193 225 ET
1214 197 1402 224 FRlDERICI
1421 197 1469 223 111.
1506 198 1582 224 1324.
1619 197 1668 223 Nr.
1681 197 1740 224 909.

360 293 484 324 litteras
508 294 541 323 et
564 296 639 333 perz
655 289 833 333 relaciones
856 287 1015 327 illorumss,
1039 285 1155 327 quibus
1178 284 1255 316 talia
1278 283 1426 315 conmisit
1448 283 1566 325 atqueb
1587 283 1757 324 conmittit,
1781 284 1835 325 qui
1858 284 1940 316 sicut
1954 285 2014 316 viri

360 344 453 386 probi
483 346 580 385 atque
609 341 723 373 fideles
753 340 835 372 sacri
863 338 989 379 imperii
1021 340 1119 378 atque
1153 337 1253 367 nostri
1289 335 1371 366 tales
1405 335 1668 366 commissiones⁰
1699 334 1948 368 abhominantur
1981 339 2014 368 et

360 394 521 427 horrent‘l.
574 394 647 425 Non
669 395 742 423 sunt
764 392 824 422 hec
848 389 1006 431 pontificis
1030 398 1144 430 opera,
1167 398 1231 419 non
1252 387 1363 418 vicarii
1391 389 1427 417 ut
1451 396 1485 417 se
1508 386 1652 417 nominat
1674 385 1774 418 Ihesu
1795 385 1928 427 Christi,
1955 387 2014 419 sed

360 446 498 478 crudelis
521 448 553 476 ct
577 445 664 486 dyrie
681 442 829 484 tyrannis,
855 441 908 483 qui
930 441 963 471 in
985 439 1179 481 profundum
1202 438 1359 469 malorum
1381 437 1542 468 nosciturss
1557 436 1762 470 descendisse
1786 440 1820 469 et
1841 437 1883 469 ad
1906 441 2014 470 exter-

360 499 491 529 minium
515 497 595 527 sacri
619 493 744 536 imperii
768 497 800 524 et
823 495 967 523 nostrum
990 490 1146 522 tendereh
1169 493 1237 521 toto
1262 489 1369 520 corde.
2045 499 2058 518 ³

470 550 518 578 17.
553 546 635 577 iAd
664 546 725 576 hoc
753 547 862 576 autem
894 541 1076 574 venenumk
1110 541 1236 583 plenius
1272 540 1487 572 evomendum
1523 540 1555 571 in
1584 539 1730 582 predicto
1764 549 1918 582 processu
1948 541 2015 573 sive

361 598 508 630 excessu¹
532 597 712 629 mandarem
733 596 848 626 dicitur
871 593 1007 625 subditis
1036 593 1153 624 nostris
1186 592 1431 624 ecclesiasticis¹¹
1455 594 1489 623 et
1517 591 1686 623 mundanis
1715 595 1766 623 et⁰
1789 591 2016 634 secularibus»,

361 651 575 690 cuiuscunque
599 650 700 679 status
723 646 774 678 vel
799 645 1019 678 condicionisq
1043 645 1197 684 existant,
1222 643 1349 674 etiamsi
1371 643 1475 685 regali
1497 643 1550 675 vel
1576 643 1641 674 alia
1664 648 1871 685 quacunque*
1894 643 2016 685 preful-

359 704 472 743 geant*³
503 699 677 741 dignitate,
712 698 769 729 sub
798 698 888 739 penis
912 696 1063 738 gravibus
1085 696 1212 727 inflictis
1236 705 1273 726 ac
1297 695 1396 726 etiam
1419 695 1630 736 comminatis,
1658 705 1698 727 ne
1728 694 1821 726 nobis
1849 697 2016 737 tamquam

359 752 444 793 regit
473 751 543 782 vel¹¹
575 751 606 782 in
643 759 754 790 regem
786 748 1007 780 Romanorum
1041 747 1145 779 electo
1175 749 1311 788 pareant
1343 746 1395 777 vel
1421 746 1590 778 intendant
1617 752 1722 778 nevev
1748 746 1842 778 nobis
1871 750 2016 788 prestent
2035 756 2062 777 ιο

359 804 531 844 auxilium,
561 803 727 834 consilium
753 805 810 833 etw
833 801 979 833 favorem
991 801 1013 831 ¹.
1063 799 1159 837 Quod
1183 802 1309 831 constat
1341 809 1413 830 esse
1440 799 1699 831 manifestissime
1726 798 1960 840 iniquissimum
1983 802 2017 830 et

359 856 486 887 omnino
509 855 661 886 iniustum
684 856 716 885 et
746 853 880 894 impium
904 855 937 883 et
960 851 1002 883 ad
1026 850 1215 882 effusionem
1239 860 1371 892 gravem
1395 851 1558 892 pertinere
1586 850 1771 892 sanguinie¹
1794 850 1959 882 christiani
1974 853 2018 882 'et

359 910 469 938 contra
492 908 635 937 nostram
656 904 861 936 manifestam
885 903 1043 935 iusticiam
1068 905 1166 944 atque
1189 903 1268 943 iura,
1291 905 1326 933 ut
1350 912 1390 933 ex
1406 901 1560 943 predictis
1574 905 1720 944 apparet,
1744 904 1778 934 et
1793 905 1904 934 contra
1918 901 2017 934 liber-

359 962 458 990 tatem
493 961 525 989 et
559 957 750 999 dignitatem
784 959 816 987 et
854 955 1027 986 utilitatem
1063 955 1143 985 sacri
1177 954 1322 995 imperiis·
1350 957 1384 985 et
1414 954 1594 995 principum
1621 953 1750 995 imperii
1780 953 1958 985 electorum
1985 957 2019 986 et

359 1010 496 1041 aliorum
526 1009 704 1050 principum
740 1011 773 1038 et
807 1007 947 1038 omnium
982 1005 1109 1047 imperii
1137 1005 1372 1037 subiectorum²
1402 1008 1435 1037 et
1469 1009 1580 1037 contra
1610 1004 1858 1037 consuetudines
1890 1005 2017 1047 imperii
2037 1014 2061 1034 1³
2087 1045 2094 1049 .

359 1061 555 1102 approbatas
578 1059 748 1101 predictas,
772 1068 834 1100 que
851 1068 908 1099 pro
932 1057 1006 1099 lege
1022 1059 1190 1094 servantur
1212 1059 1245 1088 et
1260 1059 1388 1088 servate
1411 1059 1484 1088 sunt
1506 1056 1547 1088 ab
1571 1057 1713 1098 antiquo,
1736 1057 1890 1098 precipue
1905 1060 2018 1089 contra

359 1111 446 1143 illam
473 1110 738 1143 consuetudinem
764 1109 977 1151 approbatam
1001 1112 1099 1150 atque
1115 1111 1275 1140 servatam
1292 1108 1333 1140 ab
1352 1119 1391 1140 eo
1407 1111 1567 1150 tempore,
1590 1109 1679 1140 cuius
1694 1109 1851 1140 memoria
1867 1109 2019 1140 contrarii

359 1174 422 1194 non
446 1163 564 1203 existit,
589 1172 651 1204 qua
676 1164 816 1201 cavetur,
841 1160 925 1202 quod
949 1161 976 1191 si
991 1163 1068 1192 vota
1090 1160 1279 1201 principum,
1303 1160 1344 1192 ad
1369 1170 1449 1201 quos
1471 1163 1596 1202 spectat
1619 1160 1751 1202 eligere,
1775 1159 1818 1192 ad
1833 1160 2018 1202 eligendum

360 1214 623 1245 conveniencium
647 1212 830 1244 dividantur
858 1212 890 1243 in
914 1211 1022 1253 plures
1046 1215 1080 1243 et
1103 1211 1166 1242 duo
1189 1211 1221 1242 in
1245 1211 1407 1243 discordia
1431 1211 1605 1253 eligantur,
1634 1211 1717 1243 alter
1744 1211 1936 1251 electorum,
1964 1213 2019 1254 qui

359 1266 520 1307 potentior
543 1265 639 1296 fuerit
663 1267 696 1295 et
718 1264 925 1305 prevaluerit,
950 1262 1069 1294 debeat
1094 1262 1240 1294 obtinere
1250 1263 1273 1293 ².
1320 1262 1428 1295 Sicut*
1442 1263 1610 1295 w‘ctoriam
1625 1262 1718 1295 nobis
1734 1263 1868 1295 contulit
1889 1263 2019 1305 plenam
2038 1273 2065 1293 ιο

360 1321 455 1358 atque
486 1317 704 1358 plenissimam
740 1316 923 1347 misericors
946 1314 1119 1356 Dominus,
1150 1315 1189 1346 ab
1213 1325 1276 1356 quo
1306 1317 1356 1346 est
1378 1314 1535 1347 bellorum
1558 1314 1723 1356 w'ctoriab,
1750 1318 1786 1346 ut
1814 1315 1899 1347 victo
1926 1315 2020 1347 hoste

360 1373 393 1399 et
416 1368 602 1399 adversario
619 1367 807 1398 conculcato
823 1366 1044 1408 potenciorem
1069 1369 1167 1408 atque
1183 1367 1340 1398 victorem
1364 1377 1422 1398 nos
1444 1366 1559 1401 fecerit
1573 1377 1632 1408 per
1646 1366 1902 1399 misericordiam
1918 1377 2020 1400 suam.

471 1421 518 1451 18.
543 1425 555 1437 ⁶
571 1419 665 1450 Licet
694 1419 810 1450 electio
844 1417 989 1450 eiusdem
1018 1418 1192 1450 adversarii
1221 1418 1310 1450 nulla
1337 1418 1433 1450 fuerit
1461 1421 1495 1450 et
1521 1417 1602 1449 sibi(¹
1631 1417 1754 1450 nullum
1781 1418 1832 1450 ius
1859 1418 2020 1451 tribuere⁰

360 1471 501 1512 potuerit
525 1480 584 1502 nec
608 1473 715 1501 nostre
745 1471 776 1501 in
800 1470 908 1511 aliquo
933 1469 1110 1512 derogare,
1144 1470 1219 1512 quia
1246 1480 1266 1501 a
1292 1469 1435 1502 minores
1459 1473 1551 1512 parte
1582 1470 1761 1512 principum
1795 1469 1856 1502 fuit
1887 1470 2019 1510 electum,

360 1522 510 1554 videlicet
533 1532 552 1553 a
577 1522 717 1562 duobus,
749 1524 781 1553 et
804 1523 878 1563 quia
906 1522 1012 1553 factae
1035 1521 1116 1553 fuith
1141 1532 1182 1553 ex
1204 1522 1374 1553 intervallo
1403 1524 1478 1563 post
1500 1522 1638 1564 primam
1661 1521 1854 1553 electionem
1877 1525 2019 1554 nostram
2037 1533 2063 1553 a

361 1577 394 1605 et
416 1573 490 1605 ideo
515 1573 602 1604 nulla
625 1573 747 1604 nullum
771 1574 820 1604 ius
843 1573 903 1604 sibi
927 1573 1067 1605 tribuere
1091 1574 1196 1615 potuit
1218 1584 1277 1605 nec
1301 1576 1409 1606 nostre
1431 1574 1464 1605 in
1487 1574 1595 1615 aliquo
1619 1573 1789 1615 derogare.
1833 1573 1919 1605 Item
1942 1574 2018 1616 quia

362 1625 477 1656 electio
502 1635 559 1656 sua
582 1625 669 1656 facta
693 1624 754 1656 fuit
781 1635 845 1656 non
873 1625 906 1656 in
934 1624 1005 1656 loco
1034 1625 1145 1657 debito
1174 1625 1215 1657 de
1238 1625 1485 1657 Franchenfurt*
1509 1628 1543 1657 et
1569 1625 1614 1656 sic
1637 1625 1725 1656 nulla
1748 1624 1789 1656 de
1813 1626 1882 1657 iure
1905 1628 1938 1657 et
1960 1636 2019 1667 per

361 1676 608 1708 consuetudines
638 1676 786 1718 imperiik
810 1676 1007 1718 approbatas
1037 1677 1208 1718 predictas.
1263 1677 1346 1709 Item
1375 1677 1450 1719 quia
1477 1677 1564 1708 facta
1591 1676 1652 1708 fuit
1679 1687 1743 1708 non
1770 1677 1803 1708 in
1825 1678 1963 1709 termino
1986 1682 2019 1710 et

362 1727 414 1759 die
437 1728 560 1769 prefixo
585 1728 626 1759 ad
651 1728 834 1770 eligendum
858 1739 916 1769 per
940 1739 1029 1768 eum,
1059 1728 1102 1760 ad
1131 1739 1226 1770 quem
1250 1732 1376 1770 spectat
1398 1729 1573 1771 prefigere.
1603 1732 1636 1760 et
1667 1729 1712 1760 sic
1741 1728 1828 1760 nulla
1852 1739 1910 1770 per
1931 1729 2018 1761 iura¹

361 1780 543 1810 communia
568 1783 600 1810 et
623 1789 682 1821 per
705 1780 954 1811 consuetudines
976 1780 1103 1822 imperii
1126 1780 1333 1822 approbatas,
1355 1791 1418 1823 que
1441 1791 1499 1822 pro
1522 1781 1591 1812 iure
1615 1783 1790 1812 servantur.
1835 1781 1919 1813 Item
1943 1781 2019 1823 quia
2037 1792 2063 1812 no

362 1834 531 1861 coronatus
555 1831 614 1862 fuit
638 1834 669 1862 et
694 1832 840 1862 inunctus
869 1832 901 1862 in
930 1842 1042 1874 regem
1070 1843 1133 1863 non
1163 1833 1195 1864 in
1222 1832 1293 1864 loco
1320 1832 1362 1864 ad
1386 1832 1447 1864 hoc
1470 1833 1645 1874 antiquitus
1668 1831 1839 1874 deputato,
1868 1833 2020 1865 videlicet

360 1882 565 1923 Aquisgrani.
611 1882 681 1913 Etm
696 1892 736 1913 ex
759 1883 904 1924 pluribus
933 1884 1004 1915 aliis
1027 1884 1203 1916 rationibus
1231 1884 1434 1916 evidentibus
1461 1887 1560 1926 atque
1588 1884 1710 1924 causis,
1741 1895 1820 1926 quas
1849 1895 2019 1917 numerare

361 1936 395 1964 et
418 1933 600 1974 exprimere
623 1945 686 1966 non
711 1935 844 1976 expedit
866 1935 962 1967 velud
985 1937 1127 1967 notorias
1150 1940 1182 1968 et
1206 1936 1353 1968 omnibus
1375 1935 1572 1968 manifestas.

474 1986 521 2016 19.
551 1990 564 2003 ¹¹
588 1985 743 2017 Diffusius
772 1990 881 2019 autem
912 1991 1024 2028 patere
1053 1987 1168 2019 dicitur
1194 1988 1310 2020 veneni
1337 1987 1473 2030 predicti
1504 1987 1617 2019 effusio
1647 1988 1698 2019 in⁰
1729 1997 1865 2019 excessu
1891 1987 2019 2029 prefato

362 2036 504 2067 totaliter
526 2037 746 2078 iniquitatibus
770 2042 802 2069 et
824 2039 991 2070 iniusticiis
1014 2039 1125 2080 pleno,
1150 2039 1226 2071 dum
1249 2044 1436 2071 reservarev
1459 2039 1519 2071 sibi
1547 2039 1676 2077 dicitur,
1705 2038 1792 2080 quod
1814 2039 1916 2081 possit
1937 2049 2018 2081 pen·
2038 2050 2061 2070 u

363 2086 458 2118 dente
489 2087 642 2120 dilatione
676 2093 786 2120 contra
815 2101 873 2121 nos
900 2091 1095 2131 procedere,
1127 2094 1223 2132 prout
1246 2091 1306 2122 sibi
1329 2090 1492 2122 videbitur
1515 2090 1670 2132 expedire
1680 2091 1702 2120 ¹.
1753 2090 1804 2122 Ex
1827 2101 1892 2132 quo
1915 2091 2018 2122 mani-

363 2139 555 2170 festissimeq
583 2144 673 2181 patet
701 2141 810 2172 odium
842 2143 1020 2182 notorium,
1055 2143 1140 2184 quod
1175 2143 1216 2175 ad
1246 2153 1372 2175 sacrum
1401 2143 1572 2184 imperium
1605 2145 1638 2173 et
1669 2153 1728 2174 nos
1755 2143 1868 2184 gerit¹,
1901 2145 1934 2174 et
1960 2152 2019 2174 sua

363 2189 503 2230 maligna
525 2191 663 2222 intencio
688 2195 721 2223 et
743 2193 913 2225 manifesta
937 2195 1087 2242 iniquitas
1111 2199 1144 2226 et
1166 2196 1326 2227 iniusticia
1348 2195 1519 2226 iudicantis
1542 2196 1575 2226 et
1598 2204 1639 2226 ex
1661 2194 1769 2226 animo
1793 2197 1826 2225 et
1849 2204 1890 2225 ex
1907 2193 2019 2226 ordine

364 2243 396 2270 et
419 2251 459 2271 ex
483 2251 586 2272 causa.

466 2316 531 2343 909.
560 2320 582 2351 ⁷»)
601 2320 667 2345 deest
685 2321 708 2346 4.
797 2323 820 2353 ἃ)
840 2324 937 2349 scilicet
955 2324 1018 2349 add.
1031 2323 1054 2349 4.
1069 2324 1094 2350 5.
1182 2324 1209 2357 b)
1228 2328 1260 2350 et.
1273 2323 1298 2350 4.
1388 2324 1410 2356 0)
1429 2332 1520 2350 comm.
1538 2325 1584 2350 tal.
1602 2324 1626 2350 2.
1645 2323 1670 2350 4.
1689 2323 1714 2349 5.
1801 2322 1827 2356 εἰ)
1845 2327 1932 2350 orrent
1949 2322 1974 2348 4.
1992 2322 2016 2348 5.
2035 2330 2062 2349 ω

364 2360 387 2389 ⁴³)
406 2360 453 2384 (3111
472 2359 495 2385 4·
509 2360 531 2386 5·
621 2362 639 2394 f)
659 2364 778 2397 tirampni
797 2365 822 2390 4.
915 2367 940 2399 Β)
959 2367 1123 2400 dignoscitur
1142 2367 1172 2399 4;
1191 2369 1332 2393 dinoscitur
1351 2367 1375 2392 5.
1458 2366 1485 2399 ¹¹)
1505 2368 1637 2393 intendere
1654 2366 1680 2392 4.
1693 2367 1710 2393 5
1791 2365 1811 2399 i)
1829 2375 1897 2392 nova
1909 2366 1978 2392 linea
1992 2366 2019 2396 12

365 2410 421 2426 cum
443 2403 513 2435 signo
535 2407 702 2438 paragraphi
720 2406 743 2432 2.
837 2407 863 2440 1ί)
883 2418 958 2434 suum
982 2410 1045 2435 add.
1064 2410 1089 2436 4.
1102 2411 1126 2436 5.
1215 2409 1234 2442 l)
1253 2411 1309 2436 sive
1334 2419 1390 2436 exc.
1415 2411 1468 2436 deo.
1487 2409 1511 2436 4.
1599 2410 1632 2442 ¹¹¹)
1651 2410 1787 2436 mandasse
1805 2408 1830 2435 4.
1918 2408 1944 2442 ¹¹)
1963 2417 2020 2434 eum

365 2445 412 2469 hoc
432 2446 505 2470 verbo
525 2447 612 2479 incipit
629 2447 653 2473 3.
740 2449 764 2482 0)
783 2459 829 2476 seu
847 2450 871 2476 4.
885 2451 908 2477 5.
999 2452 1024 2485 1³)
1042 2454 1120 2479 etiam
1144 2454 1206 2479 add.
1225 2453 1250 2479 4.
1262 2454 1287 2479 5.
1376 2453 1401 2486 q)
1421 2454 1494 2479 cond.
1514 2458 1539 2479 et
1558 2457 1617 2479 stat.
1637 2452 1661 2478 4.
1748 2453 1774 2485 ¹)
1793 2460 1870 2485 quac.
1887 2452 1940 2478 alia
1956 2450 1981 2478 4.
1994 2451 2019 2477 5.

365 2487 386 2519 ⁸)
405 2488 520 2520 fulgeant
537 2489 561 2514 4.
665 2490 684 2522 ἲ)
703 2493 875 2519 Romanorum
900 2496 961 2521 add.
980 2495 1004 2521 4.
1110 2496 1136 2528 u)
1154 2501 1180 2522 et
1198 2496 1227 2526 4;
1256 2497 1297 2522 vel
1321 2497 1348 2521 in
1372 2505 1458 2530 regem
1481 2496 1534 2522 dec.
1553 2496 1577 2522 5.
1683 2496 1708 2528 v)
1727 2504 1760 2521 ne
1777 2494 1805 2526 2;
1834 2499 1882 2521 aut
1906 2503 1939 2521 ne
1956 2493 1981 2520 4.
1993 2494 2018 2520 5.

366 2529 397 2560 w)
416 2531 458 2555 vel
476 2531 500 2556 4·
514 2531 537 2557 5·
642 2534 667 2565 ¹)
685 2543 781 2568 sangw.
801 2535 825 2561 2.
929 2538 954 2570 5)
973 2539 1064 2571 inperii
1081 2540 1139 2572 fere
1157 2548 1255 2572 semper
1274 2539 1299 2565 4.
1405 2540 1429 2571 Ζ)
1448 2539 1610 2565 subditorum
1628 2538 1654 2565 4.
1765 2537 1790 2570 ⁸)
1808 2539 1852 2564 Set
1869 2537 1899 2569 4,·
1926 2538 1976 2564 Sed
1994 2537 2019 2563 5.
2037 2544 2073 2562 ⁴5-

366 2571 391 2604 b)
410 2573 441 2598 ad
459 2582 534 2605 quem
553 2575 576 2600 b.
595 2580 694 2608 spectat
711 2586 736 2602 v.
754 2577 778 2604 4.
792 2579 816 2604 5.
898 2581 921 2612 c)
939 2590 1006 2606 nova
1025 2582 1094 2607 linea
1113 2582 1136 2607 1.
1150 2582 1182 2614 2,·
1199 2582 1301 2615 eiynum
1327 2582 1492 2615 paragraphi
1509 2581 1534 2607 3.
1617 2581 1642 2614 d)
1661 2582 1729 2608 deest
1749 2581 1775 2607 4.
1788 2581 1813 2608 5.
1894 2581 1918 2613 θ)
1937 2581 2019 2607 eidem

367 2615 429 2640 add.
447 2615 472 2641 4.
559 2616 578 2649 s)
596 2619 687 2644 minori
706 2619 730 2644 2.
818 2622 843 2654 8)
862 2623 931 2648 deest
948 2623 971 2649 4.
1043 2623 1070 2656 11)
1089 2626 1166 2650 fuerit
1183 2624 1208 2650 3.
1295 2624 1314 2656 i)
1334 2626 1509 2650 Frankenfurt
1526 2624 1558 2655 3;
1581 2625 1755 2651 Frankensort
1771 2623 1801 2655 4;
1819 2624 1975 2650 Frankefon
1993 2624 2018 2650 5.

367 2655 392 2687 k)
411 2658 478 2683 ‘leessl
495 2658 520 2684 4·
533 2659 556 2684 5·
673 2660 692 2693 ¹)
710 2671 754 2695 per
771 2664 844 2689 nulla
861 2666 919 2690 iura
937 2665 961 2691 3.
1072 2668 1104 2699 ¹¹¹)
1123 2669 1206 2693 eciam
1225 2667 1248 2693 4.
1373 2667 1399 2699 ¹¹)
1417 2676 1485 2693 nova
1503 2668 1574 2693 linea
1591 2668 1620 2699 1;
1650 2669 1750 2701 siquam
1763 2667 1932 2700 paragraphi
1949 2667 1975 2693 2.
1993 2667 2018 2693 3.

366 2698 391 2771 ἓ)
407 2708 533 2775 (ξὲἓὲῗεέιι
554 2703 630 2728 immo
655 2705 742 2736 pocius
769 2706 830 2731 adel.
847 2707 874 2737 4;
905 2717 1025 2741 processu
1048 2710 1124 2735 immo
1149 2711 1210 2736 add.
1229 2711 1254 2737 5.
1347 2711 1372 2743 1²)
1397 2719 1543 2737 reservasse
1567 2709 1591 2736 4.
1613 2710 1636 2736 5.
1739 2710 1764 2743 Ι1)
1790 2711 1925 2736 manifeste
1950 2709 1975 2736 4.
1993 2710 2017 2736 5.

525 2763 530 2768 ·
2035 2758 2062 2777 w

471 2802 496 2834 l)
515 2802 605 2837 Supra
625 2812 665 2831 m:
681 2809 727 2831 7⁹2
745 2814 802 2839 calz.
817 2812 839 2833 4.
928 2809 954 2842 2)
975 2810 1015 2844 Cf.
1027 2811 1163 2844 epistolam
1186 2812 1289 2839 Urbani
1303 2813 1352 2846 11⁷,
1372 2821 1457 2846 supra
1476 2815 1536 2840 tom.
1550 2812 1589 2839 11
1602 2821 1645 2839 nr.
1665 2816 1714 2839 405
1731 2820 1791 2847 cap.
1807 2816 1828 2839 7.
