2184 3126
203 1249 257 1271 Deo.
267 1252 298 1272 25.

314 249 377 280 626
449 220 451 222 Ι
547 245 643 273 ACTA
664 244 777 272 REGNI
797 244 981 271 LUDEWICI
1000 243 1047 271 IV.
1065 243 1112 270 ET
1132 241 1317 270 FRIDERICI
1334 242 1384 269 III.
1421 242 1497 269 1323.
1533 242 1582 270 Nr.
1595 242 1655 270 800.
1673 243 1734 271 801.

314 343 412 376 quam
441 332 603 373 venerint,
639 332 714 374 quia
745 331 974 372 palpaverunt,
1009 329 1086 371 quid
1112 329 1164 360 hic
1197 331 1306 370 potest
1333 338 1393 370 per
1421 329 1509 370 ipsos
1541 331 1575 360 et
1603 329 1652 361 sui
1683 329 1804 362 similes
1826 330 1972 372 reperiri.

314 385 476 416 Articulos
500 386 618 423 autem,
643 393 723 424 quos
747 381 905 413 dederunt
928 381 1057 412 domino
1082 391 1166 422 pape
1191 382 1224 412 et
1247 379 1376 411 domino
1400 379 1471 421 regi
1494 378 1657 412 Gebellini
1680 380 1720 412 de
1743 380 1858 423 Ianua,
1881 381 1973 414 vobis

314 437 469 468 mittimus
493 434 694 476 presentibus
717 433 916 464 interclusos.

422 487 496 519 Dat.
514 486 682 525 Avinione,
706 484 817 516 XXII.
842 483 893 515 die
917 483 1074 525 presentis
1097 482 1216 514 mensis
1240 481 1401 514 Octobris.

550 616 636 651 801.
678 615 835 650 Litterae
860 614 1030 650 secandae
1055 613 1244 657 (Ferrarii
1270 613 1312 649 de
1338 613 1492 659 Apilia).
1579 613 1652 650 Oct.
1672 616 1740 650 22.
2000 631 2014 652 ς

424 690 586 730 Ονὶρὶηαῖε
609 687 684 730 (or.)
708 688 823 720 ibidem
842 687 935 720 ORD
956 698 1005 719 nr.
1021 689 1117 719 4147.
1163 686 1271 728 Siyilli
1293 687 1424 728 vestigia
1445 691 1611 729 apparent.
1636 707 1677 712 —
1700 688 1763 720 Ed.
1779 688 1885 721 Finke
1906 687 1927 720 l.
1943 699 1969 720 c.

311 743 341 782 I,
364 743 426 774 401
450 752 499 773 nr.
516 741 580 772 266
602 751 641 773 ea:
664 751 709 772 or.
755 740 937 772 Editioowm
959 740 1136 780 repetimus.

421 827 518 860 Sacre
541 828 631 869 regie
655 826 837 868 magestati.

422 883 449 911 1.
473 879 567 911 Nova
590 889 653 920 que
681 879 732 910 hic
763 881 835 910 sunt
858 881 891 910 et
913 877 1073 909 novitates
1103 887 1166 919 que
1195 880 1326 909 currunt
1357 877 1417 909 sub
1443 876 1596 909 brevibus
1618 877 1725 910 verbis
1747 877 1858 910 scribit
1879 878 1971 921 regie

312 932 485 974 magestati
507 931 656 963 amicus.¹
699 930 762 966 Qui
785 930 920 971 loquens
942 940 1071 961 mecum
1094 929 1136 961 ad
1158 933 1285 971 partem
1309 929 1408 970 dixit,
1432 929 1519 971 quod
1541 929 1679 962 relatum
1702 930 1808 963 fuerat
1830 930 1891 962 sibi
1912 941 1973 973 per
1990 943 2016 963 ιο

312 994 467 1026 personas
490 983 695 1024 sollempnes,
720 981 808 1024 quod
831 981 916 1013 dicte
939 982 1100 1013 novitates
1122 981 1253 1013 fuerunt
1275 981 1362 1013 facte
1385 981 1426 1014 de
1449 981 1615 1014 voluntate
1638 982 1724 1024 regis
1746 981 1892 1014 Francie.
1929 981 1974 1014 Et

315 1035 403 1077 quod
426 1035 541 1067 adhucv
555 1034 742 1066 ordinantur
765 1033 820 1064 alii
844 1043 1014 1074 processus
1036 1035 1147 1064 contra
1171 1032 1311 1065 electum
1327 1033 1523 1065 Alamannie
1546 1033 1712 1075 graviores
1735 1036 1769 1065 et
1790 1033 1975 1066 iniustiores

313 1087 356 1118 ad
379 1086 645 1128 complacendum
662 1085 809 1127 predicto
835 1085 905 1126 regi
919 1084 1067 1124 Francia,
1090 1084 1142 1116 cui
1162 1087 1198 1116 ut
1221 1083 1338 1116 dicitur
1354 1082 1499 1116 oblatum
1519 1088 1570 1116 est
1591 1095 1650 1127 per
1665 1085 1831 1117 dominum
1853 1094 1973 1127 papam

314 1138 495 1180 imperium.
542 1136 585 1168 Et
607 1136 649 1168 ad
673 1136 759 1168 istud
783 1135 994 1167 obtinendum
1018 1136 1114 1167 anxie
1138 1135 1241 1167 dictus
1264 1146 1323 1168 rex
1345 1136 1493 1168 intendit.
1533 1136 1666 1169 Dictum
1688 1137 1793 1169 eciam
1815 1136 1876 1168 fuit
1897 1145 1973 1178 pre-

313 1189 397 1221 dicto
422 1189 525 1220 amico
548 1199 607 1230 per
631 1187 762 1219 easdem
778 1197 944 1229 personae,
969 1187 1056 1229 quod
1071 1187 1236 1229 predictus
1258 1198 1319 1219 rex
1337 1187 1474 1220 Francie
1498 1187 1599 1220 debet
1619 1189 1730 1221 venire
1754 1190 1830 1220 ante
1853 1187 1972 1220 festum
1989 1198 2016 1219 u

312 1241 489 1272 nativitatis
512 1240 643 1272 Domini
665 1239 708 1270 ad
731 1242 841 1281 partes
864 1239 1042 1271 Tolosanas
1065 1242 1099 1271 et
1120 1239 1165 1271 ibi
1189 1239 1289 1271 debet
1311 1239 1468 1272 accedere
1491 1250 1550 1272 rex
1571 1239 1736 1272 Robertus
1758 1242 1792 1272 et
1813 1238 1859 1271 ibi
1880 1240 1972 1271 unire

312 1303 346 1324 se
370 1303 443 1324 cum
466 1302 543 1334 rege
566 1291 702 1323 Franoie
732 1293 766 1322 et
796 1301 874 1332 rege
897 1291 1050 1332 Boemie,
1081 1301 1178 1333 quem
1201 1292 1234 1323 in
1257 1292 1326 1323 istis
1347 1291 1519 1324 intendunt
1540 1291 1679 1333 habere,
1707 1294 1744 1323 ut
1765 1291 1828 1334 ipsi
1851 1291 1972 1323 dicunt.

312 1344 385 1376 Hoc
410 1347 519 1375 tamen
542 1353 604 1374 non
629 1343 779 1374 dixerunt
794 1343 960 1374 assertive.
1006 1342 1063 1375 Set
1085 1343 1170 1375 bene
1187 1343 1348 1385 dixerunt,
1372 1343 1459 1386 quod
1481 1344 1535 1375 isti
1550 1353 1730 1385 processus,
1753 1354 1835 1386 quos
1849 1343 1974 1376 fecerat

311 1407 410 1438 papa,
440 1395 568 1427 fuerunt
599 1395 676 1426 facti
700 1394 741 1426 de
764 1394 930 1426 voluntate
953 1395 1040 1435 regis
1063 1394 1214 1436 Francia,
1244 1398 1281 1427 ut
1310 1394 1351 1427 ab
1384 1405 1440 1427 ore
1470 1394 1617 1427 eiusdem
1647 1405 1733 1438 pape
1756 1395 1909 1427 dixerunt
1935 1404 1972 1427 se

310 1448 470 1480 habuisse.
505 1447 632 1479 Dicitur
655 1447 770 1487 eciam,
794 1445 882 1488 quod
906 1445 1010 1478 dictus
1032 1457 1092 1478 rex
1107 1446 1245 1478 Francie
1273 1446 1396 1479 debeat
1421 1447 1591 1479 transitum
1618 1446 1726 1479 facere
1752 1457 1812 1489 per
1838 1447 1971 1479 curiam.
1990 1457 2016 1478 nn

420 1501 450 1530 2.
473 1499 606 1530 Amicus
630 1509 692 1530 non
716 1498 890 1540 requiritur
912 1508 972 1540 per
994 1497 1145 1540 Pisanos,
1174 1498 1256 1530 sicut
1283 1499 1450 1531 consuevit
1477 1499 1607 1541 requiri.
1657 1498 1770 1531 Credit
1801 1498 1888 1541 quod
1909 1498 1972 1531 hoc

313 1551 367 1591 sit,
396 1551 471 1593 quia
499 1550 659 1582 intellexit
686 1561 745 1592 per
768 1549 1010 1582 ambaxiatores
1033 1550 1212 1582 Ianuenses
1235 1550 1439 1592 Gebellinos,
1469 1550 1557 1593 quod
1583 1550 1732 1582 dominus
1754 1550 1860 1582 infans
1881 1552 1973 1582 tenet

313 1605 484 1634 tractatum
507 1613 580 1634 cum
596 1602 732 1643 Pisanis,
757 1601 797 1633 de
823 1612 886 1643 quo
909 1602 978 1643 ipse
1002 1602 1125 1634 amicus
1148 1603 1284 1634 multum
1300 1602 1433 1645 gaudet,
1457 1602 1633 1635 dummodo
1656 1602 1753 1634 utiles
1776 1605 1810 1634 et
1831 1602 1971 1634 honora-

313 1654 394 1687 biles
410 1655 472 1686 sint
488 1655 578 1696 regie
595 1655 777 1696 magestati.
816 1654 955 1686 Multum
972 1654 1050 1686 dicti
1065 1654 1176 1686 Pisani
1192 1654 1342 1687 videntur
1359 1656 1555 1697 prosternati
1578 1664 1621 1686 ex
1642 1654 1797 1696 predictis
1818 1653 1971 1686 novitati—

312 1706 371 1738 bus
395 1709 426 1738 et
450 1707 514 1738 iam
537 1717 600 1738 non
622 1705 745 1737 habent
768 1709 894 1737 tantum
918 1706 959 1738 de
988 1706 1109 1748 favore,
1134 1710 1289 1748 quantum
1313 1709 1550 1739 consueverunt
1569 1706 1702 1738 habere.
1748 1706 1893 1747 Amicus,
1916 1704 1972 1748 qui
1989 1717 2015 1738 as

313 1757 353 1790 de
376 1761 470 1789 nocte
498 1761 531 1789 et
559 1758 600 1789 de
629 1757 681 1789 die
710 1758 794 1789 circa
818 1758 1055 1790 exaltacionem
1085 1761 1119 1790 et
1140 1758 1298 1790 honorem
1325 1759 1451 1801 regium
1474 1758 1665 1790 sollicitatur
1687 1761 1721 1790 et
1743 1758 1799 1800 qui
1820 1757 1972 1790 continue

314 1810 435 1851 cogitat
457 1811 524 1841 vias
548 1812 581 1841 et
603 1809 728 1850 modos,
759 1820 818 1851 per
841 1821 922 1852 quos
946 1810 1059 1842 domus
1082 1811 1174 1852 regia
1196 1811 1299 1852 possit
1321 1810 1469 1852 exaltari,
1492 1820 1576 1842 nunc
1598 1810 1727 1842 noviter
1749 1820 1792 1842 ex
1814 1819 1849 1842 se
1871 1809 1971 1852 signi-

312 1861 420 1892 ficavit
442 1861 618 1893 marchioni
638 1862 880 1903 Montisferrati,
904 1863 958 1904 qui
983 1866 1031 1894 est
1053 1873 1190 1904 magnus
1214 1865 1247 1894 et
1269 1865 1385 1905 potens
1407 1863 1440 1894 in
1462 1861 1583 1903 Ytalia,
1605 1865 1657 1894 set
1677 1862 1776 1894 miser
1799 1864 1834 1894 et
1854 1861 1972 1893 nullius

313 1912 447 1944 audacie
485 1914 550 1944 sive
586 1914 797 1954 strenuitatis,
838 1914 920 1945 sicut
953 1915 1007 1956 qui
1039 1918 1088 1946 est
1115 1915 1305 1947 naturaliter
1331 1917 1365 1946 et
1397 1925 1418 1946 a
1451 1913 1712 1956 progenitoribus
1745 1914 1810 1945 suis
1838 1913 1972 1955 Grecus,

314 1964 495 1996 inducendo
520 1967 552 1996 et
575 1965 786 2006 consulendo,
815 1965 902 2007 quod
930 1966 999 2007 ipse
1028 1965 1164 1998 deberet
1190 1966 1381 1998 contrahere
1409 1965 1612 2008 parentelam
1635 1976 1708 1997 cum
1731 1965 1829 1998 domo
1853 1967 1972 2007 vestra,
1990 1976 2018 1997 ω

315 2015 420 2047 dando
443 2016 541 2048 filiam
566 2027 658 2048 suam
681 2017 736 2048 uni
759 2017 800 2048 de
822 2017 896 2048 filiis
919 2019 1033 2049 vestris
1056 2018 1109 2050 vel
1132 2018 1198 2050 filio
1215 2018 1336 2050 domini
1351 2018 1483 2050 infantis
1505 2028 1578 2050 cum
1601 2020 1670 2049 toto
1687 2020 1797 2049 tamen
1812 2017 1974 2049 marchio-

314 2070 400 2099 natu.
445 2067 488 2099 Et
511 2067 614 2099 credit
629 2069 750 2100 amicus
773 2079 847 2100 eum
869 2069 1021 2102 inducere
1038 2069 1080 2101 ad
1095 2070 1167 2112 hoc,
1191 2071 1238 2102 ita
1253 2070 1340 2112 quod
1355 2071 1426 2112 ipso
1443 2069 1540 2112 facto,
1564 2069 1652 2112 quod
1668 2069 1838 2101 contrahet
1853 2069 1974 2101 dictam

313 2119 527 2160 parentelam,
559 2119 679 2151 debeat
707 2123 810 2151 totum
834 2120 1015 2162 predictum
1037 2122 1295 2154 marchionatum
1317 2122 1447 2154 tradere
1466 2122 1542 2154 ‘filie
1566 2132 1623 2153 sue
1647 2124 1680 2154 et
1702 2122 1771 2164 ipse
1794 2121 1909 2154 redeat
1931 2120 1974 2154 ad

315 2173 438 2210 patrem
469 2182 559 2202 suum
587 2173 817 2213 imperatorem
847 2172 1239 2215 constantinopolitanum
1268 2184 1341 2206 cum
1368 2184 1470 2206 uxore
1506 2176 1540 2205 et
1572 2173 1639 2205 filio
1673 2183 1746 2214 suo,
1781 2174 1836 2216 qui
1869 2172 1973 2205 dictus

314 2220 488 2261 imperator
521 2223 657 2254 multum
692 2223 858 2255 desiderat
892 2234 966 2256 eum
1001 2224 1123 2257 habere
1158 2228 1192 2257 et
1224 2226 1294 2257 vult
1327 2225 1388 2257 sibi
1422 2225 1500 2258 dare
1534 2236 1593 2267 pro
1622 2225 1806 2257 hereditate
1835 2235 1973 2268 regnum
1990 2235 2016 2256 u

315 2271 657 2306 Thessalonissensem.
693 2274 808 2307 Puella
837 2275 953 2307 dicitur
976 2277 1063 2318 quod
1087 2280 1136 2309 est
1161 2277 1194 2308 X
1216 2288 1383 2309 annorum.
1421 2277 1536 2310 Dictus
1555 2277 1700 2310 marchio
1723 2287 1820 2319 supra
1843 2287 1972 2309 omnem

315 2332 485 2363 personam
507 2325 617 2356 mundi
633 2326 764 2358 confidit
787 2326 827 2358 de
851 2330 958 2359 vestro
982 2329 1097 2360 amico.
1136 2328 1276 2360 Multum
1298 2330 1388 2371 regia
1403 2330 1558 2362 maiestas
1581 2332 1710 2362 tenetur
1725 2329 1796 2371 sibi,
1819 2339 1894 2361 nam
1917 2329 1973 2371 qui

316 2377 418 2405 totum
441 2385 474 2406 se
498 2376 602 2416 ipsum
626 2377 691 2417 dat,
720 2388 784 2409 non
806 2382 915 2420 potest
937 2380 1075 2421 amplius
1099 2380 1187 2413 dare.
1231 2380 1274 2412 Et
1301 2391 1378 2413 vere
1407 2392 1442 2414 se
1473 2382 1579 2424 ipsum
1608 2383 1714 2414 totum
1742 2383 1850 2413 vestre
1879 2381 1971 2423 regie

316 2425 475 2457 maiestati
498 2426 596 2468 dedit,
621 2430 695 2469 quia
718 2430 750 2460 in
772 2431 909 2463 veritate
933 2442 998 2463 non
1021 2431 1131 2464 desino
1156 2433 1319 2474 admirari,
1347 2433 1433 2465 unde
1455 2434 1545 2466 venit
1567 2437 1673 2466 tantus
1696 2432 1785 2465 z‘elus
1808 2435 1842 2465 et
1864 2435 1972 2465 tantus

316 2487 406 2507 amor
429 2477 470 2508 ad
493 2480 615 2520 regiam
638 2485 862 2522 magestatem.
1270 2507 1272 2509 -
1874 2513 1878 2517 -
1987 2493 2015 2514 ‘⁰

425 2531 453 2560 3.
488 2530 597 2562 Pisani
628 2533 725 2563 nichil
757 2533 901 2566 fecerunt
934 2546 1006 2567 cum
1036 2537 1249 2568 Ianuensibus
1279 2536 1402 2569 Guelfis
1436 2540 1470 2569 et
1498 2538 1563 2569 iam
1592 2536 1742 2569 videntur
1773 2537 1906 2569 innuere
1938 2537 1972 2568 in

315 2578 444 2619 publico
478 2582 587 2613 venire
621 2583 662 2614 ad
697 2583 906 2618 devocionem
941 2591 974 2619 et
1003 2588 1262 2620 dominacionem
1291 2589 1425 2631 regiam.
1472 2588 1628 2630 Spectant
1657 2588 1901 2630 responsionem
1930 2587 1972 2620 de

317 2630 401 2661 Pisis
425 2633 457 2663 et
479 2632 619 2673 aliquem
643 2637 783 2667 vestrum
799 2639 1016 2681 tractatorem,
1041 2650 1114 2671 cum
1137 2651 1200 2682 quo
1217 2641 1341 2682 possint
1356 2643 1504 2672 tractare.
1551 2639 1594 2671 Et
1615 2643 1652 2672 ut
1674 2639 1772 2671 habui
1795 2650 1815 2672 a
1831 2639 1972 2682 quodam

318 2682 457 2722 prelato,
490 2683 530 2714 de
554 2695 616 2725 quo
642 2685 718 2717 dicti
740 2686 850 2720 Pisani
872 2690 1007 2722 multum
1031 2691 1180 2723 videntur
1203 2692 1380 2733 confidere,
1410 2692 1437 2723 si
1463 2692 1580 2734 aliquis
1607 2694 1762 2724 tractator
1784 2692 1898 2724 fuisset
1919 2691 1972 2723 hio

316 2743 374 2790 pro
397 2734 488 2774 regia
510 2738 700 2776 magestate,
723 2738 786 2769 iam
810 2740 1003 2782 incepissent
1019 2746 1166 2775 tractare.
1204 2743 1246 2775 Et
1269 2747 1305 2775 ut
1326 2743 1490 2786 predictus
1505 2743 1650 2785 prelatus
1672 2743 1835 2786 innuebat,
1858 2743 1970 2775 volun·
1988 2756 2014 2776 a

318 2787 393 2815 tatis
416 2788 488 2816 sunt
514 2796 577 2817 non
606 2788 709 2819 solum
732 2789 909 2823 Sardiniam
941 2794 1031 2825 vobis
1060 2794 1239 2836 dimittere,
1270 2806 1379 2837 ymmo
1402 2794 1496 2827 Pisas
1519 2794 1612 2836 dare,
1643 2795 1671 2827 si
1693 2795 1784 2837 regia
1806 2798 1969 2837 magestas

421 2861 447 2895 1)
466 2860 526 2888 Scil.
540 2862 673 2896 Neapoleo
690 2864 853 2899 cardinalis;
877 2868 910 2900 cf.
923 2877 965 2896 nr.
978 2873 1036 2897 800.
