2190 3172
308 223 370 253 420
506 219 602 246 ACTA
621 219 734 246 REGNI
754 217 937 245 LUDEWICI
957 217 1003 244 lv.
1022 217 1068 244 ET
1087 216 1271 243 FRIDERICI
1291 216 1339 243 111.
1378 216 1452 244 1319.
1490 217 1536 244 Nr.
1550 216 1608 244 523.
1627 217 1686 244 524.
1705 217 1764 244 525.

643 351 729 388 523.
770 351 1007 386 Iuramentum
1034 348 1181 393 episcopi
1205 359 1271 393 pro
1297 359 1384 395 φερε.
1489 350 1567 385 Ian.
1587 351 1621 385 8.

418 427 516 466 Copia
540 427 594 467 (c.)
618 426 739 457 ibidem.
764 444 806 447 ——
828 425 890 456 Ed.
915 423 1005 455 Verci
1025 423 1045 454 l.
1062 433 1086 454 c.
1110 433 1148 454 ex
1171 434 1198 455 c.
1244 423 1326 455 Item
1347 424 1524 463 repetimus.

414 504 538 536 Eodem
563 503 731 534 millesimo
757 506 788 534 et
810 502 886 541 ind.,
911 501 962 532 die
986 501 1077 532 Lune
1099 500 1192 532 VIII.
1215 500 1294 541 Ian.‚
1323 501 1412 532 curia
1440 502 1642 534 antianorum
1673 506 1706 534 et
1729 501 1895 534 consulum
1925 503 1957 534 in

307 567 436 588 camera
458 555 666 587 habitationis
689 553 864 595 supradicti
888 552 1008 584 domini
1030 552 1141 583 vicarii
1171 552 1284 594 palatii
1316 553 1460 584 comunis
1487 563 1595 585 coram
1619 553 1749 585 domino
1773 554 1892 585 vicario
1916 554 1958 586 ad

307 619 420 640 sonum
444 617 600 648 campane
625 610 660 637 ut
682 607 779 637 moris
803 609 851 637 est
874 605 1061 636 solemniter
1084 607 1292 646 congregata,
1313 604 1516 646 presentibus
1538 605 1700 636 nobilibus
1721 605 1798 636 viris
1821 604 1959 637 dominis

306 659 454 692 Rizolino
491 662 523 690 et
558 658 725 689 Altenerio
761 657 801 688 de
833 656 1010 694 Azonibus,
1044 655 1217 696 Io(hanne)
1249 655 1290 687 de
1320 655 1484 688 Lavazola
1512 656 1714 698 iud(ioibus)‚
1749 656 1884 688 Alberto
1916 656 1958 688 de

307 710 471 750 Gaulello,
506 710 602 741 Pasio
632 709 672 740 de
695 708 849 740 Fontanis
873 707 1032 748 not(ariis)
1067 711 1101 738 et
1129 707 1201 738 aliis
1229 707 1373 749 pluribus
1404 707 1447 739 ad
1473 708 1535 739 hoc
1562 708 1741 750 spetialiter
1764 709 1958 747 convocatis,

307 761 500 793 venerabilis
524 761 554 791 in
573 759 699 791 Christo
723 763 817 801 pater
840 759 988 791 dominus
1004 758 1206 791 castellanus
1221 758 1285 791 Dei
1307 760 1413 801 gratia
1429 760 1599 802 episcopus
1614 760 1824 800 Ter(visinus)
1849 760 1957 792 delato

307 814 368 845 sibi
391 815 592 845 sacramento
623 822 682 853 per
710 811 923 843 reverendum
950 814 1077 853 patrem
1107 810 1271 843 dominum
1300 811 1487 853 episcopum
1510 812 1725 844 Laventinum
1748 811 1959 853 corporaliter

306 869 470 907 tamquam
494 864 638 895 vassalus
661 863 779 905 prefati
803 863 924 895 domini
946 864 1031 905 regis
1059 866 1093 894 et
1114 862 1220 894 fidelis
1242 862 1418 905 imperialis
1441 864 1620 895 maiestatis
1642 864 1760 895 iuravit
1781 863 1823 895 ad
1847 867 1958 895 sancta

305 917 368 949 Dei
391 916 562 958 euangelia
586 926 698 957 puram
722 915 914 946 fidelitatem
938 915 1000 956 ipsi
1023 914 1153 946 domino
1170 915 1322 956 episcopo
1338 915 1518 947 Laventino
1535 918 1575 947 et
1597 915 1668 947 aliis
1690 926 1763 947 cum
1786 926 1825 947 eo
1842 915 1959 958 legatis

306 969 405 1010 ipsius
433 967 552 999 domini
582 967 667 1009 regis
695 966 923 1009 recipientibus
951 967 1080 998 nomine
1111 969 1144 998 et
1170 967 1240 997 vice
1265 966 1410 998 eiusdem
1433 966 1554 998 domini
1582 968 1669 1009 regis
1699 970 1733 999 et
1759 967 1896 999 honores
1926 971 1959 999 et

307 1019 442 1051 comoda
465 1020 564 1061 ipsius
588 1019 709 1050 domini
738 1020 823 1060 regis
852 1022 884 1050 et
911 1018 1031 1060 regalis
1054 1018 1232 1050 maiestatis
1255 1017 1396 1050 fideliter
1417 1022 1616 1060 pertractare
1647 1021 1680 1050 et
1701 1018 1872 1051 incomoda
1899 1029 1958 1061 pro

306 1071 426 1103 viribus
450 1072 570 1102 evitare
607 1074 640 1102 et
667 1070 753 1112 quod
781 1081 845 1102 non
874 1071 936 1102 erit
963 1070 1018 1101 ubi
1049 1073 1205 1102 tractetur
1233 1074 1266 1102 et
1293 1070 1474 1111 ordinetur,
1508 1070 1594 1112 quod
1616 1072 1799 1103 minuantur
1820 1071 1958 1103 honores

305 1123 424 1164 regalis
447 1122 626 1154 maiestatis
649 1122 701 1153 vel
729 1121 815 1163 quod
842 1122 911 1163 ipse
935 1121 1083 1153 dominus
1111 1131 1170 1152 rex
1197 1120 1313 1162 perdat
1335 1122 1435 1154 vitam
1465 1132 1522 1154 seu
1545 1122 1742 1162 membrum,
1776 1122 1834 1155 sed
1861 1133 1958 1165 quam

308 1175 399 1206 citius
423 1175 543 1216 poterit
566 1174 650 1205 dicto
676 1173 805 1205 domino
831 1174 899 1215 regi
923 1183 981 1215 per
1004 1173 1128 1204 litteras
1152 1176 1207 1204 aut
1230 1173 1380 1204 nuncium
1403 1173 1566 1205 indicabit.

653 1283 739 1319 524.
781 1283 1020 1318 libramentum
1046 1285 1171 1319 vicarii
1193 1296 1260 1330 pro
1287 1296 1376 1329 reye.
1483 1285 1563 1320 Iam.
1583 1286 1618 1320 8.

417 1359 515 1399 Copia
539 1359 592 1399 (c.)
616 1358 739 1390 ibidem.
764 1376 806 1380 -
829 1357 892 1389 Ed.
915 1357 1006 1389 Verci
1028 1357 1047 1389 l.
1064 1369 1089 1389 e.
1113 1369 1152 1390 ecc
1174 1369 1201 1390 c.
1248 1358 1329 1390 Item
1351 1358 1530 1398 repetimus.

413 1436 476 1468 Die
501 1436 648 1478 predicta
673 1439 706 1467 et
728 1436 936 1467 incontinenti
961 1436 1107 1477 prefatus
1123 1436 1270 1468 dominus
1286 1438 1447 1468 Armanus
1462 1436 1600 1468 vicarius
1618 1437 1717 1479 ipsius
1737 1436 1857 1469 domini
1873 1437 1959 1479 regis

306 1489 415 1520 delato
439 1488 544 1520 eidem
568 1499 627 1530 per
648 1488 768 1519 dictum
785 1487 949 1519 dominum
967 1488 1155 1530 episcopum
1172 1488 1404 1528 Ter(visinum)
1421 1488 1632 1530 corporaliter
1646 1489 1827 1521 iuramento
1843 1489 1960 1521 iuravit

305 1540 347 1572 ad
370 1543 480 1571 sancta
496 1539 559 1571 Dei
583 1539 755 1581 euangelia
777 1538 968 1571 fidelitatem
991 1540 1069 1581 ipsis
1092 1539 1230 1571 dominis
1250 1539 1367 1582 legatis
1389 1540 1466 1572 dicti
1487 1540 1607 1572 domini
1630 1541 1715 1583 regis
1731 1540 1960 1583 recipientibus

305 1592 432 1623 nomine
464 1595 496 1623 et
519 1592 587 1623 vice
617 1591 695 1623 dicti
721 1590 841 1622 domini
871 1591 956 1632 regis
988 1595 1021 1622 et
1048 1591 1117 1623 eius
1140 1591 1277 1623 comoda
1307 1596 1340 1623 et
1370 1592 1509 1624 honores
1534 1592 1675 1624 fideliter
1701 1595 1898 1634 pertractare
1926 1596 1959 1624 et

305 1643 476 1675 incomoda
500 1644 622 1675 evitare
650 1653 708 1685 pro
736 1654 831 1685 posse
866 1646 900 1675 et
931 1654 995 1675 non
1029 1654 1100 1676 esse
1130 1645 1163 1676 in
1192 1647 1345 1684 tractatu,
1379 1644 1466 1687 quod
1489 1645 1673 1676 minuantur
1697 1644 1837 1676 honores
1858 1644 1958 1686 ipsius

306 1694 427 1726 domini
451 1695 537 1736 regis
553 1694 605 1726 vel
622 1694 708 1737 quod
725 1696 823 1726 vitam
848 1705 905 1726 seu
921 1695 1103 1727 membrum
1119 1696 1190 1737 ipse
1207 1695 1355 1728 dominus
1378 1705 1436 1727 rex
1460 1695 1575 1738 perdat
1597 1706 1657 1728 nec
1680 1696 1766 1738 quod
1782 1696 1958 1738 imperialis

305 1747 485 1778 maiestatis
508 1747 572 1777 suis
596 1746 770 1778 honoribus
794 1746 988 1788 deprIvetur.

585 1858 669 1893 5025.
712 1858 930 1893 Provisiones
957 1870 1062 1903 super
1087 1861 1181 1894 statu
1207 1858 1441 1902 reformando.
1546 1859 1625 1894 Ian.
1645 1860 1681 1893 8.

418 1932 517 1972 Copia
540 1933 595 1974 (c.)
619 1933 740 1964 ibidem.
765 1945 807 1954 ·—
831 1933 892 1964 Ed.
916 1932 1006 1964 Verei
1029 1932 1048 1964 l.
1066 1944 1089 1964 c.
1113 1943 1152 1964 ex
1174 1943 1201 1965 c.
1247 1933 1327 1965 Item
1348 1933 1527 1974 repetimus.

414 2009 476 2041 Die
500 2010 590 2041 Lune
608 2010 700 2042 VIII.
718 2010 797 2050 Ian.,
822 2011 910 2042 curia
933 2012 1135 2043 antianorum
1159 2015 1192 2043 et
1216 2012 1380 2043 consulum
1406 2013 1549 2043 comunis
1571 2011 1757 2052 Ter(visini)
1781 2014 1814 2043 et
1833 2011 1961 2052 sapien-

308 2061 391 2092 tibus
421 2072 492 2093 cum
523 2061 608 2093 dicta
636 2063 723 2093 ouria
756 2062 918 2104 deputatis
952 2074 1049 2105 super
1078 2067 1163 2095 statu
1194 2064 1328 2105 pacifico
1358 2064 1496 2095 civitatis
1519 2063 1714 2105 Ter(visine)
1745 2066 1778 2095 et
1800 2062 1960 2094 districtus

307 2113 525 2144 conservando
561 2124 669 2145 coram
704 2115 851 2155 sapiente
885 2116 953 2146 viro
989 2115 1120 2147 domino
1154 2115 1276 2147 Iacobo
1311 2115 1352 2148 de
1386 2115 1540 2158 Capuclis
1573 2115 1613 2148 de
1647 2115 1788 2148 Forlivio
1822 2114 1958 2155 induce)

308 2173 468 2195 assessore
502 2164 617 2195 nobilis
652 2165 761 2196 militis
796 2166 916 2198 domini
939 2168 1074 2199 Armani
1109 2167 1150 2199 de
1179 2167 1392 2199 Guelfonibus
1422 2167 1463 2200 de
1495 2167 1646 2209 Eugubio
1674 2167 1793 2198 vicario
1822 2166 1960 2198 civitatis

309 2214 501 2257 Ter(visine)
533 2220 565 2246 et
593 2216 753 2248 districtus
783 2229 840 2259 pro
870 2219 1074 2250 serenissimo
1105 2220 1248 2261 principe
1278 2219 1409 2251 domino
1432 2219 1598 2251 Friderico
1621 2218 1684 2251 Dei
1710 2219 1816 2260 gratia
1837 2217 1959 2250 Roma·

308 2276 420 2297 norum
444 2277 521 2308 rege
545 2271 577 2299 et
600 2278 728 2310 semper
750 2273 888 2311 augusto
912 2271 942 2301 in
967 2271 1092 2302 camino
1116 2270 1230 2312 palatii
1253 2271 1396 2302 comunis
1420 2270 1514 2302 solito
1542 2270 1584 2302 ad
1607 2280 1720 2302 sonum
1744 2279 1902 2311 campane
1925 2273 1960 2301 ut

309 2318 407 2348 moris
430 2321 480 2349 est
502 2319 688 2351 solemniter
711 2326 924 2364 congregata,
960 2323 1128 2364 proposuit
1159 2322 1246 2354 idem
1271 2322 1418 2354 dominus
1440 2321 1578 2354 Iacobus
1610 2325 1644 2354 et
1673 2321 1735 2353 sibi
1764 2322 1858 2363 petiit
1885 2331 1960 2353 con-

310 2369 415 2400 silium
442 2370 581 2409 exiberi,
616 2372 692 2413 quid
722 2373 883 2414 agendum
916 2375 956 2404 sit
984 2384 1081 2415 super
1110 2373 1171 2405 hiis
1201 2384 1264 2416 que
1293 2376 1415 2406 restant
1441 2373 1603 2415 agendum
1630 2384 1728 2415 super
1755 2373 1959 2415 reparatione

309 2423 411 2451 status
435 2422 572 2453 civitatis
596 2423 788 2465 Terffisine)
814 2428 847 2456 et
871 2425 1041 2457 districtus.

418 2472 555 2505 Demum
579 2474 611 2505 in
635 2475 863 2508 reformatione
893 2477 978 2509 dicte
1009 2478 1095 2510 curie
1123 2479 1288 2519 proposito
1318 2488 1377 2519 per
1404 2477 1523 2509 dictum
1553 2477 1716 2509 dominum
1739 2476 1895 2508 Iacobum
1917 2475 1959 2507 ad

311 2523 478 2565 bux(ulas)
503 2529 534 2556 et
559 2525 736 2567 ball(ottas)
759 2528 920 2560 firmatum
943 2529 1003 2561 fuit
1026 2540 1085 2571 per
1106 2529 1205 2562 XXX
1229 2529 1428 2561 consiliarios
1451 2529 1662 2570 concorditer,
1693 2528 1819 2560 duobus
1848 2527 1890 2560 ab
1914 2528 1960 2560 eis

312 2574 578 2617 discrepantibus,
609 2578 693 2619 quod
716 2584 869 2612 vocentur
893 2585 926 2612 et
947 2582 1152 2624 requirantur
1174 2581 1222 2612 IV
1245 2581 1409 2623 sapientes
1438 2581 1518 2612 alias
1546 2580 1642 2613 electi
1665 2580 1707 2612 ad
1730 2579 1959 2612 conferendum

312 2636 383 2658 cum
406 2628 582 2659 reverendo
610 2630 678 2661 viro
709 2631 837 2663 domino
866 2633 989 2664 Mathia
1020 2633 1188 2675 capellano
1224 2639 1256 2665 et
1287 2632 1497 2664 ambaxatore
1526 2632 1699 2674 supradicti
1731 2632 1851 2663 domini
1875 2632 1960 2673 regis

311 2688 408 2719 super
430 2679 658 2712 reformatione
683 2682 820 2714 civitatis
843 2688 876 2715 et
899 2685 1060 2716 districtus
1083 2683 1283 2725 Tcrfflsini),
1307 2694 1442 2726 quorum
1465 2685 1594 2715 nomina
1623 2684 1684 2716 hec
1713 2687 1786 2715 sunt
1807 2683 1959 2715 videficet

312 2729 459 2761 dominus
491 2731 655 2763 Rizolinus
689 2733 729 2764 de
759 2735 934 2777 Azonibus,
971 2736 1118 2767 dominus
1146 2735 1385 2778 Regempretus
1419 2736 1459 2768 de
1492 2735 1610 2767 Braida
1641 2735 1779 2776 iudices,
1814 2735 1961 2767 dominus

311 2781 465 2813 Albertus
489 2783 529 2814 de
554 2783 702 2816 Gaulello
727 2789 758 2817 et
781 2787 895 2819 Pasius
918 2788 958 2819 de
982 2787 1136 2819 Fontanis
1158 2788 1288 2827 notarii,
1318 2798 1390 2819 cum
1419 2788 1534 2830 quibus
1563 2797 1634 2819 esse
1665 2787 1786 2820 debeat
1814 2786 1960 2819 dominus

313 2832 472 2865 Iohannes
492 2834 532 2865 de
550 2835 709 2867 Lavazola
726 2837 833 2878 iudex,
857 2839 898 2870 ad
915 2839 1155 2878 conferendum,
1179 2839 1381 2885 tractandum
1406 2842 1439 2871 et
1455 2839 1665 2872 ordinandum
1687 2850 1759 2872 cum
1776 2839 1961 2871 reverendis

1989 619 2002 638 b

1978 876 2003 896 2⁰

1978 1136 2002 1155 15

1979 2384 2003 2402 ³5

1977 2644 2004 2662 ⁴0
