2190 3172
474 192 572 221 ACTA
589 192 704 221 REGNI
723 191 907 222 LUDEWICI
926 191 972 220 lv.
991 191 1038 220 ΕΤ
1059 192 1244 221 FRIDEBICI
1264 194 1311 221 111.
1350 194 1424 222 1814.
1461 194 1509 222 Νι.
1524 194 1581 222 139.
1602 196 1659 223 140.
1836 202 1893 230 135,

239 278 300 311 bus
322 277 515 311 habuerunt.
560 278 747 311 Inhibemus
774 278 885 320 itaque
915 279 1072 311 universis
1103 284 1136 311 et
1164 279 1297 322 singulis
1320 280 1402 312 sacri
1426 279 1563 312 Romani
1587 281 1713 323 imperii
1736 282 1895 319 fidelibus,

238 340 280 363 ne
304 330 376 373 quis
398 330 503 372 ipsum
527 329 820 372 archiepiscopum,
853 340 927 361 suos
951 340 1153 363 successores
1176 335 1208 363 et
1231 331 1400 364 ecclesiam
1425 331 1651 364 Coloniensem
1679 333 1709 364 in
1735 335 1895 374 premissis

239 381 293 414 vel
315 391 427 414 eorum
449 380 559 423 aliquo
581 379 741 423 impedire
769 379 890 414 audeat
913 381 963 413 vel
995 382 1239 424 quomodolibet
1266 382 1465 425 perturbare.
1555 383 1591 414 In
1620 384 1708 415 cuius
1736 386 1781 415 rei
1806 386 1894 415 testi-

239 433 382 466 monium
405 435 574 475 presentes
596 431 721 475 litteras
744 431 851 476 eidem
866 433 1111 477 archiepiscopo
1134 437 1167 466 et
1183 434 1399 481 ecclesie-sue
1417 433 1600 466 Coloniensi
1618 434 1765 466 dedimus
1788 442 1895 468 nostre

208 492 222 514 ι
239 485 417 517 maiestatis
440 483 546 526 sigillo
571 493 613 515 ex
636 487 724 516 certa
746 487 856 516 nostra
878 484 1018 516 sciencia
1041 487 1262 518 communitas.

347 535 468 568 Datum
498 535 628 576 Bunne,
652 534 693 568 V.
710 534 783 567 Kal.
808 534 1013 577 Decembris,
1045 546 1128 568 anno
1152 536 1290 569 'Domini
1317 536 1487 568 millesimo
1516 538 1742 569 trecentesimo
1767 544 1896 580 quarto-

240 588 378 630 decimo,
401 587 494 630 regni
516 597 593 619 vero
617 587 716 619 nostri
740 596 824 619 anno
847 587 961 629 primo.

635 726 718 763 140.
761 726 943 763 ConceSsio
971 727 1092 763 telonei
1121 727 1244 763 altera.
1348 728 1436 766 Noz‘.
1453 732 1514 765 27.

355 799 518 842 oriqinale
540 799 654 833 ibidem
677 799 698 832 l.
714 810 740 833 c.
763 800 836 833 508.
890 800 1090 833 Contulimus
1115 811 1182 834 nos.
1238 801 1357 834 Pendet
1378 802 1517 843 sigillum
1542 812 1659 843 parum
1688 801 1807 833 laesum
1832 802 1900 841 filis

197 862 223 884 ιο
242 853 353 886 scricis
372 851 464 885 rubei
484 851 623 892 flavique
649 851 772 884 coloris.
795 870 838 876 -
860 850 923 885 Ed.
946 852 1123 885 Lacomblet
1145 852 1165 885 l.
1182 863 1207 885 c.
1232 853 1303 891 III,
1327 854 1390 884 103
1412 864 1461 885 nr.
1480 854 1543 884 138
1565 864 1603 885 ex
1626 864 1672 884 or.

348 907 495 945 mmor,
518 906 595 950 Ray:
619 907 732 940 Ludw.
757 907 848 941 deest.

312 973 316 978 ’
352 963 404 1006 Cf.
426 973 527 1004 supra
548 973 599 995 nr.
615 963 657 995 25
680 973 748 1004 cap.
765 965 795 996 8.

203 1093 207 1097 .
349 1049 545 1083 Fredericus
567 1049 633 1082 Dei
655 1050 766 1092 gracia
787 1049 1009 1082 Romanorum
1032 1060 1091 1082 rex
1114 1059 1243 1091 semper
1266 1053 1420 1091 augustus
1486 1050 1642 1082 universis
1664 1050 1745 1082 sacri
1762 1048 1899 1081 Romani

241 1101 368 1145 imperii
391 1101 544 1134 fidelibus
633 1101 771 1134 salutem
796 1105 830 1133 et
852 1100 1128 1143 infrascriptorum
1151 1101 1389 1143 imperpetuum
1413 1111 1610 1142 cognoscere
1635 1101 1813 1133 veritatem.

198 1168 233 1190 uv
350 1153 440 1186 Inter
463 1152 538 1194 alia,
562 1152 678 1195 quibus
700 1153 881 1185 maiestatis
903 1156 1014 1184 nostre
1037 1151 1164 1184 culmen
1187 1152 1338 1194 refulget,
1362 1153 1550 1194 precipuum
1574 1156 1774 1194 reputamus,
1798 1157 1833 1184 ut
1856 1153 1899 1183 sic

230 1205 403 1248 —principes
425 1207 552 1237 nostros
577 1207 611 1236 et
633 1204 715 1236 sacri
740 1204 868 1246 imperii
891 1206 1058 1246 tamquam
1082 1203 1270 1246 columpnas
1293 1207 1419 1235 nostras
1441 1203 1634 1246 specialibus
1661 1203 1778 1245 graciis
1804 1202 1899 1234 attol-

241 1257 355 1297 lamus,
377 1259 414 1288 ut
436 1266 500 1299 quo
524 1255 664 1298 amplius
685 1255 909 1288 munificencie
932 1258 1042 1287 nostre
1067 1254 1152 1287 dona
1176 1255 1391 1297 perceperint,
1414 1258 1505 1287 tanto
1528 1254 1569 1287 ad
1593 1258 1702 1286 nostra
1724 1258 1756 1286 et
1775 1255 1899 1296 imperii

242 1307 398 1351 obsequia
421 1307 543 1340 firmius
566 1308 792 1350 astringantur.
838 1307 978 1349 Propter
1000 1306 1087 1349 quod
1111 1306 1330 1338 venerabilem
1354 1306 1531 1338 Henricum
1547 1305 1771 1338 Coloniensem
1796 1303 1899 1336 archi-

242 1360 430 1403 episcopum
452 1358 600 1391 volentes
621 1362 788 1402 tamquam
812 1359 989 1400 principem
1014 1358 1201 1400 precipuum
1231 1362 1264 1390 et
1292 1358 1498 1400 columpnam
1526 1357 1653 1399 imperii
1675 1356 1845 1388 ardencius
1868 1360 1901 1388 et

198 1411 458 1454 »sumptuosius
491 1411 608 1443 nostris
641 1414 675 1443 et
707 1410 808 1453 ipsius
839 1410 966 1452 imperii
994 1409 1209 1441 sollicitudine
1241 1410 1390 1441 continua
1417 1412 1450 1441 et
1479 1419 1555 1440 cura
1583 1407 1731 1450 pervigili
1754 1408 1898 1450 negociis

237 1463 443 1495 insistentem
469 1462 640 1505 prevenire
667 1462 777 1505 gracia
810 1461 961 1504 speciali,
996 1464 1068 1494 octo
1103 1461 1308 1493 Turonenses
1337 1471 1466 1503 grossos
1496 1460 1537 1492 de
1569 1463 1694 1492 carrata
1721 1460 1786 1491 vini
1814 1459 1898 1491 ultra

231 1513 442 1546 -tlieolonium
474 1514 642 1556 antiquum
670 1513 843 1546 Bunnense
871 1524 931 1556 per
957 1513 1030 1545 dive
1061 1512 1293 1546 recordationis
1321 1511 1499 1544 Henricum
1526 1510 1689 1554 quondam
1716 1510 1898 1543 Romanum

235 1566 472 1609 'imperatorem
506 1566 771 1609 predecessorem
805 1569 949 1598 nostrum
982 1566 1025 1598 ad
1060 1570 1166 1599 certos
1200 1576 1299 1598 annos
1334 1576 1391 1607 pro
1426 1565 1591 1607 expensis,
1626 1574 1706 1606 quas
1739 1563 1770 1594 in
1800 1562 1899 1604 ipsius

233 1618 447 1660 ,imperatoris
470 1621 503 1650 et
525 1618 653 1660 imperii
676 1618 818 1650 serviciis
840 1618 1000 1658 sustinuit,
1024 1617 1130 1650 eidem
1148 1628 1318 1649 concessos
1341 1616 1382 1648 ad
1406 1616 1476 1648 dies
1498 1617 1563 1648 vite
1586 1625 1644 1646 sue
1667 1614 1801 1646 ulterius
1823 1624 1898 1645 con-

198 1683 225 1706 ss
243 1669 388 1703 cedimus
415 1673 448 1702 et
477 1669 649 1710 donamus,
679 1670 869 1702 innovamus
896 1673 929 1702 et
956 1669 1182 1701 confirmamus
1209 1669 1316 1701 eidem
1350 1667 1553 1710 recipiendos
1585 1670 1618 1698 et
1644 1665 1810 1698 habendos
1842 1674 1900 1706 per

243 1720 383 1754 eundem
410 1731 474 1764 quo
502 1720 664 1754 advixerit
691 1721 732 1754 de
762 1721 858 1754 rebus
886 1721 1019 1764 singulis
1049 1720 1249 1753 theolonium
1277 1719 1490 1759 solventibus,
1515 1722 1610 1761 prout
1638 1716 1899 1759 proporcionabi-

242 1772 316 1806 liter
342 1776 532 1816 competunt
561 1776 595 1805 et
626 1783 708 1806 nunc
736 1774 934 1816 recipiuntur
963 1774 994 1805 in
1020 1772 1106 1804 dicto
1130 1772 1212 1804 loco.
1260 1771 1413 1804 Ceterum
1436 1771 1467 1802 in
1491 1769 1656 1812 amplioris
1679 1768 1813 1805 favoris,
1836 1778 1899 1810 quo

244 1823 383 1857 eundem
411 1824 690 1868 archiepiscopum
716 1826 782 1857 suis
808 1825 933 1857 meritis
961 1824 1168 1867 exigentibus
1191 1823 1431 1865 amplectimur,
1454 1821 1618 1861 indicium,
1642 1820 1717 1862 quia
1740 1819 1899 1861 inprovise

242 1876 276 1908 in
306 1879 415 1908 nostra
449 1877 612 1910 creatione
647 1887 808 1919 expensas
842 1877 1004 1908 inmensas
1033 1875 1196 1915 sustinuit,
1226 1874 1427 1906 theolonium
1456 1872 1569 1904 decem
1600 1871 1832 1903 Turonensium
1860 1869 1900 1901 de

200 1941 228 1962 ω
244 1931 370 1960 carrata
398 1928 463 1960 vini
494 1928 582 1970 prius
613 1928 644 1960 in
673 1927 892 1970 Hamersteyn
928 1930 962 1959 et
988 1926 1107 1959 deinde
1137 1926 1224 1969 apud
1256 1925 1431 1968 Ludistorp
1461 1924 1502 1956 ab
1530 1923 1646 1956 eodem
1670 1922 1899 1965 predecessore

244 1982 354 2012 nostro
382 1979 458 2012 dum
488 1979 570 2012 vixit
597 1980 783 2022 impositum
813 1983 846 2012 et
875 1988 1001 2011 exnunc
1028 1977 1257 2010 Andernacum
1288 1977 1492 2016 translatum,
1522 1975 1627 2007 eidem
1655 1973 1802 2006 similiter
1824 1983 1899 2004 con-

235 2022 389 2064 cedimus
411 2034 445 2064 et
467 2030 626 2063 donamus
648 2030 833 2064 habendum
858 2034 891 2063 et
914 2029 1135 2072 recipiendum
1159 2039 1218 2071 per
1241 2028 1380 2061 eundem
1405 2027 1446 2060 de
1469 2027 1550 2059 vinis
1573 2030 1606 2059 et
1629 2025 1725 2058 rebus
1748 2025 1834 2062 aliis
1859 2023 1899 2055 de

245 2083 360 2126 quibus
392 2082 593 2115 theolonium
624 2083 706 2115 solvi
740 2082 848 2115 debet.
907 2081 959 2114 Sic
987 2085 1096 2113 tamen
1125 2081 1212 2123 quod
1241 2090 1390 2112 successu
1417 2078 1572 2120 temporis
1602 2088 1660 2119 pro
1687 2076 1825 2108 utilitate
1855 2076 1902 2107 rei

244 2133 373 2177 publice
397 2137 431 2167 et
453 2137 668 2167 mercatorum
692 2144 730 2167 ac
753 2134 998 2177 negociator-um
1020 2132 1223 2165 relevacione
1247 2135 1281 2164 et
1303 2130 1482 2163 conmodo·
1503 2130 1609 2171 ipsum
1625 2127 1829 2160 theolonium
1846 2131 1901 2158 aut

202 2199 228 2220 ss
246 2187 375 2219 omnino
398 2185 541 2228 deponat
567 2186 619 2218 vcl
646 2187 678 2218 in
709 2189 802 2228 parte
826 2185 982 2217 diminuat
1010 2188 1044 2216 et
1065 2183 1252 2216 moderetur
1274 2182 1318 2215 ad
1341 2185 1468 2224 tempus
1491 2180 1553 2213 sibi
1577 2180 1783 2212 conveniens.
1815 2178 1901 2220 quod

245 2237 288 2270 sit
312 2237 546 2270 mercatoribus
574 2237 756 2270 tollerabile
780 2240 814 2269 et
837 2246 1010 2269 consonum
1034 2236 1184 2275 rationi⁶‚
1215 2234 1302 2277 quod
1331 2234 1400 2266 eius
1428 2232 1611 2265 discretioni
1634 2230 1784 2263 duximus
1807 2229 1901 2261 relin-

246 2289 419 2332 quendum.
471 2288 506 2322 Si
535 2290 634 2322 etiam
664 2299 723 2332 per
751 2299 826 2322 eum
854 2288 1045 2320 diminutum
1072 2286 1124 2319 vel
1155 2286 1338 2328 depositum
1367 2284 1479 2323 fuerit,
1507 2283 1656 2315 nolumus
1679 2283 1784 2323 ipsum
1807 2280 1900 2312 theo-

245 2340 368 2374 lonium
390 2341 443 2374 vel
465 2340 635 2384 quodlibet
656 2340 745 2373 aliud
767 2340 880 2382 reponi
903 2340 1057 2382 precipue
1081 2338 1163 2370 infra
1179 2338 1299 2370 limites
1315 2335 1491 2369 conductus
1507 2334 1615 2366 dicti.
1633 2357 1641 2365 .
1666 2332 1902 2374 archiepiscopi

245 2391 278 2425 in
298 2392 392 2426 Reno
420 2392 492 2425 loco
515 2393 579 2434 sui,
607 2396 643 2424 ut
665 2396 882 2424 mercatorum
906 2390 1079 2423 descensus
1102 2390 1134 2421 in
1157 2389 1249 2422 Reno
1273 2389 1392 2420 existat
1414 2386 1546 2418 liberior
1569 2389 1602 2417 et
1626 2393 1785 2416 ascensus.
1866 2382 1903 2413 In

203 2459 230 2480 ω
247 2443 336 2476 cuius
369 2444 418 2477 rei
447 2444 667 2476 testimonium
697 2446 864 2486 presentes
898 2442 1022 2474 litteras
1050 2441 1156 2473 eidem
1186 2440 1429 2483 archiepiscopo
1457 2441 1565 2469 nostre
1595 2435 1770 2468 maiestatis
1799 2434 1902 2475 sigillo

247 2494 395 2528 dedimus
417 2497 640 2528 communitas.

354 2547 475 2580 Datum
503 2546 634 2588 Bdnne,
656 2546 697 2579 V.
714 2545 789 2578 Kal.
811 2544 1018 2585 Decembris,
1047 2554 1130 2576 anno
1161 2543 1291 2575 Domini
1318 2541 1489 2573 millesimo
1516 2538 1743 2571 trecentesimo
1773 2540 1903 2578 quarto-

239 2589 385 2640 decimo,
409 2600 502 2642 regni
524 2609 601 2631 vero
624 2598 725 2630 nostri
747 2607 831 2629 anno
856 2597 969 2639 primo.

354 2811 420 2840 uo.
447 2813 471 2846 ⁸)
491 2813 518 2838 in
536 2821 634 2838 rasura
653 2819 691 2838 or.
779 2810 804 2843 b)
823 2819 890 2837 corr.
910 2818 940 2836 ex
958 2810 1064 2836 rationis
1082 2817 1120 2834 or.
