2124 3132
298 181 338 212 28
737 179 954 206 'PRAOTATUS
973 179 1020 206 DE
1040 179 1257 206 ELECTIONE.
1297 178 1370 206 1314.
1406 179 1455 205 Nr.
1469 180 1510 206 26.
1530 180 1571 206 27.

297 266 473 298 coniunctis
498 266 613 297 eidem.
659 265 701 297 Et
724 265 901 297 satisfaciet
924 265 984 296 sibi
1008 266 1049 297 de
1074 265 1294 307 quadrigentis
1316 265 1405 297 libris
1419 266 1623 297 Hallensium
1647 277 1666 298 a
1690 277 1767 308 rege
1792 268 1956 308 promissis

296 317 403 349 eidem
427 318 602 350 secundum
627 317 805 349 litterarum
830 318 1064 349 continenciam
1087 317 1149 348 sibi
1172 327 1191 348 a
1213 327 1291 358 rege
1315 316 1505 348 traditarum
1528 328 1625 359 super
1648 327 1698 350 eo.

404 371 434 400 6.
470 369 555 400 Item
578 369 802 410 augmentabit
817 368 983 410 Dyethero
1007 368 1117 399 comiti
1141 368 1181 399 de
1198 367 1517 410 Katzenellenbogen
1541 368 1582 399 ad
1607 368 1836 410 quadrigentas
1858 369 1957 401 libras

295 419 500 452 Hallensium
523 430 694 460 summam,
718 431 776 461 pro
801 431 864 461 qua
888 421 1027 451 castrum
1045 418 1222 460 Sternberg
1244 419 1286 450 ab
1309 420 1446 461 imperio
1468 420 1501 450 in
1518 420 1652 461 pignore
1669 419 1780 460 habet,
1805 424 1838 452 et
1852 419 1956 452 indul-

295 471 386 513 gebit
410 471 526 511 eidem,
550 471 635 512 quod
661 471 815 512 oppidum
839 470 897 502 sub
921 473 1025 502 castro
1049 470 1247 502 destructum
1270 470 1379 502 valeat
1400 470 1597 503 reedificare.
1989 483 2000 501 s

405 526 433 554 7.
469 523 552 554 Item
580 522 760 554 infeodabit
787 522 952 553 dominum
981 522 1169 563 episcopum
1193 521 1410 553 Leodiensem
1437 521 1478 553 de
1506 522 1671 563 regalibus
1698 523 1762 554 suis
1786 525 1820 554 et
1842 522 1955 554 confir-

295 574 397 606 mabit
419 574 480 605 sibi
504 574 674 615 privilegia
697 584 754 605 sua
778 577 811 605 et
834 573 969 605 ecclesie
995 583 1051 604 sue
1076 575 1108 604 et
1132 572 1223 603 dabit
1246 572 1307 604 sibi
1329 573 1455 604 litteras
1477 573 1520 604 ad
1539 574 1624 606 cives
1640 574 1811 616 Aquenses
1828 577 1861 605 et
1875 573 1956 605 alios

295 626 440 657 subditos
463 626 591 666 imperii
615 635 844 666 quoscumque,
867 627 903 656 ut
925 625 951 655 si
974 624 1074 665 aliqui
1090 624 1276 655 violentiam
1293 624 1495 655 committant
1510 627 1621 656 contra
1638 635 1722 665 eum,
1746 625 1832 666 quod
1848 624 1955 656 eidem

296 677 447 708 assistant
470 679 580 708 contra
604 677 696 716 tales,
722 686 794 707 cum
818 676 944 717 imperii
969 675 1132 716 obsequiis
1154 675 1290 715 insistat,
1314 675 1389 706 dum
1413 685 1511 716 super
1532 676 1594 707 hoc
1610 676 1729 707 fuerint
1743 676 1899 718 requisiti,
1924 678 1957 707 et

295 731 406 759 contra
429 727 573 758 subditos
597 738 671 758 suos
694 737 728 758 se
753 726 814 757 sibi
838 729 1038 768 opponentes
1062 726 1152 757 dabit
1175 726 1236 757 sibi
1258 726 1397 768 litteras,
1426 730 1462 758 ut
1484 727 1575 758 iuxta
1599 727 1767 758 canonicas
1791 730 1824 758 et
1847 727 1958 759 civiles
1980 742 2002 761 ιο

295 789 396 820 penas
422 778 612 820 multentur,
642 782 737 820 prout
759 778 820 809 hoc
844 778 959 809 melius
983 777 1023 809 de
1047 778 1116 809 iure
1140 777 1211 809 fieri
1232 780 1355 819 potest,
1387 781 1420 809 et
1443 778 1531 820 quod
1552 779 1636 810 ultra
1659 789 1718 820 pro
1740 779 1876 810 servicio
1900 789 1957 810 suo

295 841 314 861 a
341 840 418 871 rege
448 831 593 872 graciose
623 833 779 861 tractetur
806 829 847 860 ad
876 829 1115 861 ordinacionem
1146 829 1381 871 archiepiscopi
1405 829 1605 861 Coloniensis
1629 834 1662 861 et
1685 830 1806 861 domini
1829 830 1956 872 Argen-

295 882 428 913 tinensis
458 882 616 923 episcopi,
649 885 746 923 prout
772 882 833 922 ipsi
864 882 1016 922 inspectis
1045 882 1254 922 negociorum
1285 885 1318 912 et
1347 884 1449 912 status
1475 881 1575 922 ipsius
1602 882 1746 923 episcopi
1768 881 1959 913 Leodiensis

295 933 546 965 circumstanciis
571 933 724 964 duxerint
746 932 982 964 rationabiliter
1005 932 1228 963 ordinandum.

403 986 432 1016 8.
468 985 552 1016 Item
577 984 731 1026 oppidum
748 984 913 1016 Landowe
938 994 1010 1015 cum
1027 984 1091 1014 suis
1115 983 1298 1015 attinenciis
1318 983 1409 1015 dabit
1424 984 1456 1015 in
1473 984 1607 1025 pignore
1625 983 1756 1026 Symoni
1773 986 1807 1015 et
1821 983 1957 1015 Iohanni
1980 998 2002 1018 η

296 1035 337 1067 (10
361 1035 538 1077 Spanheim
562 1036 713 1067 fratribus
737 1036 908 1067 comitibus
932 1038 965 1067 et
987 1035 1124 1066 Iohanni
1147 1035 1188 1066 de
1211 1035 1366 1067 Nassowe
1393 1046 1452 1077 pro
1479 1035 1606 1067 duobus
1627 1036 1756 1067 milibus
1779 1045 1959 1067 marcarum

296 1088 432 1128 argenti,
456 1088 500 1119 sic
525 1088 610 1129 quod
636 1089 741 1129 ipsum
765 1091 898 1118 teneant
920 1087 1007 1118 nulla
1029 1087 1237 1118 eorumdem*
1259 1086 1432 1118 alienando
1447 1087 1499 1118 vel
1522 1087 1760 1119 deteriorando.
1797 1086 1841 1118 Et
1858 1097 1959 1129 quan-

296 1138 476 1180 documque
500 1149 558 1170 rex
579 1139 631 1170 vel
656 1139 725 1170 eius
748 1149 913 1170 successor
928 1138 1066 1169 voluerit
1087 1138 1193 1179 ipsum
1220 1137 1375 1179 oppidum
1398 1138 1569 1179 redimere,
1593 1138 1716 1170 dabunt
1738 1138 1850 1170 habito
1873 1138 1959 1170 dicto

295 1193 430 1231 argento
458 1191 563 1232 ipsum
596 1189 751 1231 oppidum
781 1193 814 1221 et
842 1189 1005 1221 dimittent
1032 1189 1103 1230 regi
1130 1189 1253 1230 absque
1281 1189 1347 1220 ulla
1374 1189 1564 1222 difficultate
1592 1190 1731 1222 liberum
1755 1193 1788 1222 et
1811 1189 1959 1226 solutum,

295 1242 378 1273 sicut
406 1242 452 1273 eis
476 1242 585 1273 extitit
609 1242 863 1282 inpignoratum,
893 1244 925 1272 et
948 1251 987 1272 ea
1011 1251 1073 1282 que
1097 1240 1232 1272 durante
1257 1240 1457 1282 obligacione
1481 1241 1522 1272 de
1545 1241 1725 1272 redditibus
1748 1241 1825 1272 dicti
1849 1240 1960 1283 oppidi
1977 1255 2003 1275 η

294 1293 515 1334 perceperint,
543 1304 600 1324 rex
627 1292 759 1324 donabit
783 1293 829 1324 eis
852 1292 883 1323 in
907 1291 1137 1333 augmentumb
1161 1302 1290 1323 suorum
1314 1291 1499 1332 feodorum,
1529 1303 1591 1334 que
1614 1292 1656 1324 ab
1679 1292 1816 1334 imperio
1840 1294 1960 1324 tenent.

294 1344 360 1376 Per
382 1344 567 1376 huiusmodi
591 1345 694 1376 eciam
721 1344 957 1385 obligacionem
980 1354 1039 1374 nec
1063 1344 1133 1384 regi
1157 1353 1214 1374 seu
1236 1344 1373 1385 imperio
1396 1354 1456 1375 nec
1478 1344 1556 1385 ipsis
1578 1344 1680 1375 ullum
1696 1344 1830 1375 cuilibet
1844 1344 1876 1375 in
1891 1343 1961 1375 iure
2017 1348 2023 1351 '

296 1407 353 1427 suo
377 1396 476 1427 debet
499 1396 711 1437 preiudicium
736 1396 895 1436 generari.
932 1394 974 1426 Et
996 1405 1056 1426 rex
1078 1395 1216 1437 prefiget
1239 1394 1332 1427 dictis
1355 1395 1526 1426 comitibus
1549 1395 1633 1427 diem
1656 1395 1698 1427 ad
1714 1395 1898 1427 faciendum
1915 1395 1962 1427 eis

295 1448 455 1479 iusticiam
480 1447 519 1478 de
544 1447 763 1488 impetieione,
789 1457 885 1488 quam
909 1446 1032 1477 habent
1055 1446 1095 1477 de
1119 1446 1239 1488 oppido
1262 1449 1442 1478 memorato
1452 1448 1472 1478 ¹.

405 1500 434 1530 9.
470 1498 521 1529 De
546 1498 702 1540 predictis
726 1498 874 1529 omnibus
898 1501 931 1529 et
954 1498 1087 1539 singulis
1110 1497 1193 1529 infra
1215 1508 1359 1529 mensem
1383 1501 1457 1540 post
1479 1499 1725 1530 coronacionem
1748 1499 1835 1540 regis
1859 1499 1906 1530 eis
1928 1501 1962 1530 et
1979 1514 2004 1533 ,ιι

295 1550 427 1582 cuilibet
455 1560 566 1581 eorum
600 1561 659 1591 pro
687 1560 721 1581 se
745 1550 962 1591 promittimus
984 1549 1109 1581 litteras
1131 1550 1217 1591 regis
1239 1560 1413 1591 procurare
1437 1553 1470 1582 et
1494 1550 1623 1582 efficere
1647 1551 1717 1582 dari
1739 1549 1803 1581 fide
1826 1550 1961 1592 prestita

296 1602 471 1643 corporali,
500 1613 559 1633 nos
588 1601 630 1633 ad
659 1601 721 1633 hoc
748 1601 810 1642 ipsi
839 1600 1083 1642 archiepiscopo
1111 1604 1144 1633 et
1166 1601 1327 1632 nobilibus
1349 1602 1520 1634 antedictis
1543 1602 1746 1644 presentibus
1769 1601 1960 1643 obligantes.

296 1653 369 1685 Hoc
394 1653 521 1685 adiecto
546 1654 632 1695 quod
656 1656 831 1695 postquam
854 1662 914 1694 per
936 1652 1116 1694 predictum
1140 1652 1273 1684 fratrem
1296 1656 1440 1685 nostrum
1462 1653 1662 1685 Fridericum
1687 1653 1802 1685 ducem
1819 1653 1960 1694 Austrie,

296 1706 322 1736 si
346 1715 420 1736 eum
445 1706 611 1747 contingat
636 1705 712 1746 eligi
737 1707 770 1736 et
792 1705 824 1735 in
848 1714 958 1745 regem
984 1704 1139 1744 coronari,
1163 1704 1271 1736 littere
1295 1704 1415 1736 fuerint
1437 1704 1477 1736 de
1500 1705 1665 1746 premissis
1688 1705 1763 1736 date
1779 1704 1839 1736 sub
1855 1703 1960 1747 sigillo

296 1757 387 1798 regio
418 1756 563 1788 eiusdem
596 1755 655 1787 sub
679 1755 784 1787 forma
812 1755 853 1787 ad
881 1755 942 1787 hoc
970 1755 1172 1797 expedienti,
1202 1767 1261 1787 nos
1288 1757 1406 1788 erimus
1429 1760 1463 1788 et
1485 1766 1556 1788 esse
1581 1756 1737 1788 debemus
1761 1767 1780 1788 a
1803 1757 1961 1798 promisso
1979 1771 2007 1790 ω

296 1809 328 1839 111
355 1808 416 1839 hac
446 1811 538 1849 parte
567 1807 661 1838 dictis
683 1807 845 1838 nobilibus
868 1818 926 1848 pro
952 1807 1068 1838 eodem
1093 1806 1179 1838 facto
1203 1807 1283 1848 quiti
1306 1811 1340 1839 et
1362 1807 1515 1847 absoluti,
1543 1807 1656 1839 fraude
1680 1811 1713 1839 et
1736 1807 1810 1840 dolo
1834 1808 1962 1850 penitus

297 1860 328 1890 in
352 1859 413 1890 hiis
437 1859 585 1891 exclusis.

406 1911 442 1942 In
480 1912 569 1942 cuius
604 1911 652 1942 rei
686 1911 905 1942 testimonium
942 1909 1083 1952 sigillum
1118 1913 1261 1942 nostrum
1295 1921 1360 1942 una
1393 1921 1466 1942 cum
1497 1911 1610 1953 sigillis
1639 1911 1833 1944 venerabilis
1861 1911 1963 1954 patris

298 1962 418 1994 domini
454 1963 607 1994 Iohannis
643 1963 891 2004 Argentinensis
930 1963 1087 2003 episcopi,
1125 1951 1225 1993 ffilrici
1263 1962 1499 2004 Phirretarum,
1539 1963 1668 1994 Ottonis
1705 1963 1746 1995 de
1781 1962 1963 2004 Strasberg,

297 2013 427 2045 Rfidolfi
445 2014 486 2045 de
503 2014 651 2056 Nydowe
677 2015 829 2045 comitum
855 2024 892 2045 ac
910 2013 1039 2045 Ottonis
1063 2013 1183 2045 domini
1200 2014 1241 2045 de
1257 2013 1462 2056 Ohsenstein,
1487 2015 1540 2056 qui
1559 2015 1724 2056 premissis
1739 2014 1964 2056 interfuerunt,
1983 2030 2008 2050 ει

297 2065 502 2106 presentibus
520 2068 569 2097 est
582 2076 773 2107 appensum.
841 2065 884 2097 Et
899 2076 957 2096 nos
969 2065 1131 2096 Iohannes
1143 2065 1206 2096 Dei
1223 2066 1333 2106 gracia
1349 2067 1518 2108 episcopus
1531 2067 1813 2109 Argent(inensis)‚
1826 2056 1965 2111 filricus,

299 2116 376 2148 Otto
401 2120 434 2148 et
457 2116 618 2148 Rfidolfus
648 2118 782 2148 comites
812 2127 849 2149 ac
874 2116 952 2148 Otto
977 2117 1017 2148 de
1042 2116 1237 2148 Ohsenstein
1264 2117 1402 2158 predicti
1425 2119 1686 2160 recognoscimus
1707 2119 1865 2160 premissa
1886 2129 1964 2151 vera

298 2173 331 2200 et
359 2169 404 2200 sic
433 2169 525 2199 nobis
553 2168 770 2200 mediantibus
797 2172 872 2200 acta
900 2179 985 2210 esse,
1016 2169 1122 2211 sigilla
1148 2172 1258 2201 nostra
1280 2169 1322 2201 ad
1346 2180 1460 2211 preces
1482 2170 1614 2202 illustris
1636 2170 1789 2212 principis
1811 2169 1963 2212 Liupoldi

298 2220 388 2251 ducis
404 2221 535 2252 Austrie
559 2220 698 2262 predicti
722 2220 872 2251 duximus
896 2221 928 2251 in
952 2220 1142 2262 ampliorem
1166 2221 1280 2253 horum
1305 2222 1505 2254 evidenciam
1528 2222 1589 2253 hiis
1605 2222 1720 2254 litteris
1735 2221 1961 2263 appendenda.

406 2273 525 2303 Actum
551 2275 584 2303 et
607 2271 719 2304 datum
742 2272 774 2302 in
797 2271 1000 2313 Bacheraco‚
1029 2272 1109 2304 feria
1133 2273 1243 2314 quinta
1266 2277 1340 2315 post
1362 2274 1583 2306 invencionem
1607 2277 1717 2305 sancte
1742 2272 1867 2314 Crucis,
1899 2284 1961 2315 que
1983 2289 2008 2308 ω

298 2325 368 2354 erat
384 2323 458 2355 VII.
476 2323 554 2354 Idus
576 2324 665 2364 Maii,
689 2333 773 2354 anno
796 2322 928 2354 Domini
953 2324 1123 2356 millesimo
1149 2326 1375 2357 trecentesimo
1400 2325 1653 2367 quartodecimo.

778 2455 837 2490 027.
882 2455 1055 2500 Scriptum
1082 2456 1230 2490 tertium.
1345 2455 1431 2490 Mai.
1452 2458 1486 2490 9.

415 2520 578 2561 Oriyinale
603 2520 679 2561 (or.)
703 2521 739 2551 in
761 2521 864 2552 eodem
887 2521 1046 2552 tabulario
1070 2521 1088 2552 l.
1105 2531 1130 2553 c.
1153 2531 1203 2552 nr.
1219 2522 1293 2552 498.
1343 2521 1541 2554 Contulimus
1562 2532 1628 2553 nos.
1675 2522 1727 2553 Em
1749 2523 1815 2553 octo
1837 2520 1962 2561 sifillis,

299 2583 381 2612 quae
407 2572 485 2604 loris
508 2573 755 2604 membranaceis
772 2573 911 2612 pendent
929 2572 1006 2612 plus
1029 2573 1169 2604 minusve
1190 2572 1286 2611 laesa,
1309 2575 1461 2613 quartum
1483 2573 1691 2605 desideratur.

411 2632 559 2670 Bc'hmer,
584 2632 660 2673 Rey.
683 2632 797 2664 Ludw.
817 2643 851 2674 p.
868 2634 933 2664 236
956 2632 1189 2665 Reichssachen
1211 2644 1261 2665 nr.
1278 2635 1329 2664 13.

1978 2682 2003 2702 4⁵

403 2726 451 2753 26.
479 2728 502 2760 “)
518 2728 651 2759 praecedit
669 2729 696 2753 in
715 2728 786 2753 initio
806 2729 889 2753 lineae
907 2729 923 2753 (1
946 2729 1020 2754 delet.
1039 2738 1077 2753 or.
1169 2727 1193 2760 Ι1)
1212 2737 1279 2754 corr.
1299 2737 1329 2754 ecc
1353 2731 1510 2762 augementl‘l
1529 2738 1567 2754 ον.

404 2796 430 2828 1)
451 2795 491 2827 Cf.
510 2796 588 2828 infra
607 2803 648 2821 nr.
661 2799 701 2822 32.
