2190 3172
4 1725 18 1766 <qd
5 1695 17 1719 ‹q-
4 1614 19 1687 ⁸2⁸³?ss
4 1567 13 1606 fs*
5 1540 13 1545 ε
11 1481 13 1485 s
5 1460 13 1467 t
6 1448 7 1452 „
3 1418 4 1422 Α

454 209 551 238 ACTA
568 208 682 243 REGNI
700 209 883 238 LUDEWICI
901 209 948 238 IV.
966 209 1012 237 m*
1032 208 1216 239 munemel
1235 211 1283 239 111.
1321 211 1395 239 1317.
1432 212 1481 239 Nr.
1493 211 1553 240 454.
1570 214 1631 241 455.
1804 212 1867 247 375

425 369 499 405 454.
535 368 845 408 SENTENTIA
867 368 1107 408 mmmm
1135 369 1296 409 PAcis
1327 370 1657 409 GENERALIS.

876 436 999 475 1312>
1026 438 1126 484 Sept.
1151 438 1208 475 11.

327 535 488 577 Oriqinale
512 538 583 577 (or.)
611 537 647 570 in
672 537 830 570 tabulario
852 527 1066 572 Muthusensi.
1112 537 1232 570 Pendet
1253 537 1392 579 siyillum
1415 538 1544 571 laesum.
1574 557 1614 562 —
1644 538 1708 571 Ed.
1723 538 1866 581 Herquet

214 587 495 636 {Urkundenbuch’
512 598 548 628 p.
564 589 629 619 333
651 599 700 621 nr.
718 589 782 620 720
803 599 842 622 ex
865 600 910 622 or.
955 588 1139 622 Ediuonem
1160 590 1338 631 repetimus.

184 657 196 677 ο
326 648 375 687 Of.
397 657 499 688 supra
520 658 570 680 ην.
588 649 653 680 372
674 651 703 682 et
724 649 817 688 infra
838 649 883 683 ad
903 659 934 682 a.
951 649 1060 682 1318?
1083 649 1184 683 Mart.
1202 650 1253 682 11.

322 733 399 766 Wie
422 733 591 766 Ditherich
614 745 676 767 von
700 734 909 778 Aldenburge
940 734 1126 768 lantrichter
1159 735 1244 768 unde
1279 735 1332 768 die
1362 736 1510 769 zewolfe
1525 736 1578 770 die
1609 737 1680 770 obir
1713 737 1772 770 das
1799 738 1866 771 lant

170 784 171 787 ’
215 786 357 828 gesazcit
377 785 448 818 sind
476 785 647 818 bekennen
682 797 723 818 an
756 787 858 820 disme
893 787 978 820 offen
1013 787 1096 819 brife
1126 798 1235 820 umme
1263 787 1326 820 den
1350 786 1475 829 Juden,
1510 788 1574 821 den
1608 799 1643 821 er
1665 788 1781 831 Heyne
1804 800 1866 822 von

215 830 383 879 Slatheym
405 836 473 869 hait
495 837 694 879 ufgehalden
717 838 802 870 unde
826 848 1010 881 gevangen,
1038 838 1096 871 das
1123 838 1230 871 haben
1254 839 1307 871 die
1329 838 1462 872 zcwolfe
1484 839 1686 882 gesprochen
1709 840 1774 873 uffe
1797 842 1866 873 iren

215 892 270 931 eyt
292 888 378 921 unde
402 887 576 931 begfiffen,
610 889 668 921 das
698 899 733 921 er
755 889 872 932 Heyne
894 900 956 922 von
981 889 1138 923 Slatheim
1161 890 1336 923 denselben
1358 890 1464 923 Juden
1494 891 1578 924 ledic
1602 902 1680 934 sage
1709 891 1774 924 und
1797 892 1866 925 lase

172 949 198 969 ιο
215 949 277 973 ane
300 940 446 972 allerleie
469 939 680 973 hindernisse.
726 940 853 974 Thethe
877 941 918 974 he
941 941 999 974 des
1022 941 1123 983 nicht,
1157 952 1192 974 so
1223 942 1312 975 hette
1340 943 1381 975 he
1409 942 1472 976 den
1495 942 1646 975 lantfrido
1670 943 1865 986 gebrechen.

214 991 282 1025 Des
304 991 391 1024 habe
415 992 475 1024 wie
498 1002 555 1024 zcu
579 993 663 1024 enim
688 992 834 1026 urkunde
859 993 916 1026 des
939 993 1052 1026 landes
1074 994 1198 1037 ynsigel
1223 1005 1264 1026 an
1287 994 1379 1027 disen
1401 994 1468 1026 brif
1486 995 1668 1037 gehangen.

325 1048 384 1081 Dit
405 1048 447 1080 ist
468 1047 609 1090 genehen
630 1058 690 1081 zcu
706 1048 824 1091 Gotha,
849 1060 891 1082 an
913 1049 1007 1082 deme
1024 1049 1167 1093 Suntage
1190 1051 1273 1083 nach
1295 1051 1385 1083 unsir
1398 1049 1539 1083 Vrowen
1562 1055 1638 1094 tage
1661 1051 1720 1084 der
1734 1051 1865 1092 leztern,

212 1099 296 1146 nach
320 1100 444 1133 Oristes
466 1099 626 1142 geburthe
650 1100 781 1133 thusent
800 1101 853 1142 jar
875 1100 1121 1134 undriehundirt
1140 1102 1194 1143 jar
1215 1103 1247 1135 in
1270 1102 1366 1135 deme
1389 1102 1633 1145 sybenzcenden
1652 1104 1734 1145 jare.

212 1359 214 1363 v
284 1336 529 1381 455—462.
571 1336 894 1383 LITTERAE
930 1337 1268 1384 LUDEWICI
1303 1335 1432 1383 PRO
1463 1337 1794 1385 DIVERSIS.

171 1421 195 1441 ιο
763 1418 870 1455 1317.
910 1417 1320 1456 Oct.15.—Dec.20.

494 1528 567 1558 455.
591 1527 663 1559 456.
699 1525 889 1560 SCRIPTA
911 1526 1000 1560 PRO
1025 1526 1265 1561 NOBILIBUS
1288 1527 1348 1560 DE
1370 1527 1591 1560 BRUBERG.

860 1590 951 1621 1317.
981 1588 1053 1621 Oct.
1074 1589 1223 1620 15.—22.

593 1693 680 1730 455.
721 1693 896 1739 Scriptum
918 1705 985 1740 pro
1013 1694 1226 1731 Eberhardo.
1333 1694 1404 1730 Oct.
1423 1695 1480 1729 15.

325 1765 504 1808 Om'qinalia
533 1767 596 1799 duo
621 1768 635 1799 1
661 1770 690 1800 et
718 1769 737 1799 2
769 1767 806 1799 in
833 1767 991 1800 tabulario
1013 1767 1285 1809 Werniyerodano.
1340 1766 1543 1802 Contulimus
1569 1778 1635 1800 nos.
1693 1766 1864 1808 Utriusque

171 1832 198 1852 so
214 1817 320 1859 sibilla
336 1817 414 1859 plus
435 1818 577 1851 minusve
599 1818 686 1851 laesa
704 1819 843 1861 pendent
869 1819 934 1859 filis
955 1820 1065 1852 sericis
1086 1820 1172 1852 varii
1193 1819 1312 1852 coloris.
1337 1838 1376 1843 —
1404 1819 1467 1851 Ed.
1484 1817 1723 1852 Biihmer-Lau
1747 1818 1864 1852 ‘Codex

214 1867 448 1910 dvfflomaticus’
462 1869 514 1909 II,
530 1872 573 1902 7‘7
594 1879 643 1902 nr.
661 1872 703 1902 77
724 1881 764 1902 ex
786 1872 822 1906 2‚·
845 1870 972 1903 Reimer
991 1870 1184 1904 ‘Hessisches
1205 1870 1471 1904 Urkundenbuch‘
1487 1871 1536 1910 II,
1555 1871 1577 1901 2
1595 1881 1630 1913 p.
1647 1871 1710 1902 175
1732 1881 1782 1903 nr.
1801 1871 1863 1902 180

215 1930 254 1954 ex
275 1931 292 1953 ο
333 1945 340 1954 .

292 1930 467 2017 ⁰PBdhmer,
491 1977 566 2019 Rey.
583 1978 696 2010 Ludw.
715 1989 749 2018 p.
768 1979 810 2010 17
832 1989 882 2011 nr.
899 1979 972 2011 278.

321 2061 390 2096 Nos
418 2063 612 2096 Lndowicus
641 2063 704 2096 Dei
738 2064 843 2106 gratia
868 2063 1087 2096 Romanorum
1122 2074 1179 2096 rex
1213 2074 1342 2106 semper
1375 2068 1530 2107 augustus
1555 2065 1606 2107 ¹ad
1641 2065 1862 2097 universorum

171 2123 196 2144 ιι
214 2110 366 2148 noticiam
388 2116 538 2148 volumus
564 2116 749 2158 pervenire,
780 2115 867 2158 quod
890 2115 1100 2148 consideratis
1128 2119 1161 2148 et
1183 2117 1334 2158 inspectis
1356 2116 1553 2148 multimodis
1576 2117 1746 2148 fructuosis
1768 2115 1862 2148 obse—

215 2161 315 2209 quiis,
352 2177 415 2209 que
447 2167 565 2199 nobilis
597 2169 646 2199 vir
678 2167 887 2200 Eberhardus
924 2167 963 2200 de
999 2167 1183 2199 Brfiberch·
1217 2167 1394 2200 advocatus
1427 2172 1535 2200 noster
1568 2167 1771 2211 provincialis
1805 2178 1863 2210 per

214 2216 447 2251 wedrebiamb
473 2219 566 2251 nobis
595 2223 630 2251 et
656 2220 792 2262 imperio
822 2219 994 2261 diligenter
1021 2219 1180 2261 impendit
1213 2219 1367 2263 hactenus
1401 2223 1435 2252 et
1461 2219 1650 2262 impendere
1678 2219 1798 2262 poterit
1830 2221 1862 2251 in

172 2285 174 2290 ·
214 2263 370 2311 flitmum,
401 2270 546 2303 eiusdem
569 2271 685 2303 votivis
707 2270 998 2313 supplicacionibus
1021 2275 1154 2313 propter
1176 2270 1237 2302 hoc
1260 2270 1431 2313 benignius
1452 2276 1642 2312 annuentes,
1673 2282 1860 2304 consensum

214 2324 358 2354 nostrum
381 2325 415 2355 et
436 2333 601 2355 assensum
621 2323 823 2365 impertimur
844 2322 1030 2355 benivolum
1054 2327 1087 2355 et
1102 2332 1302 2365 expressum,
1325 2321 1412 2365 quod
1434 2323 1521 2355 idem
1536 2322 1744 2355 Eberhardus
1765 2332 1863 2365 super

171 2381 198 2402 ω
214 2371 308 2406 bonis
329 2373 462 2407 infon'us
482 2375 643 2407 annotatis
665 2374 817 2407 videlicet
839 2378 954 2406 octava
983 2378 1075 2416 parte
1103 2374 1184 2406 silve
1207 2373 1393 2416 Bfiffingen,
1427 2378 1541 2417 quarta
1571 2379 1664 2417 parte
1692 2374 1801 2407 iudicii
1830 2375 1861 2406 in

213 2423 399 2468 Bfidingen‚
434 2425 558 2458 duabus
591 2426 737 2469 partibus
771 2426 880 2458 iudicii
914 2426 989 2458 ville
1022 2425 1163 2466 Selbolt,
1196 2425 1315 2458 iudicio
1343 2425 1419 2458 ville
1448 2425 1623 2458 Grindowe
1653 2431 1686 2458 et
1714 2426 1861 2458 villarum

214 2476 434 2517 attinentium,
466 2477 662 2511 hereditario
692 2478 789 2510 feodo
812 2478 967 2510 castrensi
995 2478 1027 2509 in
1050 2477 1316 2519 Geflenhausen,
1348 2482 1479 2510 moneta
1509 2477 1647 2519 ibidem,
1681 2482 1772 2520 parte
1805 2488 1861 2510 sua

213 2526 323 2560 iudicii
345 2529 376 2560 in
393 2528 578 2571 Chfippern,
601 2530 777 2562 intersticio
801 2530 885 2562 facto
909 2530 941 2561 in
957 2529 1054 2572 Mogo
1071 2539 1172 2571 prope
1188 2528 1434 2568 Franohenffirt,
1457 2530 1574 2562 iudicio
1590 2530 1737 2562 villarum
1754 2529 1860 2571 Berge

213 2581 248 2611 et
268 2579 356 2621 Rod,
384 2581 459 2613 aula
481 2582 570 2623 regia
593 2582 624 2613 iu
647 2581 882 2614 Franchenffirt
905 2586 938 2614 et
960 2583 1046 2624 agris
1070 2586 1162 2614 extra
1185 2592 1293 2614 muros
1316 2582 1436 2615 ibidem
1460 2584 1515 2626 qui
1538 2583 1686 2615 dicuntur
1708 2582 1860 2616 buhinde.

171 2640 196 2662 ιε
214 2632 419 2674 septuaginta
443 2632 601 2665 octalibns
625 2643 727 2665 avene
751 2633 917 2666 forestarie
941 2644 1004 2676 que
1028 2634 1159 2677 singulis
1175 2634 1266 2666 annis
1286 2634 1320 2666 in
1335 2634 1411 2666 villa
1427 2634 1513 2666 dicta
1529 2635 1663 2677 Langen
1678 2635 1859 2667 ministran-

173 2684 177 2695 ¹
214 2684 279 2723 tur,
307 2693 403 2717 censu
426 2684 522 2716 trium
545 2690 726 2716 marcarum
756 2695 829 2717 cum
859 2684 993 2717 dimidia
1022 2696 1119 2727 super
1145 2685 1293 2717 domibus
1320 2687 1385 2717 suis
1413 2686 1445 2717 in
1472 2685 1581 2728 platea
1604 2685 1805 2718 doleatorum
1829 2687 1859 2717 in

214 2732 457 2776 Franchenffirt‚
481 2735 557 2768 villa
577 2735 827 2779 Schellecrfipp⁰
851 2747 974 2769 necnon
998 2738 1098 2769 vineis
1121 2738 1190 2769 sitis
1213 2737 1244 2768 in
1260 2736 1336 2769 villa
1352 2736 1483 2773 Hnmte.
1507 2748 1570 2779 que
1594 2737 1723 2780 quidem
1747 2748 1859 2779 supra-

316 2827 381 2855 455.
409 2829 432 2862 ⁸)
453 2828 584 2857 Brnberch
605 2831 629 2857 2.
717 2830 742 2864 ¹²)
761 2832 920 2858 Wetrcbiam
940 2831 963 2858 2.
1053 2832 1076 2863 ι“)
1095 2831 1291 2867 δοὴεῙΙΘηίῐῦρρ
1310 2831 1332 2858 2.
