2190 3172
489 201 585 230 sors
604 200 718 230 asom
734 202 917 231 Lunnwxm
936 202 982 231 ιν.
1001 202 1047 230 m·
1066 203 1248 232 rameruci
1268 204 1317 233 111.
1354 206 1428 234 1814.
1464 206 1512 234 st.
1529 207 1584 235 με.
1605 209 1662 236 ιω.
1836 213 1895 244 139

252 293 387 322 Iohannis
410 294 583 322 vacaverunt
605 293 737 322 similiter
758 293 874 322 ecclesie
896 294 1071 330 Moguntine.
1115 294 1152 322 Et
1174 295 1256 331 ipse·
1278 296 1508 333 archiepiscopus
1531 298 1566 325 ad
1590 301 1786 334 consequenda
1802 301 1894 329 huius-

251 345 329 374 modi
350 345 434 374 feoda
455 345 567 381 imperii
590 345 722 373 similiter
742 354 795 373 nos
818 345 928 373 iuvabit
954 354 1005 374 suo
1029 354 1119 381 posse.

359 393 410 424 21.
445 397 518 425 Item
532 396 734 432 promittimus,
757 397 780 424 si
797 398 902 425 terram
917 397 1071 433 Tburingie
1093 397 1337 433 acquisiverimus,
1359 400 1435 434 quod
1458 401 1590 429 universa
1614 403 1703 435 seoda,
1727 405 1801 438 que·
1824 404 1894 432 laute
1910 412 1973 432 sn.

250 447 343 484 gravii
363 447 518 484 Thuringie
541 448 577 476 ab
599 448 718 476 ecclesia
739 449 909 484 unguntins
931 450 982 477 et*
1003 449 1222 485 archiepiscopis
1250 450 1352 479 ibidem
1383 453 1537 480 tenuerunt
1564 455 1594 481 et
1621 455 1718 482 tenere
1746 463 1895 484 consueve-

221 510 234 530 ι
252 500 327 535 runt,
350 501 380 529 et
402 501 564 536 specialiter
586 501 701 537 opidum
724 500 819 529 Gotha
847 509 909 528 eum
933 500 990 528 suis
1013 501 1176 529 attinenciis
1198 501 1272 537 ipsi‘
1293 503 1505 539 archiepiscopo
1533 507 1563 532 et
1590 506 1707 534 ecclesie
1730 506 1896 541 Moguntine

251 551 467 588 assignabimus,
489 552 627 586 dabimus,
650 552 792 581 trademus
815 554 845 580 et
867 552 1058 587 relinquemus
1081 555 1112 580 et
1133 553 1224 588 ipsum
1252 562 1285 582 ac
1307 563 1480 583 successores
1503 565 1569 584 suos
1592 557 1632 584 eis
1655 557 1729 585 sicut
1751 558 1815 585 aliis
1838 559 1895 586 suis

251 603 334 632 bonis
355 603 478 640 propriis
500 604 543 632 uti
565 604 654 632 libere
675 604 881 640 permittemus.

359 653 411 683 22.
445 655 538 684 Item*
560 656 691 691 prefato*
713 655 926 691 archiepiscopo
949 657 1182 686 *committimus
1205 653 1307 686 libere
1331 659 1406 687 vices
1433 661 1545 687 nostras
1571 659 1664 687 dando
1687 660 1741 688 sibi
1764 657 1893 699 plenam
1907 668 1971 688 mn.

250 709 424 743 potestatem
446 707 610 744 porrigendi
632 708 781 743 primarias
803 717 901 744 preces
923 710 1035 736 nostras
1058 709 1120 738 vice
1143 712 1172 738 et
1194 711 1308 739 nomine
1331 714 1429 740 nostro
1453 712 1482 739 in
1506 712 1625 748 singulis
1647 713 1773 741 ecclesiis
1795 714 1896 742 maiori

209 768 234 790 ιο
251 766 285 787 ac
307 758 372 787 aliis
394 758 520 787 ecclesiis
547 751 706 795 collegiatis
734 762 764 788 et
792 760 1027 788 conventualibus
1054 761 1180 789 civitatis
1207 764 1237 790 et
1262 762 1390 797 dyocesis
1413 763 1579 798 Moguntine
1603 773 1653 799 pro
1676 766 1803 799 personis
1827 766 1897 794 inibi

251 810 433 847 recipiendis,
461 811 534 845 sient
561 811 615 839 hoc
637 811 774 839 hactenus
797 817 856 850 per
879 807 971 839 divos
993 807 1212 841 Romanorum
1235 810 1447 852 imperatores
1474 815 1508 842 et
1534 822 1629 854 reges
1650 816 1833 844 laudabiliter
1854 819 1899 845 est

247 861 426 896 consuetudi,
448 864 534 898 prout
553 862 607 890 sibi
627 863 771 891 videbitur
791 863 932 899 expedire.
977 859 1207 893 Promittentes
1231 861 1317 903 quod
1340 872 1512 904 numquam
1537 867 1647 895 contra
1670 863 1731 895 hoc
1755 867 1896 896 nostrum

250 909 409 942 indultum
437 910 602 943 veniemus
634 910 756 943 directe
784 910 836 943 vel
863 911 1034 953 indirecte,
1058 911 1116 944 sed
1140 923 1267 954 preces,
1291 923 1371 955 quas
1394 914 1462 955 ipse
1486 914 1746 957 archiepiscopus
1769 916 1897 947 racione

251 960 328 994 dicti
350 961 464 994 indulti
477 962 546 994 vice
562 965 670 994 nostra
685 962 809 1003 fecerit,
825 965 861 995 ut
876 962 1021 996 debitum
1037 964 1214 996 sorciantur
1229 964 1379 997 effectum
1396 966 1675 998 manutenebimus
1691 977 1762 998 cum
1779 967 1897 999 effectu

209 1028 232 1048 u
252 1015 286 1046 et
314 1023 440 1046 exnunc
468 1013 669 1046 decernimus
695 1014 819 1046 irritum
847 1018 880 1047 et
906 1015 1018 1056 inane,
1047 1017 1073 1047 si
1097 1015 1179 1048 forte
1203 1027 1261 1058 per
1283 1017 1501 1059 ignoranciam
1525 1018 1601 1050 facti
1625 1028 1684 1060 per
1706 1029 1775 1058 nos,
1799 1019 1896 1051 alium

252 1075 311 1097 seu
339 1065 420 1098 alios
447 1075 664 1109 quoscumque
695 1066 870 1108 quidquam
899 1070 1010 1099 contra
1038 1071 1180 1100 nostrum
1208 1068 1365 1100 indultum
1393 1068 1574 1101 huiusmodi
1598 1074 1824 1112 attemptatum
1849 1073 1899 1103 est

250 1119 308 1149 sut
329 1117 500 1159 contigerit
521 1118 717 1160 attemptari.

359 1169 409 1201 23.
443 1173 650 1201 Renunciamus
672 1175 768 1202 autem
792 1173 907 1202 omnino
930 1173 964 1202 et
987 1181 1140 1213 expresse
1163 1176 1327 1212 excepcioni
1349 1177 1407 1205 doli
1430 1177 1506 1211 mali,
1529 1178 1639 1206 accioni
1661 1178 1691 1205 in
1707 1178 1820 1211 factum.
1837 1187 1893 1206 non
1907 1181 1972 1202 e-22-

249 1226 406 1258 numerate,
428 1233 487 1252 non
508 1225 614 1253 tradite
636 1234 690 1253 nec
711 1226 804 1254 solute
826 1226 946 1262 pecunie
973 1229 1002 1255 et
1027 1227 1200 1262 generaliter
1226 1229 1257 1255 et
1283 1229 1445 1263 specialiter
1471 1229 1646 1264 quibuslibet
1668 1229 1893 1265 excepcionibus,

208 1286 236 1308 η
252 1276 366 1304 auxiliis
393 1277 423 1304 et
449 1276 659 1304 defensionibus
686 1277 756 1305 iuris
786 1278 832 1306 vel
858 1278 943 1311 facti,
973 1279 1063 1307 eciam
1085 1279 1119 1307 de
1143 1279 1244 1314 quibus
1267 1280 1377 1308 mencio
1399 1281 1517 1309 deberet
1538 1282 1599 1309 fleri
1624 1282 1767 1317 specialis,
1795 1282 1897 1316 quibus

250 1328 412 1356 huiusmodi
433 1329 534 1356 nostre
562 1324 770 1366 donaciones,
794 1326 1035 1363 innovaciones,
1058 1331 1271 1366 promissiones
1299 1334 1329 1360 et
1351 1332 1555 1368 obligaciones
1583 1339 1640 1360 seu
1668 1328 1898 1371 disposiciones

251 1375 396 1418 predicte
420 1379 552 1415 impediri
574 1389 623 1408 seu
645 1381 807 1416 impugnari
829 1384 963 1417 possent
985 1383 1199 1417 quomodolibet
1222 1384 1267 1411 vel
1289 1384 1414 1420 infringi.

357 1427 396 1459 In
418 1428 507 1459 cuius
529 1428 576 1459 rei
599 1429 817 1460 testimonium
841 1432 874 1461 et
896 1433 1086 1471 perpetuam
1109 1430 1294 1463 firmitatem
1317 1441 1450 1473 presens
1473 1432 1626 1474 scriptum
1643 1431 1797 1463 tradimus
1819 1442 1896 1463 con-

250 1479 411 1522 signatum
433 1482 540 1511 nostre
563 1480 688 1522 typario
711 1481 899 1512 maiestatis.

206 1545 233 1566 ω
358 1530 434 1563 Dat.
468 1530 617 1570 Colonie,
651 1542 734 1564 anno
768 1531 899 1564 Domini
937 1532 1107 1565 millesimo
1147 1534 1373 1566 trecentesimo
1414 1534 1670 1576 quartodecimo,
1710 1534 1788 1566 nn.
1812 1534 1895 1567 Non.

249 1581 432 1623 Decembr.‚
455 1583 547 1625 regni
568 1593 645 1615 vero
667 1584 767 1615 nostri
790 1594 873 1616 anno
896 1585 1010 1626 primo.

418 1724 501 1761 143.
543 1724 766 1770 Confirmatio
786 1726 1045 1772 privil-epiorum
1071 1726 1232 1763 ecclesiae
1259 1727 1496 1773 Moyuntinae.
1603 1727 1686 1763 Dec.
1706 1730 1743 1763 2.

363 1797 543 1839 Om'yinalia
574 1799 636 1831 duo
666 1801 680 1831 1
715 1802 745 1832 et
773 1801 792 1832 2
827 1799 893 1840 fere
923 1801 1049 1833 omnino
1082 1802 1167 1833 inter
1198 1812 1231 1833 sc
1264 1801 1488 1834 concordantia
1515 1801 1628 1834 {bidem
1657 1801 1747 1834 KLS
1770 1812 1820 1833 nr.
1842 1803 1894 1834 17.

252 1847 488 1890 Desmpsimas
507 1850 555 1882 vel
568 1850 758 1883 contulimus
778 1861 843 1884 nos.
888 1852 1117 1893 Autoyraphcm
1133 1855 1152 1884 1
1174 1852 1263 1885 valde
1282 1862 1440 1885 corrosum
1463 1855 1523 1891 αὴ·
1540 1853 1656 1893 pendet
1670 1852 1808 1893 siqillum
1829 1852 1895 1891 sere

209 1913 236 1935 so
252 1900 396 1934 inaesum
429 1902 495 1943 filis
524 1903 635 1934 sericis
665 1903 755 1935 rubei
786 1903 960 1945 viridwque
988 1904 1118 1943 colori35
1150 1905 1186 1936 in
1215 1915 1301 1936 verso
1333 1905 1486 1945 scriptum
1514 1907 1576 1936 est:
1609 1904 1703 1936 lecta.
1794 1906 1895 1936 Auto-

249 1953 392 1994 mphon
413 1955 432 1986 2
459 1953 527 1986 alia
553 1964 666 1993 manu,
695 1955 902 1987 camellariae
933 1958 970 1987 ut
997 1956 1122 1988 videtur
1144 1955 1353 1997 Moyuntinae
1374 1957 1526 1998 scriptum
1557 1958 1621 1994 est,-
1651 1956 1768 1996 penda
1795 1955 1894 1997 siqilli

251 2004 463 2046 fragmentum
485 2005 562 2038 linis
583 2006 694 2038 sericis
715 2006 828 2038 viridis
850 2006 970 2039 coloris.

357 2061 586 2102 Autoyraphon
603 2064 617 2093 1
643 2062 749 2094 eadem
771 2073 870 2094 manu
891 2063 1045 2103 scriptum
1066 2065 1111 2094 est
1133 2073 1171 2094 ac
1192 2073 1242 2094 nr.
1260 2063 1334 2096 141.

361 2116 508 2156 Bc'hmer,
532 2117 606 2159 Req.
623 2117 736 2150 Ludw.
756 2128 790 2158 p.
807 2120 827 2149 1
848 2129 898 2150 nr.
914 2119 936 2150 8
957 2118 1012 2160 (--
1029 2118 1074 2158 9).

208 2188 233 2209 ss
362 2174 411 2214 Os.
440 2185 491 2208 nr.
512 2175 576 2207 142
606 2186 674 2216 cap.
699 2177 730 2209 3.
789 2175 877 2217 Quae
910 2175 1100 2208 concordant
1132 2185 1203 2207 cum
1231 2174 1474 2214 Confirmationc
1504 2175 1650 2207 Heinrsm·
1683 2174 1758 2207 VII.
1792 2186 1893 2215 supra

251 2228 322 2259 tom.
338 2226 401 2266 IV,
418 2229 437 2258 1
453 2238 488 2268 p.
503 2229 568 2259 336
589 2238 638 2260 nr.
653 2227 725 2266 387,
749 2238 786 2259 ea
808 2228 892 2269 typis
913 2227 1087 2259 minoribus
1109 2237 1241 2259 excussa
1262 2229 1346 2259 sunt.

356 2322 549 2356 Ludowieus
571 2327 624 2356 Dei
645 2328 742 2363 gracia
764 2328 954 2356 Romanorum
976 2336 1025 2355 rex
1048 2335 1159 2362 semper
1179 2328 1316 2362 augustus
1383 2326 1521 2353 universis
1546 2326 1618 2354 sacri
1634 2326 1744 2361 imperii
1764 2327 1892 2354 fidelibus

250 2379 309 2405 tam
326 2377 502 2412 presentibus
519 2387 603 2413 quam
621 2379 723 2406 futuris
740 2381 882 2414 presentes
900 2379 1039 2406 audituris
1057 2379 1168 2406 litteras
1186 2379 1237 2405 aut
1249 2377 1347 2405 visuris
1399 2377 1523 2413 graciam
1541 2386 1618 2404 suam
1638 2380 1667 2405 et
1685 2387 1765 2405 omne
1783 2378 1892 2405 bonum.

353 2430 391 2464 (l)
408 2429 498 2458 Decet
514 2433 608 2458 nostre
626 2430 820 2458 celsitudinem
844 2430 1014 2462 maiestatis,
1038 2432 1071 2458 ut
1087 2439 1138 2458 nos
1155 2429 1282 2457 divorum
1300 2429 1453 2456 clarissime
1471 2429 1675 2457 recordacionis
1693 2429 1891 2464 imperatorum

206 2488 233 2509 ss
250 2482 280 2508 et
301 2489 398 2517 regum
419 2480 606 2509 Romanorum
629 2481 853 2516 predecessorum
876 2483 1031 2509 nostrorum
1053 2483 1201 2516 sequentes
1223 2481 1344 2516 vestigia
1369 2483 1530 2508 cunctarum
1553 2480 1731 2508 ecclesiarum
1750 2483 1779 2508 et
1797 2481 1894 2516 pocius

249 2532 367 2561 molesia
383 2533 557 2569 Moguntine
565 2540 587 2567 ⁵,
605 2543 656 2569 per
673 2542 757 2568 quam
775 2536 804 2562 et
822 2542 872 2562 nos
891 2533 921 2561 iu
934 2542 1052 2569 pemona
1064 2533 1234 2562 venerabilis
1246 2533 1323 2560 Petri
1336 2532 1540 2567 archiepiscopi
1559 2532 1745 2567 Moguntini·
1758 2533 1893 2567 principis

249 2583 338 2612 nostri
355 2584 495 2612 karissimi
513 2585 550 2614 ad
566 2586 663 2621 regale
681 2585 825 2621 fastigium
845 2586 966 2621 promoti
984 2585 1079 2621 magni
1098 2585 1206 2613 culmen
1225 2585 1337 2612 honoris
1359 2584 1535 2619 accepimus,
1554 2586 1655 2611 cuncta
1673 2583 1822 2618 privilegia
1840 2585 1892 2611 sub

248 2637 342 2664 nosue
359 2635 506 2664 felicitatis
524 2645 576 2665 evo
593 2636 684 2665 modis
701 2637 828 2664 omnibus
847 2638 1044 2664 conserventur
1062 2636 1150 2664 illesa.
1219 2636 1256 2670 (2)
1279 2636 1386 2663 Cuncta
1409 2636 1506 2670 itaque
1530 2636 1687 2670 privilegia.
1712 2635 1891 2664 munimenta.

251 2687 419 2716 documenta
436 2696 484 2716 seu
504 2687 593 2715 eciam
610 2687 796 2716 instrumenta
814 2688 977 2716 libertatum
996 2687 1248 2716 ecclesiasticarum
1270 2690 1299 2715 et
1322 2687 1537 2717 mundanarum.
1555 2686 1644 2714 eciam
1663 2696 1745 2722 super
1763 2696 1816 2713 non
1837 2690 1890 2713 tra-

207 2743 234 2764 ct
250 2738 596 2775 hendisarchiepiscopis,
620 2740 772 2775 episcopis,
799 2739 927 2775 prelatis.
951 2739 1088 2775 collegiis,
1110 2739 1245 2771 cenobiis,
1268 2738 1376 2766 clericis
1393 2739 1443 2766 etb
1466 2739 1590 2773 personis
1615 2738 1813 2766 ecclesiasticis
1831 2738 1890 2764 uni-

351 2825 416 2853 148.
442 2827 466 2859 ¹)
485 2828 604 2860 Magum.
621 2826 646 2853 2.
740 2826 765 2860 b)
784 2828 851 2854 dcere
869 2827 892 2853 2.

1638 2876 1685 2902 18*
