2190 3172
228 1854 263 1869 ov.
275 1851 306 1871 11.

325 173 384 203 170
515 170 613 197 ACTA
632 170 746 198 REGNI
765 171 949 198 LUDEWICI
968 171 1014 198 IV.
1033 171 1080 198 ΕΤ
1099 171 1285 199 FRIDERICI
1305 172 1352 199 111.
1389 173 1464 199 1314.
1501 172 1551 200 Nr.
1563 173 1622 200 181.
1643 173 1701 201 182.
1722 174 1779 201 183.

322 256 412 297 dum,
447 257 689 299 percipiendum
720 261 753 289 et
780 258 997 299 colligendum
1027 257 1228 299 integraliter
1257 262 1289 290 et
1316 259 1449 300 pacifice
1477 270 1535 301 per
1564 270 1638 292 eum
1666 263 1700 292 et
1726 260 1864 292 heredes
1887 271 1972 301 suos,

321 308 427 340 donec
449 320 507 350 pro
532 309 647 341 eadem
671 320 797 340 summa
819 311 968 351 pecunie,
1000 311 1163 351 perceptis
1185 309 1292 342 medio
1316 314 1464 352 tempore
1487 312 1617 343 minime
1640 312 1673 343 in
1695 315 1816 343 sortem
1839 322 1973 354 compu-

322 360 437 400 tandis,
460 371 520 402 per
542 372 599 391 nos
623 361 674 392 vel
698 364 822 392 nostros
847 361 878 391 in
901 362 1037 402 imperio
1059 371 1260 394 successores
1283 362 1380 394 fuerit
1401 362 1595 395 absolutum.
1641 362 1713 394 Hoc
1737 362 1864 395 adiecto
1888 364 1975 405 quod

319 411 408 443 idem
431 411 639 443 Eberhardus
669 414 725 443 aut
754 412 892 443 heredes
920 412 1065 444 eiusdem
1093 412 1203 445 habita
1231 424 1354 445 summa
1377 414 1513 455 pecunie
1537 417 1708 456 prenotata
1731 414 1772 446 de
1795 415 1886 446 bonis
1910 416 1975 447 suis

322 464 459 504 propriis
483 474 583 505 usque
608 463 650 494 ad
674 463 817 494 valorem
843 463 1055 506 quadraginta
1077 475 1258 496 marcarum
1281 466 1407 507 argenti
1429 466 1461 497 in
1485 465 1663 498 redditibus
1691 467 1804 498 annuis
1825 466 1918 498 nobis
1941 470 1975 498 et

321 515 457 556 imperio
488 514 589 546 libere
619 515 798 556 resignabit
831 526 887 547 seu
922 516 1132 558 resignabunt
1160 517 1211 548 vel
1244 517 1380 548 totidem
1409 517 1553 549 redditus
1588 517 1630 549 de
1663 528 1746 549 novo
1781 528 1854 550 cum
1888 518 1975 550 dicta

319 567 458 607 pecunia
491 566 693 607 comparabit
721 567 773 598 vel
802 567 1045 608 comparabunt.
1091 568 1179 604 Quos
1201 568 1287 600 idem
1312 568 1521 600 Eberhardus
1545 572 1578 601 et
1599 569 1737 602 heredes
1766 570 1814 600 sui
1837 569 1975 611 predicti

322 617 362 648 de
387 628 520 659 corpore
544 628 600 648 suo
626 618 769 659 legitime
794 618 1028 651 descendentes
1051 630 1070 651 a
1092 620 1184 651 nobis
1208 623 1241 652 et
1262 621 1400 662 imperio
1424 621 1580 653 tenebunt
1604 622 1637 652 in
1661 621 1792 653 feodum
1816 624 1973 663 perpetuo

321 671 356 699 et
385 668 477 700 nobis
508 672 540 700 et
568 670 705 711 imperio
735 669 854 701 facient
883 672 1032 712 servicia,
1068 683 1130 714 que
1159 673 1224 703 suis
1251 672 1388 703 dominis
1416 672 1528 704 vasalli
1557 673 1674 715 singuli
1701 684 1760 715 pro
1784 674 1847 704 suis
1871 673 1974 705 feodis

321 721 428 752 facere
453 725 696 753 consueverunt.
742 722 785 754 Et
808 724 883 765 quia
905 724 1049 765 prefatus
1071 724 1278 756 Eberhardus
1301 736 1359 767 pro
1383 725 1478 757 feodo
1502 725 1684 756 huiusmodi
1707 725 1847 767 prestitit
1869 724 1972 756 fideli-

320 773 395 804 tatis
424 776 457 804 et
484 773 627 815 homagii
659 773 804 805 debitum
839 779 1091 818 sacramentum,
1125 777 1230 818 ipsum
1258 776 1298 808 de
1327 777 1454 819 prefato
1484 777 1580 809 feodo
1610 787 1670 819 per
1696 776 1847 808 baculum
1876 786 1973 818 quem

319 835 417 856 manu
433 827 598 867 gestamus
615 825 845 868 sollempniter,
866 831 901 858 ut
915 829 1012 859 moris
1028 832 1086 870 est,
1102 829 1322 860 investivimus
1339 832 1372 860 et
1387 828 1590 870 presentibus
1606 829 1802 861 investimus.
1883 826 1973 858 Nulli

323 887 401 918 ergo
424 876 590 908 hominum
619 878 747 909 omnino
771 878 854 910 hanc
878 882 985 912 nostre
1010 880 1228 922 obligationis,
1258 880 1346 912 feodi
1369 881 1584 913 concessionis
1608 883 1641 912 et
1661 881 1762 922 ipsius
1784 879 1972 911 investiture

319 929 471 970 paginam
495 929 671 970 infringere
695 929 793 961 liceat
817 931 869 962 vel
893 933 942 963 ei¹⁵
964 943 1044 964 ausu
1067 933 1239 964 temerario
1263 933 1432 965 contraire.
1479 932 1513 964 Si
1536 933 1607 974 quis
1629 935 1736 964 autem
1754 932 1815 963 hoc
1832 934 1972 972 attemp-

322 983 391 1012 tare
414 982 659 1023 presumpserit,
683 982 936 1023 indignationem
960 987 1101 1016 nostram
1125 985 1248 1026 regiam
1272 995 1306 1016 se
1330 985 1456 1016 noverit
1477 985 1688 1016 incursurum.

427 1040 502 1072 Dat.
519 1041 701 1083 Moguncie‚
724 1042 766 1073 X.
783 1043 897 1075 Kalen.
915 1043 1052 1082 Ianuar„
1076 1055 1159 1076 anno
1182 1044 1312 1076 Domini
1327 1043 1446 1076 Moco
1470 1043 1743 1086 quartodecimob‚
1766 1044 1858 1085 regni
1877 1047 1971 1075 vero⁰

318 1092 418 1123 nostri
441 1103 524 1123 anno
548 1093 661 1134 primo.

635 1212 717 1248 182.
760 1213 920 1258 Receptio
946 1213 1044 1249 Petri
1069 1215 1110 1249 de
1136 1214 1394 1250 Bertholsheim.
1499 1214 1582 1251 Dec.
1602 1216 1664 1250 24.

431 1285 592 1326 Oriyinale
620 1288 692 1327 (or.)
726 1287 762 1318 in
790 1286 948 1318 tabulario
978 1287 1145 1319 liberorum
1179 1288 1332 1320 baronum
1365 1289 1403 1320 de
1428 1288 1576 1330 Dalbery,
1607 1289 1692 1329 quod
1719 1291 1764 1321 est
1785 1287 1973 1327 Asehaffen-

319 1337 422 1378 burgi.
467 1337 587 1370 Pendet
608 1338 748 1379 siyillum
770 1338 889 1370 laesum
913 1339 979 1371 loro
1001 1340 1242 1371 membranaceo.
1260 1358 1299 1362 —
1322 1340 1385 1374 Ed.
1398 1340 1496 1372 Mene
1512 1340 1707 1380 ‘Zeitschrist
1720 1341 1777 1381 fiir
1791 1340 1843 1372 die
1859 1339 1970 1374 Gesch.

319 1389 374 1420 des
398 1389 591 1421 Oberrheins‘
615 1390 728 1429 XXV,
751 1390 815 1422 127
837 1401 886 1422 nr.
903 1391 923 1422 5
945 1401 984 1423 ex
1006 1401 1051 1423 or.
1096 1391 1279 1424 Editionem
1300 1393 1476 1432 repetimus.

427 1475 620 1508 Ludewicus
643 1476 707 1508 Dei
730 1478 839 1518 gracia
861 1477 1082 1509 Romanorum
1113 1489 1173 1510 rex
1202 1489 1332 1520 semper
1359 1482 1514 1521 augustus
1536 1479 1796 1521 recognoscimus
1818 1480 1974 1512 universis

318 1528 523 1559 innotescere
554 1529 737 1570 cupientes,
771 1528 881 1571 [quod]
912 1540 970 1561 nos
999 1529 1209 1561 consideratis
1241 1530 1403 1572 obsequiis
1434 1541 1493 1572 per
1518 1531 1620 1563 virum
1651 1534 1815 1563 strenuum
1837 1531 1972 1564 Petrum

317 1579 419 1610 filium
435 1579 586 1611 Iohannis
603 1580 643 1612 de
659 1580 908 1622 Bertholsheym
932 1581 1041 1613 militis
1064 1581 1157 1613 nobis
1181 1585 1214 1613 et
1228 1583 1363 1624 imperio
1380 1582 1465 1614 bona
1484 1582 1548 1614 fide
1572 1593 1610 1615 ac
1626 1583 1802 1615 devocione
1817 1584 1971 1626 impensis

317 1634 352 1662 et
383 1631 535 1663 exhibitis
563 1631 703 1664 fideliter
736 1635 833 1674 atque
865 1637 1015 1675 prompte
1044 1644 1168 1665 necnon
1197 1634 1326 1666 inantea
1353 1633 1563 1677 prom[p]cius
1591 1635 1829 1677 impendendis,
1864 1636 1969 1677 ipsum

318 1682 411 1714 nobis
435 1686 468 1714 et
490 1684 626 1725 imperio
653 1683 709 1727 [in]
734 1688 930 1716 castrensem
959 1685 1044 1727 apud
1069 1685 1266 1727 Oppinheim
1294 1685 1443 1717 duximus
1470 1687 1720 1728 conquirendum
1745 1687 1885 1729 ideoque
1909 1687 1971 1719 sibi

318 1734 465 1766 redditus
497 1746 619 1767 annuos
653 1737 792 1778 quinque
821 1747 1002 1768 marcarum
1031 1737 1235 1769 denariorum
1264 1736 1517 1776 Coloniensium,
1551 1738 1652 1770 tribus
1674 1738 1882 1771 Hallensibus
1911 1749 1970 1781 pro

319 1786 451 1818 denario
482 1788 628 1829 quolibet
658 1789 789 1829 taxatis,
821 1789 1053 1830 assignavimus
1084 1790 1114 1820 ei
1145 1800 1203 1831 per
1226 1789 1345 1821 Iudeos
1373 1794 1499 1821 nostros
1527 1790 1559 1822 in
1583 1790 1778 1833 Oppinheim
1806 1792 1971 1823 universos

321 1839 354 1870 in
383 1838 465 1870 festo
495 1841 595 1871 sancti
619 1840 748 1871 Martini
779 1841 922 1882 episcopi
952 1841 1084 1873 hiemali
1115 1841 1238 1873 dandos
1270 1845 1303 1873 et
1331 1841 1575 1883 persolvendos,
1611 1846 1728 1874 eventu
1762 1843 1870 1885 aliquo
1908 1849 1972 1874 non

320 1890 479 1922 obstante.
535 1891 656 1923 Iudeos
694 1893 781 1933 ipsos
816 1892 858 1923 ad
892 1893 1075 1924 huiusmodi
1112 1893 1369 1935 persolucionem
1407 1893 1590 1925 reddituum
1624 1895 1758 1926 firmiter
1791 1895 1972 1936 obligantes

320 1945 353 1973 et
382 1942 485 1983 rigide
516 1944 730 1986 astringentes
764 1955 823 1986 per
852 1948 1020 1986 presentes
1047 1944 1186 1985 litteras,
1221 1955 1301 1987 quas
1332 1949 1440 1977 nostre
1475 1945 1580 1988 sigillo
1609 1946 1808 1978 celsitudinis
1837 1946 1971 1978 manda-

319 1994 422 2025 vimus
445 1994 599 2026 roborari.

427 2054 547 2087 Datum
583 2055 797 2097 oppinheim,
837 2067 919 2088 anno
954 2056 1086 2089 Domini
1118 2057 1288 2089 millesimo
1327 2058 1553 2090 trecentesimo
1589 2058 1849 2101 quartodecimo,
1885 2069 1971 2091 nono

320 2106 485 2138 Kalendas
507 2107 660 2148 Ianuarii,
683 2109 774 2149 regni
798 2107 902 2151 [vero]
925 2110 1024 2141 nostri
1048 2120 1130 2141 anno
1154 2110 1268 2152 primo.

544 2240 626 2275 183.
667 2240 829 2286 Receptio
856 2242 1020 2277 Heinriez'
1048 2241 1143 2277 Pube
1169 2243 1210 2277 de
1238 2243 1482 2288 Geispesheim.
1587 2241 1671 2278 Dec.
1690 2243 1754 2278 27.

432 2312 592 2354 Oriyinale
627 2314 703 2356 (or.)
738 2315 860 2346 ibidem.
914 2315 1061 2356 Sigillum
1095 2316 1192 2354 deest,
1225 2315 1285 2348 lori
1317 2316 1544 2348 membranacei
1576 2317 1750 2357 fraqmento
1783 2315 1899 2348 relicto.
1929 2333 1972 2338 —

320 2363 382 2396 Ed.
399 2364 496 2396 Mene
520 2366 540 2397 l.
558 2376 582 2398 c.
599 2365 709 2404 XXV,
733 2367 797 2398 128
818 2378 869 2399 nr.
887 2368 907 2398 6
929 2378 968 2399 ex
991 2378 1036 2400 or.
1081 2368 1263 2400 Editionem
1285 2369 1463 2408 repetimus.

428 2451 621 2484 Ludowicus
650 2453 714 2485 Dei
747 2454 856 2495 gracia
885 2454 1107 2486 Romanorum
1140 2466 1199 2487 rex
1227 2466 1356 2497 semper
1389 2458 1543 2498 augustus
1639 2455 1782 2487 Henrico
1810 2455 1902 2488 Pube
1931 2455 1971 2487 de

321 2502 548 2545 Geyspisheim
572 2506 727 2536 castrensi
751 2516 807 2537 suo
831 2506 920 2537 fideli
1007 2507 1149 2548 graciam
1173 2518 1262 2539 suam
1287 2510 1321 2538 et
1343 2517 1438 2539 omne
1462 2507 1591 2539 bonum.

428 2555 645 2587 Attendentes
668 2560 761 2598 grata
784 2559 928 2598 servicia,
954 2568 1015 2600 que
1038 2558 1130 2590 nobis
1154 2561 1187 2590 et
1207 2560 1343 2600 imperio
1366 2559 1507 2591 fideliter
1530 2559 1703 2591 exhibuisti
1727 2562 1760 2591 et
1782 2569 1846 2601 que
1862 2558 1971 2590 facero

321 2607 442 2648 poteris
471 2607 502 2638 in
530 2607 686 2646 futurum,
722 2612 754 2640 te
787 2610 819 2640 in
851 2613 992 2641 nostrum
1022 2613 1055 2641 et
1083 2611 1211 2652 imperii
1238 2611 1486 2652 conquisivimus
1507 2611 1665 2643 vasallum
1695 2614 1729 2643 et
1760 2621 1818 2653 pro
1847 2621 1886 2642 eo
1913 2609 1973 2641 tibi

321 2662 483 2690 castrense
506 2658 637 2691 feodum
661 2661 693 2691 in
716 2664 820 2692 castro
843 2665 952 2693 nostro
970 2661 1168 2693 Odernheim
1192 2673 1264 2694 cum
1287 2662 1378 2694 bonis
1401 2663 1442 2694 ad
1465 2663 1570 2705 ipsum
1593 2662 1726 2695 feodum
1743 2661 1971 2705 spectantibus,

424 2753 489 2780 181.
518 2755 542 2787 ὃ)
560 2755 636 2782 liccat
654 2757 694 2782 vel
714 2757 738 2782 ei
756 2757 784 2782 in
802 2758 857 2782 loco
876 2766 938 2783 raso
956 2758 1038 2783 artius
1056 2758 1152 2790 scripta
1171 2767 1209 2784 or.
1290 2758 1316 2791 b)
1334 2767 1382 2784 uar
1399 2759 1427 2784 in
1446 2759 1500 2784 loco
1518 2767 1578 2784 man
1597 2768 1635 2785 or.
1717 2757 1742 2792 ⁰)
1760 2767 1806 2792 reg
1821 2758 1826 2791 1
1841 2758 1882 2791 ni,
1900 2759 1927 2784 ni
1944 2759 1973 2783 in

314 2798 370 2831 fine
389 2798 471 2823 lineae
490 2807 600 2831 erasnm,
619 2800 646 2824 ni
665 2809 724 2826 vero
743 2801 771 2825 in
788 2801 859 2826 initio
880 2802 963 2826 lineae
981 2801 1009 2826 in
1028 2801 1082 2826 loco
1100 2810 1161 2826 raeo
1180 2802 1276 2835 scripta
1294 2811 1332 2828 or.

2005 474 2022 492 θ

1995 732 2018 751 10

1995 1002 2018 1021 15

1988 1645 2013 1664 ⁸2⁵
